3972 6172
410 335 514 386 655

403 475 519 539 tur,
554 486 618 524 ex
648 469 856 540 quibus
896 472 1022 522 orta
1051 466 1549 539 perturbationum
1583 465 1764 534 caligo
1795 467 1869 535 (5)
1901 481 2098 518 verum
2137 468 2179 518 A

403 560 567 616 illum
599 558 900 614 confundit
928 559 1204 612 intuitum
1232 567 1277 622 ι,
1315 557 1329 590 ί
1360 556 1509 610 hanc
1539 555 1827 626 paulisper
1851 555 2096 622 lenibus,

403 649 902 718 mediocribusque
958 649 983 690 ι)
1044 647 1314 700 fomentis
1377 651 1673 698 attenuare
1726 644 1980 709 tentabo,
2039 649 2102 697 ut

1720 330 1843 384 AN.
1888 329 2098 383 MANL.
2140 329 2295 384 SEV.
2344 327 2597 383 BOETII.

3734 336 3814 385 636

2356 463 2584 517 Misceat
2613 468 2834 530 aestum,

2350 551 2540 605 Vitrea
2571 552 2809 618 dudum,

2353 642 2574 712 Parque
2606 641 2819 695 serenis

405 738 638 793 dimotis
679 737 965 790 fallaciam
1011 735 1376 789 aﬂ‘ectionum
1427 732 1698 800 tenebris,
1735 731 2099 803 splendorem
2215 748 2278 800 ιο
2353 747 2474 801 Una
2505 747 2728 815 diebus,

403 842 554 881 vera:
579 825 720 880 lucis
742 824 923 896 possis
954 839 1281 895 agnoscere.
2353 838 2476 891 Mox
2511 837 2765 890 resoluto

941 918 1038 967 88
1078 912 1367 967 METRUM
1396 923 1416 945 ‘
1447 911 1564 968 VII.
2354 925 2592 980 Sordida
2621 942 2783 980 εαξηο

403 1006 806 1059 Aacuuan'wu.
839 1033 908 1041 —
950 1003 1017 1056 Ut
1075 1003 1255 1055 lumen
1285 1000 1546 1065 siderum,
1588 999 1854 1064 nubibus;
1883 999 2098 1067 perspi-
2353 1013 2576 1068 Visibus
2605 1015 2808 1070 obstat,

475 1091 562 1166 93‘}
569 1082 660 1166 ‘98.
674 1089 834 1166 9513:?
836 1117 863 1166 3-
878 1076 1628 1166 9Ἦ9.ἱ,⁶ξξίέ⁷ί⁵ἤῗ.ίιμ²λξ⁷ἶῖ⁷ἷῗῗὶ
1636 1087 1880 1166 Eii-’19?
1877 1087 1917 1166 .1.)
1916 1086 1949 1166 ξ’
1953 1076 2061 1166 sit?
2062 1085 2102 1166 ,Ξ
2354 1101 2581 1166 Quique
2609 1110 2812 1166 vagam

475 1120 2102 1214 iiii‘tbiziia'téauegiuges};tiysiutta‘anitu;qui
2223 1202 2275 1214 ,Α
2351 1120 2581 1214 Ξυιίᾷξξθ
2609 1120 2848 1214 “seu”

476 1201 682 1273 idcirco
712 1217 990 1287 pellenda.
1191 1201 1210 1214 ⁵
1434 1201 1455 1213 ³
1943 1201 1956 1210 ’
1989 1201 2011 1210 ⁸
2218 1202 2276 1255 l3
2351 1201 2634 1256 Montibus
2663 1202 2792 1256 altis

511 1305 765 1360 Nubibus
794 1304 932 1358 atris

2353 1292 2584 1346 Deﬂuus
2614 1291 2820 1360 amnis,

515 1395 754 1451 Condita
775 1395 1002 1449 nullum

2351 1381 2511 1452 Saepe
2543 1382 2757 1436 resistit

515 1486 776 1540 Fundere
809 1486 1050 1554 possunt
2353 1471 2516 1540 Rupe
2549 1471 2721 1524 soluti

515 1573 712 1630 Sidera
744 1573 962 1626 lumen.
2352 1559 2547 1629 Objice
2581 1559 2720 1615 saxi.

408 1667 438 1716 5
516 1667 615 1716 89
645 1662 700 1717 Si
734 1678 892 1716 mare
924 1660 1154 1716 volvens
2209 1658 2277 1711 20
2353 1663 2457 1711 90
2483 1658 2561 1712 Tu
2596 1673 2826 1728 quoque
2857 1657 2904 1711 si
2935 1657 3019 1712 vis

512 1751 801 1807 Turbidus
829 1754 1021 1806 auster
2353 1747 2594 1802 Lumine
2625 1749 2775 1802 claro

1852 1844 2411 1901 INTERPRETATIO
2426 1886 2439 1900 .

472 1961 498 1990 ι
528 1947 744 2003 Mentis.

477 2021 505 2063 δ
531 2021 825 2075 Remediis.

478 2091 654 2146 Astra
687 2091 932 2144 involuta
957 2089 1188 2156 caligine
1212 2088 1375 2153 nigra
1402 2089 1673 2156 nequeunt
1705 2086 1918 2138 mittere
1936 2085 2105 2138 ullam

410 2163 602 2218 lucem.
644 2163 705 2218 Si
745 2168 931 2216 auster
980 2160 1342 2221 turbulentus,
1379 2173 1602 2213 versans
1648 2172 1887 2226 aequora,
1929 2156 2107 2210 turbet

2141 1943 2182 1996 B
2211 1945 2452 2010 ﬂuctum,
2499 1959 2646 2012 aqua
2695 1945 2855 2011 prius
2903 1944 3209 2011 perspicua,
3241 1946 3291 1996 et
3333 1945 3524 1998 similis
3573 1945 3669 1998 luci
3704 1945 3834 2009 elarz,

2210 2018 2395 2068 statim
2425 2016 2667 2081 diSperso
2695 2016 2805 2068 luto
2837 2018 3072 2082 impura,
3105 2015 3336 2080 impedit
3372 2022 3646 2083 aspectum.
3676 2018 3734 2069 Et
3768 2018 3836 2084 qui

2213 2088 2410 2152 fluvius
2440 2087 2703 2139 discurrit
2725 2102 2754 2138 e
2789 2087 2915 2138 locis
2959 2085 3283 2139 sublimibus
3303 2089 3501 2154 ﬂuens;
3530 2087 3610 2139 hic
3637 2102 3727 2140 non
3743 2102 3835 2139 raro

2216 2161 2432 2211 sistitur
2461 2159 2676 2226 scopulo
2709 2161 2952 2226 opposito
2995 2160 3192 2210 montis
3236 2159 3428 2224 fracti.
3460 2160 3704 2214 Similiter
3732 2161 3771 2212 si
3797 2165 3837 2210 tu

2043 2255 2270 2310 NOTAE.

414 2355 638 2412 dicatur
682 2355 1158 2424 perturbationum
1197 2355 1376 2422 caligo
1396 2368 1584 2408 verum
1621 2355 1817 2408 mentis
1851 2350 2111 2406 intuitum

414 2427 763 2494 confundere.

489 2499 505 2531 ¹
567 2499 723 2552 Hanc
780 2497 1063 2566 paulisper
1133 2495 1386 2566 lenibus.]
1439 2495 1820 2566 Evanescente
1875 2494 2109 2566 quidem

414 2565 916 2640 perturbationum
960 2565 1387 2640 caligine,ivera
1421 2567 1512 2640 lux
1549 2565 1726 2619 menti
1764 2565 2106 2640 aifulgebit:

415 2636 509 2694 sed
547 2647 606 2693 ut
638 2640 697 2692 in
730 2636 1090 2709 corporibus,
1119 2638 1196 2691 sic
1228 2639 1284 2690 in
1318 2637 1605 2690 mentibus
1649 2637 1959 2690 mediocria
2001 2636 2112 2707 pri-

416 2728 599 2773 mum,
625 2711 829 2764 deinde
861 2709 1116 2764 ﬁrmiora
1145 2709 1399 2764 remedia
1421 2709 1740 2762 adhibenda
1766 2711 1900 2762 sunt
1926 2725 1939 2763 :
1965 2712 2112 2762 sicut

411 2784 529 2854 jam
562 2783 778 2838 dictum
810 2787 911 2836 est.

487 2921 507 2943 ·
538 2907 697 2972 Quod
747 2905 819 2960 ab
869 2904 1064 2959 Adone
1113 2904 1232 2958 ﬁlio
1293 2904 1441 2973 regis
1491 2903 1831 2974 Cypriorum
1879 2907 2113 2957 vocatur

419 2980 716 3037 Adonium.
757 2980 846 3031 Est
876 2988 1068 3030 autem
1101 2993 1328 3028 carmen
1363 2983 1628 3028 constans
1660 2992 1720 3028 ex
1757 2992 1871 3028 uno
1904 2991 2111 3042 genere

421 3066 712 3115 versuum,
759 3064 1003 3119 quorum
1051 3048 1295 3119 quilibet
1344 3047 1588 3102 dimeter
1637 3046 2004 3116 componitur
2048 3061 2112 3098 ex

422 3124 644 3193 dactylo
676 3128 734 3174 et
762 3125 1031 3185 Spondeo.

492 3187 646 3246 Mens
678 3199 870 3244 nostra
900 3193 1196 3242 Veritatem
1239 3193 1586 3253 assecutura,
1618 3188 1869 3258 primum
1904 3188 1974 3241 ab
2011 3187 2110 3240 ali-

423 3280 538 3334 quo
583 3261 756 3334 veluti
805 3262 920 3312 sole
963 3261 1330 3326 informatur,
1362 3276 1590 3334 necesse
1639 3268 1745 3334 est,
1791 3261 1944 3334 quod
1991 3259 2114 3328 ipsa

424 3330 512 3387 s—ui
546 3333 780 3386 luminis
819 3348 982 3399 orgo
1013 3348 1132 3383 esse
1167 3337 1412 3399 nequeat
1441 3346 1453 3383 :
1489 3330 1690 3382 deinde
1733 3331 1903 3398 hujus
1934 3331 2110 3383 intor-

428 3403 700 3457 mationis
757 3404 957 3455 eadem
1004 3403 1074 3453 sit
1115 3402 1371 3470 proxime
1414 3400 1668 3468 conscia;
1712 3401 1864 3469 quod
1916 3411 2117 3454 auctor

423 3475 594 3543 hujus
626 3471 1048 3543 informationis
1080 3488 1194 3524 non
1226 3471 1492 3524 informet
1526 3471 1630 3523 nisi
1663 3471 1979 3536 monendo;
2014 3489 2113 3541 po-

425 3542 636 3599 stremo
692 3545 814 3611 ipsa
871 3542 1296 3595 informationis
1353 3543 1639 3595 eVidentia
1682 3544 1954 3607 convicta,
2003 3560 2116 3612 quo

426 3624 624 3670 auctor
655 3614 825 3682 hujus
872 3613 1108 3666 luminis
1140 3614 1312 3676 ducit,
1359 3630 1425 3664 eo
1456 3613 1691 3682 proprio
1723 3621 1860 3665 nutu
1902 3614 2116 3666 feratur

423 3687 824 3742 consentiens:
875 3688 1026 3754 quod
1070 3683 1127 3736 in
1179 3685 1285 3737 hoc
1325 3700 1605 3736 consensu
1650 3692 1905 3737 versetur
1937 3686 2116 3752 ipsms

424 3757 676 3811 veritatis
715 3756 920 3809 forma.
960 3756 1131 3824 Atqui
1154 3755 1608 3825 perturbationes
1637 3757 1758 3809 hazc
1783 3756 1977 3809 omnia
2005 3757 2112 3810 im-

467 3828 695 3894 ediunt;
730 3828 876 3879 sicut
915 3826 1120 3895 triplici
1159 3829 1418 3896 exemplo
1457 3828 1726 3895 deinceps
1758 3827 2112 3880 demonstra-

467 3846 695 3894 eaiunt;
730 3846 876 3879 SlClll.
915 3846 1120 3895 U‘lpllCl
1159 3846 1418 3896 exempto
1457 3846 1726 3895 deinceps
1758 3846 2112 3880 aem0115tra-

422 3846 579 3956 gitur
607 3915 619 3953 :
650 3898 1026 3969 quamobrem
1056 3906 1205 3950 recte
1235 3899 1520 3951 concludit
1551 3899 1938 3966 Philosophia,
1976 3900 2117 3951 veri-

423 3972 560 4025 tatis
617 3971 984 4040 assequendaa
1045 3985 1231 4033 causa,
1292 3980 1545 4022 mentem
1614 3969 1932 4022 exuendam
1993 3986 2115 4024 esse

424 4043 708 4114 ejusmodi
735 4042 1284 4114 perturbationibus.

498 4117 546 4168 t.
581 4109 828 4169 Nubibus
868 4109 1055 4181 atris]
1101 4111 1142 4164 Ι.
1180 4110 1358 4179 Igitur
1387 4111 1529 4164 sicut
1555 4112 1722 4164 nubes
1752 4117 1886 4165 atrae
1907 4111 2113 4165 coelum

421 4185 573 4240 inter
601 4193 658 4238 et
683 4191 864 4236 terras
890 4183 1201 4251 interiecta}
1234 4183 1575 4252 impediunt,
1601 4182 1907 4253 quominus
1931 4184 2114 4237 sidera

423 4274 557 4311 suos
585 4255 775 4309 radios
806 4253 876 4307 ad
910 4261 1088 4306 terras
1120 4269 1298 4322 usque
1327 4255 1624 4306 emittant:
1655 4254 1802 4322 quod
1836 4254 2112 4308 nimirum

421 4329 604 4382 nubes
655 4328 766 4380 illa:
813 4341 1054 4394 corpora
1093 4323 1206 4376 sint
1251 4342 1446 4394 opaca,
1493 4341 1738 4393 quorum
1791 4333 1874 4376 est
1917 4327 2112 4378 lumen

421 4402 711 4452 remittere
741 4413 755 4451 :
787 4397 864 4450 ita
893 4395 1352 4465 perturbatiOues
1382 4397 1556 4448 Deum
1589 4395 1737 4446 inter
1777 4403 1832 4448 et
1863 4405 2113 4449 mentem

421 4471 734 4523 humanam
790 4469 962 4520 veluti
1027 4467 1339 4535 inierjectaa
1399 4467 1738 4534 impediunt,
1800 4468 2110 4536 quominus

421 4541 588 4594 Pater
618 4542 712 4593 ille
745 4541 1027 4592 luminum
1063 4539 1208 4590 Deus
1248 4555 1381 4589 suos
1411 4540 1596 4589 radios
1625 4538 1693 4590 ad
1728 4546 1974 4590 mentem
2014 4555 2105 4590 us-

421 4627 532 4677 que
561 4613 865 4664 humanam
883 4612 1131 4662 emittat:
1155 4609 1307 4678 quod
1326 4609 1612 4678 praedictae
1631 4611 2104 4676 perturbationes,

421 4696 520 4733 ceu
548 4697 721 4750 opaca
751 4682 1012 4750 querdam
1059 4696 1322 4747 corpora,
1366 4683 1548 4732 lucem
1590 4681 1874 4732 caelestem
1911 4684 2106 4733 remit-

422 4756 564 4804 tant.
603 4752 717 4804 Huc
749 4754 944 4804 referri
994 4758 1178 4820 potest
1223 4751 1373 4819 quod
1421 4751 1629 4803 dicitur
1671 4752 1798 4820 Sap.
1843 4766 1891 4803 ix
1928 4769 1940 4804 :
1989 4755 2109 4806 Etsi

422 4823 545 4890 quis
574 4827 673 4875 erit
705 4831 1100 4876 consummatus
1145 4826 1286 4875 inter
1323 4823 1464 4891 ﬁlios
1501 4824 1792 4886 hominum,
1831 4827 1878 4875 si
1909 4823 1976 4876 ab
2016 4824 2107 4876 illo

421 4891 662 4955 abfuerit
709 4897 981 4960 sapientia
1005 4902 1115 4957 tua,
1140 4896 1197 4946 in
1212 4895 1447 4947 nihilum
1469 4897 1931 4961 computabitar...
1954 4897 2108 4948 Mitte

419 4964 575 5018 illam
605 4963 669 5015 de
695 4965 836 5017 caelis
866 4968 1064 5017 sanctis
1099 4970 1202 5018 tuis
1241 4969 1291 5017 et
1323 4983 1357 5017 a
1389 4965 1510 5018 sede
1549 4966 1950 5032 magnitudinis
1981 4973 2103 5032 tua”,

419 5040 480 5089 ut
509 5050 711 5088 mecum
737 5039 810 5087 sit
839 5041 886 5087 et
919 5051 1117 5088 mecum
1148 5037 1370 5100 laboret,
1396 5043 1452 5090 ut
1481 5040 1648 5089 sciam
1677 5037 1813 5102 quid
1834 5043 2106 5104 acceptum

417 5111 492 5162 sit
522 5107 674 5176 apud
703 5111 817 5159 te...
865 5107 994 5170 Quis
1025 5109 1164 5158 enim
1216 5108 1490 5160 hominum
1534 5111 1734 5176 poterit
1770 5112 1905 5160 scire
1933 5111 2106 5161 consi-

418 5180 551 5234 lium
609 5182 738 5238 Dei;
777 5182 875 5230 aut
934 5179 1056 5244 quis
1100 5182 1293 5243 pote-rit
1325 5182 1566 5241 cogitare
1604 5179 1738 5246 quid
1765 5181 1892 5231 velit
1927 5183 2106 5232 Deus?

417 5253 770 5317 cogitationes
816 5251 956 5301 enim
1001 5250 1308 5302 mortalium
1353 5251 1551 5304 timidae
1587 5256 1634 5302 et
1677 5253 1892 5303 incerta:
1919 5253 2102 5319 provi-

417 5322 616 5376 dentia
644 5325 841 5375 nostra
875 5336 886 5373 :
915 5334 1108 5386 corpus
1141 5322 1279 5372 enim
1314 5323 1456 5387 quod
1495 5325 1881 5390 corrumpitur,
1908 5338 2104 5387 aggra-

414 5399 508 5446 uat
553 5396 816 5456 animam,
847 5397 896 5444 et
948 5397 1160 5444 terrena
1211 5393 1538 5446 inhabitatio
1587 5393 1847 5462 deprimit
1891 5408 2103 5447 sensum

415 5466 585 5517 multa
613 5467 952 5532 cegitautem.

487 5537 536 5586 5.
570 5536 630 5590 Si
654 5529 804 5588 mare
833 5529 1090 5604 volvens]
1120 5533 1184 5586 ll.
1211 5532 1360 5587 Sicut
1390 5550 1538 5604 aqua
1561 5534 1803 5599 marina,
1836 5535 1992 5604 prius
2020 5535 2102 5587 in-

412 5610 529 5660 star
558 5605 690 5658 vitri
719 5606 1024 5676 pellucida,
1058 5621 1218 5676 emno
1269 5613 1463 5674 postea
1511 5607 1692 5658 ventis
1733 5610 1976 5659 resoluto
2025 5607 2102 5660 ita

409 5675 804 5740 sordescit,’ut
842 5676 1048 5732 lumini
1093 5678 1165 5734 sit
1195 5675 1492 5747 impervia,
1524 5675 1882 5748 proindeque
1921 5677 2102 5731 immi-

409 5753 492 5803 sta
535 5764 772 5818 corpora
817 5750 1099 5803 occultat:
1150 5765 1265 5804 non
1305 5748 1469 5803 aliter
1497 5762 1661 5804 mens
1707 5749 1960 5804 humana
1989 5765 2097 5804 coe-

2218 2352 2342 2407 lesti
2373 2353 2533 2423 prius
2559 2353 2765 2406 lumini
2799 2352 3188 2424 penetrabilis,
3212 2353 3510 2408 commotis
3540 2354 3835 2425 postmodum

2217 2425 2748 2496 perturbationibus
2796 2425 2875 2478 ita
2906 2426 3263 2489 obscuratur,
3303 2435 3364 2478 ut
3406 2428 3558 2478 nullo
3593 2443 3645 2479 se
3673 2428 3836 2478 lumine

2216 2497 2409 2549 videat
2434 2496 2722 2564 perfundi,
2755 2501 2810 2547 et
2829 2497 3130 2548 familiaria
3155 2496 3399 2564 proinde
3432 2500 3657 2566 ignoret.

2290 2568 2482 2636 Neque
2513 2584 2642 2619 vero
2675 2567 2837 2620 absre
2865 2574 2921 2618 et
2958 2583 3105 2636 aqua
3135 2571 3356 2621 marina
3397 2569 3606 2621 caiteris
3633 2567 3780 2638 aquis,
3797 2572 3838 2618 et

2219 2645 2401 2692 auster
2433 2639 2668 2707 reliquis
2691 2639 2874 2691 ventis
2904 2638 2995 2690 hic
3018 2641 3350 2708 prail'ertur;
3375 2656 3501 2692 nam
3524 2656 3656 2710 aqua
3675 2641 3838 2691 marina

2218 2716 2282 2764 ut
2313 2718 2442 2779 pote
2465 2727 2592 2778 quae
2620 2712 2786 2773 salsa,
2816 2717 3023 2762 rectam
3055 2709 3290 2762 luminis
3311 2709 3680 2780 trajectionem
3703 2710 3837 2776 magis

2219 2797 2391 2852 quam
2420 2782 2598 2834 dulcis
2630 2797 2775 2850 aqua
2803 2781 2980 2848 juvat,
3011 2782 3229 2833 caeteris
3263 2786 3510 2851 paribus,
3541 2791 3619 2834 est
3646 2796 3837 2851 quacun-

2221 2869 2332 2922 que
2365 2852 2471 2904 alia
2506 2869 2653 2922 aqua
2699 2851 3053 2920 pellucidior.
3085 2857 3290 2906 Auster
3323 2871 3448 2907 vero
3482 2858 3662 2905 ventus
3689 2869 3715 2904 a
3752 2867 3838 2903 me-

2221 2923 2362 2975 ridie
2395 2925 2556 2986 tlains,
2592 2924 2740 2992 quod
2777 2923 3032 2988 calidior,
3059 2925 3151 2986 sit,
3185 2941 3396 2993 aquam
3430 2941 3703 2986 marinam,
3730 2937 3838 2975 com-

2222 3001 2379 3048 moto
2413 3010 2592 3053 coeno,
2628 2993 2810 3060 magis
2843 2995 3066 3046 videtur
3097 2997 3454 3062 perturbare.

2301 3067 2376 3117 l-i.
2413 3067 2620 3133 Quique
2640 3071 2893 3130 vagatur.
2933 3064 2948 3133 ]
2983 3067 3076 3118 lll.
3112 3065 3602 3129 Quemadmodum
3633 3065 3838 3133 Πυωοοβ

2221 3132 2686 3189 montibusaltis
2734 3132 3113 3206 prmeipitans,
3169 3141 3438 3206 opposita
3487 3146 3673 3191 montis
3714 3132 3838 3186 soluti

2152 3230 2192 3284 ρ
2223 3224 2363 3275 rupe
2395 3207 2611 3284 sistitur
2640 3224 2652 3260 :
2687 3209 2762 3284 ita
2798 3207 3240 3284 mensliumana
3289 3227 3494 3284 magno
3525 3211 3738 3279 quodam
3768 3220 3837 3256 na-

2226 3285 2369 3332 turai
2398 3281 2614 3346 impetu
2662 3281 2729 3331 ad
2767 3281 3151 3331 a~sensionem
3187 3281 3442 3334 veritatis
3475 3295 3740 3351 propensa,
3768 3292 3837 3344 op-

2225 3350 2408 3420 posita
2442 3351 2868 3419 perturbatione
2905 3351 3245 3403 retardatur.

2297 3421 2392 3472 Hic
2417 3430 2603 3472 autem
2630 3422 3016 3489 grammaticis
3038 3422 3331 3475 observari
3353 3428 3583 3488 possunt
3605 3421 3681 3474 hze
3701 3433 3836 3470 voces.

2223 3498 2400 3545 amnis
2438 3492 2664 3558 dt‘ﬂtlus,
2696 3494 2844 3558 obita,
2887 3497 2937 3545 et
2968 3508 3182 3546 samum.
3239 3496 3292 3546 l°
3333 3496 3495 3549 Enim
3540 3496 3712 3553 amnis,
3740 3493 3838 3541 teste

2223 3564 2475 3615 Varrone
2510 3579 2559 3615 ιν
2592 3565 2658 3616 de
2692 3564 2726 3616 l.
2763 3565 2828 3635 _[.,
2861 3570 2938 3615 est
2974 3562 3209 3624 ﬂumen,
3247 3566 3401 3635 quod
3434 3567 3619 3617 circuit
3645 3558 3836 3629 aliquid;

2224 3635 2387 3704 quasi
2419 3636 2639 3686 dicatur
2665 3651 2725 3687 ex
2745 3633 2878 3706 ἀμφὶ
2909 3641 2964 3687 et
2989 3639 3102 3698 νέω,
3130 3637 3211 3688 vel
3241 3633 3432 3706 potius
3457 3653 3516 3689 ex
3541 3652 3637 3700 am,
3659 3635 3838 3686 circum,

2223 3713 2276 3758 et
2309 3722 2396 3772 no,
2433 3707 2536 3758 hoc
2568 3713 2652 3758 est
2681 3714 2808 3759 nato
2839 3722 2850 3759 :
2885 3723 3055 3778 quam
3090 3707 3236 3759 forte
3273 3708 3346 3761 ob
3376 3724 3593 3760 causam
3625 3707 3837 3778 Oceanus.

2223 3778 2603 3902 guog‘téri'llleﬂll
2633 3778 2846 3900 ambiat
2878 3777 3229 3868 iiuiversum,
3255 3782 3439 3849 poetis
3461 3781 3673 3832 vocatur
3692 3777 3838 3829 amnis.

2269 3864 2950 3902 ιοιιι..ιιι.ρ.ιι;
3475 3891 3478 3894 .

2269 3864 2315 3900 ic
2343 3848 2548 3902 Tibull.
2585 3849 2618 3900 l.
2655 3865 2733 3912 ιιι,
2767 3851 2838 3902 el.
2873 3849 2950 3902 42

2345 3936 2459 4002 Jam
2492 3949 2596 4002 nox
2631 3937 2918 4002 aethereum
2941 3937 3079 4002 nigis
3103 3951 3323 3988 emensa
3347 3938 3605 4002 quadrigis

2407 3999 2662 4046 Mundam
2693 4000 2920 4048 caeruleo
2946 4001 3146 4048 laverat
3174 4015 3332 4051 amne
3364 3999 3520 4051 rotas.

2221 4080 2280 4131 2°
2335 4079 2548 4146 Deﬂuus
2607 4079 2755 4152 idem
2807 4081 2962 4149 quod
3018 4080 3247 4135 labens:
3291 4082 3660 4152 antiquiorem
3698 4082 3840 4151 tamen

2221 4155 2534 4213 auctorem,
2571 4152 2670 4221 qui
2695 4151 2799 4204 hac
2829 4167 2983 4218 voce,
3011 4152 3219 4220 deﬂuus
3245 4170 3404 4214 ,usus
3435 4150 3617 4218 fuerit,
3644 4150 3840 4221 invenire

2224 4221 2543 4346 Boi/1450‘“
2575 4220 2770 4276 {hanc
2819 4224 3062 4276 “cnam
3106 4225 3298 4294 Potuit
3337 4225 3525 4294 Virgil.
3578 4239 3632 4276 ιιι
3669 4220 3841 4284 ϐασι-ε..

2224 4307 2273 4345 ν.
2438 4309 2450 4346 ε

2221 4307 2273 4345 ν.
2305 4307 2408 4346 440
2438 4309 2450 4346 Ζ

2654 4381 2886 4444 Udisque
2912 4383 3048 4432 aries
3073 4385 3283 4446 gurgite
3313 4384 3451 4433 villis

2347 4445 2622 4502 Mereatur,
2649 4445 2944 4508 missusque
2967 4445 3200 4495 secundo
3232 4448 3418 4495 deﬂuit
3441 4445 3594 4494 amni.

2149 4513 2192 4566 Π
2219 4526 2276 4597 3ίῗ
2308 4525 2454 4580 Obea:
2485 4526 2691 4579 dicitur
2723 4525 2790 4578 ab
2822 4527 3130 4594 objiciendo
3163 4529 3300 4597 quia
3323 4528 3533 4582 foribus
3562 4520 3836 4593 objiciatur:

2218 4595 2352 4650 hinc
2383 4598 2530 4667 apud
2565 4603 2759 4667 poetas
2803 4601 3008 4667 smpius
3051 4595 3319 4652 scribitur
3355 4601 3539 4667 objice,
3578 4597 3839 4667 et,niutat._i

2217 4671 2386 4720 etiam
2407 4660 2542 4741 fliac
2565 4660 2897 4741 'scriptura,
2959 4670 3144 4739 prima
3193 4660 3431 4740 syllabav
3451 4660 3766 4741 praducitur,
3797 4660 3838 4706 ul

2217 4741 2367 4808 apud
2403 4740 2596 4809 Virgil.
2632 4755 2685 4792 1v
2718 4740 2950 4810 Georg,
2994 4757 3044 4795 v.
3073 4742 3215 4795 422:

2339 4827 2486 4876 Intus
2515 4843 2570 4876 se
2600 4831 2733 4877 vasti
2766 4831 2982 4878 Proteus
3010 4830 3138 4893 tegit
3167 4831 3320 4880 obice
3351 4829 3478 4878 saxi.

2215 4908 2282 4963 Et
2315 4909 2608 4964 Claudian.
2644 4909 2679 4964 l.
2717 4926 2732 4965 ι
2763 4911 2830 4964 de
2864 4911 3051 4979 Raptu
3086 4910 3476 4981 Proserpinae:

2337 4997 2456 5047 Sive
2485 4998 2626 5062 quod
2663 4999 2900 5047 obicibus
2929 4999 3229 5049 discurrens
3259 5006 3448 5049 ventus
3473 4994 3670 5060 opertis.

2213 5079 2271 5131 4ο
2304 5079 2538 5203 aﬁqmum
2596 5080 2690 5134 hic
2744 5085 2999 5133 montem
3058 5081 3386 5150 signiﬁcat:
3436 5085 3496 5134 ut
3555 5095 3587 5131 ιι
3641 5065 3834 5126 ginem,

2213 5166 2264 5203 v.
2447 5167 2459 5203 ε

2213 5166 2264 5203 ν.
2304 5166 2459 5205 συιε

2335 5239 2608 5301 Accipiens
2633 5241 2861 5289 sonitum
2894 5240 3006 5288 saxi
3032 5239 3096 5288 dc
3128 5241 3320 5289 vertice
3354 5242 3544 5303 pastor.

2280 5322 2369 5374 20.
2405 5323 2490 5374 Ta
2521 5338 2728 5390 quoque
2759 5326 2806 5375 si
2836 5323 2936 5374 vis.
2973 5320 2992 5392 ]
3023 5323 3162 5376 Cum
3197 5337 3331 5390 ergo
3362 5319 3631 5392 praedictae
3655 5313 3830 5392 periti?

2212 5392 2470 5446 bationes
2504 5383 2722 5444 tantum
2762 5397 2874 5446 sint
2906 5383 3384 5462 impedimentum
3421 5397 3477 5442 ut
3505 5383 3832 5462 olei-aedisae-

2209 5469 2429 5533 ctazque
2454 5464 2812 5532 cognitionis,
2839 5464 2916 5516 sic
2933 5450 3105 5517 etiam
3125 5481 3268 5517 veras
3290 5463 3572 5516 sententite
3594 5450 3829 5533 habendis,

2212 5535 2257 5587 si
2291 5531 2488 5604 cupias
2519 5531 2574 5588 et
2605 5536 2849 5588 evidenti
2882 5537 3225 5602 cognitionis
3258 5536 3542 5588 veritatem
3575 5531 3825 5604 percipe?-

2212 5612 2267 5659 et
2303 5588 2416 5676 qtio
2447 5607 2730 5660 evidentia
2770 5606 2868 5659 illa
2908 5588 3066 5660 recta
3111 5588 3314 5661 ducere
3348 5610 3546 5675 potest,
3575 5588 3826 5676 iudicanti?

2211 5670 2392 5748 sequi,
2454 5681 2511 5733 tu
2570 5683 2823 5731 mentem
2873 5677 3219 5748 pra‘judiciis
3263 5670 3360 5730 sic'
3389 5691 3544 5736 exue,
3593 5670 3824 5748 ιιιρρίιιξθ

2211 5734 2442 5820 gaudio,
2497 5765 2678 5822 neque
2731 5734 2961 5817 timore,
2991 5734 3206 5822 'neque
3256 5765 3373 5819 spe,
3433 5734 3603 5816 neque
3651 5734 3819 5792 dolore.
