3972 6172
133 286 224 338 657

261 413 503 468 Cernere
533 428 750 480 verum,

256 503 503 558 Tramite
535 510 683 556 recto

252 593 494 662 Carpere
527 592 722 646 callem
757 608 770 646 :

127 685 183 738 25
251 681 465 736 Gaudia
497 683 665 752 pelle,

251 768 396 824 Pelle
427 770 716 836 timorem,

1126 282 1218 338 DE
1257 281 1784 339 CONSOLATIONE
1819 282 2300 339 PHILOSOPHLE
2336 282 2477 340 LIB.
2526 286 2606 344 II.

1834 416 1881 468 Α
2050 416 2340 488 Spemque
2371 418 2586 487 fugato,

3498 293 3601 348 658

2050 505 2161 558 Nec
2189 506 2354 558 dolor
2379 507 2546 572 adsit,

2051 593 2256 647 Nubila
2290 611 2451 648 mens
2482 600 2586 662 est,

2050 682 2362 754 Vinctaque
2395 685 2589 752 frenis,

2050 771 2177 824 Haec
2207 771 2306 825 ubi
2330 778 2592 843 regnant.

1561 870 2123 926 INTERPRETATIO
2136 911 2150 926 .

127 971 256 1037 cupis
284 968 492 1020 intueri
506 970 787 1021 veritatem
800 969 1014 1021 notione
1042 966 1300 1030 evidenti,
1331 971 1383 1020 et
1415 972 1591 1022 tenere
1640 968 1790 1038 judi-

129 1041 282 1094 cando
303 1041 406 1091 iter
435 1039 636 1092 tritum
651 1042 840 1092 semita
856 1045 1020 1102 recta,
1055 1055 1261 1092 remove
1292 1041 1558 1104 letitiam,
1585 1056 1791 1093 remove

129 1116 318 1178 metum,
349 1111 559 1179 expelle
574 1125 740 1179 Spem,
774 1110 1217 1179 uequeaegritudo
1242 1113 1518 1179 pertineat
1539 1111 1609 1165 ad
1633 1119 1788 1164 tuam

1899 974 2200 1020 mentem:
2261 983 2379 1021 cum
2411 971 2552 1022 enim
2614 969 2695 1022 hae
2738 967 3196 1036 perturbationes
3247 970 3601 1026 dominantur

1902 1040 2099 1100 menti,
2135 1046 2254 1091 tum
2271 1039 2469 1092 eadem
2505 1056 2648 1094 mens
2679 1040 3022 1107 obscuratur,
3073 1046 3123 1094 et
3147 1041 3440 1110 detinetur,
3498 1059 3597 1098 ve-

1901 1110 2006 1163 luti
2040 1111 2278 1163 totidem
2305 1113 2559 1165 vinculis.

1750 1211 1967 1265 ΝΟΤΛΞ.

130 1321 288 1376 neque
318 1305 576 1376 qualibet
603 1305 715 1358 alia
735 1305 1166 1374 perturbatione
1199 1309 1402 1360 ductus
1449 1306 1794 1360 sententiam

131 1380 292 1432 feras:
345 1383 404 1430 ut
435 1378 590 1429 enim
624 1377 710 1430 his
754 1378 1164 1438 atfectionibus,
1203 1377 1377 1430 veluti
1423 1379 1791 1448 quisbusdam

128 1450 338 1511 DPbllllS,
420 1465 587 1500 mens
637 1457 976 1516 perceptura
1031 1449 1388 1508 obscuratur.
1454 1451 1530 1501 sic
1590 1449 1790 1502 iisdem

130 1529 365 1588 tanquam
390 1519 568 1572 frenis
603 1525 750 1571 recte
775 1519 1102 1589 judicatura
1136 1521 1457 1572 cohibetur.
1479 1523 1784 1588 Propterea
1827 1522 1866 1575 Β

128 1591 362 1656 Virgilius
390 1590 821 1658 signiﬁcaturus
851 1592 1106 1643 animum
1139 1593 1222 1643 his
1256 1591 1552 1644 atfectibus
1583 1594 1785 1644 obscu-

129 1669 285 1786 ratum;
337 1678 454 1714 suae
497 1663 677 1714 etiam
727 1662 963 1732 originis
1005 1663 1278 1728 oblivisci,
1326 1663 1482 1716 canit
1536 1679 1585 1716 vx
1635 1665 1785 1731 Em,

129 1736 222 1787 v.8
315 1751 330 1786 :

127 1749 282 1786 ν.δόό
315 1751 330 1786 ε

228 1838 348 1886 Hinc
376 1841 651 1898 metuunt,
689 1839 1013 1902 cupiuntque
1042 1838 1241 1897 dolent,
1277 1839 1661 1966 gaudentqne[:
1695 1854 1791 1890 nec

1637 1917 1791 1951 auras

1637 1917 1791 1951 auras

224 1964 519 2022 Respiciunt
545 1963 742 2012 clausa;
767 1963 998 2012 tenebris
1026 1969 1078 2011 et
1103 1977 1312 2012 carcere
1343 1978 1500 2013 casco.

177 2047 250 2098 25.
284 2044 501 2097 Gaudia
546 2043 732 2116 pelle]
766 2043 1123 2097 Pcrturbatio
1161 2050 1416 2097 versatur
1440 2045 1495 2097 in
1538 2044 1786 2114 quadam

129 2117 472 2169 commotione
507 2118 719 2168 mentis
747 2125 1172 2183 acorporeorta
1210 2116 1622 2184 :quamobrem
1657 2133 1787 2170 cum

129 2187 392 2239 commotio
424 2187 525 2238 illa
560 2186 801 2238 inﬁnitis
835 2203 1010 2254 prope
1037 2187 1218 2239 modis
1245 2187 1367 2240 ﬁeri
1404 2187 1598 2256 possit,
1639 2187 1787 2240 deli-

131 2261 251 2310 aitus
279 2274 390 2312 esse
424 2273 542 2309 non
584 2263 772 2325 potest
803 2257 1300 2326 perturbationum
1350 2274 1642 2310 numerus.
1689 2259 1787 2311 Hic

132 2339 282 2382 tamen
323 2336 706 2382 numerantur
745 2336 994 2398 quatuor
1025 2329 1522 2396 perturbationum
1551 2345 1780 2397 genera,

130 2400 249 2467 quod
279 2417 477 2452 novum
510 2417 632 2452 non
665 2405 747 2452 est
780 2416 792 2452 :
822 2417 950 2452 nam
979 2399 1173 2453 Cicero
1207 2401 1414 2468 passim
1451 2403 1617 2452 doeet
1649 2416 1784 2468 per-

133 2471 442 2524 turbationes
491 2487 620 2522 esse
647 2477 915 2539 quatuor,
953 2488 1156 2540 nempe
1193 2473 1460 2535 laetitiam,
1485 2471 1782 2534 libidinem,

132 2548 286 2594 metum
315 2548 360 2594 et
389 2542 823 2608 aegritudinem:
877 2558 941 2594 ex
988 2541 1196 2610 quibus
1244 2542 1383 2594 duas
1434 2542 1651 2609 priores
1707 2543 1784 2595 ait

132 2615 246 2664 nasci
277 2630 333 2665 ex
366 2614 596 2665 duobus
626 2613 870 2679 opinatis
912 2613 1095 2677 bonis,
1143 2613 1400 2666 laetitiam
1430 2613 1658 2682 quidem
1715 2629 1781 2666 ex

132 2684 825 2753 praesentibus,;liliidinem
859 2700 922 2736 ex
960 2685 1190 2749 futuris;
1227 2685 1367 2737 duas
1408 2700 1541 2736 vero
1591 2690 1781 2753 poste-

132 2755 268 2808 riores
295 2773 358 2809 ex
410 2755 641 2810 duobus
704 2755 869 2808 malis
925 2755 1195 2820 opinatis,
1271 2761 1487 2808 metum
1542 2755 1779 2824 quidem

1902 1308 2136 1432 lfuturis,
2166 1307 2571 1433 aeggitudinem
2590 1307 2990 1378 praesentibus.
3018 1307 3107 1362 Sic
3131 1309 3393 1364 Horatius
3414 1309 3594 1381 Epist.

1930 1421 1941 1433 .
1977 1397 2014 1433 1.
2048 1397 2171 1433 eois
2203 1420 2216 1432 .
2319 1395 2331 1433 :

1930 1421 1941 1433 .
1977 1397 2014 1433 ι.
2048 1388 2216 1433 enist.
2251 1388 2281 1433 6
2319 1395 2331 1433 :

2048 1399 2076 1432 e
2127 1397 2216 1432 lSL.
2251 1397 2281 1433 ο
2319 1397 2331 1433 :

2001 1397 2282 1522 ’Gapudeet,
2313 1481 2378 1515 an
2407 1465 2602 1523 doleat,
2626 1467 2822 1530 cupiat,
2855 1471 3121 1516 metuatve
3153 1482 3166 1516 ε
3196 1469 3323 1532 quid
3349 1469 3413 1518 ad
3445 1471 3598 1519 rem?

1970 1550 2237 1615 Ejusdem
2268 1548 2492 1601 numeri
2521 1549 2781 1600 meminit
2803 1547 2856 1602 S.
2887 1549 3259 1616 Augustinus,
3296 1549 3352 1605 S.
3393 1552 3594 1605 Hiero-

1899 1636 2125 1684 nymus,
2163 1622 2466 1689 pluresque
2483 1619 2580 1671 alii
2613 1624 2738 1688 post
2769 1619 3068 1688 Virgilium
3103 1621 3222 1672 loco
3248 1637 3376 1675 mox
3398 1623 3593 1677 citato.

1902 1693 1960 1745 Et
1987 1698 2137 1743 certe
2169 1691 2655 1760 quemadmodum
2679 1696 2926 1760 quatuor
2954 1689 3366 1760 principalibus
3385 1693 3592 1760 ventis,

1898 1763 2108 1831 reliqui
2141 1763 2320 1824 venti;
2351 1762 2430 1814 sic
2471 1767 2720 1830 quatuor
2751 1761 3164 1830 principalibus
3207 1763 3595 1832 perturbatio-

1899 1833 2068 1886 nibus
2125 1835 2364 1902 reliquaa
2438 1832 2898 1902 perturbationes
2951 1837 3192 1900 possunt
3249 1834 3594 1903 significari;

1898 1905 2050 1974 quod
2082 1921 2198 1957 non
2248 1919 2435 1966 nemo,
2495 1904 2829 1957 testimonio
2879 1903 3461 1973 Conimbricensium,
3511 1906 3593 1961 sic

1897 1975 2174 2046 expressit
2197 1991 2210 2028 :

2050 2062 2177 2123 Spes
2207 2061 2347 2110 levat
2377 2064 2608 2110 arrectos
2636 2065 2806 2110 metus
2833 2061 2939 2110 alto
2963 2076 2992 2110 a
3021 2062 3217 2110 vertice
3247 2061 3440 2112 ﬂuctus

2048 2125 2236 2188 pejicit
2267 2124 2286 2188 i7
2312 2123 2702 2188 hincianimum
2736 2124 3217 2188 pulsatfuribunda
3238 2125 3484 2188 voluptas
3513 2141 3525 2174 :

2048 2139 2236 2233 uepcn
2267 2139 2280 2171 ι
2314 2139 2434 2172 ninc
2465 2139 2702 2171 animum
2736 2139 2910 2186 pulsat
2932 2139 3217 2172 iurmunaa
3238 2139 3376 2188 vom]

2047 2185 2126 2234 Ini.
2147 2201 2174 2233 e
2205 2187 2358 2234 dolor
2390 2202 2400 2234 :
2433 2187 2624 2234 fluctus
2655 2200 2748 2234 ceu
2777 2187 2923 2234 fracti
2948 2187 3192 2234 ﬂuctibus
3213 2187 3376 2235 altum

2047 2249 2340 2296 Clamorem
2372 2249 2704 2302 ingeminant
2733 2260 2744 2297 :
2777 2249 2938 2310 piceis
2967 2249 3279 2297 abscondita
3307 2249 3502 2299 nimbis

2045 2311 2149 2359 Nec
2175 2312 2350 2359 radios
2376 2311 2552 2359 fundit
2579 2311 2713 2359 ratio
2733 2325 2830 2360 nec
2860 2312 2975 2360 vela
2999 2313 3280 2373 gubernat.

1961 2403 2050 2454 29.
2084 2401 2286 2456 Nubila
2322 2416 2486 2473 mens,
2510 2398 2638 2473 est.]
2695 2402 2850 2454 Mens
2876 2401 3028 2454 enim
3067 2401 3317 2455 humana
3369 2401 3583 2470 praedi-

1892 2473 1995 2525 ctis
2050 2472 2581 2541 perturbationibus
2617 2472 2915 2525 commota
2961 2477 3061 2526 aut
3109 2473 3407 2526 veritatem
3473 2489 3592 2528 non

1889 2543 2274 2614 percipit;aut
2303 2544 2348 2595 si
2381 2543 2535 2596 illam
2555 2545 2856 2614 percipiat,
2885 2543 2957 2596 ab
2996 2543 3330 2596 assensione
3361 2544 3597 2598 veritati

1889 2613 2172 2684 percepta:
2229 2615 2414 2668 danda
2462 2613 2842 2682 prohibetur:
2897 2615 3298 2685 quamobrem,
3334 2616 3591 2669 veritatis

1889 2687 2144 2754 ejusdem
2177 2687 2377 2753 gratia,
2413 2701 2572 2738 mens
2605 2687 2857 2738 humana
2925 2685 3205 2754 ejusmodi
3234 2686 3590 2756 pertubatio-

1890 2757 2077 2826 nibus,
2111 2763 2174 2809 ut
2213 2757 2452 2827 reliquis
2499 2757 2853 2826 prtejudiciis
2887 2756 3162 2810 liberetur
3208 2773 3437 2810 necesse
3480 2760 3586 2810 est.

1275 2931 1641 3024 LIBER
1733 2930 2389 3026 SECUNDUS.

619 3082 669 3130 θ
683 3082 710 3128 l
753 3075 980 3131 PROSA
1013 3075 1250 3131 PRIMA.

179 3167 551 3220 ARGUMENTUH.
587 3194 659 3207 —
681 3165 1048 3233 Philosophia,
1064 3166 1303 3232 praefata
1320 3180 1539 3218 causam
1556 3167 1778 3232 aegritu-

130 3235 237 3289 dinis
285 3240 546 3292 Boetianae
607 3252 716 3290 esse
748 3240 983 3301 fortuna:
1014 3238 1216 3304 prioris
1258 3237 1527 3304 affectum,
1593 3238 1774 3290 rheto-

132 3312 211 3360 rico
254 3324 380 3361 more
443 3311 694 3363 Boetium
747 3307 1074 3376 persuadere
1145 3314 1388 3366 conatur,
1449 3310 1628 3376 ipsum
1670 3323 1777 3362 non

133 3378 270 3430 iebere
293 3383 465 3448 afﬂigi
517 3380 594 3431 de
643 3381 1010 3431 inconstantia
1060 3380 1294 3443 fortuna.
1350 3394 1513 3447 quam
1549 3382 1774 3432 noverat

133 3452 403 3503 naturaliter
459 3454 862 3504 inconstantem
910 3466 1179 3517 quamque
1223 3455 1283 3502 ut
1343 3450 1620 3502 dominam
1668 3450 1776 3504 sibi

131 3528 446 3588 proposuerat,
477 3537 591 3591 quo
609 3524 731 3590 ipsa
754 3521 945 3574 ducere
963 3523 1121 3576 vellet
1144 3520 1491 3589 sequendam.

135 3607 334 3663 Posthzec
389 3612 690 3681 paulisper
743 3610 1023 3677 obticuit',
1079 3615 1250 3681 atque
1326 3609 1448 3664 ubi‘
1502 3609 1769 3664 attentio-

1821 3078 1860 3132 C
1891 3091 2021 3130 nem
2056 3092 2242 3130 meam
2283 3075 2545 3130 modesta
2574 3073 2964 3130 taciturnitate
2993 3074 3242 3146 collegit,
3275 3073 3354 3128 sic
3387 3091 3588 3131 exorsa

1888 3168 2003 3218 est:
2033 3169 2133 3219 θη
2189 3164 2246 3218 Si
2307 3163 2538 3234 penitus
2565 3166 2588 3200 ²
2619 3163 2980 3234 (egritudinis
3012 3168 3128 3217 tua;
3178 3179 3375 3217 causas
3428 3164 3589 3219 habi-

1884 3255 2124 3322 tumque
2163 3253 2422 3324 cognovi,
2456 3253 2478 3287 ³
2504 3253 2748 3307 fortunae
2780 3253 2985 3323 prioris
3006 3252 3232 3318 affectu,
3267 3253 3583 3307 desiderio-

1885 3357 1996 3412 que
2017 3341 2258 3395 tabescis
2280 3361 2294 3409 ;
2318 3357 2384 3395 ea
2415 3346 2640 3395 tantum
2666 3343 2691 3385 δ
2720 3341 2903 3396 animi
2933 3341 3019 3395 tui
3037 3346 3272 3407 statum,
3305 3341 3470 3395 sicuti
3518 3346 3583 3396 tu

1887 3431 1986 3484 tibi
2017 3430 2206 3501 ﬁngis,
2239 3435 2478 3484 'mntata
2503 3431 2794 3500 pervertit.
2855 3430 3120 3499 Intelligo
3145 3457 3168 3483 ο
3199 3431 3584 3485 multiformes
3615 3426 3634 3444 ⁹

1881 3521 2038 3575 illius
2071 3525 2091 3557 ‘
2116 3520 2368 3590 prodigii
2409 3519 2589 3586 fucos,
2621 3517 2644 3553 ⁵
2664 3531 2690 3574 d
2721 3525 2778 3574 et
2807 3535 2875 3573 eo
2905 3535 3087 3590 usque
3117 3536 3248 3574 cum
3293 3519 3385 3586 iis,
3439 3535 3584 3590 quos

1881 3611 2115 3664 eludere
2140 3610 2360 3674 nititur,
2383 3608 2460 3681 (5)
2490 3609 2925 3664 blandissimam
2952 3608 3576 3677 familiaritatem,dnm

1527 3708 2122 3764 INTERPRETATIO.

180 3808 198 3836 ι
216 3796 574 3867 Philosophia.

180 3867 200 3906 Β
222 3868 462 3922 Fortuna.

1959 3826 1981 3852 ο
2017 3800 2214 3852 Varias
2241 3799 2403 3866 hujus
2429 3797 2662 3850 monstri
2685 3797 3018 3864 praestigias.

1953 3867 1980 3906 ἀ
2010 3872 2149 3926 Novi
2157 3872 2440 3935 fortunam
2459 3883 2518 3921 eo
2551 3881 2720 3936 usque
2745 3867 2992 3922 blandiri
3017 3866 3400 3934 familiariter.

1710 3958 1907 4015 NOTAE
1920 3999 1932 4013 .

190 4054 565 4126 lAttcntionem
641 4069 813 4109 meam
887 4053 1144 4126 collegit.]
1209 4054 1544 4125 Quicunque
1610 4056 1765 4110 enim

140 4123 327 4179 voluerit
356 4136 607 4181 mentem
643 4143 759 4180 non
791 4127 973 4178 solum
1015 4123 1361 4195 prmjudiciis
1392 4123 1614 4190 exuere,
1667 4128 1764 4181 sed

138 4195 265 4250 etiam
292 4200 426 4252 veris
457 4200 772 4253 informare
818 4198 1150 4266 disciplinis,
1198 4197 1243 4249 is
1269 4199 1461 4250 animo
1511 4199 1768 4252 attendat

141 4279 315 4340 necesse
362 4276 442 4322 est
472 4285 483 4325 ε
519 4271 774 4340 primum
807 4269 1035 4338 quidem
1078 4269 1146 4321 ad
1176 4286 1370 4321 causas
1405 4269 1766 4339 przejudicio-

142 4349 264 4390 rum:
293 4339 487 4395 deinde
520 4339 590 4394 ad
621 4342 768 4392 viam
795 4340 1416 4393 veritatisinveniendte
1447 4357 1458 4394 :
1489 4342 1591 4394 hac
1613 4342 1767 4394 enim

1949 4063 1968 4093 ι
2006 4055 2254 4123 Prodigii
2281 4053 2481 4122 fucos]
2505 4053 2841 4122 Prodigium
2873 4053 2919 4106 si
2958 4051 3272 4106 'credamus
3312 4052 3575 4108 Ciceroni

1876 4128 1934 4182 id
1969 4135 2198 4181 vocatur
2224 4125 2374 4196 quod
2409 4124 2930 4194 pra=dicitfuturum
2967 4140 2980 4176 :
3013 4124 3388 4191 praedictiones
3419 4125 3576 4179 enim

1877 4199 2064 4271 inquit
2099 4200 2233 4271 uide
2263 4199 2382 4271 Nat.
2413 4197 2599 4271 deum,
2643 4202 2692 4248 et
2734 4197 3115 4271 prasensiones
3149 4210 3330 4247 rerum
3380 4197 3579 4271 futura

1877 4267 1996 4325 rum
2025 4270 2160 4339 quid
2203 4268 2358 4322 aliud
2388 4268 2668 4320 declarant
2710 4270 2819 4319 msi
2847 4267 3152 4339 hominibus
3185 4280 3246 4318 ea
3291 4280 3411 4339 qua
3464 4269 3577 4320 sint

1877 4337 2106 4405 ostendi,
2126 4346 2435 4403 monstrari,
2461 4339 2730 4406 portendi,
2766 4337 2992 4405 praedici
3021 4353 3117 4390 :ex
3145 4352 3247 4404 quo
3272 4337 3372 4388 illa
3399 4342 3575 4390 osten-

149 4410 417 4486 ittentione,
449 4412 626 4486 veluti
668 4429 832 4481 prece
860 4412 1128 4480 quadam,
1182 4415 1482 4464 Auctorem
1530 4413 1764 4465 luminis
1805 4433 1847 4486 ι)
1880 4420 1956 4486 tu,
1993 4422 2248 4486 monstra,
2276 4416 2543 4486 portenta,
2568 4411 2826 4486 prodigia
2874 4408 3343 4486 diczmtur._Cum
3396 4407 3572 4486 igitur

142 4483 447 4551 mutatisque
473 4485 651 4537 Deum
668 4499 954 4552 rogamus,
990 4490 1048 4535 ut
1072 4488 1322 4536 mentem
1347 4489 1618 4549 nostram,
1654 4500 1766 4553 qua

145 4561 180 4598 ill
203 4564 285 4623 nos
319 4555 644 4623 propendet,
668 4553 1069 4606 benevolentia
1101 4553 1362 4606 instruat.
1402 4556 1527 4608 Ηωο
1579 4561 1771 4607 autem

145 4620 302 4694 mentis
323 4620 560 4678 attentio
592 4641 706 4678 non
737 4625 1012 4676 auditoris
1043 4625 1249 4686 solum,
1275 4624 1374 4677 sed
1401 4625 1576 4694 ipsius
1599 4625 1771 4678 etiam

146 4686 379 4767 loquentis
401 4696 625 4748 silentio
669 4695 904 4748 excitari
961 4696 1153 4748 solet:
1191 4686 1450 4762 modesta,
1502 4702 1567 4750 ut
1621 4713 1772 4750 nunc

145 4757 318 4826 dicitur,
343 4770 732 4820 taciturnitate.

190 4831 570 4907 'Egritudinis
635 4852 825 4891 causas
882 4837 1276 4907 habitumque]
1324 4837 1440 4891 Hoc
1467 4841 1572 4905 est,
1625 4838 1682 4892 id
1741 4855 1774 4892 a

146 4913 226 4966 quo
253 4907 331 4980 sit,
387 4906 554 4978 idque
610 4908 669 4962 in
704 4925 818 4978 quo
868 4916 1123 4962 versetur
1149 4906 1601 4978 illa’aegritudo,
1660 4926 1774 4980 qua

149 4983 267 5050 mens
293 4977 695 5033 Boetii’aftlicta
719 4977 888 5050 jacet.

148 5109 154 5115 '
196 5042 212 5071 ³
233 5045 449 5103 Fortunae
468 5054 666 5119 prioris
697 5042 893 5120 affectu
925 5050 1295 5118 desiderioque
1329 5049 1606 5122 tabescis]
1631 5052 1772 5106 Cum

149 5125 230 5174 iam
255 5126 448 5172 constet
487 5138 553 5174 ex
583 5123 871 5192 pt‘thlclis
901 5138 1130 5174 causam
1183 5123 1351 5187 hujus
1409 5123 1768 5189 aegritudinis

150 5194 237 5233 esse
263 5192 751 5256 perturbationem,
816 5199 1076 5260 superest
1132 5193 1408 5246 duntaxat
1467 5194 1771 5247 dicendum

149 5265 360 5334 lgllzrnam
386 5261 452 5334 sit
477 5263 572 5316 illa
598 5265 966 5334 perturbatio.
1011 5264 1236 5330 Optime
1259 5271 1447 5316 autem
1483 5266 1770 5334 profertur

152 5319 346 5400 {Qttunte
377 5333 576 5400 prioris
596 5319 827 5389 infectus
850 5342 904 5387 et
935 5319 1301 5388 desiderium.
1338 5319 1563 5389 Boetius
1616 5337 1770 5389 enim

155 5394 679 5474 rideturfbactenus
742 5407 1029 5458 fortunam
1093 5422 1425 5474 prosperam
1485 5414 1768 5473 expertus,

158 5471 265 5516 hanc
309 5477 504 5527 temere
547 5478 848 5530 credidisse
908 5471 1369 5530 immutabilem:
1433 5471 1582 5531 unde
1614 5484 1769 5530 tanto

160 5547 273 5607 nunc
299 5541 435 5594 illius
462 5547 742 5616 deside-rio
769 5556 1012 5608 tenetur.
1050 5555 1111 5600 ut
1151 5547 1439 5616 dissipatis
1491 5549 1771 5602 solidioris

159 5616 249 5690 El“?
270 5615 500 5690 corporis
522 5621 788 5690 partibus,
824 5627 887 5672 ut
917 5620 1214 5690 metallum
1243 5620 1373 5690 igne
1400 5622 1558 5686 solet,
1596 5620 1772 5690 lique-

160 5677 247 5726 Πετί
274 5687 322 5732 et
348 5677 479 5738 solvi
508 5677 786 5755 videatur,
813 5690 965 5760 quod
996 5677 1385 5746 tabescerevest.

1881 4485 2112 4537 fortuna
2143 4484 2222 4536 ita
2255 4485 2325 4535 sit
2357 4483 2685 4535 inconstans
2719 4485 2778 4534 ut
2809 4496 3087 4548 prospera
3120 4479 3442 4544 adversam,
3476 4480 3570 4533 ad—

1881 4572 2046 4608 versa
2091 4569 2422 4624 prosperam
2474 4552 2648 4606 veluti
2691 4551 2997 4624 praedicere
3027 4550 3305 4624 videatur,
3359 4548 3568 4603 idcirco

1882 4621 2110 4680 fortuna
2165 4621 2354 4694 potuit
2411 4623 2502 4678 hic
2569 4624 2757 4677 vocari
2811 4622 3141 4694 prodigium.
3201 4621 3380 4673 Fucus
3436 4637 3572 4694 vero

1882 4698 2069 4750 herbae
2111 4692 2344 4750 marinae
2407 4711 2606 4764 genus.
2642 4711 2755 4764 quo
2797 4701 2978 4746 vestes
3033 4692 3377 4762 tinguntur:
3421 4693 3575 4747 unde

1881 4770 2142 4822 Horatius
2170 4769 2358 4821 Carm.
2386 4767 2422 4819 l.
2460 4782 2538 4828 iu,
2572 4766 2660 4819 od.
2700 4769 2730 4818 5
2765 4781 2777 4818 :

2376 4847 2448 4893 Ne
2463 4859 2553 4908 que
2586 4844 2811 4908 amissos
2827 4843 3029 4908 colores

2303 4909 2444 4956 Lana
2473 4905 2631 4956 refert
2656 4920 2738 4954 me
2765 4907 2936 4954 dicata
2962 4905 3101 4954 fuco.

1951 4981 2110 5045 Quod
2129 4985 2320 5034 autem
2357 4980 2625 5032 mulieres
2648 4979 2966 5046 prmsertim
3001 4977 3156 5030 illius
3175 4976 3367 5032 herbas
3386 4977 3576 5032 colore

1879 5053 1962 5106 uti
1994 5054 2214 5105 soleant
2242 5051 2313 5104 ad
2364 5050 2755 5103 mentiendum
2788 5050 2903 5104 oris
2937 5048 3206 5112 colorem,
3268 5049 3400 5102 inde
3452 5048 3577 5101 ﬁeri

1880 5125 2089 5193 potuit,
2114 5129 2176 5174 ut
2197 5122 2580 5191 quodcunque
2607 5121 2970 5174 mendacium
3013 5124 3314 5193 vocaretur
3363 5121 3525 5185 fucus
3559 5135 3571 5171 :

1879 5191 2024 5247 sicut
2081 5195 2349 5246 simulata
2408 5193 2531 5261 apis
2573 5194 2735 5256 fucus
2793 5193 3136 5261 appellatur.
3180 5191 3350 5243 Varia
3381 5195 3575 5261 autem

1877 5272 2010 5318 sunt
2033 5265 2325 5318 mendacia
2345 5259 2612 5324 fortuna},
2648 5259 2861 5333 quippe
2879 5279 3028 5333 quae,
3050 5263 3300 5315 hominis
3332 5259 3573 5313 fallendi

1877 5353 2045 5388 causa
2071 5337 2247 5388 instar
2280 5336 2486 5397 Protei,
2537 5335 2742 5388 formas
2766 5351 2823 5387 se
2846 5335 3014 5386 vertit
3047 5335 3100 5385 in
3139 5347 3338 5385 omnes
3373 5347 3385 5382 :
3418 5346 3564 5398 quo-

1877 5409 2026 5460 circa
2051 5407 2416 5473 Philosophia
2455 5406 2642 5459 dicere
2694 5407 2896 5458 merito
2931 5409 3116 5475 potest
3167 5403 3256 5456 hic
3296 5403 3578 5467 multifor-

1876 5496 1983 5531 mes
2011 5481 2243 5541 fortunae
2265 5482 2440 5540 fucos.
3289 5530 3294 5535 _

1949 5548 1970 5582 ³
1995 5552 2063 5602 Et
2093 5566 2148 5602 eo
2173 5565 2363 5615 usque,
2393 5544 2521 5619 etc.]
2555 5549 2732 5601 Locus
2765 5547 2856 5600 hic
2878 5543 3170 5619 nonnullis
3211 5543 3292 5596 ita
3348 5543 3578 5619 videtur

1881 5621 2178 5685 obscurus,
2202 5628 2261 5672 ut
2283 5620 2467 5689 gratia
2499 5615 2669 5688 hujus
2708 5615 3088 5685 intelligendi,
3113 5615 3441 5689 putaverint
3471 5615 3574 5689 a_d_-_

1879 5692 2130 5746 dendum
2162 5686 2310 5757 esse,
2353 5686 2590 5756 esserect,
2617 5693 2716 5744 aut
2749 5689 2948 5742 saltem
2978 5701 3237 5741 exercere.
3284 5686 3394 5742 Sed
3433 5686 3580 5741 nihil
