3996 6170
395 278 499 330 659

1688 278 1810 332 ΑΝ.
1855 277 2075 333 MANL.
2123 277 2281 334 SEV.
2323 279 2577 335 BOETII.

3733 293 3815 342 660

391 408 745 463 intolerabili
778 409 974 463 dolore
1026 408 1358 470 confundat,
1383 425 1524 480 quos
1553 436 1577 462 α
1618 409 1906 480 insperata
1946 410 2080 465 reli-
2119 415 2165 468 A
2190 416 2253 465 tu
2284 428 2514 484 quoque
2564 412 2856 482 paulisper
2892 412 3029 482 (5)a
3077 417 3178 466 tua
3211 414 3604 484 tranquillitate
3645 417 3808 472 disces-

392 500 602 571 querit.
649 499 820 570 Cujus
850 500 917 552 si1
952 504 1236 566 naturam,
1274 515 1480 564 mores,
1515 515 1577 553 ac
1612 501 1884 554 meritum
1910 500 2084 554 remi-

395 590 634 655 niscare,
696 605 800 642 nec
833 589 1096 642 habuisse
1142 592 1196 641 te
1240 588 1296 640 in
1331 604 1396 641 ea
1426 591 1450 630 ι)
1479 589 1782 659 pulchrum
1841 590 2082 660 aliquid,

395 696 499 733 nec
528 680 784 733 amisisse
811 695 1130 750 cognosces.
1174 679 1304 744 Sed,
1339 683 1400 732 ut
1439 680 1707 747 arbitror,
1743 680 1898 734 haud
1942 682 2086 734 mul-

395 772 517 822 tum
551 769 654 822 tibi
700 769 820 821 haec
862 768 922 821 in
971 767 1308 821 memoriam
1361 783 1628 822 revocare
1681 769 2078 824 laboraverim.

393 864 494 912 93
528 857 760 912 Solebas
790 857 942 910 enim
967 862 1312 926 praesentem
1351 873 1604 926 quoque,
1652 858 2074 912 blandientem-

395 963 506 1017 que
569 955 589 980 ο
645 946 954 1000 virilibusd
1005 946 1284 1000 incessere
1332 947 1540 1014 verbis,
1596 962 1838 1018 eamque
1883 949 1954 990 ²θ
2010 949 2079 1003 de

396 1040 589 1090 nostro
622 1035 793 1108 adyto
834 1036 1070 1107 prolatis
1109 1036 1460 1090 insectabare
1513 1037 1832 1090 sententiis.
1877 1037 2085 1091 Verum

401 1126 637 1179 3omnis
688 1126 873 1181 subita
933 1127 1174 1179 mutatio
1223 1141 1435 1191 rerum,
1482 1143 1601 1180 non
1651 1127 1773 1180 sine
1829 1127 2082 1197 quodam

397 1215 563 1288 quasi
592 1216 770 1269 ﬂuctu
800 1214 1085 1286 contingit
1118 1205 1464 1269 animorum.
1513 1215 1600 1270 Sic
1629 1215 1840 1269 factum
1887 1221 1986 1276 est,
2025 1220 2088 1270 ut

2196 502 2354 555 seris.
2389 501 2495 556 Sed
2526 506 2546 538 ⁴
2574 507 2801 572 tempus
2834 507 2938 563 est.
2974 501 3204 556 haurire
3234 500 3254 538 ί
3281 507 3335 556 te
3365 503 3568 575 aliquid
3603 522 3658 558 ac
3684 507 3822 574 degu-

2195 597 2343 645 stare
2376 592 2565 656 molle,
2614 597 2785 662 atque
2822 592 3166 661 jucundum,
3223 593 3374 662 quod
3419 595 3483 646 ad
3538 593 3817 651 interierat;

2195 681 2615 746 transmissum,
2659 681 3030 734 validioribus
3065 681 3360 735 haustibus
3388 684 3413 723 b
3469 683 3604 736 viam
3646 684 3822 738 fecerit.

2194 769 2355 822 Adsit
2389 768 2562 839 igitur
2593 769 2893 823 rhetoricae
2929 769 3162 824 suadela
3217 771 3546 836 dulcedinis,
3595 787 3707 842 qua:
3729 780 3825 828 tum

2205 863 2430 912 tantum
2465 858 2652 912 ‘recto
2708 859 2846 912 calle
2900 859 3176 929 procedit,
3228 875 3356 914 cum
3387 865 3572 913 nostra
3613 861 3827 915 instituta

2188 949 2208 1018 j
2235 963 2352 1000 non
2380 947 2616 1013 deserit;
2654 963 2899 1018 cumque
2946 947 3048 1000 hac
3068 949 3096 981 ιι
3124 949 3340 1002 musica
3360 950 3394 1013 ¹,
3421 956 3459 982 ιιι
3492 947 3631 1000 Laris
3676 951 3824 1001 nostri

2193 1037 2452 1101 vernula,
2485 1038 2595 1106 (10)
2627 1053 2776 1090 nunc
2807 1037 3068 1103 leviores,
3092 1053 3246 1091 nunc
3280 1037 3562 1108 graviores
3608 1042 3627 1068 τ
3657 1037 3821 1091 modos

2201 1125 2470 1179 succinat.
2509 1131 2604 1179 74
2639 1126 2785 1189 Quid
2815 1126 3095 1196 estigitur
3123 1130 3143 1161 ⁵
3175 1129 3216 1181 Ο
3262 1128 3458 1190 homo,
3521 1126 3657 1196 quod
3711 1131 3755 1179 te
3782 1126 3828 1180 in

2207 1214 2537 1267 maestitiam
2575 1215 2907 1286 luctumque
2943 1215 3206 1286 dejecit?
3235 1215 3258 1248 θ
3290 1209 3499 1269 novum
3527 1226 3548 1251 ο
3569 1215 3724 1268 credo
3750 1215 3828 1267 ali-

1850 1304 2420 1360 INTERPRETATIO
2435 1343 2447 1357 .

467 1403 490 1429 ³
521 1395 609 1448 Eae
639 1393 936 1461 inopinato.

468 1467 495 1507 Ι)
519 1464 756 1519 Grande.

469 1547 493 1576 ο
522 1536 801 1589 Generosis
819 1573 831 1585 .

469 1604 497 1641 ἀ
526 1605 948 1672 Reprehendere.

469 1684 491 1710 °
511 1676 922 1744 Philosophicis.

470 1746 488 1782 ί
514 1747 741 1800 Animo.

469 1818 718 1871 KMentis.

470 1891 498 1932 h
527 1887 817 1944 Remediis.

2273 1391 2287 1424 ί
2321 1395 2474 1447 Recte
2503 1391 2745 1448 disserit.

2264 1482 2275 1531 j
2309 1465 2702 1532 Philosophica.

2266 1538 2294 1579 k
2316 1536 2620 1590 Rhetorica.

2270 1607 2283 1639 ¹
2312 1607 2422 1660 Ars
2441 1607 2790 1674 componendi
2814 1607 3148 1676 canendique
3167 1608 3447 1662 carminis.

2267 1685 2304 1712 ω
2338 1679 2676 1746 Mancipium
2703 1678 3075 1748 philosophiae.

2266 1776 2292 1802 η
2321 1747 2578 1804 Carmina
2611 1754 2808 1804 cantet.

2269 1827 2292 1852 ο
2326 1821 2500 1874 Forte.

2026 1960 2247 2016 ΝΟΤΑΞ.

402 2048 734 2102 addendum
755 2053 1028 2118 putamus
1059 2065 1070 2102 :
1100 2049 1179 2102 sic
1210 2047 1362 2102 enim
1396 2049 1555 2104 reddi
1585 2053 1774 2118 potest
1804 2051 2086 2116 :Intelligo
2126 2053 2164 2105 B

406 2123 642 2187 fortunae
663 2122 836 2186 fucos,
894 2125 942 2173 et
981 2122 1419 2186 familiaritatem
1454 2137 1571 2174 cum
1596 2125 1664 2174 iis
1705 2137 1836 2188 quos
1882 2122 2094 2174 eludere

406 2193 608 2244 nititur
643 2207 698 2244 eo
745 2207 912 2256 usque
973 2193 1413 2256 blandissimum,
1467 2193 1615 2255 dum,
1673 2199 1779 2244 etc.
1846 2193 2096 2246 Blandus

409 2267 600 2315 autem
633 2262 728 2315 ille
750 2263 958 2316 dicitur
991 2264 1089 2332 qui
1121 2263 1408 2329 suavibus,
1451 2263 1547 2316 sed
1578 2263 1892 2329 fallacibus,
1915 2264 2098 2316 utitur

408 2333 638 2403 verbis:
689 2349 803 2403 quo
851 2333 1087 2386 nomine
1119 2335 1345 2387 nullum
1399 2335 1586 2403 aptius
1644 2334 1866 2402 imponi
1909 2334 2096 2403 potuit

405 2402 944 2474 fort11nm,iquippe
986 2421 1115 2474 quae
1169 2405 1215 2457 si
1267 2420 1380 2457 non
1430 2402 1636 2469 verbis,
1691 2402 2100 2457 saltem'factis

411 2490 525 2526 non
560 2475 751 2527 minus
781 2475 1077 2528 fallacibus
1111 2491 1283 2544 quam
1329 2476 1594 2528 suavibus
1637 2476 1719 2528 uti
1759 2475 2052 2528 consuevit
2085 2491 2097 2528 :

415 2549 476 2596 ut
496 2545 827 2600 intolerabili
861 2546 1044 2600 dolore
1090 2546 1409 2612 confundat,
1460 2561 1590 2614 quos
1641 2548 1924 2615 insperata
1979 2547 2103 2600 reli-

413 2619 610 2684 querit.

486 2685 504 2718 ί
537 2689 828 2754 Naturam,
860 2702 1030 2741 mores
1073 2703 1135 2742 ac
1177 2687 1472 2755 meritum]
1508 2687 1877 2756 Philosophia
1918 2688 2106 2740 adhuc

415 2758 673 2828 loquitur
724 2759 792 2812 de
849 2758 1097 2823 fortuna,
1159 2758 1516 2812 ethniccirum
1557 2775 1736 2820 more,
1789 2759 1965 2812 veluti
2036 2758 2104 2812 de

417 2830 972 2901 quodaminumine:
1008 2829 1171 2900 ;unde
1212 2829 1698 2899 quemadmodum
1743 2831 1812 2884 de
1860 2829 2106 2901 quadam

416 2906 610 2953 mente
653 2900 884 2964 diceret,
922 2901 1000 2953 sic
1050 2901 1117 2953 de
1152 2902 1380 2954 fortuna
1433 2917 1584 2954 nunc
1638 2901 1773 2954 dicit
1828 2900 2106 2966 naturam,

415 2986 585 3024 mores
634 2977 684 3025 et
729 2976 998 3025 meritum.
1037 2974 1252 3027 Natura
1283 2971 1454 3040 hujus
1494 2972 1618 3025 falsi
1658 2973 1911 3026 numinis
1962 2977 2110 3024 esset

419 3057 508 3094 res
565 3042 926 3109 cogitationis
970 3043 1281 3111 particeps:
1335 3058 1505 3096 mores
1569 3043 1841 3111 ejusdem,
1907 3044 2110 3096 modus

419 3113 712 3180 cogitandi
737 3128 750 3177 ;
771 3117 1022 3166 meritum
1043 3113 1311 3182 denique,
1333 3113 1550 3165 bonum
1584 3115 1670 3166 vel
1710 3116 1927 3167 malum
1959 3113 2111 3182 quod

421 3185 492 3236 ab
509 3183 616 3256 hoc
629 3184 864 3256 numine
882 3184 954 3236 sit
979 3197 1191 3256 :Aquem
1213 3183 1366 3256 enim
1391 3183 1616 3236 fortuna
1631 3184 1802 3255 erigit
1814 3200 2107 3256 prospera.

421 3255 687 3306 eumdem
721 3255 955 3306 adversa
986 3254 1273 3323 deprimit.

492 3327 514 3404 ξ
550 3329 625 3404 _I)e
668 3330 848 3404 nostra
913 3325 1077 3404 adyto
1117 3324 1393 3404 prolatis]
1444 3325 1502 3378 ld
1552 3329 1636 3404 est
1650 3396 1657 3404 _
1687 3325 2109 3394 philosophicis.
2150 3350 2190 3404 Ο

425 3394 671 3463 Adytum
704 3396 859 3466 enim
887 3401 967 3448 est
1002 3411 1159 3446 sacer
1189 3396 1344 3466 locus
1375 3411 1488 3464 quo
1520 3396 1682 3461 nulli,
1727 3404 2110 3466 prreterquam

424 3465 726 3529 sacerdoti,
751 3465 903 3517 adire
935 3466 1016 3517 fas
1048 3472 1130 3517 est
1164 3482 1176 3518 :
1211 3465 1438 3532 adytum
1465 3467 1678 3536 quippe
1714 3483 1927 3521 nomen
1957 3465 2111 3522 Grae-

424 3551 554 3588 cum
587 3536 656 3609 ab
688 3552 721 3588 a
773 3536 924 3605 quod
978 3540 1176 3588 vocant
1207 3534 1535 3609 pri-vaticum
1654 3534 1783 3603 δύω,
1835 3539 1990 3609 quod
2033 3543 2118 3592 est

422 3606 720 3673 ingredior,
746 3613 936 3679 ortum
965 3623 976 3658 :
1004 3606 1378 3679 quamobrem
1411 3607 1623 3679 ethnici
1672 3606 1868 3662 locum
1906 3627 1970 3662 ex
2000 3625 2115 3679 quo

426 3679 655 3774 oracu’la
739 3677 1143 3743 reddebantur,
1206 3678 1480 3730 vocabant
1530 3675 1765 3733 ἄδυτονε
1846 3682 1970 3734 Ain.
2019 3675 2112 3747 'u,

429 3764 460 3774 -ο
524 3751 540 3774 ι
561 3751 576 3774 Ι
603 3767 612 3774 .
652 3765 664 3774 .

429 3751 664 3801 v.1l4:

552 3844 804 3907 Suspensi
833 3845 1140 3908 Eurypilum
1169 3845 1414 3894 scitatum
1447 3846 1661 3895 oracula
1709 3846 1910 3895 Phoebi.

553 3908 808 3956 Mittimus
842 3923 852 3956 :
887 3909 1032 3970 isque
1059 3908 1376 3972 adytis;ha:c
1405 3909 1574 3957 tristia
1603 3910 1742 3958 dicta
1766 3913 1996 3973 reportat

431 3997 573 4052 Cum
605 3997 783 4066 igitur
811 4015 977 4052 suum
1000 3998 1221 4052 dicatur
1253 4015 1373 4052 esse
1409 3999 1787 4069 Philosophiae
1812 4001 2116 4070 templum,

430 4086 533 4123 sua
571 4070 835 4124 oracula:
874 4086 1040 4122 suum
1069 4071 1238 4123 etiam
1264 4071 1370 4124 erit
1437 4072 1814 4140 Philosophia
1867 4073 2115 4140 adytum,

432 4157 498 4193 ex
529 4156 642 4209 quo
680 4157 810 4194 suas
846 4141 1156 4194 sententias
1210 4142 1504 4210 proferat:
1547 4143 1757 4212 quibus
1819 4143 2118 4196 sententiis

1776 4220 2117 4268 cazterorum

433 4288 725 4336 oratorum
747 4299 923 4347 more,
969 4283 1048 4336 uti
1079 4284 1280 4337 solebat
1312 4285 1384 4337 ad
1405 4285 1771 4338 incessendum
1800 4289 2118 4352 prazsmitem

435 4212 681 4277 B'oetius,
760 4212 896 4265 dum
945 4212 1385 4282 prosperitatem
1436 4213 1692 4277 haberet,

434 4354 900 4423 blandientemque
918 4355 1217 4418 fortunam.

510 4426 739 4480 30mins
793 4426 973 4479 subita
1019 4428 1265 4489 mutatio,
1303 4425 1432 4495 ctc.]
1471 4426 1624 4478 Mens
1663 4425 1914 4479 humana
1961 4431 2118 4480 tanta

433 4495 852 4549 necessitudine
910 4497 1212 4564 conjuncta
1261 4501 1361 4562 est,
1429 4497 1678 4564 primum
1726 4497 1958 4566 quidem
1986 4514 2114 4551 cum

432 4566 687 4620 humano
717 4584 975 4637 corpore,
1015 4567 1219 4620 deinde
1252 4583 1377 4620 cum
1413 4567 1582 4619 rebus
1625 4571 1893 4630 externis,
1924 4569 2011 4620 his
2053 4573 2116 4622 ut

434 4637 668 4691 mutatis
694 4638 792 4690 illa
838 4643 1091 4691 mutetur
1143 4638 1444 4706 cogitando
1484 4654 1496 4691 :

433 4779 770 4846 aegritudine
799 4779 1097 4833 avellimur
1120 4796 1152 4833 a
1179 4782 1385 4850 patria.
1413 4779 1482 4832 ab
1535 4781 1752 4848 amicis,
1785 4782 1854 4833 ab
1878 4781 2116 4850 opibus;

360 4880 365 4886 -
434 4853 602 4922 atque
632 4853 751 4902 haec
767 4852 1004 4903 mutatio
1026 4857 1182 4904 tanto
1216 4852 1399 4920 magis
1416 4856 1678 4914 sentitur,
1706 4858 1918 4921 quanto
1940 4853 2118 4922 magis

434 4920 622 4992 subita
657 4937 669 4974 :
697 4936 850 4981 nam,
883 4929 944 4974 ut
961 4922 1041 4975 ait
1061 4924 1112 4976 S.
1142 4924 1370 4991 Gregor.
1401 4923 1596 4976 homil.
1625 4920 1905 4988 35,3ninus
1923 4920 2117 4992 jacula

431 4991 641 5064 feriunt
661 5007 778 5059 quae
800 4994 1173 5061 pravidentur
1203 5010 1214 5047 :
1247 4994 1475 5064 gravius
1506 4999 1674 5047 nocet
1731 4995 2116 5064 quodcunque

429 5061 792 5130 inexpertum
832 5064 1055 5118 accidit.

505 5137 526 5169 ‘
561 5138 792 5208 Tempus
835 5134 954 5208 est]

431 5221 602 5274 supra
635 5205 913 5273 adhibuit,
940 5205 1390 5275 comparatione,
1425 5225 1452 5257 a
1491 5205 1825 5275 corporibus
1872 5207 2016 5260 notis
2047 5207 2118 5260 ad

429 5283 653 5330 mentes
693 5278 1114 5345 cognoscendas
1147 5277 1343 5330 eadem
1381 5278 1740 5348 Philosophia
1780 5294 1932 5332 nunc
1979 5293 2116 5348 pro-

429 5349 703 5418 greditur.
775 5349 1001 5402 Scilicet
1050 5348 1536 5418 quemadmodum
1610 5359 1808 5418 gustus
1877 5365 2113 5418 organa,

429 5417 645 5491 haustis
694 5420 947 5488 primum
998 5417 1361 5471 tenuioribus
1416 5417 1888 5491 mollioribusque
1951 5417 2114 5486 cibis,

429 5489 550 5558 ipso
578 5507 687 5543 usu
720 5491 798 5543 ita
829 5491 1230 5560 disponuntur,
1273 5495 1336 5542 ut
1365 5489 1724 5558 gravioribus
1756 5489 1952 5561 postea
2005 5507 2116 5544 sus-

429 5561 677 5633 tinendis
698 5561 841 5615 ﬁant
885 5568 1038 5632 apta,
1079 5561 1243 5629 juxta
1291 5561 1434 5614 illud
1485 5562 1772 5628 Martialis,
1823 5563 2112 5633 Epigram.

425 5647 472 5685 ι.
515 5648 570 5701 v,
589 5632 772 5703 epigr.
793 5635 899 5686 77:

583 5736 811 5784 Profecit
834 5739 958 5799 poto
985 5736 1309 5786 Mithridates
1341 5752 1478 5801 smpe
1506 5752 1728 5793 veneno.

1560 4638 1639 4691 sic
1693 4655 1927 4707 corpore
1973 4641 2118 4692 male

434 4708 634 4760 affecto
689 4724 851 4761 mens
916 4709 1098 4775 dolet;
1159 4710 1236 4762 sic
1302 4725 1415 4762 non
1460 4709 1578 4762 sine
1637 4710 1880 4779 quadam
1942 4711 2120 4764 animi

1027 5135 1366 5189 Continuata
1410 5151 1496 5201 ea,
1531 5152 1701 5206 quam
1749 5135 2119 5205 Philosophia

2380 2049 2572 2098 Toxica
2603 2064 2667 2098 ne
2698 2056 2911 2113 possent
2932 2065 3073 2100 saeva
3103 2065 3293 2100 nocere
3344 2051 3462 2099 sibi.

2329 2111 2404 2158 Tu
2427 2125 2632 2173 quoque
2660 2111 2840 2161 cavisti
2873 2114 3132 2162 casnando
3165 2120 3271 2162 tam
3299 2114 3434 2161 male
3464 2125 3672 2174 semper.

2390 2174 2463 2220 Ne
2495 2188 2676 2236 posses
2707 2189 2959 2238 unquam,
2989 2177 3175 2228 Cinna.
3204 2177 3373 2238 perire
3396 2177 3547 2246 fame.

2207 2245 2296 2300 Sic
2350 2261 2515 2319 mens
2555 2249 2805 2301 humana
2842 2250 3052 2302 auditis
3092 2251 3348 2319 primum
3408 2245 3692 2302 levioribus
3709 2261 3836 2316 argu.

2208 2318 2446 2386 mentis,
2477 2319 2663 2388 aptior
2685 2319 2943 2372 redditur
2961 2321 3028 2374 ad
3053 2318 3420 2390 percipienda
3444 2320 3688 2390 graviora
3711 2333 3839 2390 argu-

2209 2398 2421 2453 menta,
2501 2387 2709 2459 quibus
2765 2390 2834 2443 ab
2903 2387 3344 2444 erroribus—suis
3393 2387 3561 2461 possit
3631 2387 3833 2442 liberari.

2210 2462 2520 2528 Propterea
2552 2461 2914 2532 Philosophia
2949 2464 3202 2516 firmiora
3234 2462 3504 2532 deinceps
3544 2465 3829 2529 argumenta

2211 2531 2577 2604 propositura
2613 2531 2798 2604 nunc
2848 2534 3045 2604 incipit
3075 2551 3108 2587 a
3147 2531 3478 2596 levioribus,
3545 2549 3660 2602 quze
3696 2533 3840 2604 soluta
3878 2539 3889 2548 '

2211 2602 2444 2674 partim,
2478 2602 2804 2673 partimque
2841 2602 3034 2658 stricta
3057 2606 3320 2658 oratione
3353 2604 3597 2674 exponit.
3653 2602 3840 2674 Leviora

2214 2677 2405 2726 autem
2437 2673 2556 2726 haec
2586 2680 2929 2742 argumenta
2967 2676 3102 2729 dicit
3145 2692 3265 2728 esse
3301 2681 3361 2729 et
3387 2673 3612 2730 suadela:
3661 2674 3704 2726 ei
3741 2673 3841 2724 ric-

2218 2747 2396 2818 toricae
2455 2745 2792 2818 dulcedinis:
2855 2747 3092 2801 suadela
3147 2748 3421 2818 quidem:
3473 2745 3682 2818 suadela
3723 2744 3841 2818 enim

2217 2815 2334 2888 sive
2352 2815 2528 2888 suada
2561 2821 2644 2888 est
2661 2817 2839 2869 virtus
2868 2814 3268 2888 persuasionis,
3303 2835 3430 2888 qute
3459 2817 3691 2886 antiquis
3725 2814 3841 2868 dice-

2217 2887 2386 2941 batur
2414 2887 2561 2940 Dea:
2610 2887 2744 2940 hinc
2774 2887 2979 2942 Graecis
3037 2895 3266 2942 vocatur
3302 2887 3485 2952 πειθὼ,
3535 2888 3586 2941 id
3630 2892 3703 2940 est
3749 2898 3843 2954 per-

2220 2957 2434 3024 suasio;
2456 2959 2751 3030 irhetoricaa
2777 2976 2906 3013 vero
2951 2961 3292 3014 dulcedinis:
3344 2961 3476 3030 quia
3510 2959 3756 3021 rhetores,
3795 2958 3843 3007 ut

2220 3033 2350 3101 pote
2371 3029 2465 3098 qui
2495 3029 2659 3083 latius
2682 3031 2998 3101 loquuntur
3012 3032 3080 3084 ad
3114 3029 3423 3084 discrimen
3454 3030 3842 3083 dialecticorum.

2222 3099 2319 3170 qui
2372 3099 2774 3172 compressius,
2845 3103 3162 3172 praesertim
3200 3105 3424 3172 plaeet'e
3475 3103 3725 3154 student:
3769 3112 3844 3149 nec

2222 3171 2602 3244 persuadent,
2656 3173 2764 3225 nisi
2805 3171 2957 3226 clara
2983 3171 3366 3244 distinctaque
3403 3173 3649 3237 notione,
3710 3181 3844 3239 quam

2223 3241 2638 3314 philosophicis
2659 3246 2960 3314 praeceptis
2979 3241 3600 3314 acceptam'referimus,
3629 3247 3843 3295 utantur:

2223 3313 2357 3367 hinc
2384 3313 2601 3368 Tullius
2657 3314 2735 3367 ait
2780 3313 2897 3368 sine
2924 3313 3267 3384 philosophia
3295 3332 3405 3370 non
3423 3331 3573 3386 posse
3599 3315 3704 3387 ﬁeri
3739 3325 3844 3387 eun}.

2225 3401 2378 3452 quem
2407 3387 2722 3452 quaerimus,
2763 3381 3092 3456 eloquentem
3123 3381 3151 3440 ἶ
3187 3387 3318 3440 hinc
3364 3381 3487 3456 ipsa
3538 3381 3846 3450 Philosophia

2223 3471 2375 3510 nunc
2407 3456 2626 3522 asserit,
2656 3458 2944 3512 suadelam
2979 3463 3089 3512 tum
3136 3463 3347 3512 tantum
3373 3464 3510 3512 recto
3551 3458 3671 3510 calle
3707 3465 3848 3522 proce-

2224 3527 2349 3580 dere
2387 3543 2506 3582 cum
2541 3527 2936 3598 philosophica
2962 3531 3215 3583 instituta
3266 3546 3376 3583 non
3407 3530 3616 3583 deserit.
3647 3524 3849 3599 Denique

2226 3599 2382 3667 quod
2405 3599 2785 3673 Philosophia
2830 3602 3115 3673 rhetorica
3145 3602 3264 3653 haec
3293 3606 3628 3669 argumenta
3651 3608 3849 3673 propon-

2224 3674 2352 3722 tura
2373 3670 2446 3724 sit
2475 3667 2668 3722 stricta
2702 3672 2978 3737 oratione,
3010 3671 3220 3725 idcirco
3258 3667 3629 3727 musicaLaris
3657 3667 3851 3741 philoso-

2226 3741 2381 3811 phici
2435 3743 2663 3794 vernula.
2699 3743 2881 3796 modos
2938 3747 3199 3809 succinat,
3260 3759 3491 3796 necesse
3551 3747 3644 3795 est.
3688 3739 3848 3792 Mustca

2227 3814 2382 3866 enim
2423 3818 2507 3866 est
2536 3828 2626 3864 ars
2662 3828 2775 3865 non
2807 3815 2992 3867 solum
3033 3814 3295 3876 canendi,
3351 3816 3447 3868 sed
3484 3815 3646 3866 etiam
3666 3821 3846 3874 compo-

2227 3883 2401 3956 nendi
2425 3884 2693 3937 carminis
2725 3900 2736 3937 ε
2763 3888 2967 3938 musica
2999 3887 3211 3956 quippe
3239 3901 3357 3938 non
3387 3902 3545 3938 secus
3574 3900 3634 3956 ac
3658 3890 3848 3956 muscum

2227 3954 2436 4008 dicitur
2491 3972 2519 4006 a
2562 3956 2766 4019 musis;
2811 3962 2869 4008 at
2918 3949 3262 4009 musica-cst
3333 3957 3488 4010 Laris
3530 3949 3847 4026 philosophim

2224 4028 2452 4079 vernula
2487 4042 2498 4079 :
2535 4027 2807 4095 quoniam
2837 4029 3065 4080 vernula
3096 4029 3210 4079 sive
3237 4043 3408 4081 verna
3433 4025 3844 4090 estimanciptum

2227 4112 2293 4149 ex
2327 4097 2613 4165 mancipio
2648 4104 2842 4151 natum
2870 4115 2882 4152 :
2909 4099 2966 4151 in
2990 4115 3102 4168 quo
3130 4098 3318 4152 differt
3347 4116 3376 4149 a
3412 4115 3588 4162 servo,
3634 4096 3719 4164 qui
3763 4102 3848 4168 non

2227 4168 2496 4231 nascitur,
2520 4162 2648 4220 'sed
2697 4170 2761 4221 fit
2809 4162 3039 4222 alterius
3075 4170 3220 4238 juris
3256 4185 3269 4222 :
3334 4170 3545 4222 musica
3566 4162 3733 4220 autem
3769 4162 3850 4212 dicl

2227 4245 2414 4309 potest
2443 4239 2793 4308 mancipium
2823 4256 2886 4293 ex
2921 4241 3206 4308 mancipio
3237 4240 3613 4311 phi|050pbiae
3650 4241 3812 4311 natum
3839 4243 3847 4277 ε

2227 4305 2271 4362 si
2297 4311 2527 4379 quidem
2562 4305 2775 4364 musica
2805 4317 2924 4364 orta
2948 4318 3031 4364 est
3051 4328 3082 4364 a
3112 4305 3298 4376 Musis,
3332 4305 3485 4382 quae-
3508 4305 3850 4382 philosophiﬁh

2226 4371 2404 4435 veluti
2429 4382 2647 4434 ancillae
2679 4383 2941 4452 quaedam
2973 4371 3463 4436 famulantuhlbe
3495 4371 3730 4436 Laribus"
3758 4371 3850 4423 vide

2225 4453 2259 4505 l.
2297 4469 2334 4527 ε,
2367 4455 2513 4527 prof.
2558 4456 2609 4517 3,
2642 4457 2842 4527 nouli.
2886 4525 2893 4527 _
3007 4525 3018 4527 _
3238 4524 3273 4527 __
3610 4522 3618 4527 ,
3690 4519 3696 4527 .

2298 4524 2320 4556 ⁵
2353 4517 2394 4578 0
2425 4527 2617 4589 homo]
2656 4525 2850 4577 Modus
2881 4525 2984 4576 iste
3007 4524 3276 4594 loquendi
3312 4530 3398 4577 est
3437 4519 3742 4593 superioris,
3781 4517 3852 4565 aut

2160 4636 2201 4688 D
2235 4595 2356 4663 eius
2391 4597 2590 4647 saltem
2624 4597 2720 4664 qui
2755 4595 3058 4664 significat,
3091 4612 3146 4648 se
3187 4597 3402 4648 nullam
3427 4609 3665 4688 cumqeo,
3719 4598 3850 4664 qllCﬂl

2237 4667 2550 4688 -Il-.--.ZL-__-
2627 4667 3067 4688 ['-__LI2,--.ZL-A-_
3134 4668 3235 4688 ιυι
3259 4683 3336 4688 -..η
3420 4669 3506 4688 ιη-
3609 4671 3816 4688 ,ιι-ηυιίιιὶε
3842 4667 3850 4676 ⁸

2235 4667 2568 4734 alloquitur,
2627 4667 3071 4718 familiaritatem
3134 4668 3358 4720 habere.
3420 4669 3509 4720 Sic
3563 4665 3850 4736 Terentius:

2230 4739 2380 4789 Proh
2398 4739 2673 4804 jumiiter,
2712 4738 2919 4806 inquit,
2957 4744 3013 4789 tu
3041 4739 3190 4790 homo
3219 4739 3400 4805 adigis
3421 4753 3500 4790 me
3520 4736 3590 4788 ad
3612 4741 3847 4808 insaniant.

2228 4809 2316 4860 Sic
2337 4809 2534 4862 Petrus
2569 4811 2727 4861 Lucae
2760 4825 2869 4860 xxu
2897 4824 2907 4860 :
2943 4809 2984 4862 Ο
3035 4811 3184 4861 homo
3216 4825 3319 4861 non
3353 4824 3492 4872 sum,
3519 4809 3635 4878 Men
3659 4817 3770 4878 amt,
3811 4811 3844 4859 J‘

2227 4880 2346 4932 u’en
2379 4885 2494 4932 suis
2522 4883 2692 4948 point.
2734 4880 2875 4933 Hinc
2905 4885 3096 4932 autem
3135 4880 3496 4948 Philosophia
3533 4876 3715 4948 incipit
3737 4882 3844 4948 sua:

2227 4945 2577 5003 ratiunculas
2603 4951 2881 5004 rhetorice
2914 4966 3253 5021 proponere,
3299 4945 3438 5020 quas
3469 4950 3514 5002 si
3535 4948 3603 5001 ad
3649 4945 3848 5021 dialect!-

2227 5038 2349 5074 cam
2397 5022 2638 5074 fortnam
2707 5009 2974 5074 revocare
3023 5009 3279 5073 Iconatu's
3316 5009 3524 5083 'fueris,
3601 5009 3853 5070 nonnullas

2227 5093 2678 5146 animadvertere
2712 5093 2924 5162 poteris
2958 5093 3322 5162 repetitiones
3373 5107 3514 5156 ;nec
3541 5090 3852 5162 mirumffw'

2225 5168 2347 5216 tum
2407 5167 2639 5234 quippe,
2693 5155 2846 5233 quod
2895 5155 3042 5216 Zeno
3085 5165 3247 5228 dixit,
3300 5162 3628 5234 rhetoricam
3670 5155 3850 5234 palmae.

2228 5229 2578 5308 dialecticam
2615 5229 3100 5308 pugno__sin‘.ilern
3133 5251 3274 5300 esse,
3305 5234 3455 5304 quod
3503 5232 3661 5308 latius
3702 5229 3851 5308 Ιυίῖίξξῖ·

2227 5311 2424 5358 rentur
2480 5307 2752 5369 rhetores,
2809 5306 3087 5358 dialectici
3117 5314 3305 5358 autem
3357 5305 3750 5376 compressius:
3786 5305 3851 5376 ‘53"

2227 5379 2480 5446 loquitur
2522 5361 2751 5431 Seneca:
2796 5378 3084 5446 Quidquid
3139 5380 3224 5434 sit,
3266 5377 3404 5429 duas
3437 5361 3731 5444 praesertim
3786 5361 3828 5412 hi

2225 5449 2575 5502 advertimus
2606 5448 2886 5515 ejusmodi
2918 5450 3284 5500 ratiunculas.

2295 5518 2318 5551 ⁶
2346 5521 2552 5573 Novum.
2581 5511 2776 5581 ofella!
2820 5520 3010 5572 Prima
3043 5520 3337 5572 rhetoricae
3390 5511 3712 5569 ratiuncula,
3753 5516 3834 5571 qu?

2227 5591 2304 5644 sic
2333 5590 2558 5643 videtur
2589 5605 2750 5658 posse
2781 5591 3392 5644 contrahi.tjummens
3415 5589 3672 5645 humana,
3700 5586 3833 5658 quellJ

2226 5662 2539 5715 admodum
2571 5657 2626 5713 et
2660 5677 2865 5730 corpus
2898 5662 3182 5714 veteribus
3209 5660 3546 5734 usitatisque
3581 5667 3683 5734 nou
3727 5657 3827 5734 ςρξῑξ

2230 5738 2542 5796 moveatur,
2597 5735 2695 5786 tua
2743 5724 2923 5789 tinens.
2973 5749 3006 5786 o
3065 5733 3242 5795 Baeti,
3279 5747 3394 5785 non
3436 5724 3624 5783 debuit
3645 5724 3847 5775 fortuna-
