3996 6170
1183 270 1272 323 DE
1309 268 1842 326 CONSOLATIONE
1881 267 2357 324 PHILOSOPHUS]
2397 268 2524 321 LlB.
2569 269 2638 320 ll.
2922 271 2929 282 ‘
3555 273 3659 326 662

169 277 258 330 66f

170 407 321 479 quid,
355 404 804 474 inusitatumque
835 402 1045 458 vidisti.
1077 406 1178 471 Tu,
1208 403 1492 458 fortunam
1515 409 1680 475 putas
1709 420 1846 474 erga
1884 407 1930 457 Α
1960 407 2089 457 utro
2134 402 2506 467 mutabilitas,
2562 418 2666 456 nec
2714 403 3103 460 formidandas
3159 406 3405 461 fortuna:
3446 407 3652 476 minas,

173 502 220 553 te
249 512 367 550 esse
399 495 712 549 mutatam?
742 509 915 547 erras.
953 493 1018 547 Hi
1060 509 1286 563 semper
1319 494 1439 564 ejus
1471 509 1659 547 mores
1689 500 1846 559 sunt,
1957 509 2062 546 nec
2093 493 2439 562 exoptandas
2471 491 2605 546 facit
2644 509 2763 546 esse
2794 493 3120 549 blanditias.
3168 504 3268 550 95
3303 499 3320 532 ί
3355 499 3654 552 Postremo

171 587 267 640 ista
295 588 517 637 natura.
556 582 811 636 Servavit
840 584 990 637 circa
1020 585 1073 636 te
1101 581 1394 652 propriam
1423 582 1612 654 potius
1636 583 1696 636 in
1728 582 1848 653 ipsa
1958 598 2122 652 sequo
2155 581 2346 634 animo
2387 581 2595 634 toleres
2630 585 2876 652 oportet,
2915 583 3195 654 quidquid
3227 586 3379 640 intra
3409 586 3654 640 fortunae

172 675 250 729 sui
279 672 655 728 mutabilitate
687 671 1066 725 constantiam
1098 672 1198 740 (5),
1221 672 1370 726 Talis
1395 677 1516 726 erat
1536 688 1666 726 cum
1692 671 1850 726 blan-
1957 684 1980 724 d
2008 686 2200 724 aream
2232 669 2470 740 geritur,
2505 687 2636 724 cum
2666 672 2840 724 semel
2873 672 3014 741 jugo
3049 671 3168 741 ejus
3199 675 3344 728 colla
3374 675 3654 730 submise-

171 764 443 831 diebatur,
482 777 609 814 cum
639 759 744 815 tibi
785 760 940 814 falsae
992 759 1274 815 illecebris
1308 761 1594 816 felicitatis
1625 761 1848 815 allude-
1959 759 2056 812 ris.
2090 758 2254 822 Quod
2278 759 2324 812 si
2345 759 2615 813 manendi
2643 759 3010 830 abeundique
3039 762 3283 816 scribere
3305 764 3493 834 legem
3518 765 3655 818 velis

173 858 263 909 ret.
304 849 737 922 Deprehendisti
772 863 795 893 θ
825 850 960 904 czeci
1004 849 1257 904 numinis
1287 850 1588 920 ambiguos
1636 851 1844 905 vultus.
1959 847 2030 914 ei,
2066 863 2238 918 quam
2282 852 2345 902 tu
2391 847 2688 902 dominam
2727 854 2929 919 sponte
2979 851 3220 920 elegisti,
3271 867 3460 907 nonne
3500 861 3520 888 ε
3568 853 3654 906 in-

169 945 290 1008 Qua:
321 957 444 995 sese
476 940 662 993 adhuc
691 938 818 992 aliis
844 939 1012 1003 velat,
1036 942 1156 992 tota
1185 938 1286 992 tibi
1314 955 1546 1009 prorsus
1575 939 1844 992 innotuit.
1954 937 2141 1008 jurius
2196 936 2390 1001 fueris,
2436 942 2492 991 et
2536 938 2899 1008 impatientia
2945 945 3158 993 sortem
3198 942 3517 1008 exacerbes,
3575 943 3649 1012 (5)

169 1033 217 1090 Si
242 1032 445 1103 probas
475 1034 522 1095 Ι),
562 1032 723 1084 utere
770 1028 1026 1083 moribus
1062 1038 1101 1095 ο,
1141 1044 1215 1083 ne
1264 1029 1540 1100 queraris.
1591 1028 1646 1083 Si
1681 1029 1849 1099 perﬁ-
1959 1043 2131 1097 quam
2174 1031 2501 1098 permutare
2545 1043 2664 1080 non
2711 1028 2934 1098 possis?
2962 1028 3018 1082 Si
3051 1041 3068 1081 ς
3097 1029 3282 1083 ventis
3332 1031 3456 1084 vela
3496 1047 3681 1085 com--

169 1124 283 1177 dam
339 1119 746 1190 perhorrescis,
793 1135 999 1189 sperne
1055 1123 1229 1189 atque
1296 1118 1477 1188 abjice
1526 1118 1850 1189 perniciosa
1958 1115 2236 1182 mitteres,
2283 1132 2397 1168 non
2428 1132 2541 1186 quo
2573 1115 2835 1170 voluntas
2877 1122 3120 1186 peteret,
3166 1119 3265 1172 sed
3315 1135 3428 1189 quo
3471 1120 3644 1174 flatus

167 1211 466 1265 ludentem.
491 1211 629 1263 Nam
651 1223 780 1279 quae
802 1223 956 1261 nunc
975 1207 1081 1262 tibi
1104 1212 1188 1261 est
1207 1207 1351 1261 tanti
1373 1223 1542 1261 causa
1564 1207 1845 1272 maeroris,
1956 1207 2343 1277 impellerent,
2380 1206 2817 1276 promovereris.
2852 1207 2908 1261 Si
2943 1205 3090 1260 arvis
3117 1207 3337 1261 semina
3367 1208 3646 1270 crederes,

171 1300 262 1368 (10)
293 1298 415 1352 haec
456 1297 660 1351 eadem
699 1296 1136 1368 tranquillitatis
1174 1295 1294 1351 esse
1334 1297 1638 1352 debuisset.
1687 1296 1847 1352 Reli—
1955 1297 2168 1350 feraces
2201 1297 2350 1349 inter
2380 1312 2436 1348 se
2468 1312 2669 1361 annos,
2703 1297 3036 1367 sterilesque
3060 1312 3349 1366 pensares.
3385 1298 3647 1351 Fortunae

169 1387 276 1458 quit
302 1386 458 1440 enim
502 1391 577 1451 te,
626 1401 802 1455 quam
836 1402 952 1439 non
999 1386 1328 1440 relicturam
1375 1403 1545 1440 nemo
1589 1401 1845 1456 unquam
1956 1391 2010 1441 te
2039 1386 2357 1456 regendum
2385 1384 2608 1450 dedisti,
2636 1385 2882 1440 dominae
2905 1386 3160 1440 moribus
3183 1391 3409 1456 oportet
3435 1387 3651 1441 obtem-

165 1476 355 1545 poterit
392 1491 520 1527 esse
562 1490 813 1528 securus.
861 1477 947 1528 An
979 1490 1112 1528 vero
1159 1481 1220 1529 tu
1252 1475 1560 1545 pretiosam
1601 1474 1844 1528 aestimas
1954 1491 2138 1547 peres.
2194 1481 2295 1528 96
2345 1476 2428 1528 Tu
2465 1490 2598 1527 vero
2648 1472 2671 1506 ²
2721 1475 2996 1532 volventis
3026 1480 3164 1528 rota:
3197 1475 3477 1544 impetum
3511 1476 3648 1530 reti-

165 1565 426 1618 abituram
458 1563 836 1617 felicitatem?
858 1568 912 1616 et
939 1579 1068 1617 cara
1090 1563 1192 1617 tibi
1229 1569 1312 1618 est
1342 1564 1573 1617 fortuna
1592 1579 1844 1633 praesens
1954 1580 2090 1618 nere
2121 1563 2380 1617 conaris?
2409 1566 2478 1616 At
2509 1563 2768 1616 omnium
2800 1564 3132 1617 mortalium
3154 1563 3519 1620 stolidissime
3545 1581 3558 1619 :
3601 1564 3648 1618 si

164 1678 254 1717 nec
280 1659 554 1715 manendi
603 1658 738 1728 ﬁda,
773 1663 830 1714 et
861 1675 993 1714 cum
1043 1658 1382 1727 discesserit,
1419 1660 1661 1714 allatura
1703 1678 1841 1715 moe-

164 1760 364 1811 rorem?
406 1756 579 1820 Quod
618 1757 666 1810 si
710 1773 816 1811 nec
873 1774 942 1811 ex
991 1756 1227 1812 arbitrio
1271 1757 1507 1812 retineri
1544 1762 1750 1828 potest,
1787 1762 1843 1813 et
1882 1728 1922 1781 Β

162 1854 503 1909 calamitosos
538 1855 765 1924 fugiens
809 1855 963 1920 facit,
999 1854 1136 1926 quid
1177 1859 1260 1909 est
1290 1856 1400 1926 (lii)
1453 1856 1608 1910 aliud
1641 1857 1833 1926 fugax,

161 1969 309 2023 quam
336 1953 555 2007 futurae
599 1953 889 2023 quoddam
919 1953 1259 2008 calamitatis
1290 1953 1608 2008 indicium?
1643 1956 1836 2025 Neque

161 2050 288 2104 enim
319 2049 468 2120 quod
505 2054 636 2102 ante
678 2050 871 2103 oculos
902 2049 1075 2104 situm
1125 2055 1230 2115 est,
1271 2052 1556 2106 suffecerit
1601 2052 1831 2105 intueri.

161 2149 344 2202 Rerum
367 2147 560 2200 exitus
586 2146 893 2216 prudentia
920 2148 1155 2202 metitur
1187 2165 1201 2202 ε
1228 2149 1542 2220 eademque
1576 2148 1631 2203 in
1663 2151 1832 2202 alter-

1952 1666 2186 1704 manere
2218 1650 2436 1718 incipit,
2469 1676 2496 1715 g
2524 1649 2640 1703 fors
2671 1667 2793 1703 esse
2825 1651 3066 1705 desistit.

2390 1744 2485 1792 97
2530 1739 2819 1793 METRUM
2856 1753 2874 1772 ⁶
2915 1741 3204 1795 PRIMUM.

1948 1833 2348 1883 Ancumexruu.
2380 1856 2450 1866 —
2481 1831 2722 1881 Fortuna
2763 1832 2942 1882 instar
2982 1831 3183 1898 Euripi
3212 1829 3506 1897 instabilis,
3540 1844 3646 1884 non

2018 1903 2186 1954 solum
2206 1901 2411 1968 plures,
2441 1899 2536 1952 sed
2571 1900 2811 1954 eumdem
2842 1902 3108 1956 hominem
3154 1903 3315 1955 unius
3345 1901 3487 1956 hom
3514 1916 3643 1970 spa-

2019 1975 2090 2026 tio
2121 1975 2283 2038 erigit
2314 1971 2703 2038 deprimitque.

2088 2061 2216 2113 Haec
2250 2074 2381 2112 cum
2408 2058 2656 2128 superba
2687 2060 2921 2114 verterit
2952 2059 3103 2113 vices
3131 2059 3348 2124 dextra,

2085 2147 2457 2203 Exaestuantis
2489 2164 2647 2201 more
2674 2149 2856 2204 fertur
2887 2150 3116 2218 Euripi;

1606 2244 2186 2321 INTERPRETA'TIO.

213 2361 235 2384 ⁸
260 2353 503 2406 Fortuna:
524 2353 713 2405 varias
742 2352 971 2416 formas.

214 2425 234 2464 δ
260 2423 592 2475 Fortunam.

215 2503 230 2527 ε
257 2493 522 2561 Ejusdem
557 2493 824 2547 fortunae.

216 2561 240 2599 ἀ
267 2566 534 2631 Regnum.

215 2645 232 2669 ε
257 2637 578 2703 lnju-riosus.

2014 2353 2034 2388 ί
2059 2358 2382 2422 Navigares.

2015 2453 2042 2491 ε
2068 2428 2326 2481 Fortuna.

2018 2499 2120 2553 Ubi
2149 2499 2258 2553 haec
2300 2501 2532 2555 fortuna
2573 2498 2929 2551 alternaverit
2974 2497 3114 2548 vices
3159 2509 3324 2548 manu
3353 2496 3646 2563 imperiosa

1943 2570 2140 2623 eadem
2169 2573 2394 2638 rapitur
2437 2575 2615 2625 instar
2650 2570 2846 2634 Euripi
2868 2566 3488 2638 emundantisfortuna
3517 2580 3644 2638 cru—

1945 2641 2084 2694 delis
2123 2636 2402 2697 conculcet
2454 2643 2633 2697 subito
2671 2641 2948 2708 principes
2995 2637 3324 2702 metuendos,
3356 2642 3405 2689 et
3449 2636 3643 2690 statim

1764 2735 1996 2792 NOTIE.

162 2827 332 2876 eventu
356 2822 758 2884 commoverit,
800 2819 908 2873 nisi
947 2821 1039 2873 hic
1070 2837 1247 2874 novus
1278 2822 1451 2875 fuerit
1495 2825 1551 2875 et
1593 2822 1829 2875 inusita-

162 2899 248 2946 tus.
276 2894 436 2964 Atqui
471 2893 624 2947 nihil
658 2893 748 2945 hic
769 2891 922 2964 novi,
947 2893 1091 2944 nihil
1113 2892 1370 2946 inusitati
1400 2909 1411 2946 :
1442 2910 1569 2946 cum
1602 2909 1830 2963 semper

160 2970 203 3017 et
230 2963 425 3036 ubique
454 2967 699 3018 fortuna
721 2963 892 3036 fuerit
913 2963 972 3016 in
1003 2979 1106 3016 sua
1138 2964 1514 3016 mutabilitate
1539 2972 1826 3036 constans,

161 3043 211 3090 ut
242 3034 379 3090 nunc
425 3036 729 3105 experiris.
781 3034 965 3097 Quare
1005 3039 1230 3088 tantum
1280 3036 1457 3100 abest,
1492 3041 1555 3088 ut
1601 3035 1830 3088 fortuna

161 3107 257 3160 haec
284 3108 549 3160 debuerit
580 3107 684 3159 tibi
715 3120 835 3158 esse
856 3106 1001 3157 tanti
1031 3121 1201 3158 causa
1235 3106 1610 3172 moeroris,‘ut
1641 3105 1827 3174 potius

163 3178 329 3231 eadem
373 3177 818 3245 tranquillitatis
870 3192 1037 3228 causa
1068 3193 1187 3229 esse
1227 3177 1518 3229 debuisset
1553 3193 1565 3230 :
1600 3180 1827 3244 reliquit

161 3251 272 3301 enim
317 3256 380 3313 te,
426 3266 601 3318 quam
645 3264 750 3301 non
795 3248 1112 3301 relicturum
1154 3263 1303 3300 nemo
1346 3264 1590 3316 unquam
1627 3251 1828 3316 pote-rit

161 3334 248 3372 esse
281 3336 488 3373 securus
536 3320 701 3373 :imo
746 3335 917 3387 quam
968 3334 1088 3370 esse
1137 3318 1420 3371 abituram
1474 3324 1662 3371 certus
1703 3335 1824 3372 esse

162 3390 296 3442 debet
343 3393 626 3460 prudens,
662 3390 875 3459 quippe
921 3389 1021 3457 qui
1073 3388 1244 3442 etiam
1290 3389 1482 3442 futura
1530 3390 1823 3458 prospicit.

164 3462 237 3513 Hic
284 3478 445 3530 porro
521 3461 848 3514 addendum
915 3460 1233 3530 duntaxat,
1291 3477 1392 3513 cur
1460 3461 1828 3530 Philosophia

164 3527 452 3586 nunc—dicat
481 3536 613 3586 caeci
644 3534 880 3584 numinis
909 3527 1190 3596 ambiguos
1218 3531 1442 3584 vultus?

220 3603 447 3657 Fortuna
479 3603 762 3657 nimirum
793 3601 1044 3671 antiquis
1073 3607 1212 3656 erat.
1245 3605 1294 3655 1⁰
1319 3601 1552 3672 quidem
1586 3618 1823 3668 numen,

165 3674 282 3745 quod
313 3675 593 3745 ignoratis
643 3673 895 3744 plurium
941 3672 1275 3727 eil‘ectorum
1326 3674 1527 3738 causis,
1564 3674 1684 3727 htPC
1710 3690 1825 3726 non

165 3744 248 3796 nisi
298 3744 634 3808 affortuna,
681 3760 853 3814 quam
911 3750 1217 3814 propterea
1266 3761 1483 3798 numen
1527 3745 1824 3810 vocabant,

166 3815 273 3868 oriri
326 3833 481 3886 posse
547 3816 994 3869 arbitrabantur.
1045 3819 1104 3867 2°
1157 3817 1379 3868 Numen
1428 3831 1662 3881 caecum,
1709 3815 1826 3868 sive

166 3888 286 3957 quod
331 3896 549 3942 temere
607 3902 761 3940 nunc
812 3887 1025 3955 probos
1075 3887 1260 3954 malis,
1317 3903 1467 3940 nunc
1530 3886 1826 3957 improbos

165 3954 293 4010 bonis
319 3959 602 4022 afficeret;
634 3958 752 4011 sive
784 3954 953 4010 etiam
989 3958 1140 4027 quod
1191 3974 1286 4010 eos
1326 3954 1669 4028 plerumque
1702 3958 1824 4011 effi-

166 4035 286 4080 ceret
311 4046 481 4083 czecos
542 4046 685 4098 quos
730 4029 1223 4097 complecteretur.
1259 4031 1314 4082 3°
1357 4029 1583 4083 Numen
1624 4044 1826 4098 gerens

167 4099 424 4169 ambiguos
449 4102 665 4164 vultus,
692 4100 842 4168 quod
875 4102 990 4151 saxi
1015 4099 1192 4152 instar
1219 4101 1462 4167 globOSi,
1497 4101 1586 4152 cui
1615 4100 1825 4153 idcirco

168 4167 383 4224 insistere
415 4167 767 4240 fingebatur,
802 4169 1068 4222 volubilis
1101 4187 1248 4240 quos
1283 4172 1449 4240 paulo
1497 4178 1629 4224 ante
1669 4170 1826 4224 beni-

168 4253 254 4304 gno
304 4244 453 4296 vultu
504 4246 765 4295 erexerat
805 4243 872 4293 ad
925 4241 1185 4307 gloriam,
1239 4243 1463 4294 eosdem
1515 4258 1709 4295 severo
1752 4241 1822 4294 ad

169 4309 418 4384 infamiam
480 4313 822 4366 traduceret.
895 4311 981 4364 Sic
1037 4313 1226 4366 llorat.
1284 4313 1352 4366 de
1413 4313 1564 4384 Gyge
1621 4313 1824 4366 cecinit

170 4381 316 4436 Carm.
349 4385 470 4451 1.11,
505 4385 603 4438 od.
635 4387 662 4435 Si
700 4401 711 4436 :

377 4481 546 4537 Quem
576 4480 620 4528 si
651 4479 947 4542 puellarum
979 4480 1236 4542 insereres
1263 4480 1425 4529 choro

378 4543 502 4591 Mire
536 4541 752 4603 sagaces
775 4543 979 4590 falleret
1005 4541 1258 4605 hospites,

440 4606 735 4652 Discrimen
768 4605 1050 4652 obscurum
1085 4605 1272 4652 solutis

437 4667 685 4715 Crinibus
716 4668 1068 4729 ambiguoque
1100 4667 1271 4715 vultu.

227 4752 255 4828 ξ,
285 4752 549 4828 Postremo
603 4770 755 4828 aequo
811 4757 990 4828 animo
1024 4797 1037 4821 ,
1100 4755 1232 4824 etc.]
1292 4755 1826 4828 Alterarhetoricac

175 4824 476 4886 ratiuncula,
529 4841 655 4895 qua:
701 4825 779 4876 sic
814 4825 1036 4878 videtur
1065 4843 1230 4896 posse
1266 4824 1528 4896 exprimi.
1576 4827 1825 4890 Quicun-

176 4903 264 4970 que
297 4910 406 4947 sese
436 4897 670 4970 alterius
699 4896 833 4963 jugo
872 4903 1058 4965 sponte
1086 4898 1360 4960 submisit,
1397 4897 1439 4949 is
1462 4968 1468 4970 _
1489 4913 1676 4970 mores
1704 4898 1827 4965 ejus

177 4966 426 5038 patienter
457 4966 620 5030 ferat,
666 4983 891 5020 necesse
936 4973 1062 5020 est:
1117 4971 1355 5036 injurias
1401 4968 1613 5038 alioqui
1656 4971 1828 5034 fuerit

177 5045 278 5110 Cum
332 5036 453 5102 sibi,
518 5043 638 5110 tum
687 5054 788 5110 suo
842 5037 1130 5110 principi:
1187 5039 1433 5108 principi
1485 5036 1734 5108 quidem,
1781 5040 1826 5091 si

178 5101 312 5155 eidem
354 5109 600 5178 manendi
642 5101 982 5178 abcundique
1031 5101 1202 5176 legeni
1238 5101 1637 5163 retit‘scribere
1671 5127 1682 5164 :
1721 5101 1826 5163 sibi

180 5184 302 5238 vero,
324 5177 365 5228 si
395 5182 734 5246 impatientia
761 5186 955 5232 sortem
984 5181 1292 5246 emacerbat,
1323 5197 1486 5249 quam
1521 5187 1829 5250 permutare

179 5255 263 5294 non
307 5252 479 5323 possit.
527 5251 614 5303 Sic
645 5251 997 5323 navigantes
1043 5257 1098 5304 et
1141 5252 1538 5317 seminatores,
1573 5254 1726 5323 quod
1769 5269 1826 5305 se

183 5327 363 5392 .suaque
396 5321 686 5373 elementis
719 5323 1130 5387 commiserint,
1156 5323 1222 5374 ad
1258 5331 1456 5375 nutum
1489 5321 1607 5375 non
1635 5324 1827 5392 appel-

186 5381 301 5446 ίυυὶζ
336 5395 674 5462 metuatque.
711 5393 850 5445 Cum
887 5392 1078 5462 igitur,
1105 5381 1136 5446 ὁ
1165 5394 1336 5458 Boeti,
1376 5399 1422 5446 te
1440 5381 1827 5461 fortunai‘jugo

185 5464 340 5531 Sponte
374 5461 701 5524 sulnniseris;
755 5479 875 5516 cum
920 5461 982 5516 tu
1025 5467 1307 5530 fortunam
1341 5465 1612 5518 dominam
1644 5469 1830 5531 Sponte

189 5525 401 5605 (“ﬁt/€113;
429 5547 540 5583 cum
569 5536 799 5598 fortuna:
831 5541 879 5588 te
907 5525 1195 5601 regendum
1219 5536 1453 5602 dederis,
1477 5553 1627 5605 {equo
1649 5525 1828 5589 animo

190 5595 343 5677 lettres
372 5595 584 5677 oportet,
617 5606 889 5674 quidquid
918 5595 1066 5660 intra
1103 5609 1338 5672 fortunae
1370 5595 1552 5661 aream
1580 5611 1825 5673 geritur;

192 5669 385 5724 “omnia:
411 5669 640 5730 moribus
657 5669 864 5747 oportet
893 5669 1236 5749 obtemperes.

2011 2831 2154 2881 Area
2201 2832 2394 2882 autem
2426 2827 2632 2882 dicitur
2675 2826 2832 2879 locsu
2863 2839 3071 2877 vacuus
3103 2840 3115 2877 :
3151 2824 3312 2892 quasi
3353 2823 3637 2877 exaruerit

1939 2914 2042 2951 nec
2073 2899 2253 2967 possit
2291 2900 2609 2978 quidquam
2658 2912 2951 2978 generare.
2985 2895 3074 2974 Sic
3111 2894 3373 2978 vicinitas
3417 2895 3631 2974 mdium

1941 2964 2154 3023 aedibus
2185 2964 2387 3023 vacans
2418 2964 2624 3024 dicitur
2656 2964 2803 3021 area.
2832 2967 2920 3021 Sic
2942 2966 3113 3018 etiam
3143 2966 3298 3018 locus
3328 2964 3633 3018 frumentis

1942 3042 2192 3093 terendis
2219 3041 2533 3094 destinatus
2561 3044 2796 3092 vocatur
2826 3053 2972 3090 area.
3009 3037 3196 3088 Potuit
3233 3041 3420 3088 autem
3450 3035 3634 3088 Philo-

1868 3094 1905 3147 Ο
1934 3112 2137 3180 sophia
2161 3118 2394 3181 propter
2425 3111 2598 3179 hujus
2630 3109 2815 3162 ultimi
2845 3108 2949 3160 loci
2973 3107 3429 3181 similitudinem,
3464 3122 3631 3160 mun-

1936 3178 2076 3235 dum
2111 3178 2574 3252 hunc—appellare
2597 3181 2840 3252 fortunae
2859 3178 3220 3252 areamquod
3247 3178 3470 3252 sicutin
3502 3193 3633 3230 area

1937 3253 2294 3306 frumentum
2318 3248 2594 3316 a’tritore,
2619 3253 2697 3304 sic
2725 3251 2783 3302 in
2812 3250 3030 3303 mundo
3051 3248 3313 3302 homines
3341 3265 3372 3300 a
3400 3249 3632 3301 fortuna

1937 3340 2093 3378 nunc
2147 3326 2256 3378 huc
2311 3340 2465 3378 nunc
2522 3325 2657 3377 illuc
2707 3320 3086 3391 prosperitate
3148 3321 3234 3373 vel
3286 3320 3630 3374 adversitate

1937 3403 2255 3449 versentur.

2010 3469 2031 3499 ²
2064 3469 2340 3522 Vol-ventis
2386 3464 2555 3536 rotae.)
2601 3465 2896 3536 Fortunae;
2937 3463 3164 3536 Veteres
3207 3460 3421 3536 quippe
3452 3461 3628 3515 fortu-

1937 3555 2094 3603 nam,
2145 3555 2256 3592 non
2309 3538 2478 3591 modo
2523 3533 2728 3590 caecam
2769 3540 2824 3588 et
2861 3533 3073 3587 furenti
3117 3533 3384 3597 similem,
3430 3547 3630 3586 verum

1937 3610 2108 3662 etiam
2142 3610 2380 3662 volubili
2419 3625 2550 3661 saxo
2595 3607 2942 3677 pendentem
2995 3605 3286 3669 effinxere,
3322 3605 3474 3673 quod
3507 3604 3629 3656 for-

1937 3686 2076 3733 tuna
2107 3681 2311 3734 iisdem
2361 3680 2655 3732 videretur
2695 3677 2889 3730 omnia
2938 3692 3054 3729 non
3102 3677 3287 3728 solum
3326 3681 3542 3728 temere
3573 3677 3629 3728 et

1935 3768 2083 3804 czeco
2117 3752 2334 3820 impetu
2388 3751 2785 3803 administrare
2817 3747 2981 3820 bonis
3011 3747 3280 3820 adversa,
3332 3746 3505 3820 malis
3523 3747 3628 3799 ho-

1938 3817 2517 3891 minibus-prospera,
2550 3821 2645 3891 sed
2689 3821 2867 3891 instar
2915 3817 3069 3886 globi
3101 3833 3269 3891 vaga,
3296 3817 3626 3891 necessitate

1936 3894 2181 3963 quadam
2224 3888 2441 3946 naturae
2493 3890 2689 3953 volvi;
2740 3890 2881 3963 adeo
2925 3893 2988 3941 ut
3036 3905 3152 3963 non
3198 3888 3432 3963 minoris
3480 3891 3628 3942 esset

1935 3960 2209 4028 stultitiae,
2245 3964 2513 4026 fortunas,
2558 3977 2729 4031 quam
2775 3960 3025 4013 siderum
3075 3960 3342 4012 reluctari
3391 3975 3627 4013 conver-

1935 4035 2212 4088 sionibus.
2249 4036 2556 4104 Propterea
2590 4031 2837 4100 Baptista
2871 4031 3160 4083 Mantuan.
3191 4046 3203 4082 :

2056 4131 2220 4180 Fidite
2250 4130 2451 4186 virtuti,
2477 4129 2689 4177 fortuna
2716 4127 2957 4190 fugacior
2991 4125 3148 4174 undis

2055 4195 2168 4242 Non
2201 4197 2396 4241 manet.

2004 4297 2023 4316 ·
2050 4283 2211 4346 Quod
2245 4284 2444 4335 vocant
2470 4278 2780 4334 iambicum
2817 4279 3280 4345 Ilypponactium.
3315 4276 3403 4329 Est
3432 4280 3627 4330 autem

1938 4370 2169 4409 carmen
2207 4359 2472 4406 constans
2518 4368 2583 4405 ex
2632 4367 2745 4402 uno
2797 4365 3004 4419 genere
3052 4364 3342 4413 versuum,
3377 4363 3625 4416 quorum

1937 4427 2180 4497 quilibet
2211 4441 2306 4477 sex
2338 4424 2576 4495 pedibus
2617 4424 2904 4497 constans,
2933 4420 3165 4497 paribus
3211 4419 3442 4497 quidem
3475 4419 3627 4472 iam-

1938 4489 2096 4563 bum,
2133 4489 2449 4565 imparibus
2478 4510 2610 4547 vero
2644 4494 2961 4565 spondeum
2995 4490 3204 4565 saepius
3235 4489 3425 4565 habet.

2014 4559 2334 4622 thert'erit
2377 4565 2563 4633 vices]
2611 4559 2749 4628 Quae
2808 4562 3039 4616 alternis
3082 4561 3207 4614 ﬁeri
3256 4561 3460 4633 solent,
3504 4559 3626 4614 haec

1937 4639 2291 4708 appellamus
2321 4640 2458 4691 vices
2494 4653 2508 4690 :
2540 4632 2672 4689 hinc
2718 4637 2957 4688 vicissim
3006 4633 3154 4686 idem
3189 4632 3342 4708 quod
3373 4633 3624 4708 alternis.

1939 4703 2185 4763 Fortuna
2226 4715 2417 4761 autem
2449 4711 2682 4776 propter
2714 4707 2961 4758 nativam
2992 4720 3156 4776 suam
3186 4703 3625 4757 inconstantiam

1936 4780 2131 4833 omnia
2156 4781 2390 4832 alternis
2421 4775 2624 4843 mutat,
2651 4778 2820 4830 modo
2855 4775 3135 4845 pluribus,
3171 4776 3342 4828 modo
3376 4776 3473 4828 uni
3499 4791 3629 4844 pro-

1937 4867 2102 4922 spera
2132 4855 2188 4904 et
2230 4851 2460 4903 adversa
2494 4866 2505 4901 :
2562 4847 2714 4922 quod
2763 4847 2843 4922 ita
2886 4849 3248 4922 frequ_ens_et
3294 4850 3534 4922 notum,_
3567 4852 3630 4900 ut

1937 4917 2117 4975 Latini
2148 4925 2428 4986 fortunam
2461 4920 2752 4988 appellent
2789 4920 2956 4972 vicem
2991 4935 3003 4970 :
3048 4917 3124 4970 ita
3157 4917 3348 4971 Cicero
3391 4918 3624 4987 passim,

1935 4994 2094 5058 mihi,
2129 4992 2337 5063 inquit,
2370 5006 2575 5045 necesse
2605 4994 2682 5043 est
2713 4995 2762 5042 ct
2781 5005 2953 5042 meam
2983 4993 3032 5042 et
3061 4990 3295 5043 aliorum
3323 4994 3487 5063 picem
3503 5005 3628 5058 per-

1938 5061 2250 5119 timescere:
2284 5063 2443 5116 valde
2473 5068 2522 5115 et
2552 5078 2631 5114 illi)
2654 5103 2658 5107 .
2679 5077 2729 5113 γη
2760 5070 2807 5113 ei.
2845 5067 3077 5114 vestrum
3108 5063 3274 5114 vicem
3298 5061 3464 5115 doleo.

2015 5139 2058 5189 l.
2095 5139 2298 5188 Deattra
2336 5132 2612 5201 superbu.]
2648 5133 2782 5184 Pars
2815 5149 2918 5202 pro
2969 5136 3124 5185 toto:
3172 5133 3404 5186 fortuna
3435 5135 3624 5184 autem

1942 5207 2175 5262 Horatio
2234 5210 2288 5257 et
2349 5204 2474 5258 aliis
2533 5204 2741 5256 dicitur
2789 5201 3060 5274 Superba;
3097 5204 3253 5274 quod,
3301 5201 3627 5274 hominibus

1938 5277 2126 5344 altior,
2158 5279 2258 5331 hos
2295 5277 2363 5329 ad
2416 5281 2621 5329 nutum
2668 5272 2924 5329 videatur
2954 5272 3170 5344 regere.
3206 5273 3293 5328 Sic
3323 5274 3533 5327 Seneca
3568 5272 3627 5325 in

1939 5349 2106 5413 Med,
2134 5365 2184 5401 ν.
2216 5350 2316 5401 205
2349 5362 2360 5400 ;

2065 5444 2292 5507 Sceptris
2323 5444 2576 5506 superbas
2607 5444 2844 5505 quisquis
2870 5442 3104 5490 admovit
3132 5454 3338 5488 manus.

2012 5539 2061 5588 "'2.
2098 5537 2466 5589 Ermstuantis
2515 5534 2757 5603 Euripi";
2795 5533 3036 5603 Euripus
3088 5548 3190 5583 vox
3231 5532 3421 5584 Graeca
3451 5531 3629 5598 signi-

1945 5612 2117 5660 liczms
2148 5607 2378 5659 fretum.
2413 5602 2664 5674 Duplicis
2706 5611 2791 5656 est
2823 5602 3046 5674 generis
3075 5619 3086 5654 :
3123 5602 3266 5655 alius
3299 5607 3439 5669 arte,
3483 5605 3630 5656 alius

1943 5685 2147 5732 natura
2176 5678 2375 5731 factus.
2417 5681 2468 5730 l0
2503 5677 2752 5746 Euripus
2794 5675 3153 5740 artificiosus,
3188 5674 3379 5728 alveus
3410 5680 3493 5729 est
3516 5693 3631 5729 ma-
