3996 6170
373 263 476 320 663

515 404 616 456 98
649 399 875 456 Dudum
905 398 1234 453 tremendos
1267 414 1414 453 saeva
1441 399 1686 469 proterit
1718 415 1904 471 reges,

517 489 925 560 Humilemque
952 488 1082 541 victi
1110 488 1366 541 sublevat
1395 487 1563 542 fallax
1595 490 1847 558 vultum;

518 579 644 632 Non
673 577 770 630 illa
800 577 1040 630 miseros
1066 576 1259 645 audit;
1295 577 1449 630 haud
1481 583 1642 631 curat
1663 578 1849 644 ﬂetus,

518 668 789 736 Ultroque
821 666 1088 736 gemitus,
1115 665 1256 718 dura
1289 681 1433 735 quos
1457 666 1609 733 fecit,
1641 666 1804 720 ridet.

519 756 610 812 Sic
638 757 734 810 illa
764 757 929 821 ludit,
965 757 1043 810 sic
1073 773 1202 810 suas
1234 756 1438 826 probat
1463 757 1626 824 vires,

519 853 622 901 99
651 846 868 918 ,Suique
897 862 1175 918 magnum
1207 851 1487 900 monstrat
1529 850 1841 917 ostentum,
1867 847 1912 902 si
1947 847 2076 920 quis

521 935 747 990 Visetur
777 951 891 990 una
915 940 1125 990 stratus
1157 951 1220 989 ac
1247 935 1382 989 felix
1415 935 1576 990 hora.

377 582 407 632 5

1719 264 1831 319 AN.
1876 263 2088 322 MANL.
2127 264 2271 322 SEV.
2317 265 2570 321 BOETll.
3509 309 3513 314 -
3719 273 3803 329 68L

2111 403 2158 455 Α

2775 405 2923 454 100
2962 398 3189 456 PROSA
3227 401 3292 455 II.

2182 530 2577 601 Ancuueumu.
2612 556 2682 570 —-
2713 527 3067 596 Philosophia
3097 527 3386 582 introducit
3417 531 3690 597 fortunam,
3717 548 3812 601 qua

2254 615 2376 668 opes
2423 600 2826 666 dignitatesque
2872 603 2959 652 sui
2997 601 3147 666 juris
3196 615 3304 653 esse
3343 606 3573 665 causata,
3611 600 3812 670 exemplo

2256 673 2390 731 caeli,
2427 677 2584 724 terra:
2614 677 2663 724 et
2693 673 2864 724 maris
2913 671 3127 738 probat,
3160 686 3216 724 se
3241 675 3474 740 potuisse
3504 671 3622 735 haec,
3650 673 3816 742 absque

2254 745 2419 795 ullius
2449 744 2680 810 injuria,
2717 743 2791 795 ad
2820 743 3113 796 arbitrium
3137 748 3198 796 ut
3227 741 3416 807 Crmso,
3440 745 3734 811 ceterisque,
3759 751 3816 798 sic

2257 815 2440 868 Boetio
2472 819 2522 867 et
2549 814 2682 868 dare
2712 819 2761 867 et
2790 816 3036 880 auferre.

2258 938 2474 992 Vellem
2496 941 2686 992 autem
2716 953 2897 1009 pauca
2925 941 3114 992 tecum
3150 937 3166 971 ¹
3200 936 3444 991 fortuna;
3474 936 3639 1008 ipsius
3664 939 3814 992 verbis

1832 1035 2037 1090 INTER
2049 1037 2410 1092 PRETATIO.

378 1139 617 1194 mendae:
647 1141 812 1206 erigit
841 1138 1018 1206 'caput
1056 1138 1326 1205 abjectum
1370 1137 1620 1192 hominis
1671 1139 1901 1194 subacti.
1952 1143 2074 1196 Hac

377 1227 486 1265 non
535 1211 693 1264 audit
744 1213 1029 1278 afﬂictos:
1084 1226 1188 1262 non
1235 1212 1473 1276 flectitur
1517 1212 1790 1279 lacrymis,
1842 1218 1891 1265 et
1933 1214 2077 1266 ridet

378 1289 566 1352 sponte
617 1287 854 1350 questus,
912 1296 1140 1350 quorum
1182 1280 1308 1350 ipsa
1351 1281 1584 1336 crudelis
1625 1289 1702 1336 est
1748 1299 1932 1337 causa.
1985 1286 2075 1340 Sic

2182 1145 2409 1209 fortuna
2439 1143 2602 1209 ludit,
2635 1144 2710 1197 sic
2737 1142 2933 1212 probat
2976 1145 3119 1197 vires
3156 1157 3304 1208 suas,
3336 1145 3386 1195 et
3422 1145 3640 1196 ostentat
3665 1144 3817 1208 ingens

2186 1217 2511 1268 miraculum
2564 1229 2674 1268 sua:
2727 1214 2954 1268 virtutis
3011 1214 3229 1283 quando
3283 1213 3385 1266 hac
3439 1217 3649 1280 agente,
3707 1213 3818 1267 idem

2186 1287 2337 1341 homo
2367 1286 2584 1340 videtur
2613 1287 2784 1340 simul
2804 1289 2967 1340 miser
2995 1292 3044 1340 et
3079 1287 3263 1340 beatus
3293 1284 3474 1338 eadem
3505 1285 3642 1336 hora.

2010 1392 2216 1449 NOTAE
2228 1433 2243 1450 .

380 1488 591 1560 gnifico
623 1503 794 1557 opere
826 1503 1002 1557 aquas
1034 1485 1094 1560 in
1126 1487 1532 1560 moremrﬂuvii
1561 1488 1866 1554 deducens,
1893 1489 1992 1559 qui
2020 1490 2080 1544 in

378 1558 486 1614 hoc
517 1560 707 1613 diilert
738 1576 768 1612 a
800 1560 924 1612 Nilo
963 1558 1178 1627 pariter
1227 1559 1556 1624 artiﬁcioso,
1590 1561 1745 1629 quod
1792 1558 1949 1614 Nilus
1987 1561 2080 1614 hic

381 1631 455 1684 sit
485 1636 685 1699 major,
720 1631 962 1698 Euripus
993 1645 1126 1680 vero
1173 1629 1362 1682 minor
1393 1646 1405 1682 :
1445 1631 1513 1683 de
1549 1636 1791 1700 utroque
1822 1633 2080 1701 loquitur

381 1690 600 1755 Tullius
628 1690 682 1754 η’
713 1701 780 1752 de
816 1690 943 1770 Leg.
986 1703 1208 1765 Ductus,
1243 1701 1434 1770 inquit
1477 1690 1768 1770 aquarum,
1819 1690 1950 1772 qubs
1985 1707 2078 1757 isti
2116 1690 2156 1743 Β

381 1775 533 1829 Nilos
587 1778 636 1824 et
682 1773 915 1839 Euripos
949 1775 1162 1837 vocant,
1214 1777 1333 1837 quis
1374 1788 1496 1836 non,
1548 1789 1667 1826 cum
1727 1776 1834 1828 haec
1872 1775 2072 1842 videat,

382 1845 662 1898 irriserit?
711 1844 770 1896 2°
816 1843 1058 1911 Euripus
1097 1843 1374 1896 naturalis
1417 1848 1499 1896 est
1545 1860 1675 1912 pars
1724 1845 1898 1899 maris
1929 1845 2078 1898 inter

381 1915 648 1987 Aulidem
683 1913 909 1987 Boeotiae
933 1918 1186 1987 portum,
1215 1914 1576 1987 et_Eub(eam
1611 1915 1880 1982 insulam,
1916 1918 2079 1987 cujus

381 1985 649 2040 meminit
682 1985 883 2039 Strabo
933 1984 970 2038 l.
1010 2001 1085 2051 1x,
1131 1990 1185 2038 et
1215 1985 1359 2038 Plin.
1410 1984 1448 2047 l,
1499 2003 1556 2040 ιι.
1607 1988 1721 2040 Hoc
1769 2004 1925 2041 mare
1966 1984 2077 2041 non

384 2057 563 2128 instar
601 2056 808 2110 Oceani
857 2060 1079 2124 aestuat,
1113 2057 1209 2109 sed
1257 2056 1465 2125 septies
1511 2059 1855 2128 saepiusque,
1908 2060 2079 2112 unius

387 2127 505 2182 diei
555 2131 612 2180 et
641 2128 822 2180 noctis
853 2130 1060 2197 spatio,
1083 2131 1242 2179 tanto
1271 2128 1491 2197 impetu
1519 2127 1777 2194 recurrit,
1803 2133 1901 2182 vut
1918 2137 2080 2183 entos

385 2198 557 2252 etiam
590 2214 652 2250 ac
685 2197 868 2270 plenis
900 2199 1036 2251 velis
1062 2198 1300 2270 navigia
1333 2200 1638 2253 frustretur
1670 2217 1681 2253 :
1719 2202 1874 2270 quod
1916 2201 2082 2254 nimi-

385 2267 710 2342 rum_aquie
741 2269 852 2323 huc
905 2267 1229 2339 prmcipites’
1267 2270 1548 2342 objicibus
1585 2267 1785 2324 insulis
1827 2272 2082 2342 undique

385 2340 759 2414 remittantur
782 2356 795 2394 :
819 2347 1120 2414 propterea
1145 2357 1297 2394 nunc
1319 2341 1526 2414 dicitur
1548 2349 1874 2398 earazstuans.
1900 2340 2083 2414 Atque

388 2412 525 2465 inde
571 2412 782 2464 factum
827 2418 910 2463 est
960 2417 1020 2464 ut
1064 2411 1316 2475 fortuna,
1362 2413 1630 2480 cogitatio
1681 2414 1954 2480 humana,
1989 2411 2086 2468 aut

391 2483 666 2552 qumlibet
695 2481 807 2534 alia
851 2497 939 2534 res
972 2483 1277 2535 mutationi
1306 2484 1467 2536 valde
1499 2483 1764 2550 obnoxia,
1799 2485 2086 2539 diceretur

390 2553 570 2607 instar
605 2553 798 2620 Euripi
824 2553 1173 2605 inconstans.

465 2623 834 2692 Philosophia
884 2625 1112 2676 demum
1175 2639 1320 2689 eam,
1375 2640 1548 2694 quam
1595 2625 1782 2678 soluta
1827 2641 1891 2679 or
1911 2627 2085 2680 itione

391 2695 721 2764 incoeperat,
772 2694 1015 2747 fortuna:
1067 2694 1440 2748 inconstantis
1478 2697 1875 2764 probationem
1915 2698 2089 2750 versi-

390 2766 498 2848 bus
519 2767 882 2888 coiiltinuans,
905 2765 1159 2834 ejusdem
1184 2765 1621 2820 inconstantiam
1645 2769 1891 2822 ostendit
1911 2769 2086 2822 etiam

392 2853 452 2888 ιη
486 2853 606 2888 rem
629 2853 737 2888 )us.

392 2853 452 2890 1n
486 2853 737 2900 regions.

2190 1507 2320 1544 cum
2355 1490 2533 1556 igitur
2576 1490 2808 1546 fortuna
2852 1492 3005 1544 ultro
3055 1489 3238 1544 rideat
3289 1489 3541 1556 miseros,
3574 1503 3702 1560 quos
3727 1487 3823 1558 ipsa

2188 1563 2319 1616 fecit
2351 1562 2570 1632 inique,
2604 1564 2807 1615 merito
2840 1578 2992 1615 nunc
3021 1567 3254 1615 vocatur
3283 1561 3443 1614 dura.

2260 1639 2310 1687 7.
2340 1636 2434 1687 Sic
2455 1630 2578 1687 illa
2627 1633 2814 1703 ludit]
2857 1633 3074 1687 Ludere
3117 1633 3214 1686 ille
3253 1632 3478 1695 dicitur,
3522 1630 3613 1703 qui
3649 1633 3823 1703 temere

2187 1705 2298 1758 huc
2332 1706 2582 1774 illucque
2615 1701 2918 1758 discurrit:
2948 1705 3184 1757 verbum
3217 1705 3371 1756 enim
3398 1720 3429 1755 a
3463 1702 3640 1769 Lydis,
3671 1701 3823 1774 quiex

2185 1776 2336 1842 Asia,
2367 1771 2662 1846 Tyrrheno
2696 1776 2859 1841 duce,
2908 1775 2966 1828 in
3018 1775 3343 1828 Hetruriam
3392 1787 3714 1846 concessere,
3742 1771 3824 1846 ibi-

2186 1863 2297 1918 que
2331 1842 2816 1900 extraordinarios
2856 1847 2981 1918 illos
3030 1853 3240 1911 motus,
3277 1862 3421 1915 quos
3469 1851 3654 1918 postea
3700 1842 3825 1894 ludos

2189 1915 2306 1971 sive
2339 1919 2638 1984 circenses,
2673 1919 2795 1987 ejus
2841 1917 3146 1970 theatrales
3188 1922 3563 1987 vocaverunt,
3587 1915 3822 1987 invexere.

2189 1990 2330 2043 Hinc
2362 1990 2607 2043 ludiones
2641 1985 2756 2042 sive
2787 1991 2945 2052 ludii,
2972 1989 3246 2041 nimirum
3282 1988 3444 2058 pueri
3476 1986 3713 2056 puberes,
3738 1985 3824 2036 ele-

2187 2061 2454 2129 gantibus
2483 2061 2693 2114 tunicis
2724 2059 2923 2125 induti,
2960 2061 3122 2129 galea
3154 2060 3411 2129 insuper,
3433 2073 3580 2123 ense,
3604 2062 3828 2129 etparma

2192 2127 2416 2196 armati,
2452 2133 2549 2200 qui
2596 2131 2943 2184 circensibus
2969 2127 3038 2183 'et
3079 2127 3452 2184 theatralibus
3484 2127 3690 2200 pompis
3713 2130 3828 2200 ince-

2188 2203 2323 2257 dere
2354 2197 2633 2267 solebant,
2682 2201 2858 2255 veluti
2897 2218 3126 2271 pompae
3172 2202 3364 2269 duces,
3417 2197 3577 2254 Saliis
3613 2197 3824 2251 similes:

2190 2290 2436 2345 quorum
2469 2273 2735 2326 meminit
2763 2273 2924 2326 Ovid.
2961 2290 2976 2326 ι
3009 2273 3078 2326 de
3113 2275 3214 2326 Art
3246 2289 3258 2326 :

2253 2364 2494 2424 Dumque
2525 2361 2711 2409 rudem
2742 2361 3010 2423 priebente
3037 2360 3252 2408 modum
3282 2359 3496 2424 tibicine
3523 2357 3708 2406 Thusco

2316 2423 2514 2474 Ludius
2545 2428 2806 2486 aequatam
2845 2429 2921 2471 ter
2949 2424 3081 2485 pede
3111 2424 3285 2486 pulsat
3315 2423 3551 2470 humum.
3618 2451 3624 2458 -

2192 2508 2501 2576 Propterea
2545 2505 2806 2558 Horatius
2851 2503 3066 2558 bellum
3112 2508 3273 2557 vocat
3323 2502 3521 2556 ludum
3570 2498 3736 2555 Martis
3762 2496 3790 2550 l.

2193 2579 2406 2643 Carm.,
2442 2577 2532 2630 od.
2566 2579 2600 2628 2
2630 2592 2642 2629 :

2443 2664 2553 2712 Heu
2586 2663 2743 2711 nimis
2769 2662 2931 2725 longo
2967 2662 3152 2725 satiate
3183 2661 3332 2716 ludo,

2444 2727 2610 2782 Quem
2635 2727 2790 2788 juvat
2820 2722 3039 2788 clamor,
3065 2724 3338 2787 galeasque
3369 2722 3540 2779 leaves,

2443 2790 2576 2837 Acer
2604 2787 2660 2850 et
2687 2787 3074 2850 Mauripeditis
3100 2791 3384 2835 cruentum

2570 2849 2759 2898 Vultus
2785 2850 2838 2898 in
2863 2849 3088 2898 hostem.

463 2910 514 2961 3.
545 2909 780 2994 Proterit
825 2908 1020 2994 reges]
1063 2908 1314 2988 Fortuna
1364 2907 1672 2994 aliquando
1712 2908 1875 2994 ipsos
1909 2911 2089 2994 etiam

2214 2930 2583 2994 Quamobrem
2625 2946 2757 2984 cum
2792 2931 3024 2984 fortuna
3068 2945 3185 2982 non
3215 2929 3401 2982 solum
3452 2926 3644 2992 rideat,
3672 2924 3833 2993 utjam

393 2985 659 3067 [98973,]???
685 2982 1064 3067 ίΠξΡθῖίξῖοῑζίῗε
1096 2982 1341 3067 {Ellam
1385 2984 1438 3067 ei
1481 2986 1761 3067 Ροῖξξὲῖεξῖθ
1793 2982 1967 3034 θκυίί·
2001 2982 2090 3067 ξίο
2129 2982 2169 3036 C
2199 2982 2581 3067 dictu'mﬁest,
2606 2982 3161 3055 sedetiam’temere
3207 3015 3364 3053 nunc
3394 3000 3522 3064 huc,
3563 2982 3698 3050 nu'nc
3735 2982 3835 3067 illuc

392 3050 805 3117 Lacedmmonii,
847 3056 910 3103 ut
959 3051 1036 3103 ait
1077 3050 1346 3113 Ailianus,
1398 3066 1520 3103 cum
1577 3052 1944 3106 Thebanorum
1988 3053 2085 3107 do-

394 3123 530 3175 mini
570 3126 762 3186 essent,
813 3122 944 3174 adeo
970 3136 1160 3174 rursus
1199 3122 1267 3174 ab
1316 3123 1426 3175 illis
1478 3124 1704 3186 fuerunt
1746 3125 1982 3186 subacti,
2031 3129 2092 3177 ut

399 3193 641 3246 Thebani
689 3208 794 3245 non
835 3194 1008 3246 solum
1056 3192 1478 3260 Peloponnesum
1514 3196 1876 3260 pervenirent,
1908 3210 2092 3248 verum

397 3265 561 3317 etiam
590 3263 860 3316 Eurotam
901 3266 1218 3327 transirent,
1257 3268 1305 3316 et
1335 3263 1857 3318 Lacedzemoniorum
1891 3271 2092 3319 terram

398 3334 764 3388 devastarent.
786 3334 894 3398 Sic,
929 3334 1212 3386 referente
1243 3335 1545 3386 Ammiano
1575 3335 1918 3403 Marcellino,
1953 3336 2091 3390 Dio-

399 3405 595 3472 nysius
626 3403 884 3472 gentium
922 3405 1216 3473 quondam
1266 3410 1470 3471 terror,
1505 3405 1769 3460 Corinthi
1814 3407 2093 3461 litterario

397 3475 534 3530 ludo
571 3475 869 3543 praefectus
899 3474 1025 3527 fuit.

470 3547 520 3598 4.
559 3547 702 3602 Victi
722 3546 964 3599 sublevat
985 3544 1238 3613 vultum]
1266 3544 1473 3598 Eadem
1503 3545 1732 3600 fortuna
1749 3547 1925 3601 victos
1947 3564 2094 3602 non-

399 3632 700 3687 nunquam
741 3617 928 3686 erigit.
979 3616 1067 3669 Sic
1108 3619 1374 3682 Amyntas
1415 3618 1652 3683 Macedo,
1706 3634 1772 3671 ex
1820 3620 2093 3687 praedicto

401 3688 642 3749 Eliano,
685 3703 804 3742 cum
847 3688 915 3740 ab
971 3687 1164 3740 accolis
1220 3690 1577 3756 ﬁnitimisque
1624 3690 1876 3743 barbaris
1918 3693 2095 3744 victus

401 3775 628 3827 regnum
664 3759 1013 3827 perdidisset,
1045 3760 1318 3812 statuebat
1351 3760 1501 3827 apud
1528 3763 1770 3815 animum
1806 3777 1965 3815 suum
2008 3778 2095 3816 re-

401 3833 610 3898 gionem
639 3833 802 3884 etiam
825 3833 883 3884 in
911 3833 1222 3883 universum
1241 3831 1562 3895 relinquere,
1597 3837 1807 3886 tantum
1835 3839 1894 3886 ut
1927 3835 2096 3887 vitam

401 3903 611 3955 salvam
640 3905 690 3955 et
715 3903 1029 3955 incolumem
1059 3916 1274 3954 servare
1304 3907 1497 3968 posset.
1525 3905 1660 3956 Dum
1688 3906 1744 3956 in
1775 3905 1859 3958 his
1893 3907 2096 3959 anxius

402 3977 601 4039 age-ret,
663 3973 888 4040 quidam
940 3973 1012 4025 ad
1063 3988 1180 4026 eum
1240 3973 1442 4026 dictum
1501 3975 1797 4041 Hcllopidw
1839 3977 2092 4044 protulit.

403 4045 594 4112 Itaque
621 4049 874 4110 occupato
907 4045 998 4096 illo
1030 4044 1138 4096 loco
1180 4045 1515 4109 collectisque
1548 4047 1836 4111 militibus,
1869 4063 2097 4114 recupe-

402 4118 553 4168 ravit
583 4117 890 4182 imperium.
925 4114 1013 4167 Sic
1045 4131 1109 4166 ex
1133 4115 1333 4167 eodem
1357 4120 1605 4182 auctore,
1636 4119 1774 4170 Dion
1796 4119 2100 4184 Hipparini

401 4187 550 4254 ﬁlius
585 4189 641 4238 in
670 4187 923 4238 earsilium
955 4188 1152 4238 missus
1184 4203 1217 4238 a
1249 4189 1504 4253 Dionysio
1539 4203 1658 4239 cum
1695 4188 1775 4240 bis
1806 4189 1957 4241 mille
1993 4190 2098 4241 mi-

407 4258 596 4310 litibus
647 4273 764 4310 cum
809 4271 1000 4310 rursus
1044 4260 1396 4323 empugnavit.
1439 4260 1522 4311 Ita
1563 4260 1754 4326 effecit,
1796 4264 1856 4312 ut
1896 4261 1952 4311 in
1994 4275 2098 4328 quo

405 4332 554 4382 statu
590 4330 704 4394 ipse
738 4329 936 4411 [uisset
978 4333 1156 4411 antea,
1194 4332 1250 4380 in
1301 4345 1420 4411 eum
1455 4331 1573 4411 jam
1613 4345 1724 4382 sum
1767 4331 2099 4411 calamitatis
2137 4358 2180 4411 Β

406 4406 676 4452 auctorem
716 4400 1043 4452 detruderet.
1077 4402 1262 4468 Atque
1308 4398 1426 4452 huic
1482 4401 1724 4453 fortunae
1773 4402 2096 4455 vicissitudo

406 4475 632 4524 tantum
667 4471 878 4522 malum
916 4470 1161 4535 videtur,
1193 4470 1336 4522 hanc
1372 4476 1429 4522 ut
1475 4470 1624 4523 inter
1665 4476 1896 4524 cmteras
1943 4473 2098 4526 cala-

406 4542 633 4666 migzates
652 4541 997 4611 imprecetur
1029 4541 1270 4610 Megara
1291 4541 1440 4610 apud
1461 4541 1731 4595 Senecam
1755 4542 1813 4596 in
1836 4545 2096 4614 Thyeste,

407 4627 458 4665 v.
593 4629 606 4664 :

407 4627 606 4665 ν.δδ;

657 4699 828 4748 Dubia
855 4700 1090 4748 violenta
1116 4699 1304 4748 domus

534 4761 766 4824 Fortuna
794 4776 941 4824 reges
977 4763 1208 4810 incertos
1239 4761 1397 4810 labet.

531 4823 689 4886 Miser
716 4837 781 4871 ex
811 4823 1022 4886 potente
1055 4825 1159 4884 ﬁat,
1192 4838 1255 4872 ex
1291 4825 1482 4872 misero
1507 4828 1714 4886 potens,

533 4885 823 4948 Fluctuque
852 4901 1074 4949 regnum
1103 4901 1256 4935 casus
1285 4886 1498 4934 assiduo
1516 4885 1676 4935 ferat.

558 4968 674 5022 Non
708 4968 807 5020 illa
839 4971 1059 5022 miseros
1087 4967 1289 5040 audit]
1345 4968 1652 5040 Fortunam
1696 4966 1908 5040 quippe
1942 4967 2102 5040 insa-

411 5053 564 5110 nam,
586 5054 705 5091 esse
737 5044 793 5091 et
825 5055 1031 5093 cazcam
1067 5045 1122 5093 et
1152 5037 1381 5093 brutam
1415 5039 1719 5109 perhibent
1748 5037 2097 5110 philosOphi,

410 5125 476 5164 ex
509 5109 796 5164 Cicerone.

472 5184 521 5234 6.
562 5183 710 5236 Ultro
734 5183 985 5249 gemitus,
1025 5180 1163 5234 dura
1201 5196 1332 5250 quos
1357 5182 1507 5247 fecit,
1541 5179 1728 5249 ridet]
1764 5180 1988 5234 Dudum
2020 5183 2104 5233 est

410 5250 463 5300 te
491 5253 676 5306 ridere
708 5268 839 5306 eum
872 5252 1188 5321 prmsertim
1220 5252 1319 5321 qui
1351 5268 1415 5304 ex
1457 5253 1622 5306 beato
1667 5252 1847 5304 factus
1875 5257 1959 5305 est
1999 5250 2102 5303 mi-

411 5336 502 5393 ser
537 5341 549 5377 :
583 5331 739 5377 tuam
783 5325 937 5376 cnim
983 5322 1433 5376 misericordiam
1480 5325 1672 5393 potius
1716 5338 1887 5390 quam
1923 5323 2100 5375 risum

411 5389 504 5463 ille
535 5395 768 5449 deberet
804 5410 1116 5463 provocare
1151 5409 1162 5446 :
1212 5393 1410 5446 durius
1453 5389 1606 5461 eum,
1648 5389 1807 5461 cujus
1857 5393 2100 5446 miseriae

411 5461 657 5533 injustus
686 5461 882 5519 auctor
914 5465 1089 5518 fueris
1123 5479 1135 5516 :
1168 5464 1311 5516 tanti
1351 5464 1503 5518 enim
1536 5464 1789 5518 criminis
1827 5470 1879 5518 te
1913 5466 2100 5534 potius

413 5541 700 5605 oporteret
729 5537 1043 5605 poenitere:
1079 5535 1174 5588 sed
1207 5535 1577 5588 durissimum
1618 5537 1669 5588 id
1709 5542 1908 5603 sponte
1942 5551 2098 5588 exse-

455 5604 509 5658 ui
541 5621 553 5659 :
590 5604 895 5661 necessitas
926 5606 1078 5660 enim
1129 5622 1243 5676 qua
1291 5607 1596 5675 aliquando
1630 5607 1799 5660 etiam
1834 5607 1994 5660 inviti
2027 5606 2099 5659 ri-

453 5692 634 5742 emus,
671 5683 864 5750 posset
895 5677 1177 5750 ejusmodi
1222 5678 1366 5731 risus
1405 5678 1760 5732 atrocitatem
1796 5679 2094 5733 minuere:

2201 3073 2502 3139 discurrat,
2549 3064 2732 3125 instar
2780 3073 2990 3137 Martis,
3044 3088 3320 3140 prospera
3364 3071 3546 3133 modo,
3588 3068 3735 3120 inludo
3761 3064 3832 3116 ad-

2202 3161 2362 3197 versa
2391 3144 2606 3213 optime
2648 3144 2986 3213 perhibetur
3029 3143 3243 3196 ludere.
3299 3143 3394 3197 Sic
3438 3143 3664 3213 fortuna!
3695 3150 3836 3213 acces-

2201 3231 2330 3340 fum
2353 3208 2757 3339 redc'essumque
2784 3215 2937 3268 idem
2956 3214 3224 3270 Horatius
3246 3213 3467 3267 vocavit
3486 3211 3668 3267 ludum
3688 3208 3832 3262 Carm.

2227 3328 2238 3340 .
2272 3303 2333 3340 Il.
2365 3303 2396 3340 ο
2448 3329 2458 3338 .
2500 3289 2516 3338 1
2557 3302 2569 3338 :

2227 3328 2238 3340 .
2272 3303 2333 3352 Il,
2365 3289 2458 3340 od.
2500 3289 2516 3338 l
2557 3302 2569 3338 :

2386 3374 2585 3422 Motum
2612 3387 2676 3421 ex
2702 3372 2910 3422 Metello
2933 3372 3149 3421 consule
3181 3371 3408 3420 civicum

2389 3435 2625 3498 Bellique
2652 3449 2856 3493 causas,
2883 3440 2935 3484 et
2957 3435 3102 3489 vitia,
3133 3438 3185 3482 et.
3212 3434 3404 3483 modos

2389 3497 2700 3570 Duriumque
2721 3497 2948 3570 fortuna;
2974 3510 3269 3570 gravesque

2389 3559 2719 3624 Principium
2750 3561 3008 3609 amicitias
3029 3564 3081 3608 et
3107 3559 3263 3607 alma.

2205 3641 2361 3696 S.cut
2389 3641 2587 3711 Virgil.
2619 3643 2742 3696 tEn.
2778 3656 2854 3707 XI,
2886 3658 2938 3694 γ.
2963 3641 3089 3705 426,
3126 3638 3330 3693 cecinit
3362 3655 3375 3694 :

2606 3728 2808 3777 Multos
2837 3728 3039 3777 alterna
3065 3728 3303 3776 revisens

2327 3792 2490 3848 Lusit,
2517 3795 2569 3840 et
2594 3791 2648 3839 in
2679 3791 2849 3840 solido
2875 3805 3060 3840 rursus
3085 3791 3300 3840 fortuna
3329 3789 3541 3839 locavit.

2279 3881 2365 3936 Sic
2394 3895 2522 3934 suas
2548 3879 2747 3950 probat
2797 3879 2981 3950 vires.]
3033 3878 3420 3950 Continuatur
3453 3872 3701 3950 prmdicta
3727 3867 3843 3948 simi-

2205 3951 2386 4005 litudo
2420 3968 2432 4005 :
2463 3948 2562 4022 qui
2595 3951 2751 4004 cnim
2780 3948 3007 4017 ludunt,
3042 3949 3103 4004 hi
3135 3965 3263 4003 suas
3295 3948 3564 4002 certando
3595 3953 3840 4013 experiun-

2204 4028 2301 4077 tur
2333 4023 2499 4076 vires.

2277 4096 2329 4148 8.
2363 4090 2684 4164 Ostentum]
2736 4093 2890 4162 Opus
2943 4096 3168 4164 tantum
3216 4095 3282 4145 ut
3327 4091 3566 4160 dignum
3613 4083 3841 4138 videatur,

2207 4165 2360 4236 quod
2393 4165 2566 4218 veluti
2590 4163 2953 4216 admirabile
2983 4163 3162 4232 digito
3194 4164 3550 4236 ostendatur.
3739 4223 3750 4236 ‘
3787 4218 3820 4236 ﬂ:

2278 4239 2329 4290 9.
2372 4239 2487 4290 Una
2517 4240 2723 4289 stratus
2752 4251 2816 4288 ac
2860 4237 3001 4300 retia:
3031 4223 3211 4304 liora]
3252 4233 3554 4286 Maximum
3595 4241 3713 4304 sane
3739 4223 3845 4274 leViS

2213 4305 2698 4376 inconstantisque
2744 4307 2988 4358 fortunae
3033 4302 3461 4376 argumentum.
3503 4302 3695 4376 Putant
3732 4306 3846 4376 unn-

2214 4379 2354 4432 nulli
2379 4381 2566 4431 horam
2599 4369 2689 4429 hic
2709 4377 3030 4447 significare
3052 4369 3192 4429 diem
3215 4392 3227 4440 ;
3253 4375 3348 4427 sed
3375 4391 3487 4444 quo
3513 4369 3720 4447 brevius
3740 4372 3847 4415 tum-

2206 4451 2359 4518 poris
2381 4449 2624 4518 spatium
2651 4440 2790 4502 hard
2813 4448 3056 4512 notabit,
3087 4463 3152 4500 eo
3177 4447 3359 4517 magis
3383 4440 3625 4498 mentem
3653 4440 3845 4507 loquen-

2214 4522 2286 4574 tis
2320 4519 2702 4590 Philosophia:
2736 4518 3142 4572 manifestabit.

2288 4611 2306 4645 ί
2331 4610 2582 4663 Fortuna
2611 4606 2830 4680 verbis]
2872 4609 2911 4661 Ι.
2966 4606 3680 4680 Philosophialoquentem
3696 4595 3847 4680 ξιξΐψς

2210 4696 2344 4734 nam
2376 4680 2684 4733 introducit
2719 4695 2731 4733 :
2766 4667 2898 4732 nam
2930 4682 2983 4730 in
3005 4667 3248 4732 omnibus
3277 4667 3456 4740 rebus,
3491 4671 3668 4742 inquit
3693 4667 3848 4742 Dicter

2211 4768 2227 4804 ι
2259 4752 2327 4805 de
2361 4753 2500 4816 lnv.,
2524 4751 2829 4804 similitudo
2860 4755 2938 4803 est
2968 4751 3241 4803 satietatis
3269 4734 3478 4801 mater':
3514 4734 3672 4815 quam
3697 4734 3846 4816 Philo-

2211 4823 2411 4892 sophia
2441 4811 2713 4875 varietate
2754 4836 3056 4875 occurrens
3093 4819 3374 4892 satietati,
3409 4811 3849 4892 dein'ceps‘llliil'jl'

2211 4881 2308 4946 illo
2338 4893 2611 4964 loquendi
2660 4893 2826 4945 modo
2858 4907 3029 4962 quem
3062 4891 3318 4964 rhetores
3345 4892 3550 4941 vocant
3585 4881 3848 4964 οὸηΐοηζίᾜ

2213 4947 2434 5027 tionem:
2475 4981 2602 5035 quze
2652 4970 2786 5016 tunc
2833 4947 2938 5027 est,
2981 4978 3109 5035 cum
3148 4962 3368 5035 _al_iqu_a,
3405 4974 3531 5029 qua?
3577 4969 3681 5008 non
3727 4947 3850 5035 ᾅᾷξῖῗί

2212 5051 2474 5105 persona,
2491 5029 2862 5104 ‘coniingitur
2900 5033 3061 5102 quasi
3095 5029 3266 5105 adsit;
3294 5032 3360 5105 Et
3391 5041 3538 5105 certe
3560 5038 3700 5105 _c_um
3735 5029 3848 5105 191?:

2211 5097 2360 5159 stum
2421 5097 3053 5177 videatur,vquempiam
3097 5102 3356 5177 damnari
3406 5097 3846 5177 inauditu‘m,_9_0_l]

2213 5178 2500 5230 immerito
2525 5167 2759 5230 fortuna
2774 5167 2925 5228 nunc
2948 5173 3349 5237 introlucitur,
3373 5186 3532 5224 suam
3558 5169 3612 5220 in
3637 5167 3847 5237 Βορίξυηι

2211 5248 2278 5302 de
2309 5249 2429 5318 ipsa
2459 5249 2685 5300 fortuna
2733 5247 2984 5318 graviter
3025 5229 3398 5318 conquestum
3443 5229 3846 5318 causamldf‘lfej:

2212 5306 2348 5371 sura
2376 5335 2386 5372 :
2417 5325 2472 5371 at
2500 5306 2867 5388 Philosophia
2897 5317 3038 5382 vult,
3071 5332 3127 5367 se
3154 5306 3420 5388 praeside,
3455 5311 3618 5363 verba
3648 5306 3847 5388 for-tut???

2211 5407 2244 5443 ει
2278 5390 2465 5443 Boetio
2497 5375 2766 5441 attentius
2798 5375 3175 5452 considerari;
3216 5403 3282 5439 ne
3315 5375 3415 5437 hic
3439 5389 3536 5435 aut
3580 5375 3850 5452 praecipiti!-

2212 5462 2367 5514 tione
2411 5467 2505 5514 aut
2552 5460 2886 5528 pra‘judicio
2943 5464 3100 5512 actus
3146 5439 3485 5528 sententiam
3539 5439 3848 5528 iniquam

2212 5534 2334 5602 ipsa
2371 5523 2598 5586 fortuna
2640 5523 2802 5584 ferat.
2857 5532 3047 5583 Potest
3085 5535 3274 5602 autem
3316 5528 3403 5602 hic
3436 5525 3668 5602 fortunze
3697 5523 3845 5602 εθζξιξυ

2212 5594 2290 5657 sic
2331 5603 2608 5659 contrahi.
2645 5604 2698 5655 Si
2733 5603 2998 5672 iniquum
3043 5607 3155 5674 est,
3194 5600 3397 5674 inquit,
3441 5603 3495 5674 te
3533 5594 3598 5674 de
3630 5595 3844 5674 .eoicqtl;

2212 5674 2648 5746 querinumine,
2676 5689 2709 5727 a
2740 5647 2853 5744 qud
2885 5688 3002 5726 non
3031 5647 3196 5726 modo
3231 5647 3443 5724 nullam
3474 5661 3745 5735 injuriam,
3769 5647 3844 5705 sed
