3996 6170
222 297 302 349 665
1232 300 1327 355 DE
1365 299 1890 359 CONSOLATIONE
1921 302 2405 361 PHILOSOPHUS
2441 307 2565 361 LIB.
2610 306 2679 359 Il.

3610 313 3715 366 666

226 436 448 505 agitare.
482 438 563 491 Tu
590 437 769 507 igitur
797 452 869 491 an
886 446 910 472 ι
920 438 1014 508 jus
1032 438 1297 508 postulet,
1332 439 1736 495 animadverte.
1755 440 1902 506 Quid
1940 444 1986 496 A
2016 446 2333 513 caateraque
2366 443 2501 498 talia
2534 442 2647 498 mei
2673 447 2808 498 sunt
2825 444 2994 515 juris.
3026 446 3329 501 Dominam
3359 446 3591 503 famula:
3617 463 3711 503 co-

226 527 337 590 tu,‘
374 542 409 579 o
436 527 610 581 homo
642 530 687 593 b,
730 543 887 581 ream
929 544 1021 581 me
1049 528 1070 561 ²
1107 527 1408 583 cotidianis
1448 530 1569 600 agis
1607 530 1907 601 querelis?

224 614 396 679 Quam
422 615 526 669 tibi
555 616 795 670 fecimus
826 616 1140 685 injuriam?
1156 618 1293 682 Quae
1315 623 1412 672 tua
1432 618 1537 674 tibi
1557 620 1909 673 detraximus

222 704 403 758 bona?
447 712 582 759 l0!
622 706 643 740 ³
670 705 879 769 Quovis
904 706 1095 775 judice
1126 707 1193 760 de
1217 723 1415 777 opum,
1447 708 1921 780 dignitatumque.

222 809 441 848 mecum
473 800 495 830 ⁴
545 794 902 865 possessione
943 797 1240 849 contende.
1289 798 1372 863 Et,
1406 794 1428 831 ⁸
1476 798 1521 849 si
1570 798 1909 869 cujusquam

222 883 549 937 mortalium
582 884 878 954 proprium
907 885 1042 955 quid
1089 886 1298 940 horum
1330 902 1449 940 esse
1480 888 1907 955 monstraveris,

219 987 319 1042 ego
344 971 473 1042 jam
518 977 615 1026 tua
646 973 838 1040 fuisse,
886 990 1013 1045 quae
1044 975 1278 1045 repetis,
1326 981 1528 1046 sponte
1577 978 1905 1031 concedam.

218 1060 354 1115 Cum
398 1066 456 1114 te
499 1062 698 1115 matris
742 1079 808 1116 ex
853 1068 1012 1117 utero
1063 1069 1268 1117 natura
1311 1066 1604 1135 produxit,
1635 1069 1656 1102 ⁸
1688 1066 1907 1120 nudum

216 1150 381 1203 rebus
412 1151 703 1217 omnibus,
738 1151 1083 1222 inopemque
1129 1152 1203 1221 (5)
1232 1154 1473 1224 suscepi,
1520 1156 1663 1208 meis
1705 1156 1910 1226 opibus

211 1238 341 1306 fovi,
371 1243 451 1303 et,
488 1239 641 1309 quod
671 1244 737 1292 te-
759 1256 909 1293 nunc
940 1240 1336 1310 impatientem
1376 1244 1555 1296 nostri
1587 1245 1737 1309 facit,
1763 1258 1787 1287 ο
1820 1244 1910 1298 fa-

210 1344 340 1381 vore
382 1344 566 1397 prona
606 1328 1001 1397 indulgentius
1050 1331 1304 1392 educavi,
1359 1338 1412 1387 et
1454 1333 1735 1399 omnium,
1780 1350 1908 1404 quae

212 1414 321 1467 mei
348 1420 484 1468 sunt
515 1415 682 1483 juris,
714 1415 741 1456 ά
774 1416 1068 1470 affluentia
1097 1422 1151 1471 et
1189 1418 1494 1487 splendore
1534 1420 1906 1477 circumdedi.

211 1503 369 1556 Nunc
395 1504 544 1557 mihi
574 1505 866 1559 retrahere
904 1521 1141 1560 manum
1163 1511 1187 1539 °
1218 1508 1374 1574 libet,
1409 1506 1429 1541 ⁷
1460 1508 1606 1562 habe
1640 1511 1906 1579 gratiam,

208 1590 231 1624 ⁸
260 1592 417 1647 velut
441 1610 577 1646 usus
606 1594 804 1647 alienis
834 1611 982 1648 :non
1015 1595 1189 1650 habes
1210 1597 1304 1666 jus
1333 1598 1604 1667 querelae,
1632 1606 1907 1669 tanquam

212 1694 445 1749 prorsus
472 1685 571 1734 tua
602 1682 934 1751 perdideris.
974 1684 1112 1748 Quid
1146 1684 1324 1754 igitur
1353 1686 1718 1757 ingemiscis?
1748 1690 1904 1740 nulla

2018 537 2336 601 gnoscunt;
2375 549 2599 586 mecum
2648 533 2906 599 veniunt,
2959 550 3050 588 me
3099 536 3341 589 abeunte
3387 536 3706 592 discedunt.

2016 622 2301 675 Audacter
2343 622 2649 689 affirmem,
2683 624 2729 676 si
2770 628 2868 677 tua
2909 624 3115 689 forent,
3159 641 3284 695 quae
3320 626 3527 680 amissa
3575 644 3709 681 con-

2018 710 2293 780 quereris,
2336 712 2494 765 nullo
2545 712 2712 765 modo
2762 713 3126 782 perdidisses.
3187 718 3330 768 l0:
3381 712 3425 747 ¹⁰
3463 717 3549 768 An
3604 732 3709 787 ego

2018 799 2139 853 sola
2183 815 2375 854 meum
2403 803 2495 869 jus
2534 817 2793 855 exercere
2835 801 3231 872 prohibebor?
3261 802 3303 839 ¹¹
3351 804 3503 858 Licet
3546 804 3709 871 cmlo,

2018 889 2272 959 proferre
2298 890 2518 944 lucidos
2545 890 2684 957 dies,
2721 892 3068 963 eosdemque
3096 892 3418 945 tenebrosis
3448 894 3708 947 noctibus

2018 979 2282 1033 condere.
2319 980 2363 1015 ¹²
2400 980 2555 1034 Licet
2600 996 2773 1047 anno,
2826 986 2990 1034 terra;
3024 981 3244 1035 vultum
3278 998 3430 1035 nunc
3471 983 3711 1036 floribus

2017 1068 2393 1138 frugibusque
2427 1068 2717 1135 redimire,
2737 1086 2888 1123 nunc
2908 1069 3118 1123 nimbis
3139 1070 3564 1140 frigoribusque
3577 1086 3710 1124 con-

2017 1154 2279 1210 fundere.
2310 1155 2354 1192 ¹³
2382 1158 2479 1211 Jus
2511 1162 2593 1210 est
2625 1157 2790 1219 mari,
2829 1173 2979 1209 nunc
3007 1156 3026 1191 τ
3056 1160 3232 1210 strato
3264 1174 3497 1228 aequore
3546 1159 3707 1212 blan-

2016 1244 2148 1311 diri,
2184 1244 2257 1313 (5)
2291 1261 2439 1297 nunc
2469 1244 2735 1313 procellis
2767 1260 2829 1295 ac
2862 1243 3130 1298 ﬂuctibus
3163 1245 3572 1298 inhorrescere.
3600 1247 3710 1299 Nos

2019 1334 2090 1388 ad
2120 1333 2495 1387 constantiam
2528 1333 2737 1386 nostris
2784 1332 3040 1385 moribus
3074 1332 3340 1397 alienam,
3369 1343 3394 1377 Β
3423 1334 3711 1403 inexpleta

2017 1423 2321 1478 hominum
2366 1422 2647 1491 cupiditas
2704 1421 3003 1491 alligabit?
3043 1422 3175 1475 Haec
3225 1429 3420 1476 nostra
3481 1423 3561 1476 vis
3605 1429 3706 1488 est,

2018 1512 2169 1566 hunc
2200 1511 2539 1565 continuum
2569 1510 2769 1564 ludum
2790 1511 3063 1564 ludimus.
3090 1512 3291 1565 Rotam
3311 1512 3550 1566 volubili
3572 1512 3709 1565 orbe

2018 1616 2329 1665 versamus,
2384 1599 2582 1652 intima
2641 1599 2903 1665 summis,
2955 1616 3180 1653 summa
3232 1600 3448 1654 inﬁmis
3488 1604 3709 1654 mutare

2018 1689 2360 1759 gaudemus.
2409 1688 2665 1742 Ascende
2710 1688 2755 1741 si
2799 1689 3004 1759 placet,
3053 1690 3149 1744 sed
3192 1706 3260 1743 ea
3308 1690 3454 1761 lege,
3498 1690 3706 1753 utine,

218 1770 321 1839 (l0)
351 1769 457 1823 tibi
487 1786 519 1823 a
554 1770 719 1823 nobis
743 1776 825 1826 est
856 1772 1028 1826 allata
1060 1773 1350 1829 violentia.
1379 1772 1403 1809 9
1433 1776 1599 1846 Opes,
1634 1776 1896 1829 honores.
1942 1779 1981 1832 Β
2012 1794 2143 1831 cum
2175 1780 2202 1820 ιι
2234 1777 2438 1831 ludicri
2467 1777 2582 1831 mei
2612 1777 2757 1831 ratio
2788 1784 3003 1847 poscet,
3028 1778 3373 1833 descendere
3406 1778 3516 1849 (l0)
3549 1778 3709 1849 inju-

1664 1874 2251 1932 INTERPRETATIO.

286 1965 309 1989 ⁸
334 1955 587 2025 Equum
619 1960 711 2011 sit.

288 2030 311 2069 δ
342 2028 494 2081 Dicet
526 2030 774 2082 fortuna.

288 2106 307 2131 ⁶
336 2100 771 2166 Ofﬁciosissima.

286 2170 312 2210 ά
340 2170 717 2226 Abundantia.

2088 1972 2110 1999 °
2140 1966 2341 2019 Placet.

2082 2033 2101 2069 ί
2129 2035 2368 2089 Placido.

2082 2114 2108 2149 Β
2129 2106 2485 2160 Insatiabilis.

2085 2178 2112 2219 ιι
2140 2176 2305 2230 Ludi.

1847 2275 2062 2331 NOTAE.

222 2365 598 2436 quodcunque
630 2367 901 2421 habueris
931 2368 1174 2437 bonum,
1207 2370 1494 2439 accepisti,
1527 2369 1753 2439 injustas
1776 2377 1907 2426 sunt

221 2454 448 2511 prorsus
492 2446 552 2491 et
599 2439 813 2511 iniquae
844 2440 976 2506 illa},
1030 2441 1240 2509 quibus
1283 2458 1375 2493 me
1421 2442 1676 2511 quotidie
1704 2443 1903 2509 afficis,

222 2510 507 2577 querelae:
566 2509 612 2562 si
680 2510 914 2580 quidem
965 2528 1081 2565 non
1138 2512 1310 2564 modo
1371 2509 1587 2565 nullam
1650 2513 1753 2566 tibi
1814 2514 1905 2567 in-

219 2581 321 2652 tuli
352 2580 662 2648 injuriam;
696 2598 831 2651 opes
864 2588 917 2634 et
948 2583 1274 2651 dignitates,
1309 2588 1374 2636 ut
1411 2592 1543 2652 pote
1585 2600 1759 2651 meas,
1804 2601 1904 2637 au-

222 2650 447 2726 ferendo
485 2669 497 2705 :
531 2650 932 2726 verumietiam
963 2650 1240 2724 quidquid
1274 2650 1540 2707 habueris
1563 2654 1713 2723 boni,
1731 2673 1803 2726 op
1828 2672 1906 2709 im

222 2721 475 2796 videlicet
509 2729 571 2796 et
599 2721 1148 2792 dignitatumfillud
1192 2730 1376 2778 totum
1428 2725 1588 2787 mihi,
1631 2721 1905 2796 tanquam

223 2792 444 2846 illarum
471 2794 739 2866 dominae
775 2797 946 2849 debes
981 2812 993 2848 :
1030 2796 1517 2866 quemadmodum
1552 2799 1715 2861 cmlo,
1750 2792 1906 2852 unde

226 2880 348 2929 nox,
396 2865 637 2917 debetur
685 2866 843 2931 dies;
894 2865 1080 2934 terrm,
1134 2868 1283 2920 unde
1332 2869 1621 2933 sterilitas,
1670 2869 1908 2922 debetur

225 2934 502 3009 fertilitas;
529 2937 697 2997 mari,
734 2938 882 2990 unde
912 2943 1305 3006 tempestates,
1338 2940 1754 3009 tranquillitas;
1786 2940 1908 2995 Jovi

230 3006 351 3075 ipsi,
386 3008 537 3060 unde
587 3010 757 3069 mala,
809 3009 962 3062 bona
1009 3010 1309 3062 debentur.
1362 3009 1454 3063 Sic
1490 3006 1777 3077 Crassum,
1828 3012 1908 3064 sic

231 3092 411 3152 tygem
442 3080 764 3152 Persarum,
802 3080 1015 3149 absque
1048 3082 1161 3133 ulla
1191 3096 1389 3133 eorum
1421 3081 1653 3151 injuria,
1687 3082 1902 3152 excepi.

234 3149 306 3201 Tu
334 3153 500 3215 igitur
529 3166 599 3202 an
614 3150 712 3218 jus
738 3156 989 3219 postulet,
1015 3152 1405 3205 animadverte.

301 3221 313 3254 ¹
345 3223 386 3272 0
413 3221 613 3294 homo.)
640 3223 762 3274 Jam
795 3224 1145 3294 monuimus,
1182 3238 1288 3275 nos
1319 3222 1397 3275 sic
1433 3224 1776 3294 compellare
1809 3239 1906 3277 eos

234 3305 353 3344 cum
383 3292 585 3361 quibus
618 3294 877 3346 volumus
907 3293 1085 3347 videri
1117 3294 1334 3347 nullam
1366 3310 1471 3347 nos
1498 3292 1705 3348 habere
1737 3295 1901 3348 fami-

234 3362 549 3435 liaritatem.
580 3366 735 3418 Pros.
779 3367 797 3417 l
839 3364 1009 3435 hujus
1042 3366 1191 3419 libri.

292 3434 312 3465 ²
347 3434 691 3504 Cotidianis.]
739 3436 846 3488 Alii
915 3436 1171 3489 scribunt
1228 3435 1601 3503 quotidianis:
1658 3451 1761 3506 pro
1819 3434 1903 3488 di-

225 3518 395 3577 versa,
420 3506 636 3559 scilicet
678 3507 850 3575 hujus
894 3508 1047 3560 vocis
1086 3508 1557 3577 interpretatione
1593 3522 1605 3560 :
1660 3507 1707 3559 si
1750 3507 1904 3559 enim

224 3576 593 3641 quotidianum
616 3576 885 3631 dicatura
910 3583 1038 3647 quot
1069 3580 1185 3632 sive
1208 3576 1448 3647 singulis
1470 3578 1679 3641 diebus,
1703 3583 1764 3630 ut
1780 3578 1903 3647 pla-

224 3651 305 3699 cet
334 3650 581 3701 Cornuto
604 3649 755 3717 apud
788 3650 1184 3703 Cassiodorum
1206 3666 1219 3715 ;
1244 3650 1734 3720 quemadmodum
1764 3649 1905 3701 dici-

222 3721 309 3769 tur
337 3724 465 3783 quot
495 3720 756 3783 calendis,
806 3725 933 3785 quot
961 3721 1251 3787 mensibus,
1298 3725 1427 3788 quot
1458 3721 1640 3784 annis,
1689 3720 1905 3789 optime

223 3789 482 3843 scribitur
532 3791 958 3858 quotidianum:
1006 3792 1051 3845 si
1100 3808 1233 3845 vero
1278 3792 1501 3845 dicatur
1543 3807 1576 3844 a
1613 3793 1908 3844 continenti

219 3859 319 3925 die,
344 3861 492 3914 sicut
515 3861 625 3914 dici
648 3867 809 3932 putat
828 3864 1034 3916 Marius
1056 3863 1378 3917 Victorinus
1406 3864 1441 3916 l.
1476 3880 1514 3927 ι,
1542 3862 1907 3916 scribendum

216 3932 321 3984 erit
351 3933 709 3985 cotidianum.

283 4007 302 4037 ³
337 4003 535 4069 Quovis
568 4002 805 4075 judice]

212 4089 401 4137 causa,
456 4076 601 4128 bene
647 4074 883 4129 fortuna
925 4077 995 4130 ad
1040 4076 1294 4146 judicem
1346 4078 1658 4145 provocat:
1692 4074 1791 4146 sed
1841 4074 1908 4127 ad

210 4146 535 4215 quemlibet
575 4147 805 4212 melius,
835 4163 907 4201 ne
944 4145 1061 4201 ulla
1092 4148 1165 4201 sit
1204 4145 1733 4215 anteoccupationis
1778 4161 1907 4198 sus-

253 4233 385 4269 lClO.

253 4233 385 4269 lClO.

208 4233 243 4286 Ρ
282 4293 302 4323 ⁸
340 4288 722 4357 Possessione.]
776 4288 1058 4341 Possessio
1114 4287 1206 4342 hic
1259 4288 1354 4357 jus
1416 4292 1498 4342 est
1558 4287 1906 4358 possidendi.

206 4359 369 4412 Sicut
387 4361 534 4413 Tull.
571 4376 673 4429 pro
708 4360 874 4423 Quin.
912 4360 1167 4414 bonorum
1196 4363 1456 4430 possessio
1486 4364 1779 4429 spectatur,
1812 4359 1907 4411 in-

208 4431 360 4500 quit,
396 4435 586 4484 nonin
617 4432 808 4499 aliqua
846 4437 1024 4500 parte,
1062 4432 1157 4487 sed
1200 4434 1468 4486 universis
1499 4446 1618 4500 quae
1657 4432 1828 4484 teneri
1856 4434 1906 4483 et

203 4502 490 4570 possideri
512 4508 756 4570 possunt.

281 4571 303 4606 ⁵
325 4574 390 4627 Si
420 4575 745 4643 cujusquam
775 4572 1132 4643 mortalium]
1150 4572 1296 4627 Fieri
1316 4576 1503 4642 posset
1524 4576 1585 4626 ut
1607 4587 1735 4642 qua:
1771 4572 1913 4625 Boe-

208 4644 279 4697 tii
313 4660 432 4698 non
468 4654 601 4699 sunt
644 4645 814 4710 bona,
846 4645 969 4699 hac
1011 4643 1397 4714 quorumdam
1437 4644 1683 4697 aliorum
1727 4643 1910 4714 homig

210 4730 358 4795 num
402 4722 618 4795 essent;
664 4720 857 4795 tamen
902 4732 992 4795 ne.
1021 4713 1170 4795 ullus
1219 4715 1467 4795 supersit
1526 4713 1912 4795 conquerendi

213 4788 394 4846 locus.
420 4788 650 4841 fortuna
668 4788 831 4857 ponit
853 4787 1066 4841 nullius
1087 4785 1337 4841 hominis
1360 4785 1593 4857 propria
1625 4801 1767 4853 esse,
1785 4802 1912 4855 qua:

214 4857 491 4928 deinceps
521 4858 878 4912 enumerabit
910 4859 1079 4912 bona.

288 4926 312 4959 °
343 4926 565 4984 Nudum
594 4932 752 4983 rebus
778 4929 1064 5000 omnibus]
1104 4929 1172 4983 Il.
1213 4929 1463 4982 Fortuna
1492 4931 1913 5000 causaturtsua

215 5016 340 5053 esse
373 5001 541 5064 bona,
577 5018 705 5072 quin
729 5002 955 5055 Boetius
982 4999 1357 5071 conqueritur
1381 5015 1438 5053 se
1461 4999 1738 5052 amisisse.
1769 4999 1912 5053 Cum

215 5072 393 5124 homo
425 5088 491 5124 ex
518 5071 731 5143 duplici
762 5078 921 5141 parte
943 5078 1178 5136 constet,
1209 5076 1397 5124 mente
1418 5071 1692 5143 nimirum
1718 5075 1771 5143 et
1792 5085 1913 5143 cor-

218 5158 380 5211 pore,
415 5140 720 5213 prOpterea
752 5140 965 5197 bonum
998 5142 1269 5209 hominis,
1304 5142 1455 5212 quod
1480 5142 1668 5213 vulgo
1708 5140 1912 5194 deﬁni-

218 5219 313 5265 tur
342 5214 397 5267 id
420 5212 576 5282 iquod
613 5217 817 5268 homini
847 5220 923 5267 est
966 5216 1297 5278 conveniens,
1332 5212 1574 5283 duplicis
1605 5217 1688 5265 est
1732 5227 1914 5281 gene-

220 5285 328 5339 ris:
353 5287 599 5338 alterum
627 5286 857 5350 mentis,
876 5286 1121 5338 alterum
1145 5285 1417 5354 corporis.
1452 5286 1673 5338 Bonum
1706 5283 1912 5336 mentis

220 5362 477 5409 versatur
527 5356 582 5409 in
628 5358 994 5425 cogitatione,
1044 5372 1110 5409 ea
1159 5356 1477 5423 praesertim
1531 5355 1691 5423 cujus
1738 5355 1911 5425 howo

220 5428 488 5480 dominus
515 5437 595 5479 est
621 5444 631 5480 :
662 5424 833 5497 atque
863 5427 922 5480 in
956 5427 1241 5496 ejusmodi
1271 5428 1485 5479 bonum
1514 5426 1742 5497 fortuna
1768 5424 1911 5478 nihil

224 5506 422 5569 potest.
472 5501 688 5551 Bonum
721 5496 852 5551 vero
888 5499 1142 5567 corporis
1182 5498 1239 5550 in
1272 5498 1377 5551 hoc
1424 5496 1744 5566 praesertim
1776 5512 1910 5549 con-

222 5571 386 5635 sistit,
434 5569 587 5639 quod
634 5570 803 5623 homo
854 5585 917 5622 ex
966 5576 1128 5623 utero
1175 5569 1560 5638 suscipiatur:
1620 5572 1913 5639 susceptus

218 5638 509 5707 foveatur;
544 5640 693 5694 fetus
726 5641 1028 5707 educetur;
1062 5640 1333 5694 educatus
1369 5640 1576 5709 opibus
1621 5643 1677 5691 et
1724 5638 1914 5707 digni—

218 5714 433 5767 tatibus
478 5713 827 5778 cumuletur;
863 5728 989 5783 qua:
1036 5712 1231 5765 omnia
1258 5712 1505 5765 fortnam
1553 5725 1675 5764 esse
1712 5709 1913 5763 dicun-

854 4005 994 4059 Cum
1043 4020 1210 4058 nemo
1257 4004 1431 4074 judex
1476 4003 1647 4056 fuerit
1698 4002 1757 4055 in
1806 4018 1909 4055 sua

2016 2378 2109 2425 tur
2141 2388 2154 2425 :
2189 2371 2336 2425 unde
2368 2370 2598 2424 fortuna
2626 2369 2736 2425 hic.
2766 2372 2899 2428 Cum
2928 2370 3225 2440 te,inquit,
3248 2371 3443 2423 matris
3470 2384 3537 2423 ea:
3558 2372 3709 2423 utero

2016 2450 2218 2497 natura
2244 2443 2532 2511 produxit,
2554 2444 2761 2496 nudum
2794 2443 2953 2496 rebus
2975 2443 3222 2496 omnibus
3250 2446 3566 2510 inopemque
3586 2455 3706 2494 sus-

2017 2517 2151 2583 cepi,
2186 2518 2313 2568 meis
2340 2516 2533 2581 0pibus
2558 2517 2695 2579 fovi,
2722 2516 3092 2580 indulgentius
3118 2514 3365 2575 educavi,
3394 2519 3443 2565 et
3473 2515 3709 2565 omnium

2014 2601 2135 2656 quae
2166 2589 2271 2638 mei
2293 2587 2443 2653 juris
2473 2591 2621 2656 sunt,
2653 2588 2944 2652 affluentia
2973 2590 3022 2638 et
3050 2585 3334 2652 Splendore
3355 2583 3707 2637 circumdedi.

2084 2656 2105 2687 ⁷
2139 2657 2285 2710 Habe
2315 2655 2604 2727 graliam.]
2640 2657 2876 2723 Habere,
2912 2672 3098 2725 agere,
3134 2664 3187 2708 et
3216 2656 3425 2707 referre
3457 2656 3708 2724 gratiam

2017 2729 2225 2796 saepius
2259 2728 2337 2780 sic
2368 2728 2657 2793 differunt,
2694 2734 2756 2780 ut
2777 2729 2985 2781 habere
3018 2728 3091 2779 sit
3120 2727 3506 2795 cogitationis,
3539 2741 3709 2794 agere

2016 2798 2088 2851 sit
2117 2799 2295 2863 verbi,
2321 2804 2375 2851 et
2400 2800 2611 2852 referre
2643 2798 2715 2851 sit
2752 2799 2941 2867 operis
2970 2798 3102 2850 boni
3136 2799 3193 2849 in
3225 2813 3357 2849 eum
3387 2813 3420 2849 a
3462 2812 3575 2866 quo
3612 2797 3708 2849 be-

2016 2871 2285 2922 neficium
2333 2870 2672 2937 accepimus.
2731 2870 3037 2937 Proptereo
3086 2868 3324 2933 Tullius,
3363 2883 3467 2935 pro
3514 2869 3705 2937 tiorn.,

2018 2941 2296 3007 Omnibus,
2330 2936 2539 3009 inquit,
2572 2943 2765 2993 amicis
2796 2936 2967 2993 saluti
2996 2954 3141 3005 mea,
3176 2940 3225 2991 si
3249 2936 3531 3009 minusad
3559 2938 3707 3009 refe-

2015 3012 2241 3064 rendam
2289 3007 2528 3078 gratiam
2570 3012 2889 3075 satisfacere
2944 3012 3119 3078 potui,
3176 3008 3249 3061 ad
3297 3007 3709 3077 praedicandam

1947 3094 1986 3148 ρ
2014 3090 2151 3136 certe
2175 3088 2223 3135 et
2245 3083 2547 3136 habendam
2577 3086 2711 3134 satis
2741 3096 2859 3134 sum
2896 3083 3168 3146 facturus,
3204 3084 3259 3132 et
3288 3078 3427 3132 alibi
3469 3078 3704 3147 passim.

2085 3151 2108 3185 ⁸
2149 3156 2301 3208 Velut
2331 3168 2461 3207 usus
2488 3150 2722 3223 alienis]
2762 3153 2915 3205 Bona
2944 3153 3096 3204 enim
3124 3150 3321 3223 animi,
3350 3150 3549 3223 utjam
3569 3148 3710 3202 dixi-

2016 3240 2164 3287 mus,
2199 3230 2393 3276 nostra
2424 3230 2582 3289 sunt;
2628 3220 2831 3276 caetera
2863 3224 3068 3288 aliena,
3105 3226 3159 3275 et
3197 3221 3359 3292 ipsis,
3406 3221 3452 3273 si
3497 3220 3706 3289 placet,

2013 3294 2258 3349 fortunae
2288 3295 2521 3348 nutibus
2548 3293 2816 3363 subjecta.

2083 3363 2106 3399 9
2136 3366 2292 3434 Opes,
2325 3366 2569 3430 honores,
2602 3361 2896 3434 caeteraque
2927 3365 3064 3417 talia
3086 3365 3190 3418 mei
3210 3366 3336 3417 sunt
3356 3361 3553 3431 juris.)
3584 3362 3708 3434 1am

2013 3431 2247 3491 fortuna
2276 3436 2500 3507 probat,
2535 3431 2821 3505 prmdicta
2844 3434 3096 3507 corporis
3125 3436 3277 3507 bona
3305 3449 3419 3497 sua
3447 3448 3569 3486 esse
3603 3448 3615 3485 :
3652 3431 3709 3485 id

2015 3515 2205 3561 autem
2244 3508 2449 3578 probat
2479 3514 2820 3577 argumento
2850 3506 3074 3575 vulgari
3101 3522 3114 3559 :
3147 3506 3414 3578 effectum
3446 3506 3710 3578 censetur

2012 3579 2169 3632 illius
2198 3574 2401 3645 causa,
2437 3574 2571 3649 qua'
2591 3579 2892 3632 accedente
2933 3574 3032 3631 aut
3083 3577 3401 3649 recedente,
3443 3574 3709 3649 effectum

2013 3650 2156 3705 illud
2187 3650 2347 3704 adest
2392 3645 2490 3703 aut
2519 3650 2678 3704 abest
2712 3665 2726 3702 :
2759 3654 3065 3718 propterea
3105 3647 3225 3701 dies
3270 3652 3534 3718 censetur
3572 3645 3705 3699 effe-

2015 3727 2136 3775 ctus
2166 3722 2321 3787 solis,
2354 3721 2508 3792 quod
2538 3716 2836 3792 iprzesen'te
2858 3716 2965 3792 aut
3010 3719 3242 3792 absente
3286 3718 3426 3792 sole,
3460 3716 3581 3771 dies
3627 3720 3709 3770 est

2017 3798 2115 3845 aut
2139 3809 2254 3870 non
2286 3789 2415 3870 estV:
2454 3791 2553 3845 sed
2587 3792 2818 3870 illa_est_,
2853 3790 3043 3870 inquit
3073 3789 3325 3870 fortuna,
3361 3789 3511 3841 inter
3546 3803 3634 3870 me
3656 3791 3711 3870 et

2016 3863 2287 3932 prmdicta
2318 3862 2469 3915 bona
2492 3861 2847 3932 necessitudo
2870 3877 2881 3913 :
2913 3860 2959 3913 si
2993 3860 3226 3930 quidem
3244 3875 3445 3932 mecum
3464 3861 3707 3922 veniunt,

2016 3931 2097 3987 me
2144 3934 2370 3987 abeunte
2399 3932 2703 3987 discedunt.
2746 3931 2905 3985 Adde
2945 3932 3099 4001 quod
3132 3932 3254 3984 haec
3292 3931 3443 3984 bona
3487 3935 3585 3983 aut
3612 3934 3710 3982 tua

2017 4010 2170 4069 sunt,
2214 4004 2422 4073 inquit,
2458 4008 2553 4055 aut
2602 4020 2727 4056 mea
2759 4018 2771 4055 :
2810 4002 2903 4053 sed
2935 4008 3031 4055 tua
3063 4019 3177 4054 non
3218 4017 3339 4054 esse
3385 4016 3467 4073 ex-
3488 4001 3597 4054 hoc
3627 4005 3711 4073 est

2018 4075 2271 4139 evidens,
2296 4070 2459 4144 quod
2491 4078 2539 4127 si
2569 4081 2666 4127 tua
2699 4076 2898 4138 forent,
2934 4074 3130 4126 eadem
3166 4073 3313 4124 nullo
3343 4070 3498 4123 modo
3522 4072 3708 4144 perdi-

2020 4146 2188 4199 disses
2224 4162 2236 4199 :
2289 4141 2753 4215 quandoquidem
2788 4144 3093 4209 bonorum,
3136 4158 3265 4215 qua:
3309 4144 3587 4215 tua_sunt,
3634 4141 3712 4194 ita

2019 4217 2288 4269 dominus
2305 4210 2395 4282 'es,
2428 4210 2556 4269 haec
2578 4220 2657 4281 ut,
2683 4214 2794 4268 nisi
2818 4215 2979 4284 prius
3011 4210 3256 4284 volueris
3288 4210 3550 4281 perdere,
3594 4226 3711 4284 non

2017 4288 2221 4358 perdas
2256 4303 2268 4341 :
2310 4287 2432 4341 haec
2481 4291 2668 4340 autem
2706 4281 2875 4347 bona,
2910 4301 3038 4355 quae
3084 4283 3293 4337 amissa
3319 4281 3709 4351 conquereris,

2022 4375 2317 4429 nunquam
2340 4358 2566 4411 voluisti
2592 4358 2872 4410 amittere.
3176 4425 3189 4429 _
3260 4428 3263 4429 ν
3384 4358 3397 4371 ⁶

2094 4421 2273 4484 ¹⁰Ἀη
2305 4446 2398 4497 ego
2427 4429 2585 4499 sola]
2637 4430 2728 4483 lll.
2781 4429 3030 4481 Fortuna
3071 4425 3276 4499 probat
3318 4421 3611 4499 exemplis,
3654 4438 3711 4475 se

2022 4501 2295 4570 prmdicta
2335 4493 2586 4569 corporis
2625 4500 2775 4553 bona
2802 4500 2930 4570 jure
2968 4493 3131 4570 posse
3170 4497 3304 4549 dare
3346 4500 3402 4548 et
3447 4493 3710 4547 auferre:

2023 4568 2175 4642 quod
2218 4568 2469 4626 deterior
2496 4586 2617 4624 esse
2655 4587 2770 4623 non
2802 4568 3002 4623 debeat
3038 4568 3305 4642 fortuna),
3339 4580 3509 4642 quam
3546 4570 3711 4642 caetef

2021 4636 2215 4696 rarum
2250 4658 2549 4696 causarum
2598 4642 2865 4695 conditio.
2905 4640 3175 4709 Exempla
3207 4645 3399 4691 autem
3433 4636 3535 4688 ista
3580 4640 3715 4689 sunt

2064 4720 2287 4767 uatuor.

2023 4730 2309 4839 “frigori:
2338 4780 2509 4854 casta]
2542 4783 2798 4837 Primum
2830 4783 3075 4837 fortunae
3108 4780 3454 4854 exemplum.
3494 4778 3713 4854 anlum

2022 4857 2160 4921 sole,
2213 4872 2386 4925 quem
2435 4849 2709 4919 co—ntinet,
2752 4860 3034 4924 praesente
3070 4854 3210 4907 diem
3254 4852 3495 4925 lucidum
3544 4849 3711 4925 facit;

2022 4927 2120 4980 sed
2154 4922 2305 4980 idem
2356 4925 2585 4991 caelum,
2629 4922 3031 4989 sole—absente,
3067 4930 3270 4977 noctem
3300 4924 3435 4977 facit
3465 4922 3715 4977 tenebro-

2020 5014 2177 5051 sam:
2214 4999 2282 5051 de
2315 4998 2408 5051 die
2461 4997 2845 5067 gratulantur,
2896 4998 2964 5049 de
3018 5001 3184 5049 nocte
3224 5010 3343 5048 non
3391 4997 3717 5065 queruntur

2020 5069 2299 5122 homines.

2096 5138 2142 5173 ¹²
2197 5142 2345 5195 Licet
2394 5153 2535 5192 anno
2586 5142 2740 5191 terra:
2783 5136 3040 5209 vultum]
3094 5136 3420 5192 Secundum
3468 5135 3711 5209 fortuna:

2021 5214 2367 5281 exemplum.
2406 5212 2583 5264 Terra
2611 5211 2813 5275 vultus,
2838 5207 3175 5277 juvantibus
3210 5208 3402 5281 astris,
3450 5221 3589 5281 nunc
3616 5207 3712 5271 ﬂo-

2019 5283 2173 5336 ribus
2190 5277 2555 5349 frugibusque
2571 5282 2892 5341 redimitur;
2914 5296 3055 5333 nunc
3083 5280 3283 5333 nimbis
3304 5277 3714 5349 frigoribusque

2021 5346 2411 5419 confunditur:
2448 5346 2517 5405 de
2548 5350 2788 5405 ﬂoribus
2821 5352 3193 5421 frugibusque
3221 5349 3433 5419 gratias
3454 5346 3713 5421 homines

2021 5416 2233 5477 habent
2266 5441 2278 5477 :
2307 5425 2374 5477 de
2406 5424 2615 5476 nimbis
2648 5432 2704 5476 et
2732 5422 3043 5491 frigoribus
3082 5416 3343 5491 querelas
3372 5435 3487 5472 non
3518 5416 3713 5487 profe-

2023 5502 2179 5548 runt.

2100 5565 2141 5601 ³³
2165 5568 2263 5619 Jus
2294 5570 2373 5619 est
2399 5566 2589 5635 mari.]
2621 5566 2875 5619 Tertium
2911 5564 3153 5617 fortunas
3184 5560 3532 5635 exemplum.
3563 5562 3714 5614 Mare

2020 5654 2161 5692 nunc
2191 5643 2363 5691 strato
2392 5634 2602 5705 aequore
2637 5638 2956 5691 blanditur:
2989 5649 3130 5687 nunc
3154 5634 3404 5705 procellis
3430 5647 3493 5705 ac
3539 5634 3714 5699 ﬂucti-

2024 5710 2119 5763 bus
2158 5703 2499 5773 inhorrescit,
2544 5708 3021 5779 tranquillitatcm
3072 5703 3333 5759 homines
3363 5703 3714 5758 arbitrantur
