3996 6170
137 297 238 350 669

281 432 388 483 Aut
425 433 569 497 quot
599 427 887 482 stellifcris
922 427 1074 481 edita
1109 427 1368 482 noctibus

349 518 501 573 Caelo
531 517 719 571 sidera
748 517 1004 587 fulgent;

149 615 176 662 5
280 609 484 662 Tantas
513 606 718 660 fundat
740 622 898 676 opes,
931 621 1037 659 nec
1062 604 1318 659 retrahat
1350 619 1585 659 manum

351 697 526 750 Pleno
559 696 723 766 copia
753 711 931 748 cornu
967 711 980 748 :

283 787 770 840 los-Humanum
805 783 1039 837 miseras
1066 781 1221 836 haud
1249 781 1379 836 ideo
1412 798 1594 853 genus

353 875 545 928 Cesset
579 874 713 926 flere
744 873 1024 943 querelas.

283 961 550 1027 Quamvis
581 966 715 1015 vota
732 961 919 1015 libens
953 959 1203 1030 excipiat
1231 961 1377 1014 Deus

157 1057 215 1108 10
356 1051 512 1105 Multi
540 1050 819 1122 prodigus
849 1049 995 1111 auri,

283 1142 348 1196 Et
376 1140 544 1193 claris
577 1139 768 1193 avidos
801 1141 966 1192 ornet
993 1136 1332 1203 honoribus,

349 1229 434 1282 Nil
462 1229 587 1298 jam
617 1233 780 1298 parta
818 1227 1126 1280 videntur:

280 1317 383 1372 Sed
409 1316 653 1386 quaesita
681 1331 886 1369 vorans
917 1331 1064 1368 saeva
1095 1315 1376 1384 rapacitas

350 1405 506 1459 Altos
539 1403 742 1474 pandit
774 1402 980 1457 hiatus.

154 1499 210 1548 15
280 1493 411 1558 Quae
437 1494 560 1562 jam
587 1492 945 1563 praecipitem
973 1493 1138 1546 frena
1173 1489 1507 1561 cupidinem

351 1582 519 1636 Certo
539 1580 656 1635 ﬁne
687 1584 990 1641 retentent,

289 1670 475 1742 Largis
508 1685 640 1724 cum
674 1670 863 1740 potius
891 1668 1226 1724 muneribus
1257 1668 1462 1722 ﬂuens.

1163 291 1254 346 DE
1294 289 1820 347 CONSOLATIONE
1858 285 2336 346 PHILOSOPHUS
2376 288 2506 343 LIB.
2541 288 2619 344 ll.

3534 287 3640 339 6‘70

2151 427 2284 482 Sitis
2327 424 2572 480 ardescit
2597 425 2890 480 habendi?

2090 522 2230 570 ιον
2266 514 2578 586 Nunquam
2615 515 2771 568 dives
2812 514 2927 584 agit
2976 515 3075 586 qui
3105 514 3363 585 trepidus
3399 529 3636 584 gemens

1938 607 2009 658 20
2153 605 2288 659 Sese
2320 604 2498 658 credit
2535 608 2818 674 egentem.

2517 713 2660 762 108
2689 707 2914 763 PROSA
2945 709 3045 764 ΙΙΙ.

1940 819 2377 872 Anaoueuruu.
2408 847 2476 856 ——
2507 817 2880 884 Philosophia,
2913 815 3184 884 quidquid
3242 815 3496 870 hactenus
3527 817 3640 870 sive

2012 890 2208 952 soluta,
2241 892 2354 942 sive
2389 892 2582 942 stricta
2616 890 2864 941 oratione
2904 888 3128 951 dictum,
3162 886 3301 941 illud
3333 887 3443 940 leve
3472 887 3640 954 quod-

2012 961 2141 1013 dam
2170 975 2281 1014 esse
2315 960 2516 1014 doloris
2565 959 2862 1012 remedium
2902 960 3170 1024 confessa,
3219 959 3355 1011 bona
3404 973 3635 1011 comme-

2013 1033 2210 1095 morat,
2254 1047 2393 1098 quae,
2445 1031 2577 1084 duce
2622 1033 2866 1093 fortuna,
2916 1032 3129 1082 Boetius
3186 1046 3221 1082 a
3270 1029 3636 1094 curatoribus,

2011 1103 2232 1172 populo,
2263 1117 2452 1169 umore,
2474 1109 2522 1156 et
2555 1101 2758 1167 liberis,
2780 1117 2934 1170 puer,
2968 1100 3295 1161 adolescens,
3320 1102 3634 1165 maritatas,

2013 1178 2063 1228 et
2095 1178 2254 1242 pater
2273 1176 2495 1241 accepit,
2526 1187 2750 1242 quaeque
2770 1178 2992 1240 propter
3020 1173 3255 1237 fortunae
3282 1173 3601 1224 varietatem
3620 1212 3634 1238 ,

2017 1244 2160 1311 quod
2198 1244 2454 1309 abierint,
2492 1245 2724 1297 abitum
2738 1245 2954 1313 pariter
3001 1242 3165 1311 hujus
3195 1244 3427 1296 miseriae
3476 1256 3639 1308 argu-

2014 1321 2251 1369 mentum
2271 1331 2381 1369 esse
2391 1319 2640 1384 possunt.

2016 1403 2112 1458 His
2159 1403 2382 1473 igitur‘
2416 1403 2462 1457 si
2505 1419 2611 1473 pro
2660 1418 2718 1456 se
2767 1406 2957 1456 tecum
2998 1401 3228 1455 fortuna
3274 1401 3634 1472 loqueretur,

1944 1493 2085 1563 quid
2115 1493 2369 1563 profecto
2401 1498 2598 1547 contra
2628 1494 2646 1530 ί
2666 1494 2692 1536 b
2721 1491 2968 1546 hisceres
2999 1506 3120 1544 non
3167 1489 3429 1544 haberes.
3455 1491 3565 1544 Aut
3592 1488 3640 1542 si

1945 1582 2079 1653 quid
2114 1587 2217 1650 est,
2264 1599 2378 1654 quo
2425 1582 2726 1653 querelam
2752 1585 2912 1635 tuam
2962 1581 3092 1651 jure
3122 1579 3351 1642 tuearis,
3384 1577 3641 1648 proferas

1947 1677 2201 1742 oportet;
2234 1672 2499 1728 dabimus
2528 1671 2755 1726 dicendi
2798 1671 3008 1724 locum.
3050 1670 3194 1724 Tum
3234 1683 3340 1738 ego
3366 1679 3416 1734 ε;
3449 1664 3473 1699 ²
3495 1667 3639 1736 Spe-

1594 1767 2187 1828 INTERPRETATIO.

153 1876 315 1930 multa
335 1878 509 1938 astra,
533 1873 806 1943 producta
821 1873 1067 1928 noctibus
1084 1873 1336 1938 stellatis,
1365 1873 1425 1928 in
1451 1874 1575 1928 calo
1596 1878 1835 1928 micant:
1880 1877 1919 1929 Β
1948 1878 2158 1930 tineant
2213 1877 2405 1933 stabili
2451 1879 2710 1942 termino,
2769 1877 3068 1930 avaritiam
3121 1871 3583 1928 inconsideratam
3626 1887 3638 1924 :

152 1948 389 2001 Homines
422 1947 746 2011 tamenﬁnon
781 1949 1072 2014 propterea
1118 1943 1378 1999 desistent
1423 1949 1579 2014 queri
1622 1949 1828 1999 misere.

151 2019 387 2072 Etiamsi
417 2021 555 2071 Deus
590 2019 840 2085 plurimm
867 2018 1106 2084 pecunias
1135 2017 1346 2084 largus,
1371 2023 1579 2070 annuat
1616 2017 1840 2070 libenter

154 2090 442 2142 hominum
471 2091 746 2157 precibus,
773 2087 1087 2156 decoretque
1118 2086 1377 2140 homines
1409 2088 1634 2156 cupidos
1677 2089 1835 2142 hono-

156 2161 296 2213 ribus
325 2161 661 2223 illustribus;
693 2160 828 2212 bona
857 2159 1212 2212 nihilominus
1233 2163 1360 2212 ante
1389 2162 1660 2226 acquisita
1691 2162 1841 2226 ﬂocci

152 2231 470 2300 penduntur.
520 2232 662 2296 Quin
706 2229 983 2298 cupiditas
1025 2229 1281 2295 crudelis,
1333 2230 1617 2283 absumens
1649 2235 1838 2298 parta,

151 2307 319 2370 aperit
357 2302 671 2371 profundas
710 2304 1016 2368 voragines.
1059 2300 1252 2366 Quales
1290 2316 1435 2354 nunc
1466 2301 1685 2355 habena
1719 2317 1843 2354 con-

1944 1949 2385 2017 quandoquidem
2429 1949 2597 2004 ardor
2638 1948 2873 2004 habendi
2897 1947 3094 2016 amplis
3132 1946 3290 1999 donis
3337 1943 3643 1997 cumulatus

1948 2023 2138 2074 crescit
2167 2024 2343 2087 magis
2364 2037 2427 2076 ac
2449 2024 2644 2089 magis.
2681 2022 2999 2087 Quicunque
3017 2017 3260 2086 pavidus
3281 2019 3331 2089 et
3353 2017 3643 2084 suspirans

1942 2105 2052 2144 sese
2077 2093 2362 2146 emistimat
2388 2087 2682 2162 pauperem
2711 2093 2795 2145 hic
2818 2105 3099 2158 nunquam
3129 2090 3268 2143 vivit
3294 2087 3462 2140 dives.

2019 2189 2043 2214 ι
2081 2163 2299 2216 Verbis.

2022 2235 2046 2274 ι)
2075 2236 2392 2301 Reponeres.

2025 2330 2046 2356 c
2085 2305 2328 2359 Boetius.

1789 2398 2012 2458 NOTAE.

154 2500 274 2567 gato
308 2495 584 2550 nimirum
617 2495 837 2565 liquido
871 2495 982 2548 alio
1005 2509 1263 2564 corpore,
1289 2511 1403 2565 quo
1435 2495 1608 2567 insito
1640 2496 1840 2550 molle-

154 2566 330 2621 Scebat
363 2573 459 2621 :et
489 2573 627 2620 tunc
664 2567 933 2620 scribitur
971 2568 1176 2619 harena
1214 2582 1225 2619 :
1264 2566 1752 2636 quemadmodum
1786 2568 1847 2621 in

152 2639 425 2692 veteribus
459 2639 618 2691 libris
649 2638 880 2706 legitur.

220 2712 267 2763 3.
301 2710 592 2772 Stelliferis
615 2705 762 2762 edita
792 2705 1086 2778 noctibus.]
1119 2709 1236 2761 Nox
1265 2707 1451 2777 poetis
1481 2712 1664 2761 mater
1695 2708 1844 2764 side-

161 2796 276 2833 rum
307 2781 550 2834 babetur
579 2797 592 2833 :
631 2779 779 2834 sicut
802 2779 1024 2832 Tibullo
1056 2780 1156 2833 lib.
1199 2795 1258 2844 u,
1293 2780 1364 2832 el.
1400 2781 1415 2830 l
1450 2795 1462 2832 :

214 2869 388 2918 Ludite
422 2869 576 2931 :jam
612 2882 719 2917 nox
754 2868 931 2931 jungit
960 2881 1145 2930 equos,
1191 2881 1512 2931 currumque
1547 2872 1846 2930 sequuntur

270 2932 447 2980 Matris
467 2931 670 2979 lascivo
694 2931 866 2978 sidera
886 2931 1032 2978 fulva
1056 2931 1238 2986 choro,

159 3015 450 3082 Propterea
498 3012 684 3065 sidera
730 3027 881 3064 nunc
920 3011 1185 3065 dicuntur
1229 3011 1377 3064 edita
1417 3012 1534 3066 sive
1568 3012 1844 3082 producta

158 3085 388 3138 noctibus
411 3084 718 3149 stelliferis,
747 3083 800 3136 id
835 3088 918 3136 est
945 3083 1136 3135 stellas
1153 3083 1484 3136 ferentibus.

222 3157 269 3207 6.
301 3156 460 3209 Plena
491 3157 652 3226 copia
675 3154 886 3222 cornu.]
921 3154 1110 3226 Cornu
1135 3154 1496 3226 copim-ripa;
1529 3151 1836 3226 ἁμαὶθειας,

158 3232 236 3279 est
299 3203 566 3278 summal
602 3203 886 3278 ubertas:
928 3203 1233 3277 Nimirumr
1278 3203 1576 3278 Diodoraus‘
1623 3203 1839 3292 scribit:

161 3298 524 3351 Hammonem
555 3296 1050 3367 perambulantem
1075 3296 1237 3366 juxta
1267 3297 1575 3350 Ceraunios
1620 3302 1843 3350 montes

155 3373 504 3436 conspectam
558 3384 590 3420 a
647 3384 704 3420 se
765 3367 1049 3436 virginem
1124 3367 1307 3420 forma
1370 3368 1840 3437 pulcherrimam,

155 3440 504 3492 Amaltheam
557 3438 810 3502 nomine,
860 3439 1178 3504 adamasse,
1224 3438 1518 3508 filiamque
1550 3453 1615 3491 ex
1647 3455 1710 3490 ea
1744 3455 1843 3508 ge-

157 3511 356 3574 nuisse,
391 3509 578 3579 specie
633 3525 696 3562 ac
750 3508 956 3562 robore
999 3508 1253 3578 corporis
1299 3509 1608 3578 insignem,
1643 3511 1844 3563 Amal-

159 3582 341 3634 theam
394 3597 527 3634 vero
584 3580 929 3652 propinquae
989 3579 1310 3652 priefecissc
1358 3597 1493 3644 orm,
1527 3597 1676 3650 quin,
1708 3581 1846 3652 quia

155 3653 430 3705 referebat
483 3667 666 3704 cornu
714 3651 896 3716 bovis,
959 3650 1261 3704 occiduum
1309 3666 1484 3703 cornu
1548 3650 1846 3704 nominata

153 3723 270 3776 fuit.
301 3723 587 3786 Quoniam
645 3737 779 3774 vero
809 3721 967 3791 regio
1003 3721 1106 3774 illa
1140 3721 1321 3774 vineis
1351 3722 1685 3792 ueterisque
1727 3723 1844 3775 fru-

153 3795 361 3847 ctiferis
405 3793 708 3846 arboribus
756 3793 966 3845 referta
1015 3796 1154 3858 erat,
1206 3792 1418 3845 factum
1470 3798 1553 3845 est
1603 3798 1663 3846 ut
1711 3808 1848 3862 ager

154 3866 336 3919 omnis
381 3865 612 3933 frugum
657 3863 976 3926 abundans,
1013 3878 1211 3916 mensa
1243 3865 1412 3916 variis
1455 3864 1710 3933 cupediis
1754 3866 1842 3916 in-

155 3942 380 3997 structa,
415 3935 559 3988 liber
578 3935 757 3988 multo
780 3935 1050 3988 doctrinae
1081 3949 1292 4003 genere
1317 3935 1578 3999 refertus,
1604 3935 1847 4004 epistola

156 4007 390 4079 plurimi
423 4006 706 4079 commodi
737 4022 964 4076 parens,
1016 4005 1354 4079 homoripse
1398 4005 1700 4079 multiplici
1735 4005 1848 4079 vir-

155 4077 270 4133 tute
323 4078 601 4150 praeditus
650 4078 870 4150 dicatur
900 4091 1064 4130 cornu
1095 4078 1277 4146 copiae.
1316 4077 1576 4129 Horatius
1610 4078 1846 4147 passim,

159 4156 218 4204 ut
244 4148 433 4205 Carm.
463 4149 567 4215 1.1,
597 4148 688 4202 od.
730 4151 790 4200 l7
825 4163 836 4201 :

343 4237 406 4284 Di
428 4249 510 4284 me
541 4239 758 4284 tuentur
789 4249 800 4282 :
833 4234 913 4282 dis
938 4234 1104 4296 pietas
1130 4247 1248 4282 mea

344 4300 410 4347 Et
441 4312 588 4346 musa
616 4297 760 4345 cordi
783 4301 878 4345 est.
910 4297 1040 4360 Hinc
1073 4296 1163 4345 tibi
1195 4296 1346 4360 copia

407 4361 641 4408 Manebit
661 4360 725 4406 ad
759 4359 972 4421 plenum
1003 4359 1234 4421 benigno

408 4423 562 4470 Ruris
592 4423 854 4470 honorum
886 4421 1138 4484 opulenta
1163 4434 1349 4469 cornu.

227 4517 278 4569 8.
311 4515 462 4567 Flere
502 4509 796 4581 querelas]
831 4513 979 4566 Nova
1009 4512 1251 4579 phrasis,
1284 4509 1474 4580 inquit
1506 4509 1846 4576 Sitzmanns,

160 4602 316 4654 quam
347 4601 454 4637 non
483 4583 649 4647 facile
678 4583 828 4654 apud
849 4584 984 4636 alios
1024 4585 1270 4635 invenias
1297 4587 1560 4636 auctores.
1587 4584 1851 4637 Neutrum

162 4653 325 4711 active
371 4657 619 4723 ponitur,
668 4653 860 4706 addito
888 4655 1103 4706 nomine
1149 4659 1389 4719 cognata
1414 4655 1849 4721 signiﬁcationis.

163 4729 260 4782 Sed
286 4725 431 4780 nihil
468 4725 559 4777 hic
585 4725 716 4777 novi
749 4740 761 4777 :
791 4729 1040 4777 neutrum
1069 4725 1221 4778 enim
1256 4741 1484 4794 semper
1526 4740 1719 4793 regere
1751 4739 1854 4794 po-

162 4804 263 4852 test
287 4799 664 4851 accusativum
685 4797 915 4848 nominis
933 4801 1173 4861 cognatae
1190 4798 1610 4862 signiﬁcationis
1629 4811 1640 4848 :
1658 4811 1855 4865 quem-

165 4871 471 4923 admodum
502 4866 725 4931 dicitur,
753 4868 931 4920 vivere
959 4869 1152 4931 vitam,
1185 4867 1425 4935 gaudere
1453 4867 1754 4933 gaudium;
1775 4867 1854 4920 lu-

167 4943 284 4995 dere
315 4939 533 5004 ludum;
567 4939 771 4990 servire
800 4941 1143 4998 servitutem;
1178 4953 1396 5004 peccare
1427 4943 1666 5005 peccata.
1699 4937 1850 5000 Quin

165 5015 330 5066 etiam
393 5010 632 5063 nomina
698 5007 815 5062 haec
867 5009 1094 5078 quoties
1141 5010 1606 5079 supprimuntur,
1684 5008 1853 5062 toties

166 5084 368 5138 debent
401 5080 580 5134 veluti
620 5096 884 5148 expressa
911 5078 1172 5146 intelligi.

234 5158 314 5209 1'2.
352 5154 448 5208 Nil
470 5155 592 5218 jam
615 5147 783 5220 parta
825 5151 1123 5220 videntur.]
1149 5151 1358 5204 Tantus
1393 5154 1475 5202 est
1505 5147 1712 5202 mentis
1751 5148 1855 5220 hu-

170 5242 348 5280 mana!
387 5226 443 5276 in
470 5219 702 5276 consors
731 5238 936 5292 corpus
960 5219 1140 5287 amor,
1175 5221 1477 5274 utdivitias
1519 5223 1574 5273 et
1603 5219 1851 5290 dignita-

168 5305 264 5357 tes,
299 5296 518 5366 quibus
544 5295 720 5366 rveluti
748 5293 987 5346 totidem
1023 5292 1476 5366 propugnaculis
1500 5296 1700 5366 mutua
1731 5307 1852 5344 cor-

166 5362 337 5439 prmis—
371 5365 698 5439 mentisque
755 5363 1085 5432 conjunctio
1116 5364 1341 5439 videtur
1372 5362 1602 5439 servari
1640 5377 1848 5439 posse,

168 5433 319 5494 mens
353 5440 480 5508 ipsa
511 5433 703 5505 cupiat
731 5451 844 5488 non
877 5441 1068 5508 modo,
1101 5434 1195 5486 sed
1231 5433 1413 5486 verbis
1444 5433 1851 5508 cogitationem

171 5504 546 5565 referentibus
577 5504 754 5559 Deum
786 5505 994 5574 smpius
1016 5510 1177 5574 roget
1212 5520 1224 5558 :
1251 5521 1427 5575 quare
1462 5504 1683 5556 virtutis
1717 5504 1841 5569 fuit,

171 5591 217 5636 et
248 5581 503 5652 quidem
539 5579 648 5631 Deo
689 5577 1026 5652 gratissimae
1048 5593 1068 5652 ςΔ
1097 5577 1588 5652 quod__Sa|omon,
1621 5576 1851 5652 optione

172 5646 448 5725 ejusmodi
489 5649 777 5725 bonorum
828 5648 1209 5725 sibi_rdel_a_ta,_
1261 5647 1464 5700 iisdem
1506 5646 1851 5715 contemptis

174 5718 508 5797 sapientiam
548 5737 581 5774 a
614 5721 725 5775 Deo
759 5718 1012 5790 petierit,
1063 5720 1131 5773 Ill
1176 5720 1312 5790 Reg.
1364 5734 1488 5790 cap.
1543 5733 1622 5786 ιιι,
1674 5733 1850 5788 quare

1956 2501 2122 2573 etiam
2181 2503 2437 2558 Christus
2495 2503 2771 2573 Dominus,
2817 2499 3075 2572 pluribus
3115 2494 3470 2573 argpmentis
3503 2491 3645 2573 illud

1955 2572 2299 2646 desiderium
2328 2576 2591 2645 reprimit
2621 2572 2798 2628 Matth
2812 2567 2832 2628 .’
2859 2589 2938 2624 vn.
2974 2573 3037 2646 In
3068 2573 3187 2646 toto
3206 2567 3524 2646 Evangelia,
3558 2567 3647 2646 iu-

1955 2644 2162 2713 quiunt
2197 2634 2558 2715 interpretes,
2609 2647 2792 2699 nullus
2824 2644 3000 2715 animi
3021 2643 3253 2715 allectus
3287 2643 3437 2693 tanto
3464 2634 3646 2715 studio

1954 2709 2016 2768 dc
2050 2720 2123 2768 tot
2154 2709 2595 2784 arqumientorum
2623 2716 2944 2770 machinisa
2974 2711 3184 2787 Christo
3214 2713 3568 2787 oppugnatur
3597 2709 3646 2758 et

1953 2777 2325 2858 evelliturfAt
2347 2804 2507 2841 amor
2536 2788 2651 2852 ille,
2687 2787 2942 2854 adeoque
2975 2784 3124 2836 bona
3155 2777 3498 2858 existimatio
3533 2777 3646 2855 ho-

1953 2857 2126 2909 minis
2149 2858 2206 2911 in
2237 2859 2462 2911 divitias
2495 2863 2550 2912 et
2589 2858 2893 2927 dignitates
2913 2870 3028 2927 non
3049 2856 3317 2927 _versatur
3355 2856 3466 2927 nisi
3496 2862 3648 2900 circa

1953 2927 2235 3000 ejusmodi
2293 2930 2466 2993 bona,
2513 2925 2940 3000 quas—nondum
2971 2925 3257 3000 habentur
3301 2925 3647 3000 :postquam

1953 2990 2107 3051 enim
2136 3000 2332 3063 homo,
2369 2990 2962 3068 facto-experimento,
2995 2994 3176 3069 novit,
3198 2990 3515 3069 benebene
3544 3005 3644 3069 au-

1953 3085 2086 3137 gere
2118 3071 2328 3140 potius,
2363 3087 2538 3141 quam
2571 3063 2829 3123 minuere
2874 3065 3152 3141 miserias,
3198 3063 3392 3141 habita
3420 3063 3644 3138 temnit,

1961 3133 2296 3212 mutataque
2319 3133 2585 3212 subjecta
2605 3157 2722 3194 suae
2739 3134 3181 3212 existimationis
3201 3133 3404 3202 suique
3437 3133 3648 3212 amoris

1959 3205 2220 3278 materia:
2244 3205 2496 3266 nondu'm
2529 3213 2723 3266 habita
2740 3210 2913 3264 simili
2932 3206 3211 3262 desiderio
3240 3205 3644 3274 prosequitur:

1953 3284 2034 3336 nil
2061 3284 2181 3349 iam
2211 3291 2377 3352 parta
2414 3285 2692 3338 videntur.
2727 3280 3058 3336 Juvenalis:

2016 3373 2222 3436 [nterea
2241 3372 2397 3435 pleno
2423 3372 2548 3420 dum
2569 3371 2758 3422 crescit
2782 3368 3026 3436 sacculus
3055 3379 3178 3426 iere,
3284 3426 3294 3436 _
3515 3423 3524 3432 .

2016 3434 2212 3482 Crescit
2242 3427 2391 3483 amor
2419 3436 2644 3492 nummi,
2673 3436 2933 3496 quantum
2965 3431 3079 3493 ipsa
3107 3427 3334 3492 pecunia
3362 3427 3568 3474 crescit.

2027 3517 2335 3586 Propterea
2359 3516 2613 3582 avaritia,
2641 3531 2774 3586 quas
2791 3528 2943 3586 nunc
2961 3510 3168 3586 dicitur
3182 3523 3324 3586 saeva
3343 3504 3647 3586 rapacitas,

1954 3579 2457 3657 instar-cujusdam
2491 3579 2732 3641 monstri
2764 3582 3124 3657 insatiabilis,
3137 3579 3478 3657 perhibetur
3504 3592 3650 3657 quae-

1956 3659 2064 3711 sita
2100 3653 2290 3712 vorare
2329 3664 2385 3712 et
2430 3660 2567 3713 altos
2616 3659 2799 3711 hiatus
2837 3655 3098 3724 pandere.
3137 3653 3451 3724 Propterea
3479 3653 3646 3724 etiam

1955 3730 2108 3782 nulla
2150 3731 2311 3795 frena
2351 3731 2595 3800 possunt
2635 3722 3323 3800 pracipitemcupidinem
3371 3725 3515 3800 certo
3543 3722 3648 3788 ﬁne

1955 3793 2215 3865 retinere;
2249 3793 2401 3869 quod
2438 3793 2714 3854 nimirum
2750 3793 2874 3852 sitis
2904 3795 3159 3860 habendi,
3199 3793 3432 3862 acceptis
3459 3806 3645 3844 mune-

1955 3871 2110 3924 ribus
2137 3885 2376 3925 crescens
2403 3871 2670 3925 ardescat.

2036 3941 2117 3994 19.
2152 3943 2450 4010 Nunquam
2496 3942 2644 3995 dives
2677 3942 2837 4008 agit.]
2884 3940 3132 3993 Fortuna
3163 3951 3228 4010 e_x_
3261 3932 3426 4010 dictis
3455 3930 3648 4010 infert,

1960 4029 2078 4080 eos,
2111 4014 2204 4082 qui
2243 4006 2441 4066 haberi
2483 4014 2666 4064 solent
2698 4006 2918 4074 divites,
2954 4023 3150 4061 revera
3176 4006 3384 4082 divites
3414 4019 3528 4082 non
3564 4006 3652 4082 vii-

1963 4075 2089 4136 vere
2125 4075 2307 4154 (agere
2350 4085 2505 4136 enim
2537 4084 2646 4148 liic,
2683 4090 2742 4134 ut
2782 4082 2940 4154 apud
2976 4077 3329 4154 Terentium,
3371 4075 3524 4128 idem
3547 4077 3653 4154 _est

1961 4147 2385 4225 quod‘vivere),
2430 4147 2858 4226 quodpinquit,
2897 4147 3386 4226 ejusuiodi‘dives,
3422 4148 3651 4215 praster-

1961 4221 2135 4296 quam
2163 4226 2315 4296 quod
2346 4221 2466 4280 sese
2480 4225 2652 4279 credit
2680 4221 2939 4296 egentem,
2955 4226 3010 4274 et
3032 4221 3212 4296 gemit-
3227 4221 3464 4271 amissas
3491 4229 3650 4296 opes,

1963 4284 2017 4350 ἑι
2042 4284 2211 4364 timet,
2261 4314 2330 4351 ne
2369 4303 2682 4367 praesentes
2709 4284 2996 4367 amittat:
3032 4284 3647 4367 trepiduslgemensbld

1963 4368 2120 4438 prius
2151 4357 2498 4438 exposuerat
2525 4367 2872 4422 Claudianus
2903 4363 3050 4416 libro
3074 4379 3089 4415 1
3109 4357 3181 4414 fin
3204 4358 3376 4425 Rulli,
3411 4372 3462 4410 v.
3500 4357 3600 4408 196
3636 4370 3646 4406 :

2091 4466 2207 4523 Quo
2232 4478 2424 4530 vesane
2455 4465 2598 4513 ruis?
2625 4465 3136 4530 teneaslutrumquen
3153 4455 3336 4530 licebit

2091 4520 2377 4587 Oceanum,
2414 4528 2554 4592 laxet
2583 4524 2892 4592 rutilostibi
2923 4520 3311 4592 bydiafontes,

2087 4586 2391 4653 Jungantur
2417 4591 2608 4639 solium
2633 4588 2796 4654 (Σιωδὶ
2829 4586 3052 4649 Cyrique
3078 4586 3239 4654 tiara;

2087 4642 2366 4716 Nunquam
2399 4654 2545 4701 dives
2576 4653 2694 4716 eris,
2727 4642 2997 4716 nunquam
3026 4645 3285 4694 satiabere
3315 4642 3536 4705 questu:

2089 4709 2305 4780 Semper
2337 4717 2490 4778 inops
2518 4715 2821 4778 quicunque
2850 4709 3011 4773 cupit.

2034 4807 2255 4861 Scilicet
2306 4821 2437 4859 cum
2467 4804 2644 4868 dives,
2699 4808 2763 4856 ut
2792 4802 2871 4855 ait
2899 4800 3074 4852 Varro
3108 4812 3163 4850 iv
3200 4795 3333 4871 de_l.
3368 4793 3434 4859 1.,
3469 4807 3503 4871 a
3531 4789 3656 4871 divo

1964 4877 2203 4941 dicatur,
2238 4877 2329 4930 ille
2363 4881 2583 4930 tantum
2603 4862 2777 4938 dives,
2812 4871 2931 4942 qui,
2957 4877 3232 4940 tanquam
3269 4867 3435 4930 Deus,
3457 4866 3513 4918 et
3531 4862 3656 4916 aliis

1963 4955 2020 5003 et
2038 4949 2144 5001 sibi
2176 4948 2319 5002 nihil
2347 4947 2604 5016 indigere
2637 4945 2878 4998 videtur.

2036 5035 2051 5068 ¹
2095 5032 2389 5106 Hisceres.]
2429 5037 2644 5088 Hiscere
2691 5032 2900 5086 dicitur
2931 5030 2999 5083 ab
3032 5031 3188 5106 hiare
3223 5043 3234 5082 :
3283 5028 3434 5080 hiare
3465 5026 3653 5106 autem

1961 5109 2194 5178 proprie
2227 5113 2311 5160 est
2342 5093 2609 5178 spiritum
2637 5109 2834 5178 aperto
2865 5119 2962 5178 ore
2985 5101 3247 5178 emittere
3280 5111 3502 5178 square.
3537 5093 3656 5178 his:

1962 5166 2152 5233 cereis
2193 5166 2422 5248 proprie
2454 5166 2686 5239 dicitur;
2733 5172 3144 5248 quiloquendi
3173 5166 3394 5248 gratia,“
3411 5166 3656 5248 diductis

1961 5251 2156 5314 labris,
2193 5233 2266 5303 ὀε
2300 5233 2527 5318 Ἄρει-ιι.
2582 5233 2720 5300 Hinc
2751 5233 2973 5300 Ὗυιιιυὲ
3006 5261 3035 5296 v
3355 5233 3658 5318 glespo'nde-

1960 5337 2084 5374 rene
2115 5305 2188 5374 ad
2219 5323 2324 5374 haec
2356 5305 2452 5372 aut
2485 5323 2698 5373 omnino
2731 5320 2934 5372 hiscere
2965 5305 3319 5369 audebis‘fet
3358 5305 3554 5375 Virgil.
3593 5319 3654 5356 ιιι

1959 5393 2114 5455 Ain"
2151 5409 2201 5446 v.
2235 5392 2340 5446 313
2373 5407 2386 5444 :

2084 5489 2332 5554 Implevit
2361 5488 2589 5554 clamore
2619 5487 2823 5554 locum;
2855 5486 2943 5533 vix
2973 5495 3142 5554 pauca
3159 5476 3368 5551 furenti

2085 5543 2337 5614 Subjicio,
2371 5556 2422 5600 et
2451 5551 2583 5599 raris
2609 5543 2850 5599 turbatus
2871 5543 3091 5594 vocibus
3119 5543 3284 5591 hisco.

2028 5641 2051 5675 ³
2089 5642 2383 5711 Speciosa.l
2418 5642 2554 5706 Quae
2588 5640 2800 5693 scilicet
2828 5654 2871 5711 ξιΔ
2890 5637 3116 5711 fortuna
3155 5630 3503 5711 introducta,
3533 5626 3656 5680 sive

1960 5702 2144 5771 soluta
2176 5713 2292 5768 sive
2323 5702 2515 5767 stricta
2537 5712 2798 5766 oratione
2819 5708 2967 5762 dicta
2989 5709 3141 5772 sunt,
3165 5703 3286 5757 haec
3313 5702 3359 5756 si
3391 5715 3508 5755 non
3523 5714 3656 5752 vera
