3972 6172
135 305 224 356 673

1111 296 1204 350 DE
1242 296 1767 352 CONSOLATIONE
1806 295 2287 351 PHILOSOPHUE
2327 296 2456 350 LlB.
2500 297 2564 349 ll.

3489 298 3595 352 674

129 446 227 495 tate
267 437 480 506 vidisti;
530 451 655 490 cum
702 435 919 489 eisdem
962 434 1021 488 in
1069 451 1205 489 cura
1242 434 1263 469 ί
1312 435 1537 489 curules
1582 443 1606 469 ⁸
1650 434 1786 488 insi-
1824 437 1869 488 A
1899 441 2056 493 eunt.
2122 439 2266 491 nz
2320 434 2406 488 An
2454 439 2514 487 tu
2558 433 2617 487 in
2666 433 2813 486 hanc
2859 431 2879 466 ⁷
2934 433 3059 487 vita:
3108 442 3128 467 °
3175 450 3400 487 scenam
3441 450 3593 488 nunc

128 528 362 584 dentibus
394 530 453 580 tu
489 524 651 596 regia!
684 524 868 578 laudis
899 528 1108 591 orator,
1133 523 1352 595 ingenii
1382 525 1497 594 (lO)
1517 524 1779 594 gloriam,

129 615 493 683 facunditeque
538 612 796 666 meruisti
844 626 855 665 :
898 618 981 666 ll
1006 618 1032 665 l
1090 628 1219 665 cum
1255 611 1278 642 ²
1307 612 1367 665 in
1412 612 1559 664 circo
1596 615 1616 646 ³
1642 612 1783 665 (1υο-

130 720 237 759 rum
276 703 495 756 medius
532 702 833 755 consulum
878 700 1238 754 circumfusae
1278 699 1662 755 multitudinis
1693 715 1785 754 ex-

130 792 529 864 spectationem,
551 790 885 858 triumphali
915 789 1217 859 largitione
1240 789 1476 843 satiasti.
1505 788 1717 843 Dedisti
1739 791 1781 854 Β,

132 888 182 935 ut
202 882 428 951 opinior,
463 880 630 933 verba
656 880 923 946 fortunae,
947 879 1082 933 dum
1111 885 1165 932 te
1196 879 1293 932 illa
1326 878 1629 945 demulcet,
1648 878 1786 931 dum

133 979 191 1037 te,
230 975 286 1023 ut
313 969 538 1023 delicias
585 984 736 1035 suas,
769 970 937 1023 fovet.
986 972 1009 1005 ⁸
1042 969 1259 1033 Munus,
1309 968 1458 1037 quod
1492 966 1635 1020 nulli
1678 982 1786 1021 un-

132 1076 275 1130 quam
319 1059 537 1129 privato
589 1058 1068 1125 commodaverat,
1120 1057 1421 1111 abstulisti.
1484 1058 1560 1127 (5)
1616 1055 1787 1109 Visne

130 1150 278 1218 igitur
304 1164 425 1201 cum
458 1147 692 1201 fortuna
733 1147 756 1180 ⁸
786 1147 1064 1201 calculum
1095 1154 1115 1180 ε
1144 1145 1403 1216 ponere?
1436 1144 1460 1179 ⁸
1488 1147 1648 1200 Nunc
1676 1146 1701 1187 ἀ
1732 1152 1787 1199 te

132 1239 347 1308 primum
392 1236 593 1291 liventi
624 1238 790 1291 oculo
827 1236 1175 1306 perstrinxit.
1212 1235 1273 1288 Si
1303 1251 1610 1289 numerum
1656 1250 1789 1288 mo-

134 1327 350 1397 dumque
412 1326 679 1380 laetorum
725 1325 1048 1379 tristiumve
1096 1324 1445 1392 consideres,
1494 1324 1681 1377 adhuc
1732 1326 1788 1377 te

131 1413 319 1468 felicem
366 1430 579 1484 negare
612 1431 729 1468 non
760 1414 957 1484 possis.
1002 1413 1162 1477 Quod
1203 1412 1249 1465 si
1291 1412 1498 1466 idcirco
1528 1417 1582 1466 te
1614 1411 1790 1465 fortu-

131 1508 295 1557 natum
334 1519 453 1557 esse
503 1519 622 1557 non
672 1502 981 1567 existimas,
1023 1500 1296 1571 quoniam
1337 1516 1465 1571 qua:
1493 1504 1627 1554 tunc
1658 1500 1790 1553 lecta

132 1592 451 1657 videbantur,
480 1592 776 1657 abierunt;
804 1607 921 1645 non
949 1594 1035 1643 est
1054 1589 1207 1659 quod
1233 1594 1284 1642 te
1308 1589 1579 1643 miserum
1601 1592 1786 1659 putes,

132 1682 388 1752 quoniam,
438 1697 573 1752 quae
616 1681 729 1751 (10)
761 1696 914 1734 nunc
950 1680 1263 1734 creduntur
1297 1684 1520 1745 maesta,
1551 1684 1789 1748 praeter-

1892 528 2149 596 primum
2172 523 2414 589 subitus,
2438 522 2764 592 hospesque
2785 521 3029 575 venisti?
3048 520 3301 575 ullamne
3322 521 3592 577 humanis

1893 616 2066 669 rebus
2096 617 2280 669 inesse
2314 611 2697 666 constantiam
2727 610 2889 677 reris,
2922 627 3051 664 cum
3082 610 3271 681 ipsum
3303 628 3455 682 saepe
3486 613 3592 667 ho-

1894 704 2112 759 minem
2145 704 2164 738 ¹
2192 704 2349 757 velox
2382 701 2525 754 hora
2554 699 2858 754 dissolvat?
2888 700 3029 753 Nam
3070 700 3174 753 etsi
3206 716 3333 754 rara
3362 705 3446 754 est
3472 701 3587 755 for-

1895 795 2055 848 tuitis
2100 791 2371 847 manendi
2404 791 2568 856 fides,
2608 790 2845 843 ultimus
2876 793 3071 843 tamen
3100 789 3229 843 vitae
3269 789 3389 843 dies
3438 806 3591 844 mors

1897 883 2161 953 quendam
2192 882 2439 936 fortuna:
2472 884 2557 932 est
2595 878 2767 931 etiam
2799 891 2829 932 Β
2858 877 2933 948 (5)
2965 878 3268 932 manentis.
3302 879 3447 943 Quid
3478 879 3595 949 igi-

1896 975 1990 1024 tur
2020 971 2229 1024 referre
2259 969 2465 1040 putas?
2493 968 2650 1022 Tune
2679 966 2838 1020 illam
2860 966 3428 1037 moriendodeseras,
3450 983 3523 1023 an
3544 972 3599 1023 te

1895 1060 1994 1114 illa
2024 1059 2295 1131 fugiendo
2314 1058 2341 1111 Τ

2436 1152 2469 1200 1
2489 1151 2580 1200 l3
2612 1144 2897 1199 METRUM
2920 1144 2939 1165 ⁶
2968 1144 3057 1198 IIl.

1896 1248 2299 1301 Anonunnruu.
2358 1270 2430 1285 —
2489 1243 2857 1310 Philosophia,
2927 1242 3324 1297 alternantibus
3394 1242 3483 1295 die
3547 1246 3597 1296 et

1966 1324 2149 1378 nocte;
2197 1315 2429 1385 zephyro
2487 1320 2537 1367 et
2584 1320 2802 1378 austro;
2855 1314 3259 1382 tranquillitate
3300 1318 3351 1368 et
3399 1319 3570 1383 tempe

1968 1394 2109 1443 state
2128 1391 2320 1454 maris,
2351 1386 2551 1455 probat
2570 1386 2711 1438 nihil
2736 1388 2980 1451 genitum
3009 1400 3120 1439 esse
3149 1390 3422 1441 constans.

2042 1495 2183 1549 Cum
2214 1494 2349 1564 polo
2384 1491 2627 1546 Phoebus
2658 1490 2832 1545 roseis
2865 1491 3161 1563 quadrigis

2115 1586 2322 1638 Lucem
2352 1598 2620 1653 spargere
2651 1581 2908 1651 coeperit,

2041 1673 2225 1727 Pallet
2252 1671 2534 1726 albenteis
2562 1670 2825 1725 hebetata
2857 1669 3065 1725 vultus.

1548 1779 1762 1834 INTER
1773 1772 2143 1831 PRETATIO.

189 1886 209 1910 ι
231 1878 410 1943 Sellas,
435 1892 611 1946 supra
639 1891 773 1945 quas
800 1880 858 1929 in
880 1891 1047 1929 curru
1074 1878 1394 1933 insiderent.
1828 1874 1867 1926 Β

188 1951 208 1990 b
235 1950 521 2003 Fortunam
557 1955 669 2002 tum
701 1948 802 2001 tibi
826 1951 1099 2013 faventem
1138 1951 1457 2004 laudavisti.

134 2097 147 2145 ι
184 2031 201 2054 ε
228 2022 461 2088 Repetere
497 2024 742 2075 rationes
781 2036 815 2073 a
844 2023 1090 2086 fortuna,
1120 2028 1378 2093 compter
1407 2035 1547 2091 aveo
1584 2020 1639 2073 1a
1684 2017 1797 2072 for-

152 2107 260 2144 une.

152 2107 260 2144 une.

190 2164 200 2195 ¹
231 2164 417 2232 Incipit
449 2167 497 2217 te
524 2164 716 2232 iniquo
746 2162 894 2218 oculo
920 2165 1143 2217 intueri.

1969 1877 1991 1904 ε
2022 1871 2331 1925 Theatrum.

1972 1940 1991 1976 ί
2018 1943 2403 1996 Brevissimum
2432 1942 2661 2007 tempus.

1976 2025 2006 2067 tt
2035 2013 2372 2066 Constantis.

1977 2084 2081 2138 Ubi
2124 2086 2365 2151 primum
2404 2081 2483 2133 sol
2511 2078 2672 2132 rubeo
2712 2092 2880 2131 curru
2926 2076 3262 2147 quadrijuao
3306 2082 3486 2151 vectus
3518 2080 3600 2133 in-

1898 2158 2056 2225 ctepit
2088 2150 2396 2222 diffundere
2426 2152 2567 2205 diem
2615 2166 2718 2220 per
2753 2151 2962 2215 calum,
2996 2156 3275 2203 nocturna
3300 2150 3483 2204 sidera
3506 2166 3599 2204 rc-

1723 2255 1945 2314 NOTAE.

136 2360 332 2425 lesceus,
377 2360 479 2414 fuit
529 2360 827 2431 patricius,
870 2365 928 2413 et
967 2359 1110 2413 forte
1159 2357 1331 2413 etiam
1374 2358 1631 2431 consul:
1666 2373 1797 2428 quae

136 2432 345 2499 dignitas
374 2449 499 2485 raro
533 2429 668 2485 ante
707 2448 920 2485 annum
961 2431 1316 2493 trigesimum
1351 2429 1749 2483 conferebatur
1780 2445 1793 2482 :

136 2504 467 2626 tquatmobrem
509 2503 715 2574 populi
756 2505 927 2556 etiam
960 2503 1245 2572 suffragiis
1276 2503 1407 2556 felix
1436 2518 1587 2556 nunc
1618 2499 1798 2571 signi—

168 2590 215 2625 ca
242 2591 317 2626 ur.

153 2574 317 2626 icatur.

195 2646 206 2676 ¹
237 2646 445 2699 Curules
470 2644 884 2713 insidentibus]
910 2644 1143 2698 Curules
1165 2651 1441 2698 vocantur
1463 2660 1578 2697 non
1612 2643 1795 2696 solum

139 2716 382 2779 homines,
435 2717 539 2786 qui
580 2718 672 2785 jus
704 2715 989 2769 habebant
1026 2719 1302 2785 ponendae
1357 2716 1648 2781 imaginis;
1696 2715 1795 2766 sed

142 2786 276 2838 etiam
307 2790 471 2848 sellae,
504 2802 686 2856 supra
717 2804 857 2855 quas
889 2788 971 2839 illi
1006 2788 1063 2838 in
1094 2804 1259 2839 curru
1300 2787 1632 2846 insiderent,
1668 2801 1795 2854 quae

142 2860 258 2910 sellae
291 2871 588 2927 propterea
632 2859 897 2910 videntur
929 2874 957 2909 a
988 2874 1154 2910 curru
1188 2860 1349 2911 dicttP
1381 2861 1621 2919 curules;
1653 2859 1798 2908 sicut

142 2927 193 2980 ab
219 2930 366 2981 ebore
405 2933 610 2983 caelato
645 2938 917 2982 vocantur
948 2928 1254 2999 aliquando
1285 2932 1416 2982 ebur
1456 2945 1468 2982 :
1506 2929 1657 2982 unde
1686 2928 1793 2981 llo-

141 3006 221 3052 rat.
247 3001 280 3053 l.
314 3019 325 3053 ι
356 3002 561 3070 Epist.,
594 3018 683 3067 ep.
714 3004 745 3054 6
780 3017 793 3053 :

234 3088 439 3154 Quilibet
468 3089 561 3154 hic
592 3088 757 3135 fasces
788 3087 969 3154 dabit:
1001 3088 1294 3151 eripietque
1324 3087 1529 3154 curule,

238 3151 320 3198 Cui
345 3154 495 3210 volet,
532 3153 868 3213 importunus
898 3151 1050 3198 ebur.

197 3231 247 3284 Et
274 3232 419 3286 Ovid.
454 3249 506 3285 tv
547 3234 615 3286 de
647 3233 831 3293 Pont.,
863 3232 935 3284 el.
969 3232 999 3282 9
1031 3246 1044 3284 :

238 3320 379 3383 Signa
409 3334 628 3383 quoque
658 3320 709 3367 in
740 3319 867 3383 sella
902 3332 1112 3383 nossem
1145 3317 1371 3383 formata
1399 3318 1592 3377 curuli,

332 3390 349 3431 t
378 3381 556 3431 totum
590 3383 831 3430 Numidae
860 3381 1103 3443 sculptile
1129 3381 1303 3429 dentis
1337 3395 1489 3442 Opus.

195 3465 213 3496 ²
256 3465 311 3517 In
356 3462 552 3534 circo.]
604 3464 797 3517 Circus
851 3464 1038 3517 Graece
1093 3459 1281 3521 κύκλος
1343 3460 1661 3534 generatim
1719 3465 1803 3513 est

144 3535 295 3609 omnis
338 3532 611 3601 ambitus,
644 3550 837 3605 gyrus,
870 3534 1044 3599 orbis,
1077 3534 1323 3586 circulus
1364 3548 1376 3585 :
1414 3532 1563 3586 unde
1606 3532 1801 3585 Cicero

145 3618 188 3656 1n
213 3610 348 3660 Arat.
385 3624 397 3660 :

224 3693 412 3741 ‘Vidisti
441 3708 703 3756 magnum
736 3693 1045 3741 candentem
1074 3705 1281 3756 serpere
1311 3692 1509 3740 circum

242 3756 441 3805 Lacteus
472 3759 566 3805 hic
597 3757 760 3804 nimio
783 3769 999 3818 serpens
1034 3756 1263 3803 candore
1290 3758 1521 3802 notatur.

200 3834 283 3888 llic
312 3844 490 3891 autem
539 3836 723 3889 circus
757 3839 840 3887 est
871 3836 1025 3887 locus
1054 3842 1273 3900 ovatus,
1312 3834 1369 3885 in
1403 3850 1535 3903 quo,
1575 3835 1803 3886 auctore

147 3904 415 3977 Tarquinio
459 3910 669 3977 prisco,
723 3906 964 3960 Romani
1012 3906 1177 3958 ludos
1217 3905 1497 3959 faciebant
1534 3920 1569 3977 εί
1600 3919 1801 3973 quam-

152 3975 311 4030 obrem
361 3975 474 4033 ludi
523 3981 609 4031 illi
648 3996 680 4031 a
712 3979 834 4030 loco
868 3977 999 4029 dicti
1032 3984 1165 4029 sunt
1211 3979 1492 4030 circenses.
1533 3976 1643 4028 Usu
1674 3991 1806 4028 vero

150 4056 403 4119 receptum
438 4056 582 4117 erat,
627 4057 690 4102 ut
720 4050 1068 4119 quicumque
1100 4049 1292 4101 consul
1329 4055 1549 4099 creatus
1586 4046 1802 4119 fuisset,

150 4116 221 4169 hic
250 4116 478 4189 profusis
514 4116 1031 4189 opibus'elusmodi
1064 4119 1227 4171 ludos
1259 4119 1584 4171 institueret
1614 4132 1627 4169 :
1665 4118 1806 4169 alio-

152 4189 229 4257 qui
272 4208 367 4245 nec
408 4195 624 4262 populo
672 4200 866 4261 gratus
918 4207 1019 4243 nec
1059 4189 1397 4258 amplissimi
1446 4189 1809 4258 magistratus

153 4275 440 4326 personam,
472 4271 537 4317 ut
572 4280 675 4333 par
705 4270 807 4327 est,
843 4262 1123 4339 sustinere
1153 4262 1468 4339 videbatur.

209 4336 226 4365 ⁸
265 4337 487 4387 Duorum
534 4329 744 4387 nit-dius
792 4329 1111 4403 consulum]
1152 4329 1363 4401 Nempe
1391 4333 1648 4399 ﬁliorum.
1690 4329 1807 4403 Pri-

156 4417 257 4455 mus
286 4408 427 4474 apud
460 4408 748 4459 Romanos
772 4406 947 4468 locus,
972 4402 1162 4474 inquit
1183 4403 1422 4473 Lipsius,
1448 4407 1529 4455 est
1555 4402 1807 4468 medius;

158 4464 433 4541 proximus,
489 4480 689 4531 dexter
772 4464 943 4529 Inter?
983 4464 1312 4528 consulares
1363 4464 1495 4526 vero
1546 4490 1661 4525 non
1707 4464 1807 4542 qui
1848 4464 1888 4516 D

159 4548 351 4618 sapius,
394 4550 489 4602 sed
540 4549 639 4618 qui
679 4548 836 4617 prius
876 4547 1060 4600 fuerat
1096 4546 1315 4612 consul,
1348 4546 1509 4597 alteri
1545 4544 1810 4618 prmfere-

158 4613 296 4670 batur
325 4635 337 4671 :
371 4613 807 4679 quare'Boetius
836 4634 952 4671 non
986 4618 1170 4670 solum
1201 4623 1261 4670 ut
1292 4624 1474 4687 pater,
1510 4613 1609 4669 sed
1640 4616 1809 4669 etiam

162 4694 211 4737 ut
234 4693 409 4742 consul
433 4692 639 4745 medius
668 4690 864 4743 sedere
896 4689 1111 4742 debuit.

218 4762 234 4792 ‘
274 4762 458 4815 Munus
500 4762 647 4831 quod
685 4762 828 4814 nulli
868 4757 1129 4831 privato]
1178 4759 1379 4812 Nullus
1427 4757 1602 4821 enim,
1639 4758 1813 4831 etiam

154 4830 400 4901 princeps,
433 4829 815 4886 eo'felicitatis
848 4829 1127 4900 pervenit,
1160 4836 1221 4883 ut
1248 4832 1447 4884 eodem
1478 4845 1630 4882 anno
1674 4829 1813 4882 duos

157 4898 294 4972 filios,
323 4898 485 4956 aetate
518 4904 684 4959 solita
715 4898 973 4956 nondum
1006 4908 1322 4972 provectos,
1360 4901 1656 4954 consulum
1690 4901 1812 4970 dig-

157 4970 391 5045 nitatibus
416 4982 645 5028 ornatos
675 4976 893 5027 videret
920 4991 933 5028 :
972 4970 1461 5045 quemadmodum
1494 4973 1636 5045 vidit
1668 4972 1815 5024 Boe-

158 5043 264 5117 tius.
295 5044 434 5117 Vidit
473 5048 705 5117 quidem
744 5047 922 5099 Roma
952 5043 1155 5099 eodem
1185 5061 1363 5117 anno,
1384 5043 1658 5117 rvidelicet
1689 5044 1812 5105 395,

159 5108 413 5184 Olybrium
460 5108 517 5171 et
545 5119 879 5184 Probinum,
922 5117 1066 5170 duos
1108 5116 1281 5171 Probi
1313 5116 1483 5181 filios,
1517 5114 1571 5167 in
1606 5130 1815 5168 consu-

158 5179 253 5235 latu
290 5189 525 5255 collegas
568 5206 581 5243 :
636 5190 731 5242 sed
768 5190 825 5241 hi
862 5179 1105 5257 puerum
1138 5194 1415 5240 exuerant
1446 5179 1647 5240 :iunde
1678 5201 1815 5255 pos-

161 5266 324 5309 sumus
350 5264 664 5313 exclamare
696 5276 823 5313 cum
855 5260 1172 5313 Claudiano
1203 5274 1380 5311 carm.
1416 5274 1455 5320 1,
1488 5274 1539 5309 v.
1574 5259 1642 5310 72
1676 5273 1688 5310 :

261 5346 376 5402 Quis
408 5350 540 5398 Deus
568 5350 826 5398 ambobus
858 5349 992 5397 tanti
1022 5349 1089 5397 sit
1118 5348 1355 5396 muneris
1384 5348 1601 5395 auctor?

220 5429 238 5509 ξ
286 5433 547 5490 Calculum
588 5437 831 5509 ponere]
896 5439 1161 5492 Calculus
1212 5436 1529 5508 generatim
1586 5433 1817 5502 lapillus

166 5504 269 5578 est:
301 5504 746 5575 speciatim—vero
778 5504 1005 5578 signum
1030 5504 1413 5571 notissimum,
1440 5524 1554 5578 quo
1587 5521 1820 5578 compu-

168 5575 323 5649 tantes
353 5579 556 5632 utimur
595 5599 608 5635 :
655 5582 787 5635 hinc
818 5575 1032 5635 titinius
1061 5582 1190 5635 Jun.
1225 5581 1261 5635 Ι.
1298 5597 1333 5634 ιι
1372 5575 1490 5649 Ερῖ,
1525 5576 1690 5646 epist.
1734 5577 1815 5643 14,

169 5640 241 5723 In.
260 5650 654 5723 conditionibus,
689 5653 897 5723 inquit,
944 5652 1243 5721 diligendis
1278 5640 1669 5721 ponendus'est
1707 5640 1817 5701 cat;

172 5716 334 5773 culus:
364 5716 788 5780 Juvenalis'sat.‘
812 5726 843 5778 9
879 5716 892 5778 Ξ

2218 2347 2451 2393 Ponatur
2477 2342 2735 2401 calculus,
2764 2342 2941 2392 adsint

2094 2409 2222 2458 Cum
2251 2408 2431 2456 tabula
2458 2407 2604 2469 pueri

1905 2493 2046 2547 Cum
2076 2490 2305 2544 fortuna
2336 2487 2514 2557 igitur
2534 2487 2811 2540 calculum
2842 2486 3051 2539 dicitur
3072 2501 3305 2555 ponere,
3332 2487 3429 2557 qui
3459 2486 3604 2542 facta

1904 2563 2189 2617 bonorum
2226 2561 2624 2628 malorumque
2651 2575 2683 2611 a
2715 2558 2941 2611 fortuna
2973 2564 3336 2626 acceptorum
3364 2575 3601 2629 compa-

1906 2636 2151 2698 ratione,
2187 2632 2403 2700 digitis,
2429 2630 2700 2694 articulis,
2738 2630 2966 2698 lapillis,
2990 2636 3087 2681 aut
3108 2630 3459 2698 quibuslibet
3478 2630 3603 2684 aliis

1906 2706 2056 2759 notis
2090 2708 2403 2771 computat,
2432 2711 2693 2753 utrorum
2729 2701 2912 2769 major
2934 2702 3004 2751 sit
3032 2716 3273 2753 summa.

1976 2774 2000 2809 ⁵
2052 2777 2203 2829 Nunc
2244 2781 2292 2826 te
2334 2777 2571 2840 primum
2602 2774 2787 2823 licenti
2826 2773 2974 2823 oculo
3004 2771 3378 2839 perstrinxit]
3412 2771 3606 2826 Innuit

1905 2845 2289 2914 Philosophia,
2356 2843 2757 2914 adversitatem
2810 2847 3146 2910 praesentem
3201 2842 3379 2894 Boetii
3438 2844 3604 2914 longe

1907 2912 2193 2971 minorem
2226 2930 2347 2968 esse
2378 2914 2670 2982 prteterita
2703 2912 2957 2980 ejusdem
2986 2914 3363 2980 prosperitate
3394 2928 3405 2964 :
3442 2912 3603 2982 quasi

1908 2990 2060 3042 dicat
2094 3004 2105 3040 :
2141 2989 2367 3039 fortuna
2399 3004 2425 3034 a
2457 2984 2667 3036 teneris
2689 2983 2853 3035 annis
2886 2999 3174 3052 prospera,
3200 2999 3349 3035 nunc
3370 2984 3603 3036 adversa

1909 3076 2032 3112 esse
2080 3058 2303 3127 incipit,
2335 3072 2513 3125 eaque
2551 3070 2663 3107 nou
2699 3054 2876 3127 tactis.
2922 3055 3015 3127 sed
3049 3054 3213 3127 oculo
3256 3060 3476 3106 tantum
3511 3055 3597 3127 inq—

1909 3131 2160 3195 vidente,
2196 3125 2298 3181 nec
2331 3130 2580 3197 graviter
2601 3126 2857 3194 quidem,
2882 3125 3439 3197 scdperstringendo
3475 3125 3607 3177 levi-

1908 3208 2025 3265 ter;
2080 3201 2219 3270 quin
2271 3200 2315 3251 si
2344 3196 2494 3266 quid
2548 3197 2909 3248 intolerabile
2953 3196 3405 3270 vi_deatur,gil|ud
3439 3196 3606 3249 citius

1909 3267 2207 3325 evanescat
2240 3286 2253 3323 :
2293 3285 2469 3338 quare
2496 3270 2544 3321 si
2574 3282 2854 3320 numerum
2885 3267 3211 3336 modumque
3243 3268 3480 3320 lartorum
3508 3269 3608 3321 tri-

1908 3346 2138 3397 stiumve
2168 3340 2491 3406 consideres,
2523 3339 2702 3391 adhuc
2734 3346 2783 3391 te
2812 3340 3023 3402 felicem
3051 3354 3246 3405 negare
3274 3355 3381 3391 non
3410 3341 3604 3407 possis.

1981 3415 2000 3443 ⁷
2061 3415 2196 3467 Vitae
2244 3410 2500 3480 scenam]
2558 3410 2756 3473 Scena,
2809 3409 3015 3463 Grtrris
3070 3414 3254 3477 σκηνὴ,
3316 3412 3610 3463 umbracu-
3664 3460 3667 3463 ν

1912 3486 2043 3544 lum,
2078 3500 2331 3553 primum
2365 3483 2472 3535 fuit
2513 3497 2740 3534 camera
2774 3497 2837 3533 ex
2887 3483 3157 3534 arborum
3193 3483 3249 3533 in
3298 3499 3354 3533 se
3395 3482 3605 3534 cuban-

1910 3558 2053 3610 tium
2092 3556 2263 3608 ramis
2303 3570 2365 3606 ac
2400 3554 2698 3606 frondibus
2741 3553 2854 3604 sive
2898 3561 3100 3605 natura
3146 3554 3260 3605 sive
3307 3560 3426 3605 arte
3458 3569 3608 3605 com-

1910 3630 2117 3698 posita,
2147 3628 2205 3679 in
2236 3642 2349 3696 qua
2377 3640 2549 3698 verno
2578 3625 2894 3698 praesertim
2927 3631 3185 3693 tempore
3218 3641 3249 3676 a
3275 3625 3606 3698 pastoribus

1912 3696 2170 3751 carmina
2207 3697 2441 3749 diversis
2489 3698 2642 3749 sonis
2693 3696 3069 3748 cantabantur
3109 3712 3121 3749 :
3169 3697 3321 3749 unde
3365 3696 3557 3765 Virgil.
3594 3713 3607 3748 ι

1911 3771 2064 3837 Em,
2096 3786 2148 3822 ν.
2191 3770 2307 3820 166.

2040 3856 2171 3903 Hinc
2203 3858 2357 3915 atque
2386 3852 2513 3901 hinc
2541 3855 2704 3900 vastae
2736 3866 2912 3914 rupes,
2940 3853 3241 3915 geminique
3268 3854 3541 3903 minantur

2038 3918 2095 3981 In
2134 3917 2325 3981 cmlum
2343 3915 2555 3981 ec0puli
2592 3930 2603 3962 :
2634 3915 2991 3981 quorum‘sub
3022 3917 3211 3963 vertice
3238 3916 3341 3965 late

2038 3977 2270 4041 EqUora
2297 3983 2408 4041 tuta
2438 3977 2597 4041 silent
2624 3992 2635 4024 :
2670 3982 2779 4024 tum
2816 3977 2960 4024 silvis
2987 3991 3143 4025 scena
3178 3979 3408 4041 coruscis

2042 4040 2296 4104 Desuper,
2328 4040 2669 4101 horrentique
2700 4044 2870 4086 atrum
2905 4053 3092 4087 nemus
3133 4040 3374 4089 imminet
3408 4042 3611 4091 umbra.

1920 4123 2134 4178 Deinde
2182 4138 2347 4175 scena
2381 4120 2485 4173 fuit
2517 4120 2771 4173 occultus
2804 4119 3012 4173 theatri
3045 4120 3220 4184 locus,
3259 4121 3317 4172 in
3360 4138 3473 4190 quo
3517 4138 3614 4175 ac-

1916 4199 2067 4249 tores
2099 4193 2211 4246 sive
2239 4192 2437 4245 aulazis
2459 4192 2574 4245 sive
2604 4190 2729 4242 aliis
2761 4191 3102 4260 quibusdam
3126 4191 3260 4243 velis
3282 4193 3414 4243 tecti
3439 4194 3614 4246 latere

1918 4267 2180 4320 solebant
2220 4281 2232 4318 :
2275 4270 2569 4333 postremo
2602 4262 2787 4315 brevis
2818 4261 2917 4314 sed
2948 4262 3173 4329 integra
3202 4262 3407 4313 theatri
3440 4263 3611 4329 actio,

1919 4337 1979 4391 in
2015 4354 2130 4406 qua
2173 4337 2379 4405 saepius
2415 4335 2567 4387 idem
2610 4335 2782 4406 homo
2815 4333 3064 4406 diversas
3094 4348 3389 4406 personas,
3425 4334 3614 4388 tristes

1921 4404 2115 4471 modo,
2152 4404 2320 4460 modo
2364 4408 2519 4459 lentas
2550 4404 2668 4473 agit
2702 4422 2713 4458 :
2752 4420 2863 4473 qua
2900 4404 3117 4456 ratione
3166 4405 3276 4456 vita
3312 4404 3615 4458 hominum

1921 4480 2031 4534 dici
2081 4485 2266 4549 potest
2316 4494 2476 4532 scena
2522 4493 2555 4549 :7
2589 4492 2707 4549 cum
2754 4479 2933 4549 ipsum
2978 4490 3131 4549 sape
3153 4476 3414 4549 hominem
3461 4477 3616 4549 νειοῖο

1923 4546 2390 4616 Ιιονιίάὶεεοιυαε,
2441 4553 2496 4601 et
2545 4548 2604 4600 in
2654 4547 2767 4599 vita
2814 4548 3064 4599 humana
3121 4546 3266 4599 laetis
3314 4548 3618 4601 succedant

1920 4623 2140 4685 tristia;
2200 4627 2259 4674 ut
2320 4624 2375 4674 in
2435 4620 2667 4685 mundo,
2730 4618 2841 4672 diei
2901 4634 3031 4683 nox,
3099 4618 3347 4687 zephyro
3403 4624 3615 4685 auster,

1921 4691 2324 4763 tranquillitati
2355 4696 2661 4762 tempestas
2691 4690 2937 4743 succedit
2971 4706 2984 4743 :
3020 4704 3135 4759 qua
3165 4689 3233 4743 de
3268 4705 3328 4744 re
3359 4690 3618 4761 sequitur

1926 4781 2176 4819 carmen.

1990 4848 2011 4869 ο
2052 4836 2298 4889 Carmen
2341 4837 2604 4886 constans
2650 4832 2863 4902 duplici
2897 4847 3107 4900 genere
3138 4848 3401 4886 versuum
3449 4832 3617 4886 alter-

1922 4923 2153 4974 norum,
2189 4921 2434 4976 quorum
2482 4905 2638 4974 prior
2682 4905 2987 4971 Sapphicus
3019 4920 3083 4955 ex
3114 4920 3300 4969 coreo,
3342 4905 3615 4975 spondeo,

1923 4978 2169 5048 dactylo,
2215 4983 2269 5030 et
2318 4976 2539 5029 duobus
2583 4977 2762 5048 coreis
2798 4976 3141 5048 :_posterior
3190 4976 3507 5043 Glyconicus
3554 4992 3616 5028 ex

1924 5046 2181 5120 spondeo
2215 5048 2443 5120 sapius,
2478 5046 2791 5120 et_duobus
2818 5046 3057 5120 dactylis
3086 5049 3472 5120 componitur.

2000 5123 2045 5172 l.
2078 5118 2250 5187 Pola]
2300 5114 2485 5181 Polus,
2530 5118 2719 5187 Graece
2759 5114 3289 5185 n6)o;,igeneratim
3321 5124 3404 5170 est
3433 5116 3619 5169 omnis

1923 5190 2194 5244 circuitus
2230 5186 2248 5243 εί
2274 5206 2405 5241 nam
2436 5188 2644 5241 dicitur
2680 5186 2781 5238 ἀπὸ
2820 5195 2918 5238 τσῦ
2957 5187 3151 5251 πολεῖν,
3186 5189 3339 5257 quod
3385 5193 3467 5240 est
3504 5203 3618 5239 ver-

1925 5267 2032 5317 tere
2073 5278 2086 5315 :
2120 5261 2416 5331 speciatim
2452 5276 2586 5312 vero
2616 5266 2700 5331 est
2742 5260 2971 5325 emtum,
3006 5261 3159 5329 quod
3191 5260 3398 5331 ccelum
3428 5262 3619 5331 verta—_

1923 5340 2047 5399 tur;
2090 5328 2269 5401 quare
2317 5331 2557 5384 immota
2605 5330 2726 5384 axis
2775 5328 3126 5394 extremitas,
3185 5346 3297 5382 non
3346 5328 3458 5383 nisi
3508 5329 3617 5379 κατ’

1928 5403 2240 5476 ἀντίφρασινγ
2266 5403 2336 5455 ab
2363 5401 2922 5476 astronomisvocari
2942 5401 3139 5476 potuit
3164 5402 3342 5476 polus.

2003 5470 2372 5542 l."Phwbus..]
2422 5472 2514 5526 Sol
2550 5488 2562 5527 :
2596 5472 2665 5527 de
2695 5472 2903 5527 Phaabo
2935 5470 2974 5527 l.
3007 5485 3047 5539 Ι,
3096 5478 3232 5525 met.
3264 5473 3316 5539 3,
3364 5487 3415 5525 v.
3449 5474 3501 5527 9.
3535 5470 3622 5527 Sic

1926 5546 2227 5601 Lucretius
2253 5545 2351 5598 lib.
2385 5560 2415 5597 v
2448 5560 2461 5598 :

2051 5636 2187 5684 Dum
2217 5647 2369 5683 rosea
2387 5632 2502 5682 face
2532 5632 2611 5682 sol
2640 5631 2858 5681 inferret
2886 5629 3088 5679 lumina
3119 5629 3271 5680 ccelo.

2005 5719 2052 5771 1.
2108 5718 2291 5771 Roseis
2342 5712 2676 5784 quadrigis]
2720 5712 2811 5768 Sol
2858 5727 2891 5766 a
2937 5710 3125 5783 poetis
3168 5710 3409 5784 ﬁngitur
3455 5729 3623 5769 curru
