3996 6170
143 294 231 344 677

713 421 748 467 1
767 419 853 467 17
898 413 1126 468 PROSA
1158 415 1239 467 1V.

139 532 509 581 Aacruaxruu.
545 552 613 559 ——
660 521 1011 588 Philosophia
1040 536 1235 575 rursus
1276 524 1571 589 propositis
1609 537 1807 588 socero,

202 611 374 659 umore,
431 593 656 657 liberis;
701 594 878 645 animo
913 607 1150 661 quoque,
1204 608 1430 660 quorum
1470 596 1685 647 Boetius
1734 599 1811 648 est

203 680 416 734 compos,
457 664 653 733 probat
696 664 937 717 eumdem
966 666 1179 729 felicem
1217 666 1392 730 magis
1440 680 1605 732 quam
1629 667 1811 731 infeli-

203 754 299 792 cem
328 752 435 790 esse
462 735 785 788 habendum.

200 864 325 916 Tum
356 877 461 930 ego
495 869 536 928 ⁸,
570 876 723 925 vera,
757 859 1013 930 inquam,
1047 875 1461 914 commemoras
1503 877 1535 913 o
1569 861 1588 895 ί
1636 859 1812 913 virtu—

144 960 247 1007 tum
272 950 527 1003 omnium
565 949 773 1012 nutrix,
808 965 912 1003 nec
940 951 961 984 ²
990 948 1228 1003 inﬁtiari
1256 966 1487 1021 possum
1518 949 1809 1020 prosperi-

146 1043 255 1096 tatis
282 1056 421 1094 mea:
479 1039 899 1092 velocissimum
940 1054 1190 1093 cursum.
1227 1040 1331 1094 Sed
1367 1039 1473 1093 hoc
1518 1045 1604 1093 est
1658 1038 1811 1109 quod

146 1131 518 1184 brecolentem
570 1128 968 1182 vehementius
1015 1142 1037 1169 ε
1085 1129 1297 1199 coquit.
1355 1129 1492 1183 Nam
1538 1129 1597 1182 in
1655 1126 1812 1182 omni

145 1218 458 1273 adversitate
492 1218 737 1270 fortunae
769 1217 1225 1272 infelicissimum
1290 1223 1433 1271 168
1474 1222 1495 1254 ⁴
1520 1234 1703 1289 genus
1734 1220 1818 1270 est

146 1306 437 1373 infortunii,
459 1305 631 1359 fuisse
656 1305 897 1361 felicem.
924 1305 1029 1361 Sed
1053 1306 1204 1377 quod
1228 1312 1311 1374 tu,
1330 1306 1523 1377 inquit
1544 1310 1588 1374 ἀ,
1609 1306 1631 1340 ⁵
1658 1307 1815 1360 falsae

1144 284 1233 337 DE
1273 283 1799 340 CONSOLATIONE
1837 283 2326 339 PHILOSOPHI/E
2366 282 2504 337 LIB.
2546 284 2615 336 Il.

3511 282 3617 339 6'78

1846 420 1891 471 A
1923 414 2213 485 opinionis
2241 412 2590 484 supplicium
2614 412 2742 479 luis,
2768 412 2822 467 id
2852 413 3019 467 rebus
3042 414 3172 483 jure
3194 413 3478 483 imputare
3500 429 3615 467 non

1921 504 2123 572 possis.
2161 504 2301 557 Nam
2333 503 2377 555 si
2410 508 2465 556 te
2494 503 2601 555 hoc
2636 521 2661 551 «
2696 501 2867 555 inane
2912 518 3126 557 nomen
3163 502 3412 555 fortuitae
3440 502 3617 557 felici-

1929 593 2063 647 tatis
2121 596 2333 659 movet,
2380 608 2549 662 quam
2608 591 2876 661 plurimis
2905 591 3283 661 maximisque
3340 591 3614 653 abundes,

1920 698 2145 736 mecum
2175 686 2407 751 reputes
2440 681 2592 734 licet.
2651 680 2831 750 Igitur
2874 680 2916 733 si
2977 680 3127 750 quod
3157 689 3177 713 θ
3218 680 3278 732 in
3319 681 3476 734 omni
3510 682 3617 736 for-

1919 776 2077 826 tunae
2136 772 2205 840 (3)
2264 772 2381 824 tuae
2411 784 2588 823 censu
2644 768 3126 839 pretiosissimum
3176 770 3525 838 possidebas,
3559 771 3613 825 id

1919 859 2028 914 tibi
2062 859 2337 913 divinitus
2367 858 2614 911 illaesum
2643 857 2847 924 adhuc,
2872 857 3325 929 inviolatumque
3342 865 3617 925 servatur,

1920 950 1942 984 ⁷
1971 949 2260 1019 poterisne
2293 948 2536 1002 meliora
2583 962 2826 1018 quaeque
2880 947 3157 1013 retinens,
3204 948 3273 1002 de
3302 948 3617 1004 infortunio

1918 1037 2045 1109 jure
2076 1037 2094 1071 ¹
2123 1037 2371 1092 caussari
2391 1035 2420 1090 ‘I
2468 1036 2645 1107 Atqui
2675 1036 2827 1106 viget
2856 1036 3182 1101 incolumis,
3224 1036 3368 1092 illud
3406 1039 3617 1109 pretio-

1925 1127 2215 1181 sissimum
2246 1127 2475 1197 generis
2502 1118 2743 1180 humani
2767 1125 2960 1192 decus,
2993 1124 3016 1157 ⁸
3037 1126 3409 1195 Symmachus
3440 1144 3618 1197 socer,

1926 1220 2004 1285 et,
2034 1215 2187 1285 quod
2218 1214 2349 1269 vitae
2381 1213 2568 1285 pretio
2598 1240 2625 1279 ε
2685 1229 2806 1266 non
2859 1212 3050 1283 segnis
3079 1229 3322 1281 emeres,
3354 1214 3440 1267 vir
3468 1219 3624 1269 totus

1926 1318 1993 1357 ex
2024 1303 2307 1373 sapientia
2328 1302 2751 1372 virtutibusque
2810 1301 3014 1369 factus,
3055 1301 3082 1341 ιι
3106 1300 3218 1369 (10)
3258 1318 3491 1357 suarum
3539 1319 3622 1358 se-

1578 1406 1783 1459 lNTER
1792 1403 2147 1459 ΡΒΕΤΑΤΙΟ.

201 1515 220 1537 ³
255 1503 502 1558 Boetius.

202 1580 221 1618 δ
255 1578 555 1630 Memorem.

203 1657 219 1681 ε
252 1648 494 1713 Afﬂigit.

204 1722 223 1761 d
259 1715 648 1787 Philosophia.

1991 1510 2013 1535 ο
2050 1501 2199 1555 Inter
2228 1502 2409 1554 omnia
2426 1500 2665 1565 fortunae
2688 1502 2790 1553 tua
2820 1498 2978 1553 bona.

1992 1572 2015 1613 ι
2049 1573 2324 1625 Accusare
2353 1572 2739 1625 calamitatem.

1990 1651 2016 1685 ε
2052 1643 2283 1696 Lubens.

1994 1714 2024 1756 ιι
2059 1715 2212 1768 Nihil
2234 1713 2570 1783 injuriarum
2590 1712 2697 1767 sibi
2724 1714 2938 1766 timens.

1748 1811 1973 1871 NOTIE.

146 1914 308 1979 modo,
369 1928 492 1982 quo
541 1909 891 1964 considerari
948 1914 1158 1979 potest,
1212 1912 1455 1981 triplicis
1498 1927 1695 1966 rursus
1734 1917 1819 1967 est

146 1985 358 2054 generis,
391 1981 665 2035 videlicet
710 1986 946 2045 asterna,
998 1981 1295 2048 naturalis,
1349 1999 1593 2054 quaeque
1647 1984 1817 2053 vulgo

146 2061 348 2109 vocatur
394 2057 665 2123 positiva.
730 2055 840 2106 Lex
897 2057 1127 2118 aeterna,
1179 2060 1265 2108 est
1305 2054 1496 2107 divina
1532 2056 1816 2123 voluntas,

147 2133 397 2196 quatenus
430 2125 560 2178 haec
584 2140 703 2177 non
734 2139 983 2196 secusac
1028 2125 1191 2190 Deus,
1232 2126 1395 2194 cujus
1418 2129 1499 2179 est
1555 2143 1619 2180 ex
1660 2127 1819 2179 omni

145 2193 435 2250 aeternitate
478 2196 618 2249 fuit:
652 2196 720 2248 de
748 2196 867 2248 haec
911 2193 1037 2263 lege
1070 2193 1517 2251 locutus'Cicero
1546 2213 1584 2250 η
1616 2198 1684 2251 de
1719 2198 1817 2251 Le-

144 2270 320 2339 gibus:
371 2270 532 2322 Hanc
586 2267 761 2333 video,
816 2267 1028 2339 inquit,
1085 2270 1608 2335 sapientissimorum
1648 2272 1821 2334 fuisse

144 2337 461 2404 sententiam,
491 2342 661 2406 legem
681 2354 851 2405 neque
880 2337 1154 2391 hominum
1177 2342 1412 2405 ingeniis
1434 2342 1816 2407 excogitatam,

143 2427 219 2465 nec
242 2417 431 2466 scitum
464 2410 694 2479 aliquod
732 2425 841 2463 esse
864 2410 1208 2476 populorum,
1244 2411 1339 2463 sed
1360 2418 1616 2465 aternum
1649 2412 1819 2480 quod-

146 2484 267 2549 dam,
301 2483 445 2550 quod
468 2486 785 2535 universum
810 2480 1077 2533 mundum
1102 2488 1329 2547 regeret,
1365 2482 1675 2550 imperandi
1693 2498 1818 2550 pro-

147 2556 443 2621 hibendique
479 2555 775 2621 sapientia.
822 2557 968 2604 uo
1002 2552 1111 2606 Lex
1144 2553 1438 2621 naturalis,
1497 2560 1580 2606 est
1620 2554 1821 2607 eadem

147 2625 310 2678 divina
338 2626 630 2689 voluntas,
655 2628 958 2692 quatenus,
986 2623 1156 2677 insita
1188 2628 1359 2693 atque
1379 2625 1578 2677 innata
1611 2624 1816 2693 Specie,

148 2696 449 2749 hominibus
489 2695 797 2748 innotescit
826 2711 837 2747 :
887 2694 957 2747 de
990 2696 1093 2747 hac
1134 2696 1391 2765 loquitur
1420 2697 1573 2749 idem
1604 2696 1819 2749 Tullius

149 2770 240 2821 ide
270 2771 392 2837 Leg.
449 2767 593 2830 Lex,
634 2766 842 2834 inquit,
876 2771 958 2837 est
986 2770 1128 2837 ratio
1160 2770 1329 2819 insita
1358 2770 1416 2820 in
1456 2774 1675 2832 natura,
1704 2782 1821 2835 qua

140 2836 359 2907 jubetea’
388 2853 519 2907 qua:
536 2838 814 2901 facienda,
832 2836 1190 2905 prohibetque
1222 2842 1515 2891 contraria.
1552 2840 1657 2891 Lex
1692 2854 1820 2907 qum

146 2911 285 2978 vulgo
315 2909 533 2962 dicitur
562 2912 799 2977 positivo
843 2912 927 2960 est
957 2908 1159 2961 eadem
1208 2909 1306 2961 Dei
1336 2912 1619 2975 voluntas,
1677 2925 1818 2978 qua-

148 2986 284 3033 tenus
333 2982 456 3033 heec
522 2980 686 3048 signo
738 2978 1096 3032 manifestata
1145 2980 1484 3033 innotescit:
1546 2981 1642 3033 sed
1702 2980 1821 3033 haec

148 3051 460 3104 Christianis
500 3051 610 3102 alia
645 3053 730 3102 est
759 3054 933 3114 vetus,
967 3049 1077 3102 alia
1107 3066 1270 3103 nova.
1307 3052 1446 3105 Cum
1478 3051 1653 3118 igitur
1675 3052 1821 3104 nihil

151 3122 246 3187 fiat,
277 3124 376 3174 nisi
410 3122 519 3173 illa
555 3121 651 3173 Dei
708 3122 909 3174 interni
970 3122 1280 3187 voluntate,
1339 3123 1481 3176 nihil
1513 3123 1684 3176 etiam
1733 3122 1819 3188 ﬁt,

149 3193 237 3245 nisi
270 3198 491 3246 aeterna
518 3194 663 3260 lege.
699 3193 805 3245 Sed
848 3192 998 3261 apud
1032 3192 1400 3262 philosophos
1458 3210 1659 3247 eorum
1690 3209 1818 3263 quae

146 3264 269 3317 ﬁunt
323 3263 600 3333 quaedam
660 3263 1174 3334 dicunturcreari,
1237 3266 1498 3334 quaedam
1550 3268 1817 3331 generari.

148 3336 381 3389 Creantur
409 3352 510 3401 ea,
554 3350 803 3403 quorum
834 3333 994 3386 nulla
1023 3339 1124 3399 est,
1158 3333 1289 3392 .nisi
1320 3336 1568 3389 exterior
1611 3352 1818 3401 causa;

147 3406 391 3459 nimirum
420 3420 535 3459 res.
573 3406 911 3459 Generantur
948 3420 1081 3458 vero
1112 3422 1176 3458 ea
1209 3423 1458 3476 quorum
1500 3413 1707 3476 praeter
1737 3423 1822 3459 ex-

148 3479 385 3531 teriorem
409 3493 672 3540 causam,
698 3476 960 3546 quaedam
983 3482 1067 3547 est
1090 3477 1330 3531 materia
1356 3494 1367 3544 ;
1405 3494 1611 3547 nempe
1652 3478 1817 3531 modi.

148 3547 237 3601 Res
283 3554 679 3619 perseverant,
728 3548 827 3600 sed
877 3546 1028 3600 modi
1071 3553 1401 3602 mutantur:
1445 3555 1645 3603 aeterna
1674 3550 1820 3617 posi-

148 3625 340 3687 tumque
359 3621 477 3687 lege
516 3625 614 3685 est,
669 3622 729 3670 ut
766 3624 969 3672 constet
1015 3623 1257 3684 genitum
1300 3622 1458 3674 nihil.
1515 3620 1670 3674 Unde
1718 3619 1820 3673 Se-

148 3706 263 3744 neca
288 3692 344 3745 in
380 3692 629 3747 Hercule
657 3688 868 3756 (litem,
906 3706 953 3744 ν.
993 3689 1162 3745 1099;

367 3771 532 3829 Quod
566 3774 745 3818 natum
777 3773 857 3818 est
890 3770 1083 3831 poterit
1108 3770 1260 3818 mori.

208 3846 219 3876 ¹
265 3845 551 3897 Virtutum
581 3844 820 3895 omnium
838 3839 1071 3911 nutrite]
1100 3841 1445 3908 Philosophia
1472 3856 1634 3894 :cnm
1668 3840 1823 3894 enim

149 3913 495 3985 philosophia
542 3913 617 3965 sit
663 3912 915 3982 cognitio
976 3913 1128 3964 clara
1176 3912 1553 3985 distinctaque
1597 3928 1819 3985 eorum,

150 4000 257 4054 qua:
287 3984 671 4056 ad’optimam
696 3986 823 4056 vitae
849 3999 1193 4056 morumque
1211 3984 1489 4056 rationem
1512 3984 1821 4056 pertinent,

148 4071 367 4126 cumque
420 4054 715 4111 evidentia
772 4055 845 4126 sit
896 4054 1297 4126 veriretcerti
1345 4054 1549 4123 judicii
1599 4070 1822 4119 norma,

150 4125 430 4196 propterea
481 4128 685 4179 eadem
720 4125 1088 4195 phil050phia
1136 4125 1826 4196 instarprudentissimaz

152 4195 323 4251 matris
354 4200 421 4252 ad
441 4196 993 4265 benejudicandum
1026 4197 1233 4266 primo,
1262 4195 1466 4250 deinde
1496 4196 1565 4249 ad
1591 4197 1827 4249 honeste

150 4270 427 4323 vivendum
467 4269 761 4322 auditores
813 4270 1075 4320 alumnos
1134 4268 1376 4321 inducit.
1438 4268 1597 4331 Hinc,
1636 4268 1828 4337 judice

151 4339 311 4392 Tullio
366 4340 741 4409 philosophia
798 4344 881 4390 est
924 4343 1096 4391 mater
1143 4342 1381 4392 omnium
1427 4339 1828 4405 benefactorum

162 4359 311 4392 lUlllO

152 4415 193 4462 et
222 4359 400 4464 ἐκνηξάῐέ

156 4483 393 4537 radicitus
419 4502 430 4538 :
458 4484 683 4536 virtutis
710 4484 941 4536 continet
963 4488 1014 4535 et
1043 4482 1216 4546 ofﬁcii
1245 4490 1291 4535 et
1323 4483 1449 4535 bene
1475 4481 1692 4535 vivendi
1723 4482 1831 4535 dis-

156 4554 410 4619 ciplinam.

215 4623 234 4654 ²
269 4624 546 4695 lnﬁtiari.]
574 4623 672 4677 Vel
705 4628 768 4677 ut
808 4623 902 4676 alii
932 4624 1172 4689 malunt,
1194 4625 1452 4691 inﬁciari,
1487 4640 1590 4693 pro
1613 4624 1834 4677 diversa

159 4695 409 4766 nimirum
427 4696 676 4749 nominis
692 4696 878 4765 interp
888 4695 1337 4760 retatione,idem
1354 4698 1439 4748 est
1451 4712 1521 4766 qu
1533 4696 1602 4748 od
1617 4711 1830 4761 negare.

160 4765 355 4834 lnﬁcior
378 4770 534 4821 enim
567 4768 750 4820 oritur
779 4768 850 4819 ab
900 4770 961 4820 in
1005 4773 1061 4819 et
1095 4769 1262 4831 facio,
1314 4767 1477 4836 quasi
1506 4766 1702 4819 fecisse
1734 4783 1833 4819 ne-

163 4852 304 4903 gem:
337 4845 591 4909 tuncque
623 4838 985 4891 scribendum
1017 4853 1119 4908 per
1168 4855 1193 4891 c
1236 4841 1480 4906 inﬁcior:
1522 4844 1619 4890 aut
1647 4838 1835 4906 potius

166 4910 327 4979 oritur
356 4912 425 4964 ab
457 4908 517 4963 in
548 4916 602 4963 et
632 4912 830 4976 fateor,
864 4910 1027 4979 quasi
1070 4924 1175 4962 non
1204 4911 1418 4974 fateor:
1467 4908 1648 4961 Latini
1681 4910 1835 4961 enim

170 4978 417 5035 dixerunt
456 4982 790 5052 aliquando,
850 4978 1082 5049 inﬁteor,
1135 4981 1277 5032 sicut
1317 4983 1488 5033 etiam
1528 4980 1696 5033 hodie
1750 4981 1835 5033 di-

167 5056 300 5115 cunt,
350 5057 629 5122 confiteor:
687 5057 936 5122 tuncque
990 5051 1355 5105 scribendum
1406 5056 1553 5122 pert
1599 5054 1832 5121 inﬁtior:

167 5124 375 5177 mallem
411 5126 517 5177 hoc
538 5124 827 5177 ultimum.

224 5194 242 5224 ³
278 5197 602 5249 Recolentem
644 5195 1006 5248 vehementius
1055 5193 1278 5265 coquit]
1328 5195 1612 5248 Memorem
1662 5195 1837 5259 magis

166 5264 383 5333 afﬂigit:
418 5268 644 5319 recolere
683 5266 835 5319 enim
886 5268 1095 5319 dicitur
1126 5283 1159 5318 a
1192 5270 1393 5320 colere:
1444 5266 1608 5319 colere
1644 5272 1837 5318 autem

167 5337 378 5407 proprie
430 5342 517 5390 est
545 5338 710 5391 dare:
764 5337 862 5391 sed
898 5337 1055 5407 quod
1087 5342 1238 5389 terra
1294 5336 1510 5389 arando
1562 5341 1835 5401 versetur,

170 5403 359 5458 factum
411 5413 515 5473 est,
573 5414 632 5461 ut
686 5403 933 5461 verbum.
976 5408 1119 5461 illud
1168 5409 1505 5461 translatum
1548 5408 1721 5460 fuerit
1768 5408 1837 5460 ad

172 5476 583 5542 significandam
617 5495 765 5547 eam,
799 5496 911 5549 qua
946 5495 1105 5531 mens
1136 5485 1332 5532 nostra
1378 5479 1551 5532 veluti
1583 5494 1839 5531 commo-

174 5556 337 5612 vetur,
366 5551 801 5617 cogitationem:
838 5552 970 5603 hinc
1024 5552 1207 5603 cultus
1240 5556 1570 5619 parentum,
1628 5550 1727 5619 qui
1782 5549 1841 5601 in

175 5620 506 5691 cogitatione
551 5622 864 5691 praesertim
914 5628 1199 5675 versatur:
1264 5622 1369 5674 hos
1401 5621 1613 5690 quippe
1666 5636 1730 5672 ex
1775 5636 1841 5672 θο

177 5686 405 5743 dicimur
435 5686 633 5763 colere,
665 5694 818 5763 quod
839 5693 1068 5746 eosdem
1107 5697 1297 5745 mente
1330 5686 1652 5763 praesertim
1683 5705 1845 5744 vene-

180 5770 389 5815 ramur:
446 5762 575 5817 hinc
602 5761 773 5819 etiam
820 5766 1049 5819 recolere
1108 5763 1259 5821 idem
1298 5768 1401 5831 est,
1458 5762 1611 5834 quod
1639 5761 1842 5817 iterata

368 4410 613 4465 lictorum
638 4430 658 4494 ς⁶
703 4416 781 4463 est
810 4411 1026 4493 cultura
1061 4413 1233 4495 animi
1274 4426 1391 4495 qua
1420 4410 1669 4495 ewtruhit'
1691 4413 1831 4495 uitia
1870 4444 1909 4495 Ι)

1926 1909 2297 1963 meditatione
2328 1909 2604 1979 cogitare,
2639 1908 2700 1961 in
2729 1906 3069 1979 memoriam
3109 1921 3397 1977 revocare,
3448 1909 3622 1963 remi-

1926 1981 2092 2034 nisci.
2126 1982 2395 2051 Exempla
2410 1978 2637 2050 passim
2666 1982 3005 2051 occurrunt._
3028 1978 3262 2051 Coguere
3310 1995 3442 2033 vero
3472 1981 3627 2035 idem

1929 2053 2081 2122 quod
2109 2048 2450 2119 angere—sive
2482 2051 2655 2104 etiam
2704 2065 2886 2116 cogere
2908 2066 2929 2122 :_
2964 2048 3280 2103 similitudo
3320 2051 3565 2105 sumitur
3594 2070 3627 2106 a

1926 2120 2301 2193 corporibus;
2351 2123 2502 2192 quod
2548 2120 3038 2193 quemadmodum
3085 2135 3341 2193 corpora,
3380 2138 3511 2192 quae
3538 2140 3628 2178 co-

1928 2191 2189 2264 quuntur
2230 2191 2604 2264 cogu’nturve,
2637 2191 2897 2264 partibus
2928 2192 2995 2244 ad
3028 2206 3149 2245 sese
3172 2191 3430 2264 invicem
3476 2211 3629 2249 acce-

1928 2261 2217 2331 dentibus,
2265 2261 2449 2333 magis
2480 2261 2784 2333 comprimi
2834 2262 3089 2332 adeoque
3120 2261 3189 2315 ad
3236 2262 3490 2318 minores
3520 2267 3627 2321 loci

1928 2338 2221 2406 angustias
2271 2335 2455 2404 redigi
2486 2336 2726 2407 soleant,
2760 2334 2839 2387 ita
2882 2350 3042 2386 mens
3072 2333 3219 2407 tristi
3266 2351 3371 2407 sua
3410 2337 3624 2407 cogita-

1933 2404 2093 2461 tio-ne
2151 2408 2237 2479 ita
2277 2406 2589 2477 constringi
2622 2406 2863 2479 videtur,
2897 2404 3231 2479 u_t___ca3t_eris
3278 2406 3453 2461 rebus
3482 2404 3630 2479 cogi-

1926 2478 2122 2532 tandis
2163 2478 2355 2532 minus
2406 2474 2563 2546 apta,
2612 2476 2853 2530 ulterius
2892 2474 3131 2529 diffundi
3181 2483 3432 2547 nequeat
3481 2474 3629 2550 cogi-

1926 2550 2121 2603 tando.

1996 2621 2019 2652 ⁴
2057 2622 2230 2675 Genus
2270 2622 2565 2686 infortunii
2609 2620 2779 2684 fuisse
2825 2617 3081 2686 felicem]
3127 2618 3249 2690 Non
3298 2620 3533 2690 quidem
3565 2639 3626 2677 re

1926 2692 2134 2764 (quod
2159 2691 2313 2764 enim
2348 2690 2644 2760 praeteriit,
2694 2690 2753 2743 id
2784 2705 2901 2764 non
2935 2694 3017 2742 est
3049 2689 3326 2764 amplius,
3348 2694 3625 2764 adeoque,

1929 2777 2032 2815 ceu
2059 2762 2322 2824 nihilum,
2353 2770 2407 2815 te
2440 2777 2555 2813 non
2589 2764 2773 2829 potest
2822 2760 3010 2828 reipsa
3052 2761 3351 2828 affligere),
3398 2760 3627 2817 sed—co-

1929 2833 2237 2902 gitatione:
2269 2833 2416 2885 sicut
2433 2832 2587 2884 enim
2607 2831 2886 2884 memoria
2903 2831 3184 2902 malorum
3206 2834 3629 2899 praeteritorum

1930 2901 2258 2957 recreemur
2282 2920 2293 2955 :
2317 2906 2437 2957 ch
2468 2904 2595 2955 olim
2637 2905 2942 2954 meminisse
2964 2901 3204 2974 juvabit,
3256 2902 3434 2974 Virg,
3472 2907 3624 2974 quod

1929 2975 2035 3028 hac
2066 2977 2134 3028 de
2186 2975 2437 3045 quadam
2486 2977 2679 3045 nostra
2708 2976 3006 3045 potestate,
3043 2972 3325 3045 industria
3344 2980 3458 3045 aut
3487 2972 3629 3045 qua-

1931 3045 2063 3098 dam
2099 3042 2221 3098 alia'
2244 3046 2394 3098 bona
2426 3044 2700 3114 qualitate
2740 3043 3157 3114 admonemur:
3220 3042 3297 3114 sic
3342 3042 3627 3100 bonorum

1931 3116 2361 3196 praeteritorum
2409 3112 2689 3195 memoria
2718 3112 3052 3196 affligimur,
3096 3114 3248 3196 quod
3282 3113 3386 3195 hac
3416 3122 3627 3196 nostrae

1929 3184 2285 3241 inﬁrmitatis
2303 3187 2710 3258 convincamur
2728 3184 3255 3258 :_quemadmodum
3270 3185 3422 3240 enim
3446 3189 3631 3258 placet

1930 3260 2205 3329 potuisse,
2285 3258 2364 3311 sic
2428 3256 2690 3327 displicet
2751 3255 2968 3309 homini
3039 3255 3237 3325 gloriae
3294 3255 3463 3312 avido
3515 3277 3630 3316 non

1973 3346 2114 3383 OSSB.
2551 3349 2554 3352 ’

1930 3346 2231 3473 gessit-alsia
2277 3349 2554 3468 opinionis.
2598 3397 2973 3473 supplicium]
3000 3398 3093 3451 Est
3137 3397 3373 3473 quidem
3416 3403 3632 3473 suppli-

1931 3471 2084 3544 cium
2112 3473 2226 3544 sive
2255 3486 2425 3544 poena
2456 3470 2684 3544 mentis,
2724 3470 3004 3522 memoria
3044 3471 3352 3544 praeterita:
3390 3470 3631 3544 prospe—

1931 3543 2152 3597 ritatis:
2188 3542 2494 3613 siquidem,
2520 3545 2599 3613 ut,
2619 3541 2847 3613 dictum,
2876 3546 2976 3613 est,
2999 3556 3177 3613 mens
3207 3541 3326 3613 hac,
3352 3541 3631 3599 memoria

1933 3614 2209 3684 affligitur
2237 3610 2383 3667 {sed
2415 3611 2761 3684 supplicium
2795 3612 2935 3684 illud
2990 3610 3144 3665 falsae
3174 3611 3463 3681 opinionis
3507 3622 3628 3670 est:

1933 3682 2079 3738 cum
2117 3701 2183 3738 ex
2241 3685 2348 3738 hoc
2402 3683 2642 3751 oriatur,
2694 3682 2843 3753 quod
2895 3698 3058 3736 mens
3088 3683 3546 3752 prmcipitatione
3580 3692 3634 3741 et

1931 3756 2265 3826 prmjudicio
2316 3760 2440 3808 acta
2490 3755 2633 3807 falso
2682 3753 3022 3826 judicaverit
3062 3755 3417 3823 praeteritam
3474 3758 3632 3811 illam

1932 3824 2369 3897 prosperitatem
2450 3825 2765 3897 constantis
2836 3824 3077 3897 alicujus
3148 3826 3282 3878 boni
3348 3828 3629 3882 rationem

1934 3895 2215 3951 Obtinere.
2267 3896 2652 3960 Quamobrem
2684 3895 2745 3947 id
2789 3895 3131 3965 supplicium
3162 3897 3322 3950 rebus
3358 3900 3486 3965 jure
3529 3903 3631 3954 im-

1932 3975 2131 4038 putare
2151 3983 2256 4021 non
2286 3970 2461 4035 possis
2492 3981 2697 4019 :nemo
2729 3966 2943 4034 quippe
2974 3973 3129 4038 errat
3150 3967 3261 4019 nisi
3292 3972 3505 4023 volens.

2006 4042 2026 4074 ⁸
2065 4041 2240 4092 Inane
2267 4054 2456 4091 nomen
2476 4039 2721 4102 fortuitae
2738 4036 3067 4107 felicitatis.]
3091 4038 3231 4091 Cum
3258 4046 3442 4093 metus
3472 4042 3635 4095 amit-

1937 4111 2128 4164 tendie
2161 4111 2305 4179 ejus,
2342 4125 2472 4179 qum
2512 4109 2842 4160 inconstans
2886 4108 3053 4173 foret,
3084 4109 3381 4179 felicitatis
3412 4113 3477 4163 tit
3504 4130 3635 4167 vera

1937 4178 2435 4247 miseria,idcirco
2469 4180 2625 4232 nulla
2656 4180 2845 4247 reipsa
2884 4184 2968 4231 est
3023 4178 3283 4244 felicitas,
3334 4180 3447 4233 nisi
3496 4198 3634 4236 con-

1939 4258 2094 4306 stans
2122 4269 2135 4306 :
2171 4252 2324 4322 quod
2358 4251 2532 4321 igitur
2563 4250 2799 4303 fortuita
2832 4249 3067 4302 felicitas
3098 4250 3277 4302 instar
3297 4250 3566 4317 fortuna},
3604 4270 3635 4307 a

1940 4340 2053 4394 qua
2083 4321 2217 4377 oriri
2247 4323 2474 4387 dicitur,
2512 4321 2587 4375 sit
2626 4322 2971 4386 inconstans,
3004 4327 3308 4391 propterea
3337 4323 3459 4377 haec
3492 4325 3635 4379 nihil

1940 4395 2113 4448 habet
2140 4396 2424 4461 felicitatis
2457 4394 2566 4445 nisi
2599 4396 2759 4446 inane
2787 4407 2991 4444 nomen.

2011 4468 2031 4501 ⁷
2068 4466 2339 4520 Poterisne
2374 4466 2599 4518 meliora
2636 4466 2869 4517 retinens
2913 4463 2977 4515 de
3006 4464 3309 4528 infortunio
3320 4465 3448 4532 jure
3478 4482 3635 4521 caus-

1943 4538 2107 4607 sari.]
2147 4538 2251 4591 Sed
2306 4543 2448 4601 esto,
2479 4535 2667 4605 inquit
2702 4533 3085 4607 Philosophia,
3121 4551 3250 4607 quae
3282 4535 3531 4601 fortuita,
3565 4541 3638 4592 sit

1942 4625 2074 4663 vera
2092 4606 2375 4661 felicitas:
2412 4623 2540 4660 cum
2573 4606 2881 4680 maximam
2913 4611 3133 4680 partem
3166 4606 3473 4680 bonorum,
3509 4626 3636 4680 quae

1942 4680 2186 4733 fortunae
2230 4683 2458 4748 accepta
2504 4677 2703 4730 referri
2752 4676 2956 4748 debere
3004 4676 3319 4743 arbitraris,
3368 4676 3633 4747 retineas,

1942 4751 2075 4805 felix
2108 4751 2295 4820 potius
2326 4747 2500 4819 quam
2544 4748 2740 4801 infelix
2772 4747 2836 4800 de
2869 4750 3173 4813 infortunio
3208 4748 3340 4815 jure
3360 4765 3464 4804 non
3490 4760 3638 4820 potes

1944 4819 2209 4876 caussari.
2246 4823 2527 4885 Caussari,
2584 4821 2667 4873 vel
2699 4825 2760 4871 ut
2794 4834 2945 4890 nunc
2985 4836 3014 4871 a
3047 4819 3309 4888 pluribus
3349 4819 3636 4890 scribitur,

1944 4896 2181 4958 causari,
2214 4894 2448 4962 proprie
2480 4890 2621 4944 nihil
2651 4894 2735 4964 est
2762 4889 2912 4942 aliud
2947 4905 3374 4964 quamgcausam
3397 4889 3638 4964 alicujus

1945 4965 2129 5019 effecti
2180 4960 2435 5034 quaerere
2495 4966 2593 5017 aut
2646 4960 2887 5015 afferre:
2952 4961 3040 5015 Sic
3093 4962 3286 5031 Virgil.
3343 4960 3634 5036 eclog.'9.

1942 5053 1995 5090 v.
2031 5039 2132 5089 56:

2131 5112 2435 5162 Caussando
2468 5114 2683 5160 nostros
2710 5112 2766 5159 in
2796 5111 3016 5174 longum
3048 5110 3197 5161 ducis
3227 5126 3451 5163 amores.

1945 5190 2128 5255 Quare
2165 5190 2410 5254 Boetius,
2447 5188 2544 5258 qui
2579 5188 2854 5240 hactenus
2890 5190 2958 5241 de
2992 5189 3229 5242 adversa
3255 5189 3485 5242 fortuna
3512 5205 3640 5244 con-

1946 5267 2202 5333 questus,
2261 5261 2330 5314 ab
2385 5275 2451 5313 ea
2508 5258 2731 5333 videtur
2786 5264 2956 5333 tenter
3001 5260 3399 5315 inconstantiae
3442 5277 3640 5314 causas

1946 5330 2296 5404 quaesivisse,
2329 5348 2443 5384 non
2480 5330 2625 5383 male
2654 5345 2805 5404 nunc
2830 5330 3037 5404 dicitur
3067 5334 3314 5404 caussari
3338 5347 3350 5383 :
3378 5333 3640 5400 quamvis

1946 5400 2240 5458 immerito
2292 5409 2607 5464 caussetur;
2636 5407 2700 5455 ut
2738 5401 2858 5471 jam
2895 5400 3257 5468 Philosophia
3280 5402 3637 5458 demonstra-

1947 5476 2048 5543 bit,
2101 5474 2490 5529 enumerando
2540 5476 2686 5526 bona
2738 5473 3165 5547 meliora,__qute
3204 5473 3397 5547 Boetio
3432 5489 3639 5547 super-

1949 5552 2104 5610 sunt,
2138 5561 2347 5615 nempe
2378 5561 2662 5613 socerum,
2695 5559 2951 5609 uxorem,
3009 5543 3239 5610 liberos,
3272 5543 3463 5614 ipsum
3496 5543 3640 5618 quo-

1950 5634 2060 5688 que
2095 5633 2378 5670 animum.

2020 5687 2044 5720 ε
2083 5688 2436 5755 Symmachus
2492 5686 2678 5757 50687,]
2736 5688 2779 5739 Ι,
2842 5684 3211 5757 Philosophia
3273 5690 3645 5745 commendat

1952 5760 2361 5830 Symmachum
2385 5775 2647 5816 socerum
2665 5755 2876 5814 Boetii.
2899 5755 3099 5811 Plures
3125 5757 3362 5813 fuerunt
3383 5759 3639 5831 Symma-
