3996 6170
374 251 484 304 679
1692 241 1806 297 AN.
1851 241 2071 297 MANL.

2201 242 2273 295 V.
2321 240 2566 296 BOETII.
3711 250 3793 301 680

369 395 561 447 curus,
603 379 715 433 tuis
763 377 1085 447 ingemiscit
1129 376 1375 446 injuriis.
1449 382 1591 429 llo
1633 374 1649 406 ¹
1708 375 1853 428 Vivit
1910 390 2057 429 uxor
2097 375 2142 427 A
2172 373 2423 439 fortuna,
2492 378 2638 427 120
2668 387 2771 426 nec
2822 370 2929 424 tibi
2994 369 3239 424 nimium
3290 358 3508 424 validai
3540 376 3795 444 tempestas

372 478 396 504 δ
428 468 661 539 ingenio
712 468 989 535 modesta,
1021 466 1313 536 pudicitiie
1344 464 1567 535 pudore
1615 464 1967 533 praecellens,
1997 468 2074 526 et,
2184 470 2466 537 incubuit,
2497 469 2727 540 quando
2755 473 2981 522 tenaces
3026 466 3250 521 haerent
3303 482 3527 534 ancorae,
3567 486 3677 541 qua
3718 488 3798 525 nec

372 565 433 614 ιη
475 575 672 614 omnes
704 558 828 628 eius
856 558 1017 611 dOtes
1050 555 1298 610 Ῑπθνίίθν
1344 555 1656 621 mollitiam,
1690 557 1715 597 ί)
1743 555 1891 624 Patri
1922 555 2078 608 Simi'
2185 569 2481 641 praesentis
2515 570 2791 634 solamen,
2826 583 2932 621 nec
2962 566 3141 621 futuri
3177 582 3333 635 spem
3363 569 3613 636 temporis
3639 570 3796 627 abesse

378 649 465 703 lis.
498 648 665 715 Vivit,
697 646 956 717 inquam,
984 645 1204 715 tibique
1256 650 1498 712 tantum,
1526 643 1656 697 vitie
1678 643 1849 714 hujus
1887 660 2073 710 exosa,

378 737 643 808 spiritum
675 740 879 801 servat,
914 750 1145 804 quoque
1163 750 1277 788 uno
1294 733 1627 787 felicitatem
1663 732 1847 786 minui
1882 738 2060 800 tuam,

376 829 465 882 vel
498 826 621 898 ipsa
651 824 1053 890 concesserim,
1086 822 1469 877 tuidesiderio
1490 821 1757 891 lacrymis
1789 838 1853 876 ac
1877 822 2074 877 dolore

380 916 453 985 (5)
489 914 744 969 tabescit.
777 912 799 945 ³
832 912 977 977 Quid
1025 912 1211 965 dicam
1243 911 1455 965 liberos
1483 919 1503 944 °
1534 911 1879 972 consulares,
1937 928 2075 982 quo-

377 1020 505 1059 rum
529 1006 674 1075 jam,
725 1006 789 1057 ut
822 1002 881 1056 in
927 1001 987 1055 id
1018 1000 1201 1054 aetatis
1255 999 1467 1071 pueris,
1502 1000 1587 1054 vel
1618 1002 1642 1042 ἀ
1688 1000 1932 1069 paterni,
1983 1004 2073 1057 vel

379 1103 401 1128 ο
430 1094 564 1149 aviti
592 1092 881 1164 specimen
912 1092 1097 1145 elucet
1126 1088 1383 1160 ingenii?
1412 1089 1434 1121 ³
1476 1090 1618 1144 Cum
1649 1088 1825 1158 igitur
1870 1091 2072 1161 praeci-

377 1200 492 1255 pua
529 1183 601 1238 sit
630 1180 968 1236 mortalibus
1016 1180 1144 1233 vitae
1190 1194 1325 1233 cura
1355 1177 1689 1245 retinendas,
1732 1194 1764 1232 ο
1817 1183 1873 1233 te
1900 1179 1947 1233 si
1975 1186 2073 1235 tua

377 1274 529 1329 bona
558 1286 887 1343 cognoscas,
918 1267 1165 1335 felicem,
1210 1267 1302 1321 cui
1356 1271 1672 1337 suppetunt
1714 1267 1888 1323 etiam
1918 1285 2071 1323 nunc

379 1380 509 1435 quae
539 1362 653 1416 vita
679 1376 846 1413 nemo
875 1357 1100 1413 dubitat
1126 1373 1247 1410 esse
1278 1360 1539 1412 cariora?
1558 1357 1741 1420 Quare
1770 1358 1917 1411 sicca
1950 1359 2075 1429 jam

377 1454 677 1525 lacrymas.
713 1449 978 1505 Nondum
1022 1452 1106 1502 est
1134 1448 1243 1518 (l0)
1293 1446 1365 1501 ad
1395 1462 1577 1500 unum
1625 1462 1825 1501 omnes
1854 1448 1874 1488 ι
1903 1464 2072 1503 exosa

2183 667 2495 737 patiantur.
2514 667 2578 720 Et
2600 666 2877 727 haereant,
2904 664 3137 734 inquam
3155 671 3200 730 Β,
3222 676 3419 733 precor
3439 681 3450 717 :
3480 663 3579 717 illis
3597 681 3801 739 namque

2184 764 2570 830 manentibus,
2606 768 2920 833 utrumque
2944 778 3031 815 res
3053 778 3110 814 se
3139 761 3399 827 habeant,
3428 762 3453 803 ιι
3482 764 3803 819 enatabinius.

2178 860 2286 915 Sed
2317 858 2340 894 ⁵
2369 865 2648 931 quantum
2695 860 2866 914 decus
2891 860 2969 929 (5)
3004 858 3355 913 ornamentis
3412 860 3606 912 nostris
3647 860 3801 915 deces-

2182 961 2337 1027 serit,
2371 960 2547 1014 vides.
2585 961 2650 1014 Et
2681 959 2797 1026 illa,
2830 962 2851 995 ⁶
2884 958 3296 1031 promovimus,
3332 957 3565 1029 inquiti,
3593 959 3804 1030 aliquan-

2180 1062 2304 1111 tum
2331 1072 2367 1124 j.
2400 1054 2421 1087 ⁷
2472 1056 2518 1110 si
2548 1062 2603 1110 te
2643 1056 2903 1110 nondum
2939 1056 3113 1109 totius
3158 1059 3273 1108 tum
3330 1054 3487 1107 sortis
3517 1054 3677 1125 piget.
3720 1057 3805 1113 Sed

2181 1152 2204 1186 ⁸
2234 1154 2465 1209 delicias
2495 1152 2520 1189 ¹ι
2563 1159 2691 1208 tuas
2724 1152 2871 1207 ferre
2902 1170 3016 1208 non
3045 1171 3302 1226 possum,
3356 1156 3451 1229 qui
3498 1156 3671 1210 abesse
3718 1157 3805 1210 ali-

2177 1251 2315 1322 quid
2365 1256 2479 1305 tum
2542 1251 2883 1306 beatitudini
2932 1256 3050 1306 tam
3117 1254 3405 1309 luctuosus
3448 1258 3603 1325 atque
3647 1254 3807 1307 anxius

2180 1352 2569 1423 conqueraris.
2605 1352 2743 1415 Quis
2771 1357 2854 1405 est
2905 1352 3061 1405 enim
3120 1359 3235 1407 tam
3271 1356 3285 1387 ι
3319 1355 3629 1423 composita:
3672 1353 3808 1406 felici-

2180 1452 2333 1518 tatis,
2369 1456 2431 1504 ut
2460 1467 2578 1504 non
2610 1448 2797 1504 aliena
2821 1466 2887 1504 ex
2918 1455 3080 1521 parte
3124 1467 3252 1505 cum
3283 1456 3458 1505 status
3480 1450 3562 1504 sui
3584 1449 3809 1521 qualitate

1851 1531 2429 1613 INTERPRETATIO

444 1666 470 1692 ⁸
507 1657 846 1712 Rusticiana.

442 1731 468 1771 Ι)
509 1726 849 1794 Symmacho.

442 1810 465 1835 ο
504 1800 607 1863 Qui
632 1798 751 1865 jam
778 1794 1018 1849 consules
1038 1794 1283 1861 fuerunt.

447 1868 475 1905 δ
510 1871 704 1923 Boetii.

452 1949 474 1977 °
513 1938 844 2007 Symmachi.

452 2011 470 2046 ί
506 2015 774 2065 Ancoras.

2255 1662 2280 1697 ε
2318 1655 2435 1723 Ego
2466 1655 2711 1710 Boetius.

2256 1726 2284 1769 ιι
2323 1726 2646 1780 Evademus.

2251 1796 2264 1831 ¹
2306 1797 2697 1868 Philosophia.

2244 1883 2259 1934 j
2305 1869 2564 1937 Aliquem
2594 1870 2823 1935 fecimus
2842 1883 3205 1937 progressum.

2260 1939 2287 1972 κ
2326 1942 2605 1994 Mollitiem
2630 1944 2712 1995 tui
2740 1944 2931 1995 animi.

2260 1958 2287 1972 -
2326 1958 2605 1994 momnem
2630 1958 2710 1995 tu:
2740 1958 2931 1995 animi.

2257 2010 2272 2043 ¹
2311 2013 2587 2077 Perfecta.

2016 2134 2241 2189 NOTAS.

382 2235 493 2298 chi,
527 2248 773 2304 quorum
804 2230 1146 2304 stemma,_si
1179 2229 1382 2304 placet,
1416 2230 1606 2304 legere
1662 2229 1877 2304 poteris
1901 2231 2065 2304 apud

381 2301 571 2361 Jacob'.
624 2304 987 2359 Sirmondum
1022 2301 1088 2353 ad
1150 2317 1220 2353 vu
1278 2302 1378 2354 lib.
1440 2301 1606 2370 epist.
1670 2302 1932 2355 Ennodii.
1970 2304 2067 2356 Hic

382 2386 571 2431 autem
602 2376 791 2445 agitur
827 2375 895 2427 de
934 2374 1275 2445 Symmacho
1307 2372 1631 2445 qiiiconsul
1673 2373 1780 2425 fuit
1811 2375 1932 2425 sine
1963 2376 2071 2426 col-

383 2450 509 2517 lega
540 2444 924 2500 sub'Odoacre
964 2460 1115 2517 anno
1148 2444 1353 2517 Christi
1402 2444 1526 2507 485,
1560 2446 1774 2517 quique
1798 2460 1846 2517 _a
1892 2445 2071 2497 Theo-

382 2515 571 2572 derico
605 2533 735 2586 rege
769 2518 917 2568 inter
961 2516 1101 2567 alios
1134 2516 1385 2567 delectus
1440 2520 1523 2566 est
1559 2515 1735 2582 judex
1794 2515 1853 2567 in
1900 2532 2071 2569 causa

386 2589 576 2643 Basilii
599 2596 654 2642 et
704 2588 1045 2647 Prmtextali,
1088 2588 1185 2655 qui
1216 2587 1569 2651 magicarum
1610 2586 1815 2638 artium
1850 2604 2073 2640 accusa-

384 2661 623 2715 bantur:
651 2666 713 2711 ut
744 2658 917 2710 refert
939 2657 1249 2710 Cassiodor.
1288 2658 1322 2709 Ι.
1365 2672 1437 2721 iv,
1476 2658 1623 2718 Var.,
1657 2673 1743 2727 ep.
1780 2660 1869 2709 2‘2.
1898 2659 2072 2727 Hujus

385 2748 538 2785 enim
570 2729 896 2800 Symmachi
926 2729 1053 2781 dum
1080 2727 1312 2780 fuerunt
1342 2727 1497 2791 tiliae,
1542 2744 1768 2800 nempe
1794 2730 1970 2789 Galla,
2003 2730 2072 2782 de

385 2819 499 2874 qua
528 2799 731 2871 printer
774 2799 1136 2874 Fulgentium
1183 2800 1438 2874 loquitur
1463 2802 1693 2868 Gregor.
1728 2799 1963 2874 Magnus
1996 2816 2069 2866 iv,

386 2871 519 2927 dial.
556 2876 640 2939 l3,
672 2876 727 2925 et
761 2871 1084 2925 Rusticiana
1108 2871 1284 2923 Boetii
1317 2886 1477 2936 uxor,
1503 2886 1569 2923 ex
1602 2887 1715 2940 qua
1746 2874 1885 2923 alter
1913 2872 2074 2939 Sym-

387 2947 621 2999 machus
656 2952 821 2996 natus
866 2950 970 2997 est.
1027 2941 1205 2994 Boetii
1238 2942 1487 3008 parentis
1528 2944 1747 3011 collega
1786 2944 1842 2994 in
1878 2958 2078 2995 consu-

388 3014 902 3103 latu,.el-praidie|ti
940 3012 1263 3091 Symmachi
1299 3029 1496 3095 nepos.
1532 3014 1733 3096 .Neque
1766 3029 1899 3065 vero
1939 3030 2076 3093 ρι’ξὲ-
2118 3040 2157 3092 C

386 3089 767 3141 stantissimus
819 3086 914 3137 ille
968 3086 1053 3136 vir
1082 3100 1306 3137 suarum
1365 3087 1700 3152 injuriarum
1745 3100 1961 3137 securus
2000 3086 2078 3137 ita

387 3166 529 3223 erat,
601 3166 663 3210 ut
710 3156 1007 3209 videbatur
1056 3155 1250 3207 Boetio
1304 3172 1540 3224 propter
1571 3172 1718 3219 eam,
1772 3172 1885 3225 qua
1928 3156 2082 3224 apud

386 3230 799 3283 Theodericum
830 3229 1018 3279 valere
1072 3227 1388 3291 videbatur,
1441 3228 1682 3295 gratiam
1733 3232 1788 3279 et
1838 3227 2081 3279 auctori-

386 3306 600 3353 tatem;
648 3300 977 3351 inconstans
1028 3297 1180 3349 enim
1232 3297 1324 3348 ille
1376 3313 1471 3348 rex
1530 3298 1722 3366 impiis
1761 3298 2079 3350 delatorum

388 3369 885 3423 criminationibus
910 3367 1200 3431 incitatus,
1234 3369 1637 3435 Symmachum
1680 3384 1939 3421 socerum
1970 3385 2082 3421 una

388 3458 515 3495 cum
578 3440 772 3494 Boetio
814 3454 1023 3505 genero
1083 3438 1471 3507 occidijussit,
1528 3447 1757 3492 auctore
1806 3440 2081 3509 Procopio

387 3513 423 3567 l.
464 3528 501 3573 i,
534 3512 603 3563 de
640 3512 790 3564 Bello
818 3510 982 3561 Goth.

462 3586 476 3616 ι
528 3585 675 3637 Vivit
700 3596 855 3633 umor.
883 3580 984 3647 ΠΙ.
1016 3578 1593 3648 Philosophialaudat
1616 3597 1855 3634 uxorem
1886 3581 2080 3641 Boetii,

390 3670 516 3708 eam
559 3653 793 3717 scilicet,
826 3667 954 3719 qum
1004 3651 1311 3723 vocabatur
1366 3651 1712 3717 Rusticiana,
1758 3653 2083 3723 Symmachi

389 3726 527 3779 lilia.
582 3726 718 3777 Duae
766 3725 979 3791 quippe
1029 3720 1264 3775 fuerunt
1319 3724 1551 3775 alternis
1598 3720 1808 3777 Boetii'
1839 3740 2078 3777 uxores:

388 3798 573 3867 prima
608 3794 754 3867 Festi
786 3794 924 3867 lilia,
956 3794 1101 3846 dicta
1131 3794 1315 3862 Elpis;
1342 3796 1550 3867 mulier
1581 3795 1927 3861 doctissima,
1956 3811 2083 3866 quas

392 3864 606 3938 absque
638 3864 835 3938 liberis
884 3865 1158 3918 decessit:
1212 3866 1389 3938 altera
1423 3865 1539 3918 ﬁlia
1586 3867 1933 3935 Symmachi,
1974 3864 2084 3920 'vo-

390 3935 531 3992 cata'
561 3935 923 4001 Rusticiana;
981 3938 1194 4001 ingenio
1252 3937 1513 4001 modesta,
1558 3939 1841 4006 pudicitia
1875 3938 2084 4007 pudore

384 4010 716 4079 praecellens,
750 4023 855 4060 uno
878 4008 1036 4060 verbo
1064 4012 1215 4079 patri
1238 4008 1556 4073 Symmacho
1590 4012 1804 4063 similis.

461 4085 481 4115 ³
521 4080 663 4147 Quid
718 4079 895 4132 dicam
955 4076 1187 4149 liberos]
1252 4080 1347 4132 Ill.
1418 4079 1785 4150 Philosophia
1837 4079 2086 4134 celebrat

390 4153 600 4207 liberos
656 4151 854 4214 Boetii,
902 4166 1122 4202 memor
1171 4166 1300 4202 cum
1356 4150 1671 4217 dignitatis,
1731 4157 1855 4205 tum
1909 4151 2084 4205 etiam

389 4224 627 4293 ingenii,
653 4238 766 4291 quo
799 4222 1035 4293 praediti
1054 4222 1302 4275 fuerunt.
1330 4221 1585 4274 Meminit
1615 4223 1849 4291 quidem
1884 4222 2079 4291 digni-

390 4292 542 4360 tatis,
580 4310 693 4363 qua
722 4294 987 4346 instructi
1016 4292 1174 4345 fuere
1201 4310 1213 4359 ;
1246 4293 1517 4345 nimirum
1550 4295 1917 4346 consulatus:
1948 4310 2079 4346 nam

392 4353 704 4419 consularis
746 4364 897 4434 apud
950 4364 1173 4416 Latinos
1204 4353 1425 4435 dicitur
1462 4364 1557 4435 rvir
1609 4364 1709 4435 qui
1768 4365 2080 4433 aliquando
2120 4353 2162 4406 D

390 4437 586 4490 consul
618 4436 757 4489 fuit:
800 4438 901 4488 hos
952 4442 1140 4487 autem
1198 4434 1375 4487 Boetii
1411 4434 1600 4488 liberos
1633 4434 1783 4489 nunc
1827 4437 2080 4490 Philoso-

392 4509 527 4589 phia
554 4512 717 4586 vocat
754 4507 1082 4585 consulares.
1130 4506 1397 4589 Meminit.
1430 4508 1602 4585 etiam
1642 4507 1894 4589 ingenii,
1929 4507 2083 4589 quod

390 4578 451 4633 in
477 4580 561 4631 his
590 4579 761 4630 etiam
786 4579 997 4647 pueris,
1030 4584 1251 4629 tantum
1286 4581 1425 4643 erat,
1460 4584 1521 4630 ut
1551 4578 1609 4629 in
1642 4578 1729 4631 his
1759 4580 1841 4631 vel
1864 4581 2087 4646 paterni

391 4650 651 4703 videlicet
678 4648 857 4716 ipsius
892 4648 1087 4712 Boetii,
1148 4649 1232 4701 vel
1268 4650 1407 4701 aviti
1444 4649 1719 4703 nimirum
1761 4650 2086 4719 Symmachi

391 4722 657 4788 Specimcn
673 4721 897 4773 eluceret
926 4721 1153 4785 ingenii.
1190 4720 1351 4782 Quod
1379 4719 1610 4773 demum
1659 4721 1886 4785 dicitur,
1922 4725 1979 4773 in
2026 4720 2088 4773 id

391 4794 568 4845 alatis
594 4794 801 4858 pueris,
836 4791 1036 4843 modus
1069 4795 1154 4843 est
1182 4790 1453 4859 loquendi
1485 4791 1667 4845 Tullio
1699 4793 1871 4845 etiam
1919 4792 2087 4845 fami-

393 4863 591 4915 liaris:
627 4864 713 4914 Ita
752 4865 1008 4921 viximus,
1053 4861 1242 4931 inquit
1291 4862 1323 4914 l.
1366 4878 1420 4914 v1
1452 4862 1651 4931 Epist.,
1686 4879 1775 4931 cp.
1820 4864 1910 4928 '20,
1942 4868 1991 4915 et
2028 4862 2089 4915 id

393 4936 571 4988 aetatis
608 4932 729 5000 jam
786 4948 996 4997 sumus,
1030 4939 1090 4986 ut
1146 4936 1328 4986 omnia
1357 4948 1475 5000 quae
1522 4949 1628 4987 non
1679 4940 1865 4988 nostra
1926 4935 2087 5003 culpa

394 5005 547 5059 nobis
603 5004 878 5067 accidant,
913 5006 1132 5059 fortiter
1160 5007 1305 5070 ferre
1335 5005 1638 5058 debeamus.

465 5073 487 5109 δ
529 5076 657 5130 Cum
708 5074 1036 5147 igitur,etc.]
1076 5076 1148 5129 Ex
1191 5075 1481 5145 praadictis
1536 5075 1903 5147 Philosophia
1948 5092 2088 5129 con-

394 5148 569 5202 cludit
609 5148 862 5201 Boetium
892 5146 1075 5200 adhuc
1105 5163 1223 5200 esse
1254 5147 1475 5200 felicem
1507 5166 1522 5213 ;
1548 5148 1708 5216 quasi
1757 5146 1941 5200 dicat:
1973 5146 2089 5200 cui-

394 5235 620 5290 cunque
677 5226 990 5288 suppetunt
1021 5234 1086 5271 ea
1125 5234 1271 5290 quae
1315 5218 1429 5270 vita
1488 5235 1655 5271 nemo
1695 5218 1914 5271 dubitat
1968 5234 2087 5272 esse

394 5288 633 5357 cariora,
692 5291 788 5342 ille
846 5290 977 5343 felix
1047 5288 1250 5342 haberi
1316 5294 1535 5357 potest:
1595 5289 1723 5342 felix
1785 5290 1939 5342 enim
1988 5290 2087 5359 qui

396 5380 621 5415 summo
655 5362 867 5415 fruitur
896 5362 1045 5414 bono
1082 5379 1096 5425 ;
1137 5359 1308 5430 quale
1340 5376 1458 5413 esse
1497 5359 1722 5414 videtur
1760 5361 1898 5414 illud
1933 5360 2085 5430 quod

396 5440 479 5487 est
509 5435 634 5503 ipsa
663 5434 777 5489 vita
823 5432 1047 5485 carius:
1088 5430 1134 5503 si
1179 5428 1441 5503 quidem_
1470 5431 1596 5485 vita:
1651 5428 1989 5493 retinendm,
2024 5437 2088 5485 ut

396 5501 547 5574 pote
586 5503 1052 5573 praestantissimo
1084 5502 1233 5556 bono
1278 5501 1564 5572 praacipua
1620 5508 1705 5556 est
1749 5504 2087 5557 mortalibus

398 5592 553 5629 cura.
588 5577 758 5645 Atqui
805 5575 912 5629 tibi
944 5574 1134 5629 Boetio
1162 5578 1499 5645 suppetunt,
1522 5589 1588 5626 ea
1622 5590 1749 5643 quae
1780 5575 1892 5628 vita
1915 5590 2085 5645 nemo

400 5646 628 5702 dubitat
658 5644 780 5702 esse
811 5646 1071 5713 cariora;
1131 5644 1290 5699 socer
1336 5644 1617 5712 videlicet,
1648 5660 1789 5701 uxor
1837 5650 1892 5701 et
1918 5644 2084 5701 liberi

2178 2235 2337 2289 omni
2375 2235 2650 2290 virtutum
2712 2252 2922 2306 genere
2986 2236 3465 2307 praestantissimi.
3524 2234 3818 2290 Crediderim

2178 2307 2299 2360 haec
2345 2308 2534 2372 verba,
2586 2324 2614 2361 ο
2657 2312 2703 2360 te
2750 2311 2800 2361 si
2858 2316 2953 2362 tua
3010 2311 3148 2361 bona
3200 2323 3471 2374 cogoscas.
3523 2324 3623 2360 non
3684 2307 3820 2360 fuisse

2179 2379 2514 2503 dicﬁSsine
2580 2379 2863 2433 memoria
2922 2382 3164 2434 istorum
3228 2380 3467 2449 Virgilii,
3535 2395 3568 2431 ii
3626 2376 3819 2437 Eneid.,

2180 2466 2231 2503 ν.
2396 2466 2408 2503 :

2180 2466 2231 2503 V.
2266 2466 2408 2503 ἐξ)δῖ

2371 2574 2409 2621 Ο
2441 2573 2739 2623 fortunatos
2764 2575 3009 2633 nimium,
3042 2591 3138 2625 sua
3160 2576 3203 2625 si
3228 2576 3371 2625 bona
3405 2575 3593 2632 norint,

2368 2638 2638 2699 Agricolas
2657 2640 2667 2685 l

2245 2757 2267 2789 ⁸
2309 2752 2657 2824 Tempestas]
2689 2754 2973 2822 Allegoria
3016 2754 3119 2824 ipsi
3162 2755 3420 2809 Ciceroni
3464 2753 3821 2807 usitatissima:

2188 2824 2284 2877 ubi
2318 2828 2612 2878 nominata
2645 2832 2957 2893 tempestate
2987 2826 3231 2895 intelligi
3264 2828 3434 2880 debet
3478 2826 3702 2880 fortuna?
3747 2840 3826 2875 Sir-

2184 2896 2387 2947 vientis
2450 2896 2721 2964 impetus,
2771 2899 2922 2966 quod
2986 2906 3232 2967 utroque
3284 2900 3542 2951 homines
3582 2898 3829 2947 videantur

2186 2968 2395 3019 obrui:
2433 2968 2744 3020 nominatis
2801 2974 3013 3021 ancoris
3050 2970 3351 3033 tenacibus,
3397 2970 3684 3022 lamiliarcs
3723 2982 3825 3017 coii-

2593 3039 2745 3107 quod
2784 3043 3039 3109 utrisque
3099 3047 3149 3093 et
3195 3045 3484 3108 praesentis
3538 3042 3764 3101 solamen,
3790 3040 3829 3087 et

2192 3111 2370 3175 futuri
2399 3126 2516 3178 spes
2540 3113 2794 3177 temporis
2853 3112 3041 3164 adesse
3065 3115 3259 3179 possit.
3305 3113 3671 3176 Quamobrem
3699 3109 3828 3169 sicut,

2193 3184 2558 3233 manentibus
2614 3184 2855 3247 ancoris,
2892 3185 3078 3234 nautis
3109 3194 3368 3236 remanet
3417 3202 3539 3251 spes
3576 3180 3829 3237 enatandi;

2192 3252 2292 3316 sic,
2359 3255 2787 3305 remanentibus
2856 3255 3145 3321 praedictis
3199 3256 3596 3323 familiaribus,
3648 3252 3830 3307 Boetius

2192 3323 2490 3376 meliorem
2526 3340 2754 3393 sperare
2788 3332 2971 3393 potest
3000 3325 3309 3379 fortunam.

2263 3410 2285 3444 ⁵
2325 3412 2599 3478 Quantum
2674 3414 2832 3466 decus
2915 3419 3242 3468 ornamentis
3299 3418 3503 3469 nostris
3556 3411 3832 3482 decesserit]

2191 3485 2427 3537 Amissis
2457 3485 2719 3538 videlicet
2746 3485 2950 3553 opibus
2987 3486 3481 3558 dignitatibusque
3513 3487 3718 3541 nostris.

2264 3576 2285 3607 ⁸
2311 3576 2682 3628 Promovimus
2731 3576 3096 3643 aliquantum.
3125 3574 3139 3645 ]
3176 3576 3443 3644 Aliquem
3479 3577 3533 3629 in
3560 3576 3637 3629 tui
3666 3588 3833 3628 conso-

2191 3644 2403 3698 latione
2426 3647 2736 3715 profectum
2752 3647 3011 3711 fecimus,
3036 3644 3223 3716 inquit
3243 3648 3608 3717 Philosophia
3631 3664 3641 3700 :
3664 3658 3836 3717 promo:

2191 3732 2313 3769 vere
2344 3712 2496 3769 enim
2529 3718 2838 3788 aliquando
2889 3720 3040 3771 idem
3072 3712 3221 3787 quod
3280 3712 3575 3788 proficere:
3632 3712 3687 3770 ut
3714 3712 3834 3784 apud

2192 3788 2413 3841 Terent.
2450 3790 2509 3840 in
2563 3790 2785 3859 Hecyr.,
2836 3790 2991 3843 abibo
3038 3791 3195 3857 hinc;
3226 3806 3468 3858 presens
3511 3789 3712 3861 quando
3736 3801 3836 3857 pro-

2192 3873 2377 3914 moveo
2406 3876 2621 3928 parum.

2264 3951 2283 3984 ’τ
2324 3952 2390 4004 Si
2430 3957 2478 4001 te
2508 3950 2764 4003 mondum
2799 3954 2958 4003 totius
2993 3956 3099 4005 tua:
3127 3953 3290 4005 sortis
3311 3954 3507 4020 piget]
3542 3951 3597 4005 Si
3622 3947 3839 4004 nondum

2193 4024 2247 4074 te
2279 4020 2514 4073 omnino
2548 4022 2830 4075 infelicem
2865 4028 3062 4091 putas:
3091 4022 3366 4077 dilierunt
3392 4024 3556 4091 pudet
3586 4028 3635 4075 et
3679 4023 3838 4090 piget;

2193 4092 2345 4162 quod
2379 4093 2536 4161 prius
2566 4094 3010 4161 turpitudinem,
3043 4093 3325 4162 posterius
3352 4112 3561 4148 noxam
3592 4092 3667 4147 rei
3687 4091 3838 4144 videa-

2193 4167 2285 4216 tur
2315 4165 2503 4233 potius
2531 4164 2884 4233 significare:
2923 4165 3075 4218 unde
3107 4166 3298 4219 Cicero
3324 4183 3431 4235 pro
3465 4167 3644 4231 Dom.,
3668 4180 3739 4217 me
3761 4175 3843 4215 non

2193 4236 2362 4288 solum
2384 4238 2537 4303 piget
2567 4238 2815 4290 stultitia:
2844 4252 2988 4303 mese,
3048 4236 3144 4290 sed
3171 4241 3335 4291 etiam
3387 4239 3576 4307 pudet.

2260 4340 2283 4375 ⁸
2325 4342 2599 4413 Delicias]
2648 4345 2764 4398 Hoc
2794 4347 2895 4411 est,
2940 4346 3111 4397 animi
3136 4346 3437 4400 mollitiem.
3470 4344 3685 4400 Deliciae
3719 4337 3845 4413 enim

2190 4414 2259 4467 ab
2287 4430 2353 4466 eo
2377 4411 2642 4468 videntur
2673 4415 2861 4481 dictae,
2897 4416 3047 4486 quod
3083 4417 3307 4469 animus
3338 4418 3431 4471 his
3474 4416 3753 4477 alliciatur,
3778 4411 3845 4486 di-

2195 4492 2401 4538 cuntur
2432 4488 2584 4539 enim
2613 4486 2681 4539 ab
2732 4487 2797 4540 de
2828 4492 2884 4540 et
2914 4484 3087 4551 iacio,
3143 4488 3328 4541 traho:
3386 4489 3519 4541 inde
3555 4490 3725 4551 lactat,
3753 4484 3846 4536 ille-

2194 4562 2323 4683 ftgt,
2353 4557 2599 4625 delectat,
2632 4558 2879 4627 oblectat,
2912 4558 3109 4628 allicit,
3140 4561 3321 4627 illicit,
3346 4561 3513 4614 elicit.
3545 4559 3633 4614 Sic
3661 4559 3845 4612 Lucret.

2218 4645 2233 4681 ι
2280 4669 2292 4682 .
2326 4644 2355 4680 v
2383 4644 2395 4681 :

2218 4644 2395 4682 ιι).ν;

2320 4742 2448 4801 Quae
2480 4743 2647 4792 lacere
2686 4743 2743 4792 in
2785 4742 3025 4793 fraudem
3058 4749 3273 4807 possent
3295 4746 3607 4810 vinctosque
3629 4746 3851 4795 tenerent.

2196 4859 2355 4913 Unde
2384 4858 2530 4913 forte
2564 4863 2822 4913 nostrum
2866 4860 3144 4915 Gallicum
3200 4863 3361 4929 lacer,
3424 4880 3499 4918 un
3541 4865 3685 4917 Iacet.
3738 4859 3851 4914 Hinc

2195 4930 2594 5001 quodanimus
2617 4932 2876 5001 qualibet
2908 4933 3355 4999 perturbatione,
3390 4936 3489 4989 sed
3523 4951 3706 4989 amore
3738 4946 3853 5000 pra:-

2196 5003 2825 5076 serlim_et_voluplate
2880 5004 3185 5069 alliciatur,
3246 5014 3555 5075 propterea
3613 5004 3852 5076 quaelibet

2196 5073 2573 5141 perturbatio,
2614 5075 2711 5148 sed
2746 5090 2906 5148 amor
2928 5073 3258 5148 praesertim,
3288 5073 3645 5148 etivoluptas—
3662 5074 3851 5148 delicia:

2196 5157 2504 5215 vocantur:
2536 5161 2649 5215 quo
2676 5146 2742 5198 fit
2784 5150 2847 5199 ut
2877 5146 3096 5199 deliciae
3151 5148 3321 5201 modo
3349 5148 3406 5201 in
3450 5144 3679 5211 bonam,
3710 5144 3854 5200 modo

2196 5213 2256 5268 in
2290 5216 2496 5291 malam
2546 5213 2765 5291 partem
2824 5218 3216 5291 accipiantur:
3252 5220 3395 5273 sicut
3456 5236 3591 5291 ergo
3622 5216 3855 5291 mollities

2196 5289 2451 5356 corporis
2480 5288 2537 5340 in
2570 5288 2673 5361 hoc
2712 5294 2988 5357 versatur,
3034 5290 3185 5360 quod
3235 5290 3377 5343 illud
3416 5287 3583 5345 facile
3627 5287 3855 5361 possitin

2198 5374 2603 5429 quemcunque
2635 5360 2823 5413 locum
2857 5358 3067 5413 versari
3093 5377 3105 5425 ;
3150 5361 3228 5414 sic
3257 5362 3529 5416 delicatus
3556 5358 3755 5417 dicitur
3780 5358 3856 5411 ille

2196 5430 2446 5490 animus.
2492 5430 2591 5499 qui
2636 5431 2941 5484 contraria:
2994 5432 3283 5485 atfectioni
3313 5435 3591 5487 obnoxius
3628 5432 3855 5500 undique

2197 5506 2385 5571 potest
2418 5500 2580 5555 facile
2608 5500 2793 5555 flecti:
2838 5503 3023 5572 qualis
3066 5504 3449 5574 Phil050phia3
3490 5506 3707 5560 videtur
3740 5504 3857 5555 Boe-

2198 5573 2332 5640 tius,
2368 5578 2563 5642 utpote
2597 5573 2697 5642 qui
2748 5575 2929 5628 abesse
2983 5576 3202 5643 aliquid
3258 5573 3368 5632 sua:
3424 5576 3745 5633 beatitudini
3768 5578 3858 5627 tam

2199 5644 2473 5701 luctuosus
2506 5648 2668 5713 atque
2700 5648 2904 5701 anxius
2933 5651 3314 5718 conqueratur.
