3996 6170
166 246 248 299 681
1157 240 1247 293 DE
1281 239 1807 296 CONSOLATIONE
1851 238 2331 295 PHILOSOPHI/E
2370 239 2500 293 LIB.
2542 239 2606 294 ΙΙ.

3527 243 3632 296 682

169 373 183 404 ¹
213 371 488 424 arixetur?
521 367 545 400 ²
569 371 594 411 b
622 369 804 422 Anxia
834 369 947 440 (lO)
991 370 1146 423 enim
1192 387 1282 423 res
1321 375 1406 424 est
1441 371 1828 424 humanorum
1865 374 1911 424 A
1935 369 2100 434 felix;
2149 370 2322 424 orbus
2371 371 2586 436 liberis,
2635 371 2822 425 alieno
2852 372 2870 406 τ
2921 388 3155 426 censum
3199 373 3378 428 nutrit
3408 374 3627 429 heredi.

169 459 394 514 conditio
420 457 726 523 bonorum,
761 463 818 510 et
857 475 986 528 quae
1017 459 1101 512 vel
1148 475 1448 528 nunquam
1485 464 1604 512 tota
1633 474 1832 528 prove-

167 549 289 611 niat,
322 546 402 598 vel
431 561 728 616 nunquam
763 551 1041 616 perpetua
1084 533 1551 600 subsistatrlzl
1588 551 1608 581 ³
1639 556 1658 580 °
1693 546 1833 600 Huic

168 652 344 690 census
395 635 691 699 exuberat,
745 635 843 689 sed
889 641 973 688 est
1019 635 1228 705 pudori
1280 635 1532 705 degener
1575 635 1827 706 sanguis.

169 727 236 768 ιδ
279 724 434 778 Hunc
491 724 762 777 nobilitas
819 730 1018 777 notum
1082 725 1234 789 facit,
1278 725 1376 778 sed
1435 724 1701 793 angustia
1749 724 1831 776 rei

168 813 440 869 familiaris
471 813 748 878 inclusus,
781 829 899 865 esse
931 813 1128 867 mallet
1154 813 1404 882 ignotus.
1441 816 1461 847 ⁸
1492 815 1590 866 llle
1625 822 1646 847 °
1680 819 1830 866 utro-

170 920 260 975 que
287 901 674 969 circumfluus,
707 901 883 955 vitam
914 901 1170 955 czelibem
1212 902 1400 956 deﬂet.
1435 904 1456 938 ⁸
1487 903 1586 955 Ille
1617 902 1833 972 nuptiis

1949 463 2094 513 122
2116 461 2135 494 7
2159 460 2318 513 Alius
2349 462 2507 530 prole
2538 461 2782 528 laetatus,
2818 461 2941 527 filii,
2975 462 3180 516 filiaeve
3204 489 3230 528 g
3258 463 3479 516 delictis
3501 479 3636 517 mce-

1941 554 2060 600 stus
2090 549 2425 618 illacrymat.
2456 549 2673 602 Idcirco
2704 565 2875 603 nemo
2906 551 3069 604 facile
3097 568 3223 604 cum
3257 551 3501 605 fortunae
3518 569 3635 607 sua:

1940 639 2268 692 conditione
2287 639 2610 705 concordat;
2631 640 2692 718 in
2714 646 2796 692 est
2819 639 2972 693 enim
3004 640 3262 711 singulis,
3296 641 3449 712 quod
3477 643 3636 695 inex-

1941 733 2140 797 pertus
2160 728 2409 798 ignoret,
2430 734 2696 798 expertus
2722 729 3024 783 exhorreat
3047 745 3060 784 :
3085 730 3240 784 Adde
3267 730 3418 800 quod
3434 730 3640 784 felicis-

1943 815 2075 868 simi
2106 818 2382 888 cujusque
2433 817 2868 872 delicatissimus
2898 834 3099 872 sensus
3129 823 3233 885 est,
3267 824 3339 887 et,
3375 817 3485 873 nisi
3515 816 3540 851 ⁸
3569 819 3639 874 ad

1595 1001 2179 1058 INTERPRETATIO.

222 1099 243 1124 ι
268 1091 550 1156 Disceptet.

222 1174 242 1212 b
267 1161 505 1213 Acerba.

166 1232 413 1356 Ηεῇζλήιιε
459 1230 651 1300 opibus
691 1229 955 1297 abundat,
993 1229 1086 1285 sed
1125 1245 1244 1285 eum
1269 1230 1439 1299 pudet
1471 1246 1580 1286 suae
1618 1231 1837 1299 ignobi-

179 1318 244 1354 ια
289 1317 332 1356 s.

179 1317 314 1356 uatis
321 1343 332 1354 .

2009 1089 2036 1126 ά
2067 1092 2230 1144 Alter
2254 1092 2452 1146 nobilis
2482 1097 2579 1155 est,
2614 1093 2708 1146 sed
2734 1097 3059 1162 paupertate
3085 1096 3375 1162 premitur.

2007 1166 2034 1234 ἦ
2057 1166 2272 1216 Tertius
2300 1169 2348 1216 et
2378 1164 2528 1218 dives
2555 1169 2604 1218 et
2626 1166 2822 1218 nobilis
2851 1181 2906 1220 se
2935 1165 3161 1234 conjuge
3189 1181 3371 1220 carere
3403 1164 3563 1220 dolet.

2018 1232 2037 1266 ί
2062 1235 2198 1300 Opes
2219 1238 2405 1303 parat.
2727 1273 2729 1276 ι

2010 1313 2034 1346 ε
2074 1307 2255 1359 Vitiis.

1778 1374 2006 1429 NOTE.

223 1461 544 1532 'Rixetur.]
596 1464 880 1529 Disceptet.
926 1461 1084 1526 Rixa,
1139 1462 1207 1515 lis
1252 1465 1337 1516 est
1381 1461 1497 1515 sive
1541 1462 1833 1515 contentio

162 1537 288 1588 inter
318 1535 464 1586 duos
514 1534 775 1602 pluresve
825 1533 1108 1598 homines,
1160 1549 1405 1602 quorum
1448 1533 1590 1586 alter
1628 1534 1837 1602 repetit

1943 1465 2052 1518 hoc
2083 1481 2139 1518 se
2171 1469 2376 1535 putant
2407 1465 2679 1537 infelices,
2713 1465 2866 1534 quod
2898 1464 3073 1520 vitam
3122 1467 3334 1521 ducant
3382 1466 3638 1537 conjugii

1945 1542 2233 1606 expertem
2269 1552 2280 1588 :
2310 1541 2480 1590 vitam
2520 1536 2754 1608 ccelibem
2786 1537 3015 1608 deﬂent:
3060 1537 3176 1590 vita
3202 1539 3353 1590 enim
3387 1536 3639 1608 conjugii

164 1606 293 1676 quod
321 1606 468 1678 alter
496 1605 743 1678 reddere
772 1605 962 1678 renuit
989 1620 1000 1656 :
1046 1620 1222 1673 quare
1265 1605 1373 1656 nisi
1401 1605 1497 1656 lux
1531 1604 1721 1657 divina
1752 1605 1832 1657 af—
1875 1625 1916 1678 Β
1945 1604 2145 1677 expers
2175 1612 2406 1660 vocatur
2435 1607 2617 1678 cwlebs
2648 1607 2833 1660 :forte
2865 1607 3000 1677 quia
3031 1609 3242 1662 caelesti
3273 1608 3494 1662 similis.

160 1674 371 1745 fulgeat,
419 1677 481 1728 in
524 1675 684 1728 omni
731 1674 1031 1728 hominum
1087 1691 1296 1743 genere
1346 1680 1635 1744 perpetua:
1704 1679 1835 1728 sunt

161 1751 275 1801 rixae
308 1762 318 1799 :
353 1747 513 1817 quod
548 1747 719 1799 homo
760 1751 816 1797 et
846 1750 1024 1798 status
1055 1748 1178 1814 ejus
1212 1761 1315 1798 ceu
1354 1747 1614 1816 quasdam
1648 1751 1836 1814 partes

162 1820 227 1872 ita
249 1822 634 1888 opponantur,
668 1821 732 1869 ut
760 1817 856 1870 ille
888 1817 1064 1888 homo
1096 1817 1360 1886 quaedam
1389 1817 1644 1869 videatur
1673 1833 1700 1870 a
1733 1833 1836 1870 suo

161 1887 292 1943 statu
319 1887 606 1958 repetere,
641 1903 770 1957 quae
799 1893 977 1941 status
1007 1887 1098 1941 hic
1127 1888 1322 1941 renuit
1358 1887 1593 1941 reddere
1619 1904 1631 1942 :
1667 1904 1837 1942 nemo

158 1962 235 2015 hic
254 1978 312 2014 ex
345 1961 508 2013 omni
538 1966 700 2029 parte
727 1961 945 2012 beatus.

219 2034 237 2065 ²
299 2033 498 2085 Anxia
541 2028 627 2084 res
679 2034 758 2083 est
814 2033 1170 2083 humanorum
1233 2028 1470 2082 conditio
1536 2029 1836 2099 bonorum]

159 2104 383 2157 Anxium
415 2101 636 2156 dicitur
679 2101 822 2154 illud
858 2101 1010 2170 quod
1043 2100 1430 2154 sollicitudine
1464 2106 1660 2153 maesta
1707 2117 1836 2169 pre-

161 2176 288 2228 mit:
338 2173 582 2228 anxium
626 2173 782 2227 enim
824 2172 1035 2225 dicitur
1085 2172 1154 2225 ab
1192 2187 1374 2238 ango:
1428 2172 1534 2224 hoc
1570 2188 1601 2224 a
1645 2172 1839 2226 Graeco

160 2248 281 2316 σῖγιω
336 2245 566 2312 suffoco,
635 2247 966 2316 constringo,
1026 2244 1280 2312 primum
1343 2243 1580 2312 quidem
1626 2243 1834 2316 fauces,

162 2315 347 2370 deinde
371 2322 634 2370 mentem
659 2331 671 2367 :
700 2315 831 2367 hinc
861 2319 1128 2380 angustus
1158 2319 1215 2367 et
1247 2318 1524 2381 angustia,
1559 2330 1688 2367 cum
1711 2315 1841 2384 quis

160 2390 311 2441 tantis
336 2387 779 2442 difficultatibus
818 2387 1120 2455 premitur,
1157 2390 1220 2438 ut
1257 2401 1372 2456 quo
1404 2401 1461 2438 se
1492 2391 1711 2438 vertere
1741 2386 1839 2439 de-

160 2460 288 2525 beat,
324 2461 578 2529 ignoret.
613 2457 788 2527 Atqui
838 2457 1226 2510 humanorum
1250 2457 1514 2529 conditio
1555 2456 1840 2529 bonorum

161 2527 532 2584 sollicitudine
555 2533 758 2582 maesta
791 2529 1046 2581 animum
1081 2527 1326 2598 premit:
1363 2527 1516 2598 quod
1540 2528 1694 2581 enim
1725 2527 1838 2582 hu-

161 2618 311 2656 mana
340 2603 467 2654 haec
499 2600 750 2653 conditio
783 2605 882 2653 aut
909 2615 1206 2669 nunquam
1235 2599 1494 2652 absoluta
1525 2599 1716 2664 fuerit,
1744 2603 1843 2652 aut

161 2689 436 2744 nunquam
475 2672 1032 2744 perennis,_semper
1077 2669 1573 2744 locum-relinquit
1601 2676 1712 2744 aut
1740 2687 1839 2744 ap-

159 2741 397 2815 petenda}
429 2741 762 2815 absentium
785 2742 1071 2815 bonorum
1103 2741 1552 2815 adeptionis,aut
1573 2741 1842 2815 timenda

160 2813 527 2886 prasentium
553 2814 791 2886 jactura}
817 2830 828 2866 :
865 2813 1228 2886 undeqaniini
1248 2813 1499 2886 anxietas
1523 2819 1632 2886 :_u_t
1652 2813 1837 2881 pluri-

160 2882 249 2941 bus
273 2887 560 2956 exemplis
599 2884 866 2954 deinceps
896 2882 1260 2956 confirmabit
1281 2883 1665 2953 Philosophia.

219 2960 238 2991 ³
268 2961 403 3013 Huic
439 2955 662 3012 icensus
706 2956 1007 3021 exuberat]
1064 2955 1322 3008 Primum
1377 2957 1703 3024 exemplum
1762 2971 1820 3008 es

159 3030 215 3084 de
269 3030 572 3092 divitibus,
621 3027 693 3080 iis
750 3026 984 3092 scilicet,
1043 3025 1271 3094 quibus,
1332 3026 1484 3095 quod
1539 3027 1597 3078 hi
1641 3026 1848 3095 opibus

160 3103 455 3167 abundent,
521 3113 708 3152 census
759 3097 965 3150 dicitur
1013 3097 1328 3151 exuberare.
1385 3100 1580 3152 Census
1631 3098 1784 3150 enim
1817 3114 1849 3150 a

160 3173 396 3226 censendo
461 3171 656 3224 dictus
715 3185 853 3239 opes
918 3167 1259 3237 significat:
1331 3167 1484 3221 unde
1552 3168 1844 3223 Claudian.

159 3260 315 3298 carm.
357 3247 441 3309 l7,
476 3259 537 3294 ν.
569 3244 667 3295 23f
707 3256 720 3293 :

265 3331 606 3392 Addictoque
630 3327 907 3376 hominum
939 3327 1212 3376 cumulent
1237 3327 1408 3375 araria
1442 3340 1601 3375 censu

164 3414 466 3468 Exuberare
530 3415 722 3464 autem
769 3409 1052 3463 abundare
1092 3413 1195 3470 est,
1250 3408 1413 3478 quasi
1462 3414 1618 3462 extra
1678 3408 1854 3461 ubera

158 3486 452 3554 profluere.
493 3483 589 3536 Sic
622 3481 816 3550 Virgil.
853 3497 868 3534 ι
901 3481 1128 3550 Georg,
1155 3496 1208 3532 v.
1250 3482 1340 3533 191
1376 3496 1388 3532 :

267 3574 330 3622 At
360 3573 404 3620 si
435 3570 666 3620 luxuria
694 3568 944 3617 foliorum
976 3568 1232 3617 exuberat
1257 3568 1479 3617 umbras.

161 3653 216 3705 Et
243 3653 446 3723 Georg.
479 3668 549 3717 ιι,
573 3667 624 3702 v.
651 3652 802 3703 5l6:

267 3741 373 3789 Nec
404 3738 628 3801 requies
653 3738 784 3800 quin
807 3740 898 3786 aut
927 3737 1098 3800 pomis
1122 3737 1381 3786 exuberet
1409 3748 1603 3793 annus,

266 3805 371 3851 Aut
401 3802 530 3850 fetu
555 3813 824 3862 pecorum.

160 3903 317 3972 Atqui
346 3900 646 3973 ejusmodi
677 3898 877 3973 divites
905 3900 964 3954 in
996 3901 1106 3973 hoc
1140 3899 1249 3973 sibi
1277 3898 1548 3973 videntur
1577 3897 1854 3973 infelices,

161 3970 296 4043 quod
326 3970 552 4044 quibus
581 3971 861 4044 sanguine
893 3971 1184 4040 conjuncti
1223 3975 1379 4038 sunt,
1412 3970 1471 4024 bi
1499 3970 1718 4023 nobiles
1739 3986 1856 4022 non

161 4042 280 4098 sunt
310 4042 452 4099 :sed
481 4047 568 4098 est
586 4044 790 4111 pudori
820 4042 1047 4109 degener
1076 4045 1322 4108 sanguis.

221 4118 422 4170 ‘Hunc
477 4115 746 4168 nobilitas
795 4120 979 4166 notum
1033 4113 1218 4183 facit]
1279 4112 1608 4167 Secundum
1662 4126 1860 4183 exem-

159 4187 304 4256 plum
337 4194 426 4240 est
474 4188 552 4241 de
588 4185 877 4238 nobilibus
909 4185 1044 4238 viris
1078 4201 1089 4238 :
1127 4181 1216 4237 hic
1258 4189 1450 4236 autem
1497 4181 1862 4256 Philosophia

1825 2924 1922 3008 tC

2016 1675 2037 1713 ⁸
2069 1680 2168 1734 Ille
2196 1682 2404 1746 nuptiis
2430 1675 2616 1748 felix.]
2663 1675 2941 1749 Quartum
2971 1680 3296 1749 exemplum
3338 1684 3422 1733 est
3462 1680 3532 1733 de
3570 1694 3638 1733 eo

1946 1749 2046 1820 qui
2076 1766 2254 1822 uxore
2299 1749 2428 1802 felix
2464 1754 2549 1801 est
2582 1748 2801 1822 :Aquod
2840 1749 3127 1818 praedictis
3149 1748 3386 1822 nuptiis
3425 1750 3639 1822 Optime

1947 1819 2338 1890 significatur:
2401 1819 2661 1890 quamvis
2711 1820 2867 1872 enim
2923 1824 3127 1889 nuptiae
3183 1838 3300 1875 non
3349 1819 3482 1875 siuti
3519 1821 3639 1876 sine

1949 1889 2192 1962 utroque
2227 1889 2488 1962 conjuge,
2525 1889 2729 1944 melius
2775 1895 2971 1945 tamen
3009 1895 3214 1961 nuptix
3254 1893 3521 1946 dicuntur
3569 1893 3639 1947 de

1951 1979 2122 2016 uxore
2157 1979 2329 2032 quam
2357 1965 2426 2016 de
2455 1962 2661 2016 marito
2691 1978 2702 2015 :
2727 1963 2890 2033 quod
2921 1979 3050 2016 cum
3079 1964 3176 2017 illa
3213 1980 3425 2033 sponsa
3452 1963 3640 2018 dedu-

1947 2039 2172 2087 ceretur
2202 2034 2271 2086 ad
2307 2034 2596 2097 maritum,
2629 2032 2832 2086 faciem
2869 2033 3074 2088 flameo
3109 2032 3354 2088 nuberet
3398 2035 3513 2089 sive
3543 2051 3639 2089 ve-

1949 2105 2135 2158 laret:
2192 2105 2325 2158 hinc
2367 2111 2560 2176 nupta,
2617 2104 2961 2172 connubium,
3021 2113 3126 2160 etc.
3188 2107 3389 2176 Magna
3465 2122 3639 2176 porro

1948 2176 2188 2230 felicitas
2218 2175 2428 2242 mariti,
2461 2177 2621 2245 cujus
2661 2180 2746 2228 est
2793 2177 3013 2242 optima
3045 2192 3183 2229 uxor
3217 2193 3228 2229 :
3273 2175 3488 2230 donum
3527 2193 3639 2230 cas-

1949 2248 2086 2300 leste
2130 2251 2232 2300 est.
2287 2247 2553 2300 Proverb.
2605 2262 2695 2299 xxx
2731 2263 2744 2298 :
2783 2247 2984 2300 Domus
3031 2252 3081 2300 et
3118 2247 3327 2301 divitiae
3371 2249 3576 2301 dantur
3607 2264 3642 2301 a

1944 2318 2284 2387 parentibus,
2327 2333 2360 2370 a
2393 2319 2620 2371 Domino
2651 2320 2829 2370 autem
2856 2320 3077 2386 proprie
3103 2334 3246 2371 uxor
3273 2320 3532 2387 prudens.
3569 2321 3642 2372 At

1949 2388 2189 2442 felicitas
2222 2389 2344 2442 hinc
2374 2388 2583 2458 saepius
2612 2388 2854 2441 orbitate
2887 2389 3154 2443 turbatur
3181 2405 3194 2442 :
3229 2390 3388 2444 orbus
3432 2390 3638 2457 liberis,

1951 2462 2378 2585 aliqiéo'scensum
2424 2462 2600 2514 nutrit
2660 2459 2882 2513 heredi:
2935 2460 3148 2514 Seneca
3191 2460 3253 2515 in
3296 2461 3641 2532 Hyppolyto,

1951 2547 2000 2585 v.
2109 2551 2138 2583 -ι
2198 2548 2210 2584 :

1951 2547 2000 2585 V.
2041 2547 2174 2585 12·Ιὸ
2198 2548 2210 2584 τ

2077 2620 2116 2667 0
2152 2619 2297 2668 triste
2325 2619 2506 2668 fractis
2535 2618 2734 2668 orbitas
2765 2619 2921 2668 annis
2951 2618 3176 2668 malum!

1953 2703 2126 2755 Heres
2151 2700 2222 2753 ab
2261 2701 2385 2753 hero
2412 2700 2616 2762 dictus,
2646 2699 2810 2770 quasi
2840 2699 2887 2752 is
2926 2700 2998 2753 sit
3028 2701 3312 2754 bonorum
3349 2699 3642 2768 dominus,

1953 2771 2103 2841 apud
2136 2771 2499 2840 jurisperitos
2530 2771 2773 2840 duplicis
2822 2776 2904 2824 est
2943 2771 3209 2839 generis:
3257 2786 3470 2841 nempe
3508 2786 3644 2823 suus

1957 2840 2011 2895 et
2041 2848 2327 2895 externus.
2361 2843 2460 2896 Sui
2509 2842 2745 2906 heredes,
2794 2845 2856 2893 ut
2891 2841 3097 2895 dicitur
3128 2840 3312 2894 Instit.
3364 2841 3401 2894 l.
3449 2856 3509 2907 ιι,
3551 2841 3640 2894 tit.

1959 2914 2040 2980 l9,
2065 2914 2093 2982 ἕ
2121 2917 2174 2978 2,
2207 2913 2327 2965 ideo
2365 2913 2715 2980 appellantur
2762 2913 2896 2978 quia
2936 2911 3215 2965 domestici
3250 2910 3470 2965 heredes
3517 2915 3646 2964 sunt

1956 2999 2006 3041 et
2024 2990 2144 3037 vivo
2174 2999 2384 3052 quoque
2397 2988 2558 3051 patre
2586 2982 2978 3047 quodammodo
3009 2982 3216 3035 domini
3234 2983 3641 3052 existimantur,

1954 3058 2125 3112 veluti
2162 3051 2330 3122 ﬁlius,
2372 3053 2514 3123 ﬁlia,
2547 3069 2730 3123 nepos,
2762 3055 3005 3122 neptisve
3031 3069 3097 3105 ex
3138 3053 3271 3121 ﬁlio,
3308 3057 3356 3104 et
3395 3051 3645 3120 deinceps

1956 3128 2134 3183 exteri
2163 3126 2338 3178 liberi.
2374 3122 2640 3178 Extranei
2684 3140 2838 3189 vero,
2886 3124 2986 3194 qui
3027 3122 3120 3176 hic
3165 3127 3442 3176 vocantur
3483 3124 3648 3176 alieni

1957 3197 2192 3252 heredes
2225 3197 2482 3249 dicuntur
2509 3198 2706 3262 caeteri,
2741 3195 2820 3248 ait
2856 3193 3118 3259 Vinnius,
3151 3197 3249 3261 qui
3269 3209 3375 3247 non
3404 3198 3532 3247 sunt
3559 3195 3648 3248 sui

1957 3277 2008 3325 et
2040 3268 2339 3321 domestici.
2388 3270 2458 3320 At
2507 3273 2786 3337 quantum
2833 3265 3008 3337 homo
3053 3281 3110 3318 se
3138 3280 3400 3337 suosque
3448 3279 3648 3337 amans

1957 3343 2072 3396 suis
2112 3338 2418 3391 heredibus
2448 3335 2692 3402 laetatur,
2727 3335 3088 3389 tantumdem
3120 3335 3189 3389 de
3230 3337 3502 3388 extraneis
3533 3335 3649 3388 sive

1959 3413 2152 3465 alienis
2181 3408 2510 3463 afflictatur.
2556 3408 2903 3462 Ecclesiastae
2943 3424 2995 3460 ιν
3029 3423 3043 3460 :
3079 3407 3436 3462 Considerans
3465 3408 3648 3475 reperi

1961 3488 2011 3536 et
2045 3483 2213 3534 aliam
2241 3483 2536 3532 vanitatem
2566 3480 2664 3532 sub
2705 3480 2830 3533 sole.
2860 3480 3005 3532 Unus
3031 3483 3109 3531 est
3137 3484 3187 3531 et
3215 3477 3508 3531 secundum
3544 3492 3651 3530 non

1963 3554 2142 3617 habet,
2175 3567 2280 3604 non
2308 3551 2500 3618 ﬁlium,
2532 3566 2638 3604 non
2677 3552 2929 3614 fratrem,
2963 3554 3012 3602 et
3040 3554 3217 3602 tamen
3260 3549 3508 3602 laborare
3544 3563 3652 3601 non

1963 3629 2152 3688 cessat,
2186 3637 2279 3674 nec
2325 3626 2600 3676 satiantur
2639 3622 2780 3674 oculi
2823 3620 2941 3689 ejus
2973 3621 3204 3685 divitiis,
3253 3634 3346 3673 nec
3389 3621 3653 3685 recogitat

1963 3696 2180 3749 dicens:
2217 3695 2304 3745 cui
2343 3693 2525 3746 laboro
2570 3697 2620 3745 et
2647 3691 2851 3757 fraudo
2883 3694 3125 3744 animam
3152 3706 3324 3744 meam
3355 3689 3543 3744 bonis:
3592 3691 3654 3743 in

1962 3767 2058 3820 hoc
2090 3779 2299 3833 quoque
2321 3768 2536 3816 vanitas
2561 3767 2640 3816 est
2670 3768 2724 3833 et
2748 3764 2978 3833 afﬂictio
3006 3765 3258 3830 pessima.

2035 3835 2056 3870 ⁷
2087 3831 2248 3889 Alius
2287 3835 2437 3901 prole
2466 3831 2726 3902 lxtatus.]
2776 3832 3050 3895 Quintum
3094 3831 3423 3900 exemplum
3467 3834 3554 3884 est
3583 3831 3654 3885 de

1967 3925 2033 3961 eo
2067 3906 2162 3975 qui
2208 3906 2366 3973 prole
2398 3911 2529 3957 nata
2575 3904 2821 3956 laetatur.
2857 3903 3018 3967 Quod
3053 3903 3223 3956 homo
3272 3903 3353 3975 ad_
3375 3903 3475 3956 Dei
3504 3903 3656 3975 ima—

1967 3973 2462 4049 ginémconditus
2507 3975 2886 4049 aeternitatem
2906 3979 3170 4049 ‘app‘etat,
3206 3973 3474 4042 quodque
3510 3973 3657 4026 hanc

1966 4044 2025 4104 i'n
2051 4047 2216 4101 terris
2243 4046 2465 4114 assequi
2496 4061 2606 4097 non
2631 4045 2832 4109 valeat,
2862 4044 2992 4096 hinc
3014 4044 3078 4096 ﬁt
3100 4050 3162 4096 ut
3185 4060 3390 4111 parens
3415 4049 3656 4108 uterque

1968 4126 2090 4175 orta
2124 4119 2304 4188 prole,
2339 4113 2512 4168 veluti
2545 4131 2753 4182 magna
2799 4114 2894 4188 sui
2912 4121 3075 4188 parte
3106 4115 3212 4167 sibi
3249 4113 3387 4188 olim
3434 4129 3656 4166 succes-

1970 4207 2101 4244 sura
2126 4187 2356 4242 laetetur
2387 4202 2400 4239 :
2429 4188 2590 4240 Joan.
2622 4201 2746 4238 xvr:
2783 4187 2979 4239 Mulier
2999 4201 3103 4239 non
3127 4187 3369 4238 meminit
3388 4199 3660 4252 pressurae

161 4253 370 4334 i'idetur
400 4258 537 4334 ivim
568 4257 753 4334 facere
785 4257 842 4334 in
885 4256 1090 4334 verbo,
1113 4259 1246 4308 dum
1267 4256 1434 4334 dicit,
1475 4253 1732 4334 nobilitas
1766 4270 1858 4334 no-
1900 4277 1944 4330 ι)
1969 4267 2190 4334 propter
2220 4257 2503 4334 gaudium,
2537 4259 2667 4325 quia
2697 4262 2860 4310 natus
2891 4262 2966 4334 est
2997 4257 3148 4334 humo
3191 4259 3249 4308 in
3278 4255 3560 4334 mundum.
3591 4257 3663 4334 Ait

165 4335 263 4383 tum
274 4330 432 4397 facit
453 4348 475 4391 ,-
510 4328 711 4381 nobilis
743 4329 898 4381 enim
937 4343 969 4380 a
1001 4331 1207 4385 notum,
1233 4327 1378 4379 sicut
1407 4341 1440 4377 a
1469 4330 1669 4378 motum
1700 4324 1864 4377 mobi-

164 4402 223 4453 lis
241 4402 472 4466 dicitur,
492 4405 559 4452 ut
576 4399 782 4452 nobilis
804 4400 897 4463 sit,
913 4399 1077 4467 quasi
1102 4397 1354 4450 nominis
1391 4398 1647 4449 claritate
1671 4403 1856 4448 notus.

164 4473 324 4542 Atqui
388 4480 448 4524 et
499 4471 593 4524 his
648 4470 937 4524 nobilibus
983 4486 1085 4522 sua
1117 4485 1254 4542 esse
1310 4473 1501 4542 potest
1558 4472 1862 4542 paupertas

165 4538 510 4613 supplicium
541 4559 553 4593 :
588 4544 847 4608 angustia
869 4544 948 4594 rei
960 4541 1264 4613 familiaris
1294 4540 1555 4602 inclusus,
1588 4553 1696 4590 esse
1724 4538 1860 4589 mal-

168 4611 468 4668 letnobilis
503 4614 742 4682 quidam
784 4616 998 4679 ignotus
1027 4628 1040 4664 :
1085 4611 1302 4680 optime
1334 4617 1526 4682 autem
1558 4614 1863 4682 paupertas

167 4692 390 4739 vocatur
419 4680 692 4750 angustia
721 4683 801 4736 rei
837 4685 1139 4749 familiaris
1165 4698 1177 4735 :
1217 4683 1356 4734 Nam
1390 4681 1534 4733 sicut
1564 4681 1716 4732 dives
1748 4680 1863 4750 suis

169 4758 404 4826 palatiis,
460 4749 637 4826 agris,
689 4753 919 4826 vitibus,
967 4753 1238 4826 numinis,
1285 4749 1861 4826 _armei_itis_liornini-

168 4821 396 4898 basque»
435 4821 706 4891 subditis,
757 4824 966 4898 quibus
1021 4824 1194 4898 veluti
1248 4821 1742 4898 circumfunditur,
1798 4836 1863 4872 eo

171 4894 531 4952 auctoritatis
581 4895 1278 4967 potestatisquevidetur
1336 4894 1626 4967 dilatatus,
1689 4900 1754 4944 ut
1809 4906 1866 4967 se

169 4969 322 5024 facile
366 4962 1152 5036 credat-inexpugnabilem,
1196 4966 1359 5035 juxta
1405 4962 1863 5036 illudil’roverb.

169 5055 257 5092 vui
291 5057 304 5094 :
343 5041 675 5096 Substantia
703 5035 892 5092 divitis
936 5038 1064 5091 urbs
1103 5037 1311 5091 roboris
1348 5036 1498 5102 ejus;
1532 5035 1610 5087 sic
1650 5048 1869 5103 pauper

173 5125 262 5164 sua
310 5113 584 5174 taberna,
635 5111 843 5178 agello,
889 5109 1140 5174 viticula,
1189 5115 1243 5160 et
1297 5122 1607 5176 puerorum
1649 5105 1869 5158 sarcina

173 5183 340 5234 veluti
388 5183 637 5235 obrutus
685 5177 1135 5249 coangustetur:
1194 5179 1326 5232 hinc
1375 5177 1641 5230 Horatius
1691 5191 1864 5229 carm.

177 5253 208 5304 l.
240 5270 320 5319 ιιι,
354 5254 449 5307 od.
480 5255 538 5319 2,
572 5253 907 5323 pauperiem
940 5258 1100 5304 vocat
1129 5256 1421 5317 angustam
1457 5264 1468 5301 :

290 5343 614 5403 Angustam,
642 5341 815 5394 amici,
847 5339 1154 5403 pauperiem
1185 5337 1294 5401 pati

289 5402 572 5452 honustus
599 5403 705 5450 acri
736 5402 926 5450 militia
956 5414 1086 5463 puer

293 5465 603 5513 Condiscat.

242 5544 266 5579 ⁵
288 5546 394 5600 Ille
429 5551 662 5614 utroque
692 5542 1084 5615 circumﬂuus]
1120 5543 1378 5615 Tertium
1399 5614 1406 5615 ί
1426 5541 1770 5615 exemplum;
1790 5545 1876 5615 est

178 5615 242 5670 de
271 5617 342 5672 iis
373 5617 481 5688 qui
514 5611 726 5686 pariter
773 5617 975 5670 divites
1008 5611 1142 5670 sunt
1170 5619 1227 5668 et
1256 5614 1516 5680 nobiles;
1547 5613 1644 5666 sed
1675 5611 1776 5683 qui
1813 5612 1874 5666 in

542 5715 810 5789 PATROL.
861 5716 1081 5784 LXIII.

1972 4325 2184 4402 quanta
2236 4329 2432 4402 laetitia
2480 4335 2746 4398 parentes
2803 4328 3228 4402 perfunduntur
3255 4327 3420 4402 _natis
3442 4325 3663 4402 ‘l‘iberis

1973 4396 2291 4470 iisdemque
2319 4396 2583 4453 virtutem
2614 4396 2954 4464 colentibus,
2992 4399 3366 4470 tantaiidem
3395 4396 3662 4470 afficiun-

1973 4481 2067 4527 tur
2093 4468 2342 4538 tristitia,
2372 4473 2418 4523 si
2462 4478 2562 4524 tios
2605 4471 2810 4523 liberos
2844 4470 3087 4522 viderint
3131 4468 3281 4521 vitiis
3313 4468 3614 4538 indulgere
3645 4484 3658 4522 :

1973 4561 2181 4614 parens
2212 4544 2321 4612 ﬁlii
2349 4545 2537 4614 ﬁliaeve
2567 4543 2773 4595 delictis
2806 4546 3019 4594 moestus
3050 4541 3393 4614 illacrymat;
3427 4545 3492 4592 ut
3515 4555 3667 4593 nunc

1973 4612 2182 4670 dicitur
2215 4631 2226 4667 :
2263 4613 2527 4668 Proverb.
2562 4629 2594 4665 x
2631 4629 2641 4665 :
2682 4615 2850 4665 Filius
2881 4616 3096 4679 sapiens
3129 4612 3364 4677 laetificat
3397 4615 3616 4678 patrem
3650 4625 3662 4664 :

1973 4689 2118 4757 ﬁlius
2155 4702 2278 4739 vero
2318 4688 2516 4757 stultus
2547 4687 2809 4757 mwstitza
2847 4689 2925 4736 est
2967 4683 3161 4757 matris
3210 4697 3335 4735 suae.
3382 4682 3668 4735 Nimirum

1975 4752 2128 4829 quod
2159 4757 2324 4829 liberi
2348 4756 2648 4808 videantur
2678 4755 2870 4806 sanior
2901 4752 3325 4829 perenniorque
3357 4759 3666 4821 parentum

1975 4823 2127 4900 pars,
2162 4828 2262 4880 hos
2292 4832 2552 4900 parentes
2575 4831 2778 4900 optant
2807 4823 3128 4900 semetipsis
3159 4824 3448 4876 meliores.

2047 4899 2068 4932 ⁸
2098 4893 2193 4952 Ad
2223 4893 2457 4965 nutum]
2494 4896 2586 4950 Ad
2616 4897 2963 4948 voluntatem.
3016 4895 3198 4948 Nutus
3227 4910 3259 4946 a
3296 4894 3510 4947 nuendo
3551 4893 3669 4946 sive

1975 4971 2234 5025 movendo
2279 4969 2460 5022 dictus
2500 4968 2729 5036 proprie
2774 4974 2992 5018 motum
3039 4965 3294 5034 corporis
3338 4965 3666 5036 significat]:

1979 5043 2057 5095 sic
2088 5040 2370 5094 movendo
2401 5035 2574 5107 caput
2611 5035 2880 5090 oculosve
2933 5037 3180 5090 dicimur
3213 5052 3450 5089 annuere
3495 5041 3551 5088 et
3579 5035 3672 5107 abf-

1976 5128 2139 5166 nuere
2166 5113 2246 5164 vel
2287 5105 2527 5163 renuere.
2579 5109 2862 5172 Quoniam
2897 5124 3027 5161 vero
3061 5108 3156 5160 ille
3187 5107 3443 5176 corporis
3488 5105 3670 5176 nostri

1978 5190 2167 5238 motus
2199 5189 2447 5235 nostram
2498 5181 2847 5232 voluntatem
2883 5180 3176 5232 consuevit
3211 5178 3503 5241 indicare;
3539 5175 3672 5228 hinc

1978 5255 2192 5310 factum
2224 5259 2327 5316 est,
2356 5259 2438 5317 ut,
2473 5250 2636 5321 signo
2668 5267 2771 5320 pro
2791 5267 2849 5303 re
2874 5250 3193 5318 significata
3221 5248 3673 5321 accepto,_nutus

1981 5343 2095 5380 non
2128 5325 2297 5378 modo
2343 5318 2683 5386 humanam,
2715 5322 2811 5375 sed
2852 5321 3100 5374 divinam
3136 5335 3368 5389 quoque
3414 5318 3672 5370 volunta-

1980 5404 2096 5451 tem
2149 5394 2596 5465 significaverit:
2635 5409 2703 5446 ex
2743 5409 2856 5464 quo
2889 5392 3058 5445 etiam
3105 5406 3304 5465 numen
3343 5389 3528 5465 ips_a_m
3573 5389 3674 5442 Dei

1982 5461 2335 5522 voluntatem
2362 5472 2538 5533 notat,
2573 5468 2634 5516 ut
2666 5461 2816 5534 apud
2850 5464 3000 5532 Virg.
3033 5478 3088 5515 xi
3119 5462 3266 5528 Em,
3299 5476 3350 5515 v.
3383 5461 3485 5513 336
3514 5477 3526 5513 :

2479 5551 2706 5601 Numine
2736 5551 2914 5600 divum

2107 5617 2168 5666 In
2199 5617 2437 5665 ﬂammas
2470 5619 2523 5665 et
2549 5615 2604 5664 in
2635 5627 2783 5663 arma
2805 5612 2962 5661 feror.

3232 5709 3318 5769 22
