  <div class='ocr_page' id='page_1' title='image "/cluster/home/n/w/nwhite01/storage/ocr_20150623/63/hvd.32044073498800/347.png"; bbox 0 0 3996 6170; ppageno 0'>
   <div class='ocr_carea' id='block_1_1' title="bbox 425 280 526 331">
    <p class='ocr_par' dir='ltr' id='par_1_1' title="bbox 425 280 526 331">
     <span class='ocr_line' id='line_1_1' title="bbox 425 280 526 331; baseline 0.01 -1"><span class='ocrx_word' id='word_1_1' title='bbox 425 280 526 331; x_wconf 88' lang='lat'>683</span> 
     </span>
    </p>
   </div>
   <div class='ocr_carea' id='block_1_2' title="bbox 1771 276 2561 334">
    <p class='ocr_par' dir='ltr' id='par_1_2' title="bbox 1771 276 2561 334">
     <span class='ocr_line' id='line_1_2' title="bbox 1771 276 2561 334; baseline 0 -5"><span class='ocrx_word' id='word_1_2' title='bbox 1771 277 1882 332; x_wconf 86' lang='lat' dir='ltr'>AN.</span> <span class='ocrx_word' id='word_1_3' title='bbox 1925 277 2089 332; x_wconf 85' lang='lat' dir='ltr'>MAN.</span> <span class='ocrx_word' id='word_1_4' title='bbox 2134 279 2284 334; x_wconf 89' lang='lat' dir='ltr'>SEV.</span> <span class='ocrx_word' id='word_1_5' title='bbox 2331 276 2561 330; x_wconf 86' lang='grc' dir='ltr'><strong>ΒΟΕΤΠ</strong></span> 
     </span>
    </p>
   </div>
   <div class='ocr_carea' id='block_1_3' title="bbox 3759 287 3839 339">
    <p class='ocr_par' dir='ltr' id='par_1_3' title="bbox 3759 287 3839 339">
     <span class='ocr_line' id='line_1_3' title="bbox 3759 287 3839 339; baseline 0 -1"><span class='ocrx_word' id='word_1_6' title='bbox 3759 287 3839 339; x_wconf 67' lang='grc'>684</span> 
     </span>
    </p>
   </div>
   <div class='ocr_carea' id='block_1_4' title="bbox 421 405 3846 478">
    <p class='ocr_par' dir='ltr' id='par_1_4' title="bbox 421 405 3846 478">
     <span class='ocr_line' id='line_1_4' title="bbox 421 405 3846 478; baseline 0.001 -16"><span class='ocrx_word' id='word_1_7' title='bbox 421 416 446 442; x_wconf 76' lang='grc' dir='ltr'>ι</span> <span class='ocrx_word' id='word_1_8' title='bbox 493 413 700 464; x_wconf 86' lang='lat' dir='ltr'>nutum</span> <span class='ocrx_word' id='word_1_9' title='bbox 761 411 966 462; x_wconf 88' lang='lat' dir='ltr'>cuncta</span> <span class='ocrx_word' id='word_1_10' title='bbox 1031 408 1109 477; x_wconf 81' lang='grc'>(5)</span> <span class='ocrx_word' id='word_1_11' title='bbox 1154 409 1172 442; x_wconf 81' lang='grc'>¹</span> <span class='ocrx_word' id='word_1_12' title='bbox 1236 409 1560 478; x_wconf 82' lang='lat' dir='ltr'>suppetant,</span> <span class='ocrx_word' id='word_1_13' title='bbox 1619 408 1639 439; x_wconf 82' lang='grc'>²</span> <span class='ocrx_word' id='word_1_14' title='bbox 1674 409 1698 448; x_wconf 82' lang='lat' dir='ltr'>b</span> <span class='ocrx_word' id='word_1_15' title='bbox 1761 405 1949 460; x_wconf 89' lang='lat' dir='ltr'>omnis</span> <span class='ocrx_word' id='word_1_16' title='bbox 2016 407 2114 459; x_wconf 88' lang='lat' dir='ltr'>ad-</span> <span class='ocrx_word' id='word_1_17' title='bbox 2154 409 2199 459; x_wconf 75' lang='grc' dir='ltr'><strong>Α</strong></span> <span class='ocrx_word' id='word_1_18' title='bbox 2230 405 2254 438; x_wconf 82' lang='grc'><strong>⁶</strong></span> <span class='ocrx_word' id='word_1_19' title='bbox 2287 410 2497 459; x_wconf 87' lang='lat' dir='ltr'>statum</span> <span class='ocrx_word' id='word_1_20' title='bbox 2529 421 2693 460; x_wconf 90' lang='lat' dir='ltr'>suum</span> <span class='ocrx_word' id='word_1_21' title='bbox 2723 410 2946 460; x_wconf 89' lang='lat' dir='ltr'>mutare</span> <span class='ocrx_word' id='word_1_22' title='bbox 2969 421 3083 459; x_wconf 92' lang='lat' dir='ltr'>non</span> <span class='ocrx_word' id='word_1_23' title='bbox 3105 405 3330 475; x_wconf 71' lang='lat' dir='ltr'>optet?7</span> <span class='ocrx_word' id='word_1_24' title='bbox 3355 407 3522 470; x_wconf 89' lang='lat' dir='ltr'>Quam</span> <span class='ocrx_word' id='word_1_25' title='bbox 3545 411 3846 472; x_wconf 84' lang='lat' dir='ltr'>multisama-</span> 
     </span>
    </p>
   </div>
   <div class='ocr_carea' id='block_1_5' title="bbox 422 494 2115 566">
    <p class='ocr_par' dir='ltr' id='par_1_5' title="bbox 422 494 2115 566">
     <span class='ocr_line' id='line_1_5' title="bbox 422 494 2115 566; baseline -0.002 -14"><span class='ocrx_word' id='word_1_26' title='bbox 422 497 706 552; x_wconf 88' lang='lat' dir='ltr'>versitatis</span> <span class='ocrx_word' id='word_1_27' title='bbox 774 496 1048 566; x_wconf 86' lang='lat' dir='ltr'>insolens,</span> <span class='ocrx_word' id='word_1_28' title='bbox 1132 494 1390 550; x_wconf 85' lang='lat' dir='ltr'>minimis</span> <span class='ocrx_word' id='word_1_29' title='bbox 1468 495 1792 566; x_wconf 86' lang='lat' dir='ltr'>quibusque</span> <span class='ocrx_word' id='word_1_30' title='bbox 1866 500 2115 566; x_wconf 91' lang='lat' dir='ltr'>proster-</span> 
     </span>
    </p>
   </div>
   <div class='ocr_carea' id='block_1_6' title="bbox 421 583 2114 656">
    <p class='ocr_par' dir='ltr' id='par_1_6' title="bbox 421 583 2114 656">
     <span class='ocr_line' id='line_1_6' title="bbox 421 583 2114 656; baseline -0.002 -16"><span class='ocrx_word' id='word_1_31' title='bbox 421 585 602 654; x_wconf 87' lang='lat' dir='ltr'>nitur,</span> <span class='ocrx_word' id='word_1_32' title='bbox 649 598 672 626; x_wconf 78' lang='grc' dir='ltr'><strong>ο</strong></span> <span class='ocrx_word' id='word_1_33' title='bbox 712 585 854 640; x_wconf 88' lang='lat' dir='ltr'>adeo</span> <span class='ocrx_word' id='word_1_34' title='bbox 901 584 1212 656; x_wconf 87' lang='lat' dir='ltr'>perexigua</span> <span class='ocrx_word' id='word_1_35' title='bbox 1261 588 1417 653; x_wconf 89' lang='lat' dir='ltr'>sunt,</span> <span class='ocrx_word' id='word_1_36' title='bbox 1464 599 1590 654; x_wconf 77' lang='lat' dir='ltr'>quae</span> <span class='ocrx_word' id='word_1_37' title='bbox 1644 583 2114 638; x_wconf 87' lang='lat' dir='ltr'>fortunatissimis</span> 
     </span>
    </p>
   </div>
   <div class='ocr_carea' id='block_1_7' title="bbox 418 673 2116 737">
    <p class='ocr_par' dir='ltr' id='par_1_7' title="bbox 418 673 2116 737">
     <span class='ocr_line' id='line_1_7' title="bbox 418 673 2116 737; baseline -0.002 -8"><span class='ocrx_word' id='word_1_38' title='bbox 418 674 794 730; x_wconf 86' lang='lat' dir='ltr'>beatitudinis</span> <span class='ocrx_word' id='word_1_39' title='bbox 862 690 1148 729; x_wconf 85' lang='lat' dir='ltr'>summam</span> <span class='ocrx_word' id='word_1_40' title='bbox 1210 674 1538 728; x_wconf 79' lang='lat' dir='ltr'>detrahunt.</span> <span class='ocrx_word' id='word_1_41' title='bbox 1625 679 1769 728; x_wconf 70' lang='lat'>&quot;3</span> <span class='ocrx_word' id='word_1_42' title='bbox 1845 674 1867 706; x_wconf 76' lang='lat'><strong>3</strong></span> <span class='ocrx_word' id='word_1_43' title='bbox 1933 673 2116 737; x_wconf 90' lang='lat' dir='ltr'>Quam</span> 
     </span>
    </p>
   </div>
   <div class='ocr_carea' id='block_1_8' title="bbox 418 761 2115 833">
    <p class='ocr_par' dir='ltr' id='par_1_8' title="bbox 418 761 2115 833">
     <span class='ocr_line' id='line_1_8' title="bbox 418 761 2115 833; baseline -0.002 -15"><span class='ocrx_word' id='word_1_44' title='bbox 418 764 630 818; x_wconf 91' lang='lat' dir='ltr'>multos</span> <span class='ocrx_word' id='word_1_45' title='bbox 676 779 798 817; x_wconf 84' lang='lat' dir='ltr'>esse</span> <span class='ocrx_word' id='word_1_46' title='bbox 826 765 852 806; x_wconf 75' lang='grc' dir='ltr'>εἰ</span> <span class='ocrx_word' id='word_1_47' title='bbox 897 763 1202 833; x_wconf 90' lang='lat' dir='ltr'>conjectas,</span> <span class='ocrx_word' id='word_1_48' title='bbox 1249 761 1348 833; x_wconf 87' lang='lat' dir='ltr'>qui</span> <span class='ocrx_word' id='word_1_49' title='bbox 1397 777 1519 816; x_wconf 91' lang='lat' dir='ltr'>sese</span> <span class='ocrx_word' id='word_1_50' title='bbox 1560 770 1582 796; x_wconf 75' lang='grc' dir='ltr'>ε</span> <span class='ocrx_word' id='word_1_51' title='bbox 1630 763 1773 816; x_wconf 62' lang='lat' dir='ltr'>caelo</span> <span class='ocrx_word' id='word_1_52' title='bbox 1821 762 2115 833; x_wconf 89' lang='lat' dir='ltr'>proximos</span> 
     </span>
    </p>
   </div>
   <div class='ocr_carea' id='block_1_9' title="bbox 417 851 2114 922">
    <p class='ocr_par' dir='ltr' id='par_1_9' title="bbox 417 851 2114 922">
     <span class='ocr_line' id='line_1_9' title="bbox 417 851 2114 922; baseline -0.002 -14"><span class='ocrx_word' id='word_1_53' title='bbox 417 853 792 922; x_wconf 82' lang='lat' dir='ltr'>arbitrentur,</span> <span class='ocrx_word' id='word_1_54' title='bbox 825 851 874 906; x_wconf 88' lang='lat' dir='ltr'>si</span> <span class='ocrx_word' id='word_1_55' title='bbox 907 852 974 907; x_wconf 89' lang='lat' dir='ltr'>de</span> <span class='ocrx_word' id='word_1_56' title='bbox 1015 852 1260 906; x_wconf 76' lang='lat' dir='ltr'>fortunae</span> <span class='ocrx_word' id='word_1_57' title='bbox 1287 855 1402 905; x_wconf 80' lang='lat' dir='ltr'>tuae</span> <span class='ocrx_word' id='word_1_58' title='bbox 1432 851 1693 922; x_wconf 86' lang='lat' dir='ltr'>reliquiis</span> <span class='ocrx_word' id='word_1_59' title='bbox 1723 867 1857 922; x_wconf 89' lang='lat' dir='ltr'>pars</span> <span class='ocrx_word' id='word_1_60' title='bbox 1899 851 1978 906; x_wconf 92' lang='lat' dir='ltr'>eis</span> <span class='ocrx_word' id='word_1_61' title='bbox 2003 851 2114 906; x_wconf 94' lang='lat' dir='ltr'>mi-</span> 
     </span>
    </p>
   </div>
   <div class='ocr_carea' id='block_1_10' title="bbox 419 941 2114 1013">
    <p class='ocr_par' dir='ltr' id='par_1_10' title="bbox 419 941 2114 1013">
     <span class='ocr_line' id='line_1_10' title="bbox 419 941 2114 1013; baseline -0.002 -15"><span class='ocrx_word' id='word_1_62' title='bbox 419 943 576 998; x_wconf 92' lang='lat' dir='ltr'>nima</span> <span class='ocrx_word' id='word_1_63' title='bbox 618 942 954 1013; x_wconf 82' lang='lat' dir='ltr'>contingat?</span> <span class='ocrx_word' id='word_1_64' title='bbox 998 942 1097 996; x_wconf 90' lang='lat' dir='ltr'>Hic</span> <span class='ocrx_word' id='word_1_65' title='bbox 1132 941 1253 1011; x_wconf 90' lang='lat' dir='ltr'>ipse</span> <span class='ocrx_word' id='word_1_66' title='bbox 1301 941 1482 1009; x_wconf 90' lang='lat' dir='ltr'>locus,</span> <span class='ocrx_word' id='word_1_67' title='bbox 1520 957 1692 1012; x_wconf 88' lang='lat' dir='ltr'>quem</span> <span class='ocrx_word' id='word_1_68' title='bbox 1740 946 1802 995; x_wconf 92' lang='lat' dir='ltr'>tu</span> <span class='ocrx_word' id='word_1_69' title='bbox 1849 941 2114 995; x_wconf 82' lang='lat' dir='ltr'>exsilium</span> 
     </span>
    </p>
   </div>
   <div class='ocr_carea' id='block_1_11' title="bbox 414 1029 2111 1102">
    <p class='ocr_par' dir='ltr' id='par_1_11' title="bbox 414 1029 2111 1102">
     <span class='ocr_line' id='line_1_11' title="bbox 414 1029 2111 1102; baseline -0.002 -15"><span class='ocrx_word' id='word_1_70' title='bbox 414 1048 603 1099; x_wconf 88' lang='lat' dir='ltr'>vocas,</span> <span class='ocrx_word' id='word_1_71' title='bbox 634 1031 1017 1087; x_wconf 84' lang='lat' dir='ltr'>incolentibus</span> <span class='ocrx_word' id='word_1_72' title='bbox 1053 1030 1240 1102; x_wconf 90' lang='lat' dir='ltr'>patria</span> <span class='ocrx_word' id='word_1_73' title='bbox 1279 1035 1382 1084; x_wconf 90' lang='lat' dir='ltr'>est.</span> <span class='ocrx_word' id='word_1_74' title='bbox 1425 1030 1581 1084; x_wconf 89' lang='lat' dir='ltr'>Adeo</span> <span class='ocrx_word' id='word_1_75' title='bbox 1623 1029 1766 1084; x_wconf 87' lang='lat' dir='ltr'>nihil</span> <span class='ocrx_word' id='word_1_76' title='bbox 1817 1034 1900 1084; x_wconf 91' lang='lat' dir='ltr'>est</span> <span class='ocrx_word' id='word_1_77' title='bbox 1942 1031 2111 1084; x_wconf 88' lang='lat' dir='ltr'>mise-</span> 
     </span>
    </p>
   </div>
   <div class='ocr_carea' id='block_1_12' title="bbox 417 1119 2109 1191">
    <p class='ocr_par' dir='ltr' id='par_1_12' title="bbox 417 1119 2109 1191">
     <span class='ocr_line' id='line_1_12' title="bbox 417 1119 2109 1191; baseline -0.002 -14"><span class='ocrx_word' id='word_1_78' title='bbox 417 1138 571 1190; x_wconf 86' lang='lat' dir='ltr'>rum,</span> <span class='ocrx_word' id='word_1_79' title='bbox 625 1123 737 1176; x_wconf 85' lang='lat' dir='ltr'>nisi</span> <span class='ocrx_word' id='word_1_80' title='bbox 785 1137 914 1176; x_wconf 91' lang='lat' dir='ltr'>cum</span> <span class='ocrx_word' id='word_1_81' title='bbox 965 1124 1133 1188; x_wconf 86' lang='lat' dir='ltr'>putes</span> <span class='ocrx_word' id='word_1_82' title='bbox 1166 1119 1186 1154; x_wconf 66' lang='grc' dir='ltr'><strong>ί</strong></span> <span class='ocrx_word' id='word_1_83' title='bbox 1234 1137 1248 1173; x_wconf 89' lang='lat'>:</span> <span class='ocrx_word' id='word_1_84' title='bbox 1291 1125 1606 1191; x_wconf 84' lang='lat' dir='ltr'>contraque</span> <span class='ocrx_word' id='word_1_85' title='bbox 1652 1124 1673 1156; x_wconf 64' lang='grc' dir='ltr'><strong><em>ι</em></strong></span> <span class='ocrx_word' id='word_1_86' title='bbox 1718 1120 1884 1174; x_wconf 91' lang='lat' dir='ltr'>beata</span> <span class='ocrx_word' id='word_1_87' title='bbox 1911 1146 1938 1186; x_wconf 83' lang='lat' dir='ltr'>g</span> <span class='ocrx_word' id='word_1_88' title='bbox 1984 1136 2109 1173; x_wconf 90' lang='lat' dir='ltr'>sors</span> 
     </span>
    </p>
   </div>
   <div class='ocr_carea' id='block_1_13' title="bbox 413 1208 2111 1281">
    <p class='ocr_par' dir='ltr' id='par_1_13' title="bbox 413 1208 2111 1281">
     <span class='ocr_line' id='line_1_13' title="bbox 413 1208 2111 1281; baseline -0.002 -15"><span class='ocrx_word' id='word_1_89' title='bbox 413 1211 604 1266; x_wconf 89' lang='lat' dir='ltr'>omnis</span> <span class='ocrx_word' id='word_1_90' title='bbox 651 1215 736 1265; x_wconf 89' lang='lat' dir='ltr'>est</span> <span class='ocrx_word' id='word_1_91' title='bbox 784 1209 1216 1281; x_wconf 82' lang='lat' dir='ltr'>aequanimitate</span> <span class='ocrx_word' id='word_1_92' title='bbox 1249 1208 1323 1278; x_wconf 77' lang='lat'>(5)</span> <span class='ocrx_word' id='word_1_93' title='bbox 1372 1208 1682 1263; x_wconf 83' lang='lat' dir='ltr'>tolerantis.</span> <span class='ocrx_word' id='word_1_94' title='bbox 1718 1209 1852 1274; x_wconf 89' lang='lat' dir='ltr'>Quis</span> <span class='ocrx_word' id='word_1_95' title='bbox 1884 1213 1970 1263; x_wconf 90' lang='lat' dir='ltr'>est</span> <span class='ocrx_word' id='word_1_96' title='bbox 2015 1208 2111 1262; x_wconf 90' lang='lat' dir='ltr'>ille</span> 
     </span>
    </p>
   </div>
   <div class='ocr_carea' id='block_1_14' title="bbox 412 1296 2107 1370">
    <p class='ocr_par' dir='ltr' id='par_1_14' title="bbox 412 1296 2107 1370">
     <span class='ocr_line' id='line_1_14' title="bbox 412 1296 2107 1370; baseline -0.002 -14"><span class='ocrx_word' id='word_1_97' title='bbox 412 1303 531 1356; x_wconf 88' lang='lat' dir='ltr'>tam</span> <span class='ocrx_word' id='word_1_98' title='bbox 563 1299 720 1366; x_wconf 83' lang='lat' dir='ltr'>felix,</span> <span class='ocrx_word' id='word_1_99' title='bbox 769 1299 869 1370; x_wconf 88' lang='lat' dir='ltr'>qui</span> <span class='ocrx_word' id='word_1_100' title='bbox 917 1315 1047 1354; x_wconf 89' lang='lat' dir='ltr'>cum</span> <span class='ocrx_word' id='word_1_101' title='bbox 1072 1296 1094 1332; x_wconf 80' lang='grc' dir='ltr'>δ</span> <span class='ocrx_word' id='word_1_102' title='bbox 1123 1299 1151 1341; x_wconf 80' lang='grc' dir='ltr'><strong>ιι</strong></span> <span class='ocrx_word' id='word_1_103' title='bbox 1190 1297 1413 1353; x_wconf 87' lang='lat' dir='ltr'>dederit</span> <span class='ocrx_word' id='word_1_104' title='bbox 1455 1298 1832 1368; x_wconf 71' lang='lat' dir='ltr'>impatientia:</span> <span class='ocrx_word' id='word_1_105' title='bbox 1878 1314 2107 1366; x_wconf 89' lang='lat' dir='ltr'>manus,</span> 
     </span>
    </p>
   </div>
   <div class='ocr_carea' id='block_1_15' title="bbox 2226 494 3844 568">
    <p class='ocr_par' dir='ltr' id='par_1_15' title="bbox 2226 494 3844 568">
     <span class='ocr_line' id='line_1_15' title="bbox 2226 494 3844 568; baseline 0.004 -20"><span class='ocrx_word' id='word_1_106' title='bbox 2226 495 2576 549; x_wconf 90' lang='lat' dir='ltr'>ritudinibus</span> <span class='ocrx_word' id='word_1_107' title='bbox 2617 495 2882 548; x_wconf 61' lang='lat' dir='ltr'>humana:</span> <span class='ocrx_word' id='word_1_108' title='bbox 2920 494 3203 548; x_wconf 83' lang='lat' dir='ltr'>felicitatis</span> <span class='ocrx_word' id='word_1_109' title='bbox 3233 496 3468 550; x_wconf 89' lang='lat' dir='ltr'>dulcedo</span> <span class='ocrx_word' id='word_1_110' title='bbox 3499 513 3725 568; x_wconf 85' lang='lat' dir='ltr'>respersa</span> <span class='ocrx_word' id='word_1_111' title='bbox 3751 504 3844 556; x_wconf 86' lang='lat' dir='ltr'>est!</span> 
     </span>
    </p>
   </div>
   <div class='ocr_carea' id='block_1_16' title="bbox 2227 583 3848 655">
    <p class='ocr_par' dir='ltr' id='par_1_16' title="bbox 2227 583 3848 655">
     <span class='ocr_line' id='line_1_16' title="bbox 2227 583 3848 655; baseline 0.004 -18"><span class='ocrx_word' id='word_1_112' title='bbox 2227 600 2354 655; x_wconf 69' lang='lat' dir='ltr'>qua:</span> <span class='ocrx_word' id='word_1_113' title='bbox 2387 584 2434 637; x_wconf 91' lang='lat' dir='ltr'>si</span> <span class='ocrx_word' id='word_1_114' title='bbox 2484 583 2657 638; x_wconf 89' lang='lat' dir='ltr'>etiam</span> <span class='ocrx_word' id='word_1_115' title='bbox 2688 583 2900 638; x_wconf 88' lang='lat' dir='ltr'>fruenti</span> <span class='ocrx_word' id='word_1_116' title='bbox 2940 583 3194 653; x_wconf 85' lang='lat' dir='ltr'>jucunda</span> <span class='ocrx_word' id='word_1_117' title='bbox 3225 601 3343 639; x_wconf 88' lang='lat' dir='ltr'>esse</span> <span class='ocrx_word' id='word_1_118' title='bbox 3374 586 3631 655; x_wconf 89' lang='lat' dir='ltr'>videatur,</span> <span class='ocrx_word' id='word_1_119' title='bbox 3672 595 3848 655; x_wconf 88' lang='lat' dir='ltr'>tamen,</span> 
     </span>
    </p>
   </div>
   <div class='ocr_carea' id='block_1_17' title="bbox 2225 673 3844 749">
    <p class='ocr_par' dir='ltr' id='par_1_17' title="bbox 2225 673 3844 749">
     <span class='ocr_line' id='line_1_17' title="bbox 2225 673 3844 749; baseline 0.004 -22"><span class='ocrx_word' id='word_1_120' title='bbox 2225 690 2340 745; x_wconf 87' lang='lat' dir='ltr'>quo</span> <span class='ocrx_word' id='word_1_121' title='bbox 2391 673 2602 740; x_wconf 92' lang='lat' dir='ltr'>minus,</span> <span class='ocrx_word' id='word_1_122' title='bbox 2652 689 2782 726; x_wconf 89' lang='lat' dir='ltr'>cum</span> <span class='ocrx_word' id='word_1_123' title='bbox 2832 673 2986 741; x_wconf 85' lang='lat' dir='ltr'>velit,</span> <span class='ocrx_word' id='word_1_124' title='bbox 3035 673 3221 738; x_wconf 90' lang='lat' dir='ltr'>abeat,</span> <span class='ocrx_word' id='word_1_125' title='bbox 3270 674 3499 729; x_wconf 83' lang='lat' dir='ltr'>retineri</span> <span class='ocrx_word' id='word_1_126' title='bbox 3546 693 3650 731; x_wconf 91' lang='lat' dir='ltr'>non</span> <span class='ocrx_word' id='word_1_127' title='bbox 3686 680 3844 749; x_wconf 85' lang='lat' dir='ltr'>possit.</span> 
     </span>
    </p>
   </div>
   <div class='ocr_carea' id='block_1_18' title="bbox 2233 760 3849 834">
    <p class='ocr_par' dir='ltr' id='par_1_18' title="bbox 2233 760 3849 834">
     <span class='ocr_line' id='line_1_18' title="bbox 2233 760 3849 834; baseline 0.002 -16"><span class='ocrx_word' id='word_1_128' title='bbox 2233 769 2376 818; x_wconf 64' lang='lat'>[2-1</span> <span class='ocrx_word' id='word_1_129' title='bbox 2414 760 2438 795; x_wconf 80' lang='grc'>⁸</span> <span class='ocrx_word' id='word_1_130' title='bbox 2489 762 2693 834; x_wconf 89' lang='lat' dir='ltr'>Liquet</span> <span class='ocrx_word' id='word_1_131' title='bbox 2749 763 2926 833; x_wconf 86' lang='lat' dir='ltr'>igitur</span> <span class='ocrx_word' id='word_1_132' title='bbox 2975 779 3150 834; x_wconf 91' lang='lat' dir='ltr'>quam</span> <span class='ocrx_word' id='word_1_133' title='bbox 3209 765 3281 816; x_wconf 90' lang='lat' dir='ltr'>sit</span> <span class='ocrx_word' id='word_1_134' title='bbox 3340 766 3645 820; x_wconf 84' lang='lat' dir='ltr'>mortalium</span> <span class='ocrx_word' id='word_1_135' title='bbox 3695 784 3849 821; x_wconf 88' lang='lat' dir='ltr'>rerum</span> 
     </span>
    </p>
   </div>
   <div class='ocr_carea' id='block_1_19' title="bbox 2224 851 3850 926">
    <p class='ocr_par' dir='ltr' id='par_1_19' title="bbox 2224 851 3850 926">
     <span class='ocr_line' id='line_1_19' title="bbox 2224 851 3850 926; baseline 0.004 -21"><span class='ocrx_word' id='word_1_136' title='bbox 2224 851 2435 906; x_wconf 90' lang='lat' dir='ltr'>misera</span> <span class='ocrx_word' id='word_1_137' title='bbox 2463 851 2776 920; x_wconf 84' lang='lat' dir='ltr'>beatitudo,</span> <span class='ocrx_word' id='word_1_138' title='bbox 2801 868 2924 921; x_wconf 65' lang='lat' dir='ltr'>qua?</span> <span class='ocrx_word' id='word_1_139' title='bbox 2950 868 3054 906; x_wconf 92' lang='lat' dir='ltr'>nec</span> <span class='ocrx_word' id='word_1_140' title='bbox 3076 852 3229 922; x_wconf 91' lang='lat' dir='ltr'>apud</span> <span class='ocrx_word' id='word_1_141' title='bbox 3262 856 3601 924; x_wconf 68' lang='lat' dir='ltr'>mquanimos</span> <span class='ocrx_word' id='word_1_142' title='bbox 3620 863 3850 926; x_wconf 83' lang='lat' dir='ltr'>perpetua</span> 
     </span>
    </p>
   </div>
   <div class='ocr_carea' id='block_1_20' title="bbox 2223 941 3850 1015">
    <p class='ocr_par' dir='ltr' id='par_1_20' title="bbox 2223 941 3850 1015">
     <span class='ocr_line' id='line_1_20' title="bbox 2223 941 3850 1015; baseline 0.004 -21"><span class='ocrx_word' id='word_1_143' title='bbox 2223 941 2517 1012; x_wconf 88' lang='lat' dir='ltr'>perdurat,</span> <span class='ocrx_word' id='word_1_144' title='bbox 2553 958 2658 995; x_wconf 91' lang='lat' dir='ltr'>nec</span> <span class='ocrx_word' id='word_1_145' title='bbox 2689 942 2885 995; x_wconf 86' lang='lat' dir='ltr'>anxios</span> <span class='ocrx_word' id='word_1_146' title='bbox 2932 945 3052 995; x_wconf 86' lang='lat' dir='ltr'>tota</span> <span class='ocrx_word' id='word_1_147' title='bbox 3101 942 3360 1000; x_wconf 87' lang='lat' dir='ltr'>delectat.</span> <span class='ocrx_word' id='word_1_148' title='bbox 3399 941 3422 976; x_wconf 77' lang='lat'><strong>9</strong></span> <span class='ocrx_word' id='word_1_149' title='bbox 3451 944 3590 1007; x_wconf 86' lang='lat' dir='ltr'>Quid</span> <span class='ocrx_word' id='word_1_150' title='bbox 3624 945 3789 1015; x_wconf 83' lang='lat' dir='ltr'>igitur,</span> <span class='ocrx_word' id='word_1_151' title='bbox 3826 965 3850 1001; x_wconf 93' lang='lat' dir='ltr'>o</span> 
     </span>
    </p>
   </div>
   <div class='ocr_carea' id='block_1_21' title="bbox 2222 1029 3849 1102">
    <p class='ocr_par' dir='ltr' id='par_1_21' title="bbox 2222 1029 3849 1102">
     <span class='ocr_line' id='line_1_21' title="bbox 2222 1029 3849 1102; baseline 0.002 -18"><span class='ocrx_word' id='word_1_152' title='bbox 2222 1031 2512 1095; x_wconf 84' lang='lat' dir='ltr'>mortales,</span> <span class='ocrx_word' id='word_1_153' title='bbox 2546 1034 2705 1084; x_wconf 84' lang='lat' dir='ltr'>extra</span> <span class='ocrx_word' id='word_1_154' title='bbox 2724 1029 2918 1099; x_wconf 89' lang='lat' dir='ltr'>petitis</span> <span class='ocrx_word' id='word_1_155' title='bbox 2938 1029 3090 1084; x_wconf 89' lang='lat' dir='ltr'>intra</span> <span class='ocrx_word' id='word_1_156' title='bbox 3119 1031 3128 1063; x_wconf 76' lang='grc' dir='ltr'><strong>ί</strong></span> <span class='ocrx_word' id='word_1_157' title='bbox 3158 1048 3253 1085; x_wconf 90' lang='lat' dir='ltr'>vos</span> <span class='ocrx_word' id='word_1_158' title='bbox 3276 1032 3514 1102; x_wconf 86' lang='lat' dir='ltr'>positam</span> <span class='ocrx_word' id='word_1_159' title='bbox 3535 1033 3849 1091; x_wconf 77' lang='lat' dir='ltr'>felicitatem?</span> 
     </span>
    </p>
   </div>
   <div class='ocr_carea' id='block_1_22' title="bbox 2220 1119 3850 1190">
    <p class='ocr_par' dir='ltr' id='par_1_22' title="bbox 2220 1119 3850 1190">
     <span class='ocr_line' id='line_1_22' title="bbox 2220 1119 3850 1190; baseline 0.004 -18"><span class='ocrx_word' id='word_1_160' title='bbox 2220 1119 2391 1173; x_wconf 91' lang='lat' dir='ltr'>Error</span> <span class='ocrx_word' id='word_1_161' title='bbox 2414 1135 2513 1172; x_wconf 91' lang='lat' dir='ltr'>vos</span> <span class='ocrx_word' id='word_1_162' title='bbox 2559 1119 2898 1190; x_wconf 91' lang='lat' dir='ltr'>inscitiaque</span> <span class='ocrx_word' id='word_1_163' title='bbox 2950 1120 3269 1174; x_wconf 89' lang='lat' dir='ltr'>confundit.</span> <span class='ocrx_word' id='word_1_164' title='bbox 3318 1122 3611 1176; x_wconf 86' lang='lat' dir='ltr'>Ostendam</span> <span class='ocrx_word' id='word_1_165' title='bbox 3646 1123 3850 1178; x_wconf 74' lang='lat' dir='ltr'>breviter</span> 
     </span>
    </p>
   </div>
   <div class='ocr_carea' id='block_1_23' title="bbox 2220 1208 3851 1283">
    <p class='ocr_par' dir='ltr' id='par_1_23' title="bbox 2220 1208 3851 1283">
     <span class='ocr_line' id='line_1_23' title="bbox 2220 1208 3851 1283; baseline 0.004 -22"><span class='ocrx_word' id='word_1_166' title='bbox 2220 1208 2324 1262; x_wconf 91' lang='lat' dir='ltr'>tibi</span> <span class='ocrx_word' id='word_1_167' title='bbox 2348 1225 2362 1276; x_wconf 86' lang='lat' dir='ltr'>j</span> <span class='ocrx_word' id='word_1_168' title='bbox 2397 1224 2638 1262; x_wconf 85' lang='lat' dir='ltr'>summae</span> <span class='ocrx_word' id='word_1_169' title='bbox 2669 1209 2960 1263; x_wconf 86' lang='lat' dir='ltr'>cardinem</span> <span class='ocrx_word' id='word_1_170' title='bbox 2993 1209 3294 1264; x_wconf 91' lang='lat' dir='ltr'>felicitatis.</span> <span class='ocrx_word' id='word_1_171' title='bbox 3317 1212 3392 1280; x_wconf 81' lang='grc'>(5)</span> <span class='ocrx_word' id='word_1_172' title='bbox 3426 1209 3470 1247; x_wconf 87' lang='grc'>¹⁰</span> <span class='ocrx_word' id='word_1_173' title='bbox 3499 1212 3654 1265; x_wconf 87' lang='lat' dir='ltr'>Estne</span> <span class='ocrx_word' id='word_1_174' title='bbox 3675 1213 3851 1283; x_wconf 87' lang='lat' dir='ltr'>aliquid</span> 
     </span>
    </p>
   </div>
   <div class='ocr_carea' id='block_1_24' title="bbox 2219 1297 3851 1372">
    <p class='ocr_par' dir='ltr' id='par_1_24' title="bbox 2219 1297 3851 1372">
     <span class='ocr_line' id='line_1_24' title="bbox 2219 1297 3851 1372; baseline 0.003 -21"><span class='ocrx_word' id='word_1_175' title='bbox 2219 1297 2323 1352; x_wconf 89' lang='lat' dir='ltr'>tibi</span> <span class='ocrx_word' id='word_1_176' title='bbox 2355 1300 2382 1340; x_wconf 78' lang='lat' dir='ltr'><strong>k</strong></span> <span class='ocrx_word' id='word_1_177' title='bbox 2405 1302 2460 1352; x_wconf 90' lang='lat' dir='ltr'>te</span> <span class='ocrx_word' id='word_1_178' title='bbox 2480 1297 2604 1369; x_wconf 91' lang='lat' dir='ltr'>ipso</span> <span class='ocrx_word' id='word_1_179' title='bbox 2646 1298 2994 1369; x_wconf 82' lang='lat' dir='ltr'>pretiosius?</span> <span class='ocrx_word' id='word_1_180' title='bbox 3033 1301 3073 1335; x_wconf 83' lang='grc'>¹¹</span> <span class='ocrx_word' id='word_1_181' title='bbox 3105 1299 3275 1368; x_wconf 86' lang='lat' dir='ltr'>Nihil,</span> <span class='ocrx_word' id='word_1_182' title='bbox 3309 1300 3550 1371; x_wconf 91' lang='lat' dir='ltr'>inquies.</span> <span class='ocrx_word' id='word_1_183' title='bbox 3585 1302 3796 1372; x_wconf 72' lang='lat' dir='ltr'>“Igitur</span> <span class='ocrx_word' id='word_1_184' title='bbox 3818 1304 3851 1356; x_wconf 88' lang='lat' dir='ltr'>si</span> 
     </span>
    </p>
   </div>
   <div class='ocr_carea' id='block_1_25' title="bbox 1904 1404 2494 1462">
    <p class='ocr_par' dir='ltr' id='par_1_25' title="bbox 1904 1404 2494 1462">
     <span class='ocr_line' id='line_1_25' title="bbox 1904 1404 2494 1462; baseline 0.003 -3"><span class='ocrx_word' id='word_1_185' title='bbox 1904 1407 2112 1460; x_wconf 84' lang='lat' dir='ltr'><strong>INTER</strong></span> <span class='ocrx_word' id='word_1_186' title='bbox 2122 1404 2494 1462; x_wconf 82' lang='lat' dir='ltr'>PRETATIO.</span> 
     </span>
    </p>
   </div>
   <div class='ocr_carea' id='block_1_26' title="bbox 479 1493 1384 1551">
    <p class='ocr_par' dir='ltr' id='par_1_26' title="bbox 479 1493 1384 1551">
     <span class='ocr_line' id='line_1_26' title="bbox 479 1493 1384 1551; baseline -0.004 0"><span class='ocrx_word' id='word_1_187' title='bbox 479 1505 504 1529; x_wconf 74' lang='grc'>⁸</span> <span class='ocrx_word' id='word_1_188' title='bbox 533 1494 624 1551; x_wconf 75' lang='lat' dir='ltr'>Ad</span> <span class='ocrx_word' id='word_1_189' title='bbox 652 1493 947 1549; x_wconf 80' lang='lat' dir='ltr'>arbitrium</span> <span class='ocrx_word' id='word_1_190' title='bbox 970 1495 1151 1549; x_wconf 84' lang='lat' dir='ltr'>omnia</span> <span class='ocrx_word' id='word_1_191' title='bbox 1179 1493 1384 1548; x_wconf 83' lang='lat' dir='ltr'>adsint.</span> 
     </span>
    </p>
   </div>
   <div class='ocr_carea' id='block_1_27' title="bbox 479 1567 1342 1622">
    <p class='ocr_par' dir='ltr' id='par_1_27' title="bbox 479 1567 1342 1622">
     <span class='ocr_line' id='line_1_27' title="bbox 479 1567 1342 1622; baseline -0.005 0"><span class='ocrx_word' id='word_1_192' title='bbox 479 1569 506 1609; x_wconf 68' lang='grc' dir='ltr'>ι’</span> <span class='ocrx_word' id='word_1_193' title='bbox 533 1567 684 1622; x_wconf 82' lang='lat' dir='ltr'>Nulli</span> <span class='ocrx_word' id='word_1_194' title='bbox 721 1567 1046 1620; x_wconf 80' lang='lat' dir='ltr'>adversitati</span> <span class='ocrx_word' id='word_1_195' title='bbox 1074 1571 1342 1621; x_wconf 89' lang='lat' dir='ltr'>assuetus.</span> 
     </span>
    </p>
   </div>
   <div class='ocr_carea' id='block_1_28' title="bbox 482 1637 1089 1706">
    <p class='ocr_par' dir='ltr' id='par_1_28' title="bbox 482 1637 1089 1706">
     <span class='ocr_line' id='line_1_28' title="bbox 482 1637 1089 1706; baseline -0.002 -14"><span class='ocrx_word' id='word_1_196' title='bbox 482 1645 502 1671; x_wconf 72' lang='grc' dir='ltr'>ε</span> <span class='ocrx_word' id='word_1_197' title='bbox 533 1639 713 1705; x_wconf 86' lang='lat' dir='ltr'>Usque</span> <span class='ocrx_word' id='word_1_198' title='bbox 732 1637 864 1691; x_wconf 84' lang='lat' dir='ltr'>adeo</span> <span class='ocrx_word' id='word_1_199' title='bbox 889 1653 1089 1706; x_wconf 85' lang='lat' dir='ltr'>parva.</span> 
     </span>
    </p>
   </div>
   <div class='ocr_carea' id='block_1_29' title="bbox 483 1707 925 1765">
    <p class='ocr_par' dir='ltr' id='par_1_29' title="bbox 483 1707 925 1765">
     <span class='ocr_line' id='line_1_29' title="bbox 483 1707 925 1765; baseline 0.002 -1"><span class='ocrx_word' id='word_1_200' title='bbox 483 1711 508 1752; x_wconf 76' lang='grc' dir='ltr'><em>δ</em></span> <span class='ocrx_word' id='word_1_201' title='bbox 538 1710 657 1764; x_wconf 83' lang='grc' dir='ltr'>Νοη</span> <span class='ocrx_word' id='word_1_202' title='bbox 685 1707 925 1765; x_wconf 80' lang='lat' dir='ltr'>dubitas.</span> 
     </span>
    </p>
   </div>
   <div class='ocr_carea' id='block_1_30' title="bbox 479 1779 753 1834">
    <p class='ocr_par' dir='ltr' id='par_1_30' title="bbox 479 1779 753 1834">
     <span class='ocr_line' id='line_1_30' title="bbox 479 1779 753 1834; baseline 0 -2"><span class='ocrx_word' id='word_1_203' title='bbox 479 1787 503 1814; x_wconf 84' lang='lat'><strong><em>°</em></strong></span> <span class='ocrx_word' id='word_1_204' title='bbox 530 1779 753 1834; x_wconf 85' lang='lat' dir='ltr'>Beatos.</span> 
     </span>
    </p>
   </div>
   <div class='ocr_carea' id='block_1_31' title="bbox 481 1849 1392 1922">
    <p class='ocr_par' dir='ltr' id='par_1_31' title="bbox 481 1849 1392 1922">
     <span class='ocr_line' id='line_1_31' title="bbox 481 1849 1392 1922; baseline -0.001 -18"><span class='ocrx_word' id='word_1_205' title='bbox 481 1849 499 1884; x_wconf 68' lang='grc' dir='ltr'><em>τ</em></span> <span class='ocrx_word' id='word_1_206' title='bbox 527 1849 763 1922; x_wconf 80' lang='lat' dir='ltr'>Aliquid</span> <span class='ocrx_word' id='word_1_207' title='bbox 781 1849 843 1904; x_wconf 92' lang='lat' dir='ltr'>in</span> <span class='ocrx_word' id='word_1_208' title='bbox 874 1865 940 1906; x_wconf 87' lang='lat' dir='ltr'>eo</span> <span class='ocrx_word' id='word_1_209' title='bbox 973 1865 1094 1907; x_wconf 90' lang='lat' dir='ltr'>esse</span> <span class='ocrx_word' id='word_1_210' title='bbox 1123 1849 1392 1906; x_wconf 82' lang='lat' dir='ltr'>miseriae.</span> 
     </span>
    </p>
   </div>
   <div class='ocr_carea' id='block_1_32' title="bbox 2284 1495 3766 1564">
    <p class='ocr_par' dir='ltr' id='par_1_32' title="bbox 2284 1495 3766 1564">
     <span class='ocr_line' id='line_1_32' title="bbox 2284 1495 3766 1564; baseline 0.003 -17"><span class='ocrx_word' id='word_1_211' title='bbox 2284 1507 2314 1548; x_wconf 66' lang='grc' dir='ltr'><strong>ς</strong></span> <span class='ocrx_word' id='word_1_212' title='bbox 2342 1496 2495 1548; x_wconf 68' lang='lat' dir='ltr'>Felix</span> <span class='ocrx_word' id='word_1_213' title='bbox 2529 1495 2779 1563; x_wconf 69' lang='lat' dir='ltr'>quaelibet</span> <span class='ocrx_word' id='word_1_214' title='bbox 2809 1495 3066 1561; x_wconf 88' lang='lat' dir='ltr'>conditio,</span> <span class='ocrx_word' id='word_1_215' title='bbox 3094 1499 3323 1564; x_wconf 60' lang='lat' dir='ltr'>simquo</span> <span class='ocrx_word' id='word_1_216' title='bbox 3357 1500 3532 1551; x_wconf 88' lang='lat' dir='ltr'>animo</span> <span class='ocrx_word' id='word_1_217' title='bbox 3559 1499 3766 1564; x_wconf 81' lang='lat' dir='ltr'>feratur.</span> 
     </span>
    </p>
   </div>
   <div class='ocr_carea' id='block_1_33' title="bbox 2285 1567 3046 1636">
    <p class='ocr_par' dir='ltr' id='par_1_33' title="bbox 2285 1567 3046 1636">
     <span class='ocr_line' id='line_1_33' title="bbox 2285 1567 3046 1636; baseline 0.005 -17"><span class='ocrx_word' id='word_1_218' title='bbox 2285 1568 2312 1608; x_wconf 71' lang='grc' dir='ltr'>ιι</span> <span class='ocrx_word' id='word_1_219' title='bbox 2338 1567 2627 1620; x_wconf 86' lang='lat' dir='ltr'>Putaverit</span> <span class='ocrx_word' id='word_1_220' title='bbox 2661 1568 3046 1636; x_wconf 80' lang='lat' dir='ltr'>impatibilem.</span> 
     </span>
    </p>
   </div>
   <div class='ocr_carea' id='block_1_34' title="bbox 2286 1637 2882 1694">
    <p class='ocr_par' dir='ltr' id='par_1_34' title="bbox 2286 1637 2882 1694">
     <span class='ocr_line' id='line_1_34' title="bbox 2286 1637 2882 1694; baseline 0.002 -2"><span class='ocrx_word' id='word_1_221' title='bbox 2286 1637 2300 1670; x_wconf 75' lang='grc' dir='ltr'>ί</span> <span class='ocrx_word' id='word_1_222' title='bbox 2342 1638 2589 1692; x_wconf 85' lang='lat' dir='ltr'>Vestram</span> <span class='ocrx_word' id='word_1_223' title='bbox 2630 1643 2856 1692; x_wconf 86' lang='lat' dir='ltr'>mentem</span> <span class='ocrx_word' id='word_1_224' title='bbox 2869 1681 2882 1694; x_wconf 96' lang='lat'>.</span> 
     </span>
    </p>
   </div>
   <div class='ocr_carea' id='block_1_35' title="bbox 2282 1709 2585 1774">
    <p class='ocr_par' dir='ltr' id='par_1_35' title="bbox 2282 1709 2585 1774">
     <span class='ocr_line' id='line_1_35' title="bbox 2282 1709 2585 1774; baseline 0 -12"><span class='ocrx_word' id='word_1_225' title='bbox 2282 1724 2297 1774; x_wconf 87' lang='lat' dir='ltr'>j</span> <span class='ocrx_word' id='word_1_226' title='bbox 2331 1709 2374 1762; x_wconf 91' lang='grc' dir='ltr'><strong>Ο</strong></span> <span class='ocrx_word' id='word_1_227' title='bbox 2407 1709 2585 1764; x_wconf 90' lang='lat' dir='ltr'>Boeti.</span> 
     </span>
    </p>
   </div>
   <div class='ocr_carea' id='block_1_36' title="bbox 2286 1781 2681 1835">
    <p class='ocr_par' dir='ltr' id='par_1_36' title="bbox 2286 1781 2681 1835">
     <span class='ocr_line' id='line_1_36' title="bbox 2286 1781 2681 1835; baseline 0 -1"><span class='ocrx_word' id='word_1_228' title='bbox 2286 1781 2313 1822; x_wconf 77' lang='grc' dir='ltr'>Ιί</span> <span class='ocrx_word' id='word_1_229' title='bbox 2347 1782 2463 1835; x_wconf 86' lang='lat' dir='ltr'>Tua</span> <span class='ocrx_word' id='word_1_230' title='bbox 2489 1785 2681 1835; x_wconf 88' lang='lat' dir='ltr'>mente.</span> 
     </span>
    </p>
   </div>
   <div class='ocr_carea' id='block_1_37' title="bbox 2049 1923 2279 1981">
    <p class='ocr_par' dir='ltr' id='par_1_37' title="bbox 2049 1923 2279 1981">
     <span class='ocr_line' id='line_1_37' title="bbox 2049 1923 2279 1981; baseline 0.009 -2"><span class='ocrx_word' id='word_1_231' title='bbox 2049 1923 2279 1981; x_wconf 67' lang='grc' dir='ltr'>ΝΟΤᾸΞ.</span> 
     </span>
    </p>
   </div>
   <div class='ocr_carea' id='block_1_38' title="bbox 409 2033 832 2087">
    <p class='ocr_par' dir='ltr' id='par_1_38' title="bbox 409 2033 832 2087">
     <span class='ocr_line' id='line_1_38' title="bbox 409 2033 832 2087; baseline -0.005 0"><span class='ocrx_word' id='word_1_232' title='bbox 409 2033 467 2087; x_wconf 86' lang='lat' dir='ltr'>et</span> <span class='ocrx_word' id='word_1_233' title='bbox 493 2045 662 2086; x_wconf 89' lang='lat' dir='ltr'>versu</span> <span class='ocrx_word' id='word_1_234' title='bbox 691 2033 793 2086; x_wconf 90' lang='lat'>777</span> <span class='ocrx_word' id='word_1_235' title='bbox 818 2047 832 2085; x_wconf 91' lang='lat'><strong>:</strong></span> 
     </span>
    </p>
   </div>
   <div class='ocr_carea' id='block_1_39' title="bbox 654 2114 1520 2168">
    <p class='ocr_par' dir='ltr' id='par_1_39' title="bbox 654 2114 1520 2168">
     <span class='ocr_line' id='line_1_39' title="bbox 654 2114 1520 2168; baseline -0.003 0"><span class='ocrx_word' id='word_1_236' title='bbox 654 2120 772 2168; x_wconf 87' lang='lat' dir='ltr'>Non</span> <span class='ocrx_word' id='word_1_237' title='bbox 801 2118 916 2168; x_wconf 70' lang='lat' dir='ltr'>hinc</span> <span class='ocrx_word' id='word_1_238' title='bbox 935 2116 1051 2166; x_wconf 85' lang='lat' dir='ltr'>sine</span> <span class='ocrx_word' id='word_1_239' title='bbox 1080 2115 1302 2165; x_wconf 90' lang='lat' dir='ltr'>numine</span> <span class='ocrx_word' id='word_1_240' title='bbox 1336 2114 1520 2165; x_wconf 91' lang='lat' dir='ltr'>divum</span> 
     </span>
    </p>
   </div>
   <div class='ocr_carea' id='block_1_40' title="bbox 531 2183 815 2233">
    <p class='ocr_par' dir='ltr' id='par_1_40' title="bbox 531 2183 815 2233">
     <span class='ocr_line' id='line_1_40' title="bbox 531 2183 815 2233; baseline -0.011 0"><span class='ocrx_word' id='word_1_241' title='bbox 531 2183 815 2233; x_wconf 89' lang='lat' dir='ltr'>Eveniunt.</span> 
     </span>
    </p>
   </div>
   <div class='ocr_carea' id='block_1_41' title="bbox 479 2276 2106 2352">
    <p class='ocr_par' dir='ltr' id='par_1_41' title="bbox 479 2276 2106 2352">
     <span class='ocr_line' id='line_1_41' title="bbox 479 2276 2106 2352; baseline 0.006 -17"><span class='ocrx_word' id='word_1_242' title='bbox 479 2283 496 2316; x_wconf 89' lang='grc'>¹</span> <span class='ocrx_word' id='word_1_243' title='bbox 527 2283 874 2352; x_wconf 84' lang='lat' dir='ltr'>Suppetant.]</span> <span class='ocrx_word' id='word_1_244' title='bbox 908 2279 1113 2334; x_wconf 86' lang='lat' dir='ltr'>Adsint</span> <span class='ocrx_word' id='word_1_245' title='bbox 1144 2294 1156 2332; x_wconf 92' lang='lat'>:</span> <span class='ocrx_word' id='word_1_246' title='bbox 1193 2277 1329 2352; x_wconf 77' lang='lat' dir='ltr'>quia</span> <span class='ocrx_word' id='word_1_247' title='bbox 1367 2276 1521 2352; x_wconf 74' lang='lat' dir='ltr'>enim</span> <span class='ocrx_word' id='word_1_248' title='bbox 1571 2278 1727 2348; x_wconf 85' lang='lat' dir='ltr'>quod</span> <span class='ocrx_word' id='word_1_249' title='bbox 1778 2280 2013 2349; x_wconf 70' lang='lat' dir='ltr'>petitur,</span> <span class='ocrx_word' id='word_1_250' title='bbox 2046 2282 2106 2337; x_wconf 87' lang='lat' dir='ltr'>id</span> 
     </span>
    </p>
   </div>
   <div class='ocr_carea' id='block_1_42' title="bbox 405 2348 2104 2424">
    <p class='ocr_par' dir='ltr' id='par_1_42' title="bbox 405 2348 2104 2424">
     <span class='ocr_line' id='line_1_42' title="bbox 405 2348 2104 2424; baseline 0.001 -17"><span class='ocrx_word' id='word_1_251' title='bbox 405 2348 621 2424; x_wconf 69' lang='lat' dir='ltr'>saepius</span> <span class='ocrx_word' id='word_1_252' title='bbox 640 2348 1010 2424; x_wconf 81' lang='lat' dir='ltr'>impetratur,</span> <span class='ocrx_word' id='word_1_253' title='bbox 1043 2365 1182 2424; x_wconf 79' lang='lat' dir='ltr'>usus</span> <span class='ocrx_word' id='word_1_254' title='bbox 1212 2348 1485 2424; x_wconf 81' lang='lat' dir='ltr'>obtinuit,</span> <span class='ocrx_word' id='word_1_255' title='bbox 1506 2352 1588 2424; x_wconf 84' lang='lat' dir='ltr'>_ut</span> <span class='ocrx_word' id='word_1_256' title='bbox 1628 2348 1913 2418; x_wconf 81' lang='lat' dir='ltr'>suppetere</span> <span class='ocrx_word' id='word_1_257' title='bbox 1948 2353 2104 2408; x_wconf 90' lang='lat' dir='ltr'>idem</span> 
     </span>
    </p>
   </div>
   <div class='ocr_carea' id='block_1_43' title="bbox 405 2419 2102 2494">
    <p class='ocr_par' dir='ltr' id='par_1_43' title="bbox 405 2419 2102 2494">
     <span class='ocr_line' id='line_1_43' title="bbox 405 2419 2102 2494; baseline 0.001 -17"><span class='ocrx_word' id='word_1_258' title='bbox 405 2419 505 2477; x_wconf 57' lang='lat' dir='ltr'>ait&#39;</span> <span class='ocrx_word' id='word_1_259' title='bbox 539 2423 692 2494; x_wconf 90' lang='lat' dir='ltr'>quod</span> <span class='ocrx_word' id='word_1_260' title='bbox 726 2419 953 2494; x_wconf 65' lang='lat' dir='ltr'>adesse,</span> <span class='ocrx_word' id='word_1_261' title='bbox 989 2420 1161 2494; x_wconf 83' lang='lat' dir='ltr'>quasi</span> <span class='ocrx_word' id='word_1_262' title='bbox 1212 2419 1460 2494; x_wconf 83' lang='lat' dir='ltr'>petendo</span> <span class='ocrx_word' id='word_1_263' title='bbox 1501 2419 1879 2494; x_wconf 83' lang='lat' dir='ltr'>impetratum</span> <span class='ocrx_word' id='word_1_264' title='bbox 1964 2425 2102 2479; x_wconf 85' lang='lat' dir='ltr'>Hinc</span> 
     </span>
    </p>
   </div>
   <div class='ocr_carea' id='block_1_44' title="bbox 404 2491 2100 2564">
    <p class='ocr_par' dir='ltr' id='par_1_44' title="bbox 404 2491 2100 2564">
     <span class='ocr_line' id='line_1_44' title="bbox 404 2491 2100 2564; baseline 0.001 -15"><span class='ocrx_word' id='word_1_265' title='bbox 404 2491 687 2564; x_wconf 72' lang='lat' dir='ltr'>suppetiae,</span> <span class='ocrx_word' id='word_1_266' title='bbox 721 2509 864 2563; x_wconf 89' lang='lat' dir='ltr'>quas</span> <span class='ocrx_word' id='word_1_267' title='bbox 893 2492 1000 2546; x_wconf 89' lang='lat' dir='ltr'>sibi</span> <span class='ocrx_word' id='word_1_268' title='bbox 1023 2491 1336 2561; x_wconf 82' lang='lat' dir='ltr'>suppetere</span> <span class='ocrx_word' id='word_1_269' title='bbox 1379 2491 1551 2544; x_wconf 86' lang='lat' dir='ltr'>rebus</span> <span class='ocrx_word' id='word_1_270' title='bbox 1587 2491 1836 2546; x_wconf 84' lang='lat' dir='ltr'>adversis</span> <span class='ocrx_word' id='word_1_271' title='bbox 1867 2497 2100 2564; x_wconf 84' lang='lat' dir='ltr'>pericli-</span> 
     </span>
    </p>
   </div>
   <div class='ocr_carea' id='block_1_45' title="bbox 404 2568 910 2635">
    <p class='ocr_par' dir='ltr' id='par_1_45' title="bbox 404 2568 910 2635">
     <span class='ocr_line' id='line_1_45' title="bbox 404 2568 910 2635; baseline -0.008 -16"><span class='ocrx_word' id='word_1_272' title='bbox 404 2570 590 2619; x_wconf 84' lang='lat' dir='ltr'>tantes</span> <span class='ocrx_word' id='word_1_273' title='bbox 619 2568 910 2635; x_wconf 87' lang='lat' dir='ltr'>expetunt.</span> 
     </span>
    </p>
   </div>
   <div class='ocr_carea' id='block_1_46' title="bbox 475 2631 2101 2693">
    <p class='ocr_par' dir='ltr' id='par_1_46' title="bbox 475 2631 2101 2693">
     <span class='ocr_line' id='line_1_46' title="bbox 475 2631 2101 2693; baseline 0.003 -5"><span class='ocrx_word' id='word_1_274' title='bbox 475 2637 498 2669; x_wconf 66' lang='grc'>³</span> <span class='ocrx_word' id='word_1_275' title='bbox 564 2631 750 2693; x_wconf 75' lang='lat' dir='ltr'>Omnis</span> <span class='ocrx_word' id='word_1_276' title='bbox 819 2634 1174 2688; x_wconf 85' lang='lat' dir='ltr'>adversitatis</span> <span class='ocrx_word' id='word_1_277' title='bbox 1235 2631 1513 2688; x_wconf 90' lang='lat' dir='ltr'>insolens.]</span> <span class='ocrx_word' id='word_1_278' title='bbox 1575 2633 1729 2688; x_wconf 81' lang='lat' dir='ltr'>Nulli</span> <span class='ocrx_word' id='word_1_279' title='bbox 1774 2635 2101 2692; x_wconf 83' lang='lat' dir='ltr'>adversitati</span> 
     </span>
    </p>
   </div>
   <div class='ocr_carea' id='block_1_47' title="bbox 403 2703 2098 2773">
    <p class='ocr_par' dir='ltr' id='par_1_47' title="bbox 403 2703 2098 2773">
     <span class='ocr_line' id='line_1_47' title="bbox 403 2703 2098 2773; baseline 0.002 -13"><span class='ocrx_word' id='word_1_280' title='bbox 403 2714 669 2762; x_wconf 89' lang='lat' dir='ltr'>assuetus.</span> <span class='ocrx_word' id='word_1_281' title='bbox 704 2708 939 2761; x_wconf 89' lang='lat' dir='ltr'>Insolens</span> <span class='ocrx_word' id='word_1_282' title='bbox 986 2705 1142 2758; x_wconf 90' lang='lat' dir='ltr'>enim</span> <span class='ocrx_word' id='word_1_283' title='bbox 1177 2703 1342 2773; x_wconf 90' lang='lat' dir='ltr'>quasi</span> <span class='ocrx_word' id='word_1_284' title='bbox 1369 2718 1475 2756; x_wconf 89' lang='lat' dir='ltr'>non</span> <span class='ocrx_word' id='word_1_285' title='bbox 1520 2704 1694 2758; x_wconf 85' lang='lat' dir='ltr'>solens</span> <span class='ocrx_word' id='word_1_286' title='bbox 1727 2721 1739 2757; x_wconf 90' lang='lat'>:</span> <span class='ocrx_word' id='word_1_287' title='bbox 1775 2707 1962 2760; x_wconf 89' lang='lat' dir='ltr'>solens</span> <span class='ocrx_word' id='word_1_288' title='bbox 2001 2726 2098 2763; x_wconf 91' lang='lat' dir='ltr'>au-</span> 
     </span>
    </p>
   </div>
   <div class='ocr_carea' id='block_1_48' title="bbox 403 2775 2096 2848">
    <p class='ocr_par' dir='ltr' id='par_1_48' title="bbox 403 2775 2096 2848">
     <span class='ocr_line' id='line_1_48' title="bbox 403 2775 2096 2848; baseline 0.001 -16"><span class='ocrx_word' id='word_1_289' title='bbox 403 2783 522 2832; x_wconf 89' lang='lat' dir='ltr'>tem</span> <span class='ocrx_word' id='word_1_290' title='bbox 547 2779 596 2832; x_wconf 90' lang='lat' dir='ltr'>is</span> <span class='ocrx_word' id='word_1_291' title='bbox 627 2779 837 2832; x_wconf 90' lang='lat' dir='ltr'>dicitur</span> <span class='ocrx_word' id='word_1_292' title='bbox 863 2777 960 2848; x_wconf 92' lang='lat' dir='ltr'>qui</span> <span class='ocrx_word' id='word_1_293' title='bbox 993 2775 1050 2830; x_wconf 91' lang='lat' dir='ltr'>id</span> <span class='ocrx_word' id='word_1_294' title='bbox 1082 2775 1141 2828; x_wconf 91' lang='lat' dir='ltr'>in</span> <span class='ocrx_word' id='word_1_295' title='bbox 1175 2791 1301 2848; x_wconf 83' lang='lat' dir='ltr'>quo</span> <span class='ocrx_word' id='word_1_296' title='bbox 1332 2778 1486 2827; x_wconf 91' lang='lat' dir='ltr'>totus</span> <span class='ocrx_word' id='word_1_297' title='bbox 1511 2779 1596 2828; x_wconf 90' lang='lat' dir='ltr'>est</span> <span class='ocrx_word' id='word_1_298' title='bbox 1623 2775 1794 2846; x_wconf 83' lang='lat' dir='ltr'>facit,</span> <span class='ocrx_word' id='word_1_299' title='bbox 1836 2781 1998 2848; x_wconf 90' lang='lat' dir='ltr'>quasi</span> <span class='ocrx_word' id='word_1_300' title='bbox 2035 2781 2096 2834; x_wconf 91' lang='lat' dir='ltr'>in</span> 
     </span>
    </p>
   </div>
   <div class='ocr_carea' id='block_1_49' title="bbox 401 2845 2095 2920">
    <p class='ocr_par' dir='ltr' id='par_1_49' title="bbox 401 2845 2095 2920">
     <span class='ocr_line' id='line_1_49' title="bbox 401 2845 2095 2920; baseline 0.003 -19"><span class='ocrx_word' id='word_1_301' title='bbox 401 2851 513 2904; x_wconf 89' lang='lat' dir='ltr'>solo</span> <span class='ocrx_word' id='word_1_302' title='bbox 557 2865 800 2920; x_wconf 19' lang='lat' dir='ltr'>unoque,</span> <span class='ocrx_word' id='word_1_303' title='bbox 844 2845 954 2902; x_wconf 79' lang='lat' dir='ltr'>hoc</span> <span class='ocrx_word' id='word_1_304' title='bbox 996 2845 1227 2920; x_wconf 84' lang='lat' dir='ltr'>negotio</span> <span class='ocrx_word' id='word_1_305' title='bbox 1286 2850 1576 2920; x_wconf 82' lang='lat' dir='ltr'>versatus:</span> <span class='ocrx_word' id='word_1_306' title='bbox 1636 2845 1813 2917; x_wconf 87' lang='lat' dir='ltr'>quare</span> <span class='ocrx_word' id='word_1_307' title='bbox 1853 2845 2095 2906; x_wconf 68' lang='lat' dir='ltr'>insolens</span> 
     </span>
    </p>
   </div>
   <div class='ocr_carea' id='block_1_50' title="bbox 401 2917 2091 2990">
    <p class='ocr_par' dir='ltr' id='par_1_50' title="bbox 401 2917 2091 2990">
     <span class='ocr_line' id='line_1_50' title="bbox 401 2917 2091 2990; baseline 0 -16"><span class='ocrx_word' id='word_1_308' title='bbox 401 2917 754 2974; x_wconf 76' lang='lat' dir='ltr'>adversitatis</span> <span class='ocrx_word' id='word_1_309' title='bbox 791 2919 835 2972; x_wconf 92' lang='lat' dir='ltr'>is</span> <span class='ocrx_word' id='word_1_310' title='bbox 859 2924 941 2974; x_wconf 91' lang='lat' dir='ltr'>est</span> <span class='ocrx_word' id='word_1_311' title='bbox 973 2919 1071 2990; x_wconf 93' lang='lat' dir='ltr'>qui</span> <span class='ocrx_word' id='word_1_312' title='bbox 1105 2917 1430 2990; x_wconf 74' lang='lat' dir='ltr'>adversitati</span> <span class='ocrx_word' id='word_1_313' title='bbox 1463 2932 1579 2971; x_wconf 93' lang='lat' dir='ltr'>non</span> <span class='ocrx_word' id='word_1_314' title='bbox 1609 2925 1694 2971; x_wconf 89' lang='lat' dir='ltr'>est</span> <span class='ocrx_word' id='word_1_315' title='bbox 1722 2922 2091 2976; x_wconf 85' lang='lat' dir='ltr'>assuefactus.</span> 
     </span>
    </p>
   </div>
   <div class='ocr_carea' id='block_1_51' title="bbox 399 2987 2095 3063">
    <p class='ocr_par' dir='ltr' id='par_1_51' title="bbox 399 2987 2095 3063">
     <span class='ocr_line' id='line_1_51' title="bbox 399 2987 2095 3063; baseline 0.001 -19"><span class='ocrx_word' id='word_1_316' title='bbox 399 2994 586 3063; x_wconf 80' lang='lat' dir='ltr'>Atque</span> <span class='ocrx_word' id='word_1_317' title='bbox 623 2991 735 3058; x_wconf 91' lang='lat' dir='ltr'>hic,</span> <span class='ocrx_word' id='word_1_318' title='bbox 782 2996 848 3045; x_wconf 91' lang='lat' dir='ltr'>ut</span> <span class='ocrx_word' id='word_1_319' title='bbox 892 2987 1044 3063; x_wconf 77' lang='lat' dir='ltr'>nunc</span> <span class='ocrx_word' id='word_1_320' title='bbox 1086 2987 1926 3063; x_wconf 84' lang='lat' dir='ltr'>additur_minimis_quibusque</span> <span class='ocrx_word' id='word_1_321' title='bbox 1964 3009 2095 3062; x_wconf 85' lang='lat' dir='ltr'>pro-</span> 
     </span>
    </p>
   </div>
   <div class='ocr_carea' id='block_1_52' title="bbox 398 3059 2093 3130">
    <p class='ocr_par' dir='ltr' id='par_1_52' title="bbox 398 3059 2093 3130">
     <span class='ocr_line' id='line_1_52' title="bbox 398 3059 2093 3130; baseline 0.001 -13"><span class='ocrx_word' id='word_1_322' title='bbox 398 3059 663 3118; x_wconf 74' lang='lat' dir='ltr'>sternitur</span> <span class='ocrx_word' id='word_1_323' title='bbox 692 3061 1168 3126; x_wconf 82' lang='lat' dir='ltr'>adversiiatibus;</span> <span class='ocrx_word' id='word_1_324' title='bbox 1196 3059 1349 3130; x_wconf 92' lang='lat' dir='ltr'>quod</span> <span class='ocrx_word' id='word_1_325' title='bbox 1385 3074 1547 3112; x_wconf 89' lang='lat' dir='ltr'>mens</span> <span class='ocrx_word' id='word_1_326' title='bbox 1573 3060 1695 3128; x_wconf 88' lang='lat' dir='ltr'>ejus</span> <span class='ocrx_word' id='word_1_327' title='bbox 1727 3061 1812 3114; x_wconf 90' lang='lat' dir='ltr'>his</span> <span class='ocrx_word' id='word_1_328' title='bbox 1835 3059 2093 3119; x_wconf 76' lang='lat' dir='ltr'>motibus</span> 
     </span>
    </p>
   </div>
   <div class='ocr_carea' id='block_1_53' title="bbox 399 3117 2273 3202">
    <p class='ocr_par' dir='ltr' id='par_1_53' title="bbox 399 3117 2273 3202">
     <span class='ocr_line' id='line_1_53' title="bbox 399 3117 2273 3202; baseline 0.001 -14"><span class='ocrx_word' id='word_1_329' title='bbox 399 3150 516 3188; x_wconf 93' lang='lat' dir='ltr'>non</span> <span class='ocrx_word' id='word_1_330' title='bbox 547 3141 791 3202; x_wconf 88' lang='lat' dir='ltr'>assueta,</span> <span class='ocrx_word' id='word_1_331' title='bbox 835 3133 1076 3186; x_wconf 91' lang='lat' dir='ltr'>minimo</span> <span class='ocrx_word' id='word_1_332' title='bbox 1126 3117 1392 3184; x_wconf 74' lang='lat' dir='ltr'>turbetur</span> <span class='ocrx_word' id='word_1_333' title='bbox 1423 3146 1435 3182; x_wconf 89' lang='lat'><strong>:</strong></span> <span class='ocrx_word' id='word_1_334' title='bbox 1471 3135 1532 3183; x_wconf 91' lang='lat' dir='ltr'>ut</span> <span class='ocrx_word' id='word_1_335' title='bbox 1575 3117 1728 3185; x_wconf 52' lang='lat' dir='ltr'>Enim</span> <span class='ocrx_word' id='word_1_336' title='bbox 1760 3133 1828 3186; x_wconf 87' lang='lat' dir='ltr'>ab</span> <span class='ocrx_word' id='word_1_337' title='bbox 1857 3117 2093 3190; x_wconf 78' lang='lat' dir='ltr'>assuetis</span> <span class='ocrx_word' id='word_1_338' title='bbox 2134 3148 2173 3200; x_wconf 65' lang='lat'>(3</span> 
     </span>
    </p>
   </div>
   <div class='ocr_carea' id='block_1_54' title="bbox 398 3203 2089 3274">
    <p class='ocr_par' dir='ltr' id='par_1_54' title="bbox 398 3203 2089 3274">
     <span class='ocr_line' id='line_1_54' title="bbox 398 3203 2089 3274; baseline 0.001 -16"><span class='ocrx_word' id='word_1_339' title='bbox 398 3220 506 3258; x_wconf 83' lang='lat' dir='ltr'>non</span> <span class='ocrx_word' id='word_1_340' title='bbox 544 3209 626 3274; x_wconf 80' lang='lat' dir='ltr'>ﬁt,</span> <span class='ocrx_word' id='word_1_341' title='bbox 659 3205 738 3258; x_wconf 92' lang='lat' dir='ltr'>sic</span> <span class='ocrx_word' id='word_1_342' title='bbox 773 3204 841 3258; x_wconf 90' lang='lat' dir='ltr'>ab</span> <span class='ocrx_word' id='word_1_343' title='bbox 871 3206 1097 3257; x_wconf 84' lang='lat' dir='ltr'>insuetis</span> <span class='ocrx_word' id='word_1_344' title='bbox 1111 3203 1185 3270; x_wconf 84' lang='lat' dir='ltr'>ﬁt</span> <span class='ocrx_word' id='word_1_345' title='bbox 1212 3203 1398 3274; x_wconf 77' lang='lat' dir='ltr'>passio</span> <span class='ocrx_word' id='word_1_346' title='bbox 1431 3217 1443 3253; x_wconf 94' lang='lat'>:</span> <span class='ocrx_word' id='word_1_347' title='bbox 1475 3205 1965 3272; x_wconf 89' lang='lat' dir='ltr'>quemadmodum</span> <span class='ocrx_word' id='word_1_348' title='bbox 2009 3209 2089 3261; x_wconf 94' lang='lat' dir='ltr'>lo-</span> 
     </span>
    </p>
   </div>
   <div class='ocr_carea' id='block_1_55' title="bbox 399 3271 2091 3346">
    <p class='ocr_par' dir='ltr' id='par_1_55' title="bbox 399 3271 2091 3346">
     <span class='ocr_line' id='line_1_55' title="bbox 399 3271 2091 3346; baseline 0.002 -18"><span class='ocrx_word' id='word_1_349' title='bbox 399 3271 658 3346; x_wconf 87' lang='lat' dir='ltr'>quuntur</span> <span class='ocrx_word' id='word_1_350' title='bbox 694 3275 1018 3346; x_wconf 78' lang='lat' dir='ltr'>phi1050phi</span> <span class='ocrx_word' id='word_1_351' title='bbox 1049 3291 1060 3327; x_wconf 94' lang='lat'>:</span> <span class='ocrx_word' id='word_1_352' title='bbox 1095 3288 1276 3346; x_wconf 86' lang='lat' dir='ltr'>usque</span> <span class='ocrx_word' id='word_1_353' title='bbox 1317 3271 1456 3324; x_wconf 90' lang='lat' dir='ltr'>adeo</span> <span class='ocrx_word' id='word_1_354' title='bbox 1481 3271 1784 3346; x_wconf 68' lang='lat' dir='ltr'>perexigua</span> <span class='ocrx_word' id='word_1_355' title='bbox 1814 3284 1938 3330; x_wconf 89' lang='lat' dir='ltr'>sunt</span> <span class='ocrx_word' id='word_1_356' title='bbox 1970 3294 2091 3346; x_wconf 58' lang='lat' dir='ltr'>qua</span> 
     </span>
    </p>
   </div>
   <div class='ocr_carea' id='block_1_56' title="bbox 393 3343 2090 3412">
    <p class='ocr_par' dir='ltr' id='par_1_56' title="bbox 393 3343 2090 3412">
     <span class='ocr_line' id='line_1_56' title="bbox 393 3343 2090 3412; baseline 0.002 -14"><span class='ocrx_word' id='word_1_357' title='bbox 393 3343 856 3412; x_wconf 73' lang='lat' dir='ltr'>fortunatissimis</span> <span class='ocrx_word' id='word_1_358' title='bbox 880 3343 1233 3399; x_wconf 80' lang='lat' dir='ltr'>beatitudinis</span> <span class='ocrx_word' id='word_1_359' title='bbox 1246 3357 1512 3395; x_wconf 87' lang='lat' dir='ltr'>summam</span> <span class='ocrx_word' id='word_1_360' title='bbox 1523 3343 1832 3399; x_wconf 84' lang='lat' dir='ltr'>detrahunt.</span> <span class='ocrx_word' id='word_1_361' title='bbox 1854 3343 2090 3402; x_wconf 79' lang='lat' dir='ltr'>Summa</span> 
     </span>
    </p>
   </div>
   <div class='ocr_carea' id='block_1_57' title="bbox 397 3414 2087 3485">
    <p class='ocr_par' dir='ltr' id='par_1_57' title="bbox 397 3414 2087 3485">
     <span class='ocr_line' id='line_1_57' title="bbox 397 3414 2087 3485; baseline 0.002 -15"><span class='ocrx_word' id='word_1_362' title='bbox 397 3417 773 3470; x_wconf 86' lang='lat' dir='ltr'>arithmeticis</span> <span class='ocrx_word' id='word_1_363' title='bbox 803 3421 885 3470; x_wconf 90' lang='lat' dir='ltr'>est</span> <span class='ocrx_word' id='word_1_364' title='bbox 917 3415 1254 3485; x_wconf 83' lang='lat' dir='ltr'>universitas</span> <span class='ocrx_word' id='word_1_365' title='bbox 1281 3414 1542 3483; x_wconf 65' lang='lat' dir='ltr'>quandam</span> <span class='ocrx_word' id='word_1_366' title='bbox 1567 3430 1694 3484; x_wconf 78' lang='lat' dir='ltr'>quae</span> <span class='ocrx_word' id='word_1_367' title='bbox 1725 3431 1788 3468; x_wconf 86' lang='lat' dir='ltr'>ex</span> <span class='ocrx_word' id='word_1_368' title='bbox 1826 3418 2087 3485; x_wconf 86' lang='lat' dir='ltr'>pluribus</span> 
     </span>
    </p>
   </div>
   <div class='ocr_carea' id='block_1_58' title="bbox 399 3484 2085 3555">
    <p class='ocr_par' dir='ltr' id='par_1_58' title="bbox 399 3484 2085 3555">
     <span class='ocr_line' id='line_1_58' title="bbox 399 3484 2085 3555; baseline 0.002 -14"><span class='ocrx_word' id='word_1_369' title='bbox 399 3487 717 3541; x_wconf 89' lang='lat' dir='ltr'>minoribus</span> <span class='ocrx_word' id='word_1_370' title='bbox 746 3487 1007 3541; x_wconf 88' lang='lat' dir='ltr'>addendo</span> <span class='ocrx_word' id='word_1_371' title='bbox 1047 3484 1366 3549; x_wconf 77' lang='lat' dir='ltr'>coniicitur,</span> <span class='ocrx_word' id='word_1_372' title='bbox 1411 3491 1507 3536; x_wconf 90' lang='lat' dir='ltr'>aut</span> <span class='ocrx_word' id='word_1_373' title='bbox 1537 3501 1602 3537; x_wconf 88' lang='lat' dir='ltr'>ex</span> <span class='ocrx_word' id='word_1_374' title='bbox 1643 3502 1756 3555; x_wconf 91' lang='lat' dir='ltr'>qua</span> <span class='ocrx_word' id='word_1_375' title='bbox 1799 3484 2085 3544; x_wconf 84' lang='lat' dir='ltr'>minorem</span> 
     </span>
    </p>
   </div>
   <div class='ocr_carea' id='block_1_59' title="bbox 397 3557 2086 3628">
    <p class='ocr_par' dir='ltr' id='par_1_59' title="bbox 397 3557 2086 3628">
     <span class='ocr_line' id='line_1_59' title="bbox 397 3557 2086 3628; baseline 0.002 -16"><span class='ocrx_word' id='word_1_376' title='bbox 397 3559 787 3612; x_wconf 88' lang='lat' dir='ltr'>subtrahendo</span> <span class='ocrx_word' id='word_1_377' title='bbox 846 3557 1108 3628; x_wconf 72' lang='lat' dir='ltr'>quaedam</span> <span class='ocrx_word' id='word_1_378' title='bbox 1178 3559 1394 3628; x_wconf 78' lang='lat' dir='ltr'>restat:</span> <span class='ocrx_word' id='word_1_379' title='bbox 1433 3557 1822 3628; x_wconf 79' lang='lat' dir='ltr'>quamobrem</span> <span class='ocrx_word' id='word_1_380' title='bbox 1873 3575 2086 3615; x_wconf 88' lang='lat' dir='ltr'>summa</span> 
     </span>
    </p>
   </div>
   <div class='ocr_carea' id='block_1_60' title="bbox 398 3625 2085 3696">
    <p class='ocr_par' dir='ltr' id='par_1_60' title="bbox 398 3625 2085 3696">
     <span class='ocr_line' id='line_1_60' title="bbox 398 3625 2085 3696; baseline 0.003 -14"><span class='ocrx_word' id='word_1_381' title='bbox 398 3630 754 3684; x_wconf 83' lang='lat' dir='ltr'>beatitudinis</span> <span class='ocrx_word' id='word_1_382' title='bbox 811 3625 909 3683; x_wconf 77' lang='lat' dir='ltr'>hic</span> <span class='ocrx_word' id='word_1_383' title='bbox 955 3627 1100 3682; x_wconf 85' lang='lat' dir='ltr'>nihil</span> <span class='ocrx_word' id='word_1_384' title='bbox 1160 3633 1246 3679; x_wconf 91' lang='lat' dir='ltr'>est</span> <span class='ocrx_word' id='word_1_385' title='bbox 1297 3625 1451 3679; x_wconf 89' lang='lat' dir='ltr'>aliud</span> <span class='ocrx_word' id='word_1_386' title='bbox 1495 3642 1667 3696; x_wconf 90' lang='lat' dir='ltr'>quam</span> <span class='ocrx_word' id='word_1_387' title='bbox 1714 3627 2085 3688; x_wconf 83' lang='lat' dir='ltr'>beatitudinis</span> 
     </span>
    </p>
   </div>
   <div class='ocr_carea' id='block_1_61' title="bbox 394 3698 1388 3771">
    <p class='ocr_par' dir='ltr' id='par_1_61' title="bbox 394 3698 1388 3771">
     <span class='ocr_line' id='line_1_61' title="bbox 394 3698 1388 3771; baseline -0.005 -17"><span class='ocrx_word' id='word_1_388' title='bbox 394 3700 706 3771; x_wconf 81' lang='lat' dir='ltr'>fastigium,</span> <span class='ocrx_word' id='word_1_389' title='bbox 744 3702 791 3754; x_wconf 87' lang='lat' dir='ltr'>le</span> <span class='ocrx_word' id='word_1_390' title='bbox 816 3700 1013 3771; x_wconf 87' lang='lat' dir='ltr'>comble</span> <span class='ocrx_word' id='word_1_391' title='bbox 1033 3699 1106 3751; x_wconf 89' lang='lat' dir='ltr'>du</span> <span class='ocrx_word' id='word_1_392' title='bbox 1133 3698 1388 3752; x_wconf 88' lang='lat' dir='ltr'>bonheur.</span> 
     </span>
    </p>
   </div>
   <div class='ocr_carea' id='block_1_62' title="bbox 465 3768 2080 3842">
    <p class='ocr_par' dir='ltr' id='par_1_62' title="bbox 465 3768 2080 3842">
     <span class='ocr_line' id='line_1_62' title="bbox 465 3768 2080 3842; baseline 0.002 -18"><span class='ocrx_word' id='word_1_393' title='bbox 465 3773 486 3804; x_wconf 79' lang='lat'><strong>3</strong></span> <span class='ocrx_word' id='word_1_394' title='bbox 519 3768 698 3838; x_wconf 85' lang='lat' dir='ltr'>Quam</span> <span class='ocrx_word' id='word_1_395' title='bbox 737 3770 972 3841; x_wconf 66' lang='lat' dir='ltr'>multos]</span> <span class='ocrx_word' id='word_1_396' title='bbox 1013 3771 1271 3842; x_wconf 18' lang='lat' dir='ltr'>Sextum,</span> <span class='ocrx_word' id='word_1_397' title='bbox 1313 3768 1638 3838; x_wconf 88' lang='lat' dir='ltr'>exemplum</span> <span class='ocrx_word' id='word_1_398' title='bbox 1694 3775 1780 3823; x_wconf 90' lang='lat' dir='ltr'>est</span> <span class='ocrx_word' id='word_1_399' title='bbox 1831 3771 1900 3826; x_wconf 92' lang='lat' dir='ltr'>de</span> <span class='ocrx_word' id='word_1_400' title='bbox 1961 3772 2080 3842; x_wconf 90' lang='lat' dir='ltr'>ipso</span> 
     </span>
    </p>
   </div>
   <div class='ocr_carea' id='block_1_63' title="bbox 394 3841 2078 3914">
    <p class='ocr_par' dir='ltr' id='par_1_63' title="bbox 394 3841 2078 3914">
     <span class='ocr_line' id='line_1_63' title="bbox 394 3841 2078 3914; baseline 0.001 -18"><span class='ocrx_word' id='word_1_401' title='bbox 394 3844 604 3914; x_wconf 88' lang='lat' dir='ltr'>Boetio,</span> <span class='ocrx_word' id='word_1_402' title='bbox 637 3845 706 3897; x_wconf 91' lang='lat' dir='ltr'>de</span> <span class='ocrx_word' id='word_1_403' title='bbox 736 3843 897 3914; x_wconf 83' lang='lat' dir='ltr'>cujus</span> <span class='ocrx_word' id='word_1_404' title='bbox 929 3847 1167 3907; x_wconf 68' lang='lat' dir='ltr'>fortuna:</span> <span class='ocrx_word' id='word_1_405' title='bbox 1194 3841 1445 3908; x_wconf 86' lang='lat' dir='ltr'>reliquiis</span> <span class='ocrx_word' id='word_1_406' title='bbox 1467 3842 1516 3914; x_wconf 77' lang='lat' dir='ltr'>si</span> <span class='ocrx_word' id='word_1_407' title='bbox 1531 3856 1666 3914; x_wconf 77' lang='lat' dir='ltr'>pars</span> <span class='ocrx_word' id='word_1_408' title='bbox 1700 3845 1928 3896; x_wconf 86' lang='lat' dir='ltr'>minima</span> <span class='ocrx_word' id='word_1_409' title='bbox 1951 3841 2078 3914; x_wconf 80' lang='lat' dir='ltr'>plu-</span> 
     </span>
    </p>
   </div>
   <div class='ocr_carea' id='block_1_64' title="bbox 395 3911 2079 3979">
    <p class='ocr_par' dir='ltr' id='par_1_64' title="bbox 395 3911 2079 3979">
     <span class='ocr_line' id='line_1_64' title="bbox 395 3911 2079 3979; baseline 0.002 -13"><span class='ocrx_word' id='word_1_410' title='bbox 395 3913 552 3967; x_wconf 87' lang='lat' dir='ltr'>ribus</span> <span class='ocrx_word' id='word_1_411' title='bbox 586 3915 713 3968; x_wconf 91' lang='lat' dir='ltr'>aliis</span> <span class='ocrx_word' id='word_1_412' title='bbox 743 3911 1074 3968; x_wconf 82' lang='lat' dir='ltr'>heminibus</span> <span class='ocrx_word' id='word_1_413' title='bbox 1103 3917 1449 3979; x_wconf 74' lang='lat' dir='ltr'>contingeret,</span> <span class='ocrx_word' id='word_1_414' title='bbox 1488 3911 1549 3964; x_wconf 91' lang='lat' dir='ltr'>hi</span> <span class='ocrx_word' id='word_1_415' title='bbox 1581 3911 1791 3976; x_wconf 84' lang='lat' dir='ltr'>felices,</span> <span class='ocrx_word' id='word_1_416' title='bbox 1819 3929 1931 3968; x_wconf 89' lang='lat' dir='ltr'>sese</span> <span class='ocrx_word' id='word_1_417' title='bbox 1951 3911 2079 3970; x_wconf 65' lang='lat' dir='ltr'>caelo</span> 
     </span>
    </p>
   </div>
   <div class='ocr_carea' id='block_1_65' title="bbox 386 3982 2077 4054">
    <p class='ocr_par' dir='ltr' id='par_1_65' title="bbox 386 3982 2077 4054">
     <span class='ocr_line' id='line_1_65' title="bbox 386 3982 2077 4054; baseline 0.002 -16"><span class='ocrx_word' id='word_1_418' title='bbox 386 3989 670 4054; x_wconf 69' lang='lat' dir='ltr'>proximos</span> <span class='ocrx_word' id='word_1_419' title='bbox 697 3986 1135 4039; x_wconf 84' lang='lat' dir='ltr'>arbitrarentur:</span> <span class='ocrx_word' id='word_1_420' title='bbox 1165 3998 1295 4036; x_wconf 90' lang='lat' dir='ltr'>cum</span> <span class='ocrx_word' id='word_1_421' title='bbox 1334 3988 1525 4036; x_wconf 88' lang='lat' dir='ltr'>tamen</span> <span class='ocrx_word' id='word_1_422' title='bbox 1557 3982 1678 4052; x_wconf 91' lang='lat' dir='ltr'>ipse</span> <span class='ocrx_word' id='word_1_423' title='bbox 1701 3985 1928 4040; x_wconf 88' lang='lat' dir='ltr'>Boetius</span> <span class='ocrx_word' id='word_1_424' title='bbox 1957 4004 2077 4041; x_wconf 91' lang='lat' dir='ltr'>sese</span> 
     </span>
    </p>
   </div>
   <div class='ocr_carea' id='block_1_66' title="bbox 389 4057 886 4126">
    <p class='ocr_par' dir='ltr' id='par_1_66' title="bbox 389 4057 886 4126">
     <span class='ocr_line' id='line_1_66' title="bbox 389 4057 886 4126; baseline 0 -16"><span class='ocrx_word' id='word_1_425' title='bbox 389 4062 555 4126; x_wconf 92' lang='lat' dir='ltr'>putet</span> <span class='ocrx_word' id='word_1_426' title='bbox 583 4057 886 4111; x_wconf 85' lang='lat' dir='ltr'>infelicem.</span> 
     </span>
    </p>
   </div>
   <div class='ocr_carea' id='block_1_67' title="bbox 459 4125 2073 4199">
    <p class='ocr_par' dir='ltr' id='par_1_67' title="bbox 459 4125 2073 4199">
     <span class='ocr_line' id='line_1_67' title="bbox 459 4125 2073 4199; baseline 0 -17"><span class='ocrx_word' id='word_1_427' title='bbox 459 4132 480 4164; x_wconf 81' lang='lat'><strong>‘</strong></span> <span class='ocrx_word' id='word_1_428' title='bbox 508 4130 677 4182; x_wconf 88' lang='lat' dir='ltr'>Beata</span> <span class='ocrx_word' id='word_1_429' title='bbox 704 4126 863 4199; x_wconf 88' lang='lat' dir='ltr'>sors.]</span> <span class='ocrx_word' id='word_1_430' title='bbox 911 4129 1115 4199; x_wconf 88' lang='lat' dir='ltr'>Beatus</span> <span class='ocrx_word' id='word_1_431' title='bbox 1163 4127 1336 4199; x_wconf 85' lang='lat' dir='ltr'>homo</span> <span class='ocrx_word' id='word_1_432' title='bbox 1382 4125 1542 4194; x_wconf 85' lang='lat' dir='ltr'>cujus</span> <span class='ocrx_word' id='word_1_433' title='bbox 1574 4141 1735 4199; x_wconf 78' lang='lat' dir='ltr'>mens</span> <span class='ocrx_word' id='word_1_434' title='bbox 1771 4127 2073 4196; x_wconf 84' lang='lat' dir='ltr'>cogitando</span> 
     </span>
    </p>
   </div>
   <div class='ocr_carea' id='block_1_68' title="bbox 387 4197 2072 4265">
    <p class='ocr_par' dir='ltr' id='par_1_68' title="bbox 387 4197 2072 4265">
     <span class='ocr_line' id='line_1_68' title="bbox 387 4197 2072 4265; baseline 0.001 -14"><span class='ocrx_word' id='word_1_435' title='bbox 387 4197 466 4252; x_wconf 92' lang='lat' dir='ltr'>ita</span> <span class='ocrx_word' id='word_1_436' title='bbox 491 4205 755 4254; x_wconf 88' lang='lat' dir='ltr'>constans</span> <span class='ocrx_word' id='word_1_437' title='bbox 793 4197 895 4265; x_wconf 80' lang='lat' dir='ltr'>est,</span> <span class='ocrx_word' id='word_1_438' title='bbox 945 4205 1006 4252; x_wconf 92' lang='lat' dir='ltr'>ut</span> <span class='ocrx_word' id='word_1_439' title='bbox 1035 4198 1215 4251; x_wconf 90' lang='lat' dir='ltr'>instar</span> <span class='ocrx_word' id='word_1_440' title='bbox 1247 4197 1406 4249; x_wconf 67' lang='lat' dir='ltr'>librae</span> <span class='ocrx_word' id='word_1_441' title='bbox 1440 4197 1678 4265; x_wconf 77' lang='lat' dir='ltr'>aequatis</span> <span class='ocrx_word' id='word_1_442' title='bbox 1721 4199 2072 4265; x_wconf 89' lang='lat' dir='ltr'>ponderibus</span> 
     </span>
    </p>
   </div>
   <div class='ocr_carea' id='block_1_69' title="bbox 383 4268 2071 4341">
    <p class='ocr_par' dir='ltr' id='par_1_69' title="bbox 383 4268 2071 4341">
     <span class='ocr_line' id='line_1_69' title="bbox 383 4268 2071 4341; baseline 0.001 -19"><span class='ocrx_word' id='word_1_443' title='bbox 383 4269 612 4325; x_wconf 76' lang='lat' dir='ltr'>firmata</span> <span class='ocrx_word' id='word_1_444' title='bbox 649 4287 755 4326; x_wconf 91' lang='lat' dir='ltr'>nec</span> <span class='ocrx_word' id='word_1_445' title='bbox 792 4270 1046 4341; x_wconf 88' lang='lat' dir='ltr'>erigatur</span> <span class='ocrx_word' id='word_1_446' title='bbox 1081 4268 1394 4338; x_wconf 88' lang='lat' dir='ltr'>prosperis,</span> <span class='ocrx_word' id='word_1_447' title='bbox 1424 4283 1540 4341; x_wconf 84' lang='lat' dir='ltr'>nec</span> <span class='ocrx_word' id='word_1_448' title='bbox 1573 4268 1824 4341; x_wconf 83' lang='lat' dir='ltr'>adversis</span> <span class='ocrx_word' id='word_1_449' title='bbox 1872 4270 2071 4340; x_wconf 90' lang='lat' dir='ltr'>depri-</span> 
     </span>
    </p>
   </div>
   <div class='ocr_carea' id='block_1_70' title="bbox 380 4338 2068 4411">
    <p class='ocr_par' dir='ltr' id='par_1_70' title="bbox 380 4338 2068 4411">
     <span class='ocr_line' id='line_1_70' title="bbox 380 4338 2068 4411; baseline 0.001 -17"><span class='ocrx_word' id='word_1_450' title='bbox 380 4348 591 4396; x_wconf 85' lang='lat' dir='ltr'>matur.</span> <span class='ocrx_word' id='word_1_451' title='bbox 625 4342 734 4397; x_wconf 92' lang='lat' dir='ltr'>Sed</span> <span class='ocrx_word' id='word_1_452' title='bbox 764 4338 938 4395; x_wconf 75' lang='lat' dir='ltr'>houio</span> <span class='ocrx_word' id='word_1_453' title='bbox 972 4341 1068 4394; x_wconf 91' lang='lat' dir='ltr'>ille</span> <span class='ocrx_word' id='word_1_454' title='bbox 1100 4355 1263 4392; x_wconf 88' lang='lat' dir='ltr'>rarus</span> <span class='ocrx_word' id='word_1_455' title='bbox 1293 4345 1378 4392; x_wconf 88' lang='lat' dir='ltr'>est</span> <span class='ocrx_word' id='word_1_456' title='bbox 1420 4338 1477 4390; x_wconf 90' lang='lat' dir='ltr'>in</span> <span class='ocrx_word' id='word_1_457' title='bbox 1509 4338 1674 4391; x_wconf 89' lang='lat' dir='ltr'>terris</span> <span class='ocrx_word' id='word_1_458' title='bbox 1706 4357 1718 4392; x_wconf 86' lang='lat'><strong><em>:</em></strong></span> <span class='ocrx_word' id='word_1_459' title='bbox 1765 4355 1894 4393; x_wconf 88' lang='lat' dir='ltr'>nam</span> <span class='ocrx_word' id='word_1_460' title='bbox 1940 4338 2068 4411; x_wconf 79' lang='lat' dir='ltr'>quis</span> 
     </span>
    </p>
   </div>
   <div class='ocr_carea' id='block_1_71' title="bbox 379 4412 1200 4482">
    <p class='ocr_par' dir='ltr' id='par_1_71' title="bbox 379 4412 1200 4482">
     <span class='ocr_line' id='line_1_71' title="bbox 379 4412 1200 4482; baseline -0.002 -17"><span class='ocrx_word' id='word_1_461' title='bbox 379 4418 466 4466; x_wconf 92' lang='lat' dir='ltr'>est</span> <span class='ocrx_word' id='word_1_462' title='bbox 495 4413 592 4467; x_wconf 92' lang='lat' dir='ltr'>ille</span> <span class='ocrx_word' id='word_1_463' title='bbox 614 4419 730 4467; x_wconf 91' lang='lat' dir='ltr'>tam</span> <span class='ocrx_word' id='word_1_464' title='bbox 759 4413 913 4479; x_wconf 84' lang='lat' dir='ltr'>felix,</span> <span class='ocrx_word' id='word_1_465' title='bbox 942 4412 1042 4482; x_wconf 91' lang='lat' dir='ltr'>qui</span> <span class='ocrx_word' id='word_1_466' title='bbox 1072 4426 1200 4464; x_wconf 92' lang='lat' dir='ltr'>cum</span> 
     </span>
    </p>
   </div>
   <div class='ocr_carea' id='block_1_72' title="bbox 449 4461 2146 4552">
    <p class='ocr_par' dir='ltr' id='par_1_72' title="bbox 449 4461 2146 4552">
     <span class='ocr_line' id='line_1_72' title="bbox 449 4461 2146 4552; baseline -0.001 -14"><span class='ocrx_word' id='word_1_467' title='bbox 449 4461 730 4538; x_wconf 32' lang='lat' dir='ltr'>is&quot;D-e&#39;dverit</span> <span class='ocrx_word' id='word_1_468' title='bbox 756 4461 1382 4552; x_wconf 38' lang='lat' dir='ltr'>imp&#39;a’tibnwtiae—manusﬂ</span> <span class='ocrx_word' id='word_1_469' title='bbox 1431 4481 1782 4548; x_wconf 79' lang='lat' dir='ltr'>Impatientiu</span> <span class='ocrx_word' id='word_1_470' title='bbox 1818 4484 1965 4535; x_wconf 85' lang='lat' dir='ltr'>vinci</span> <span class='ocrx_word' id='word_1_471' title='bbox 2009 4499 2063 4538; x_wconf 91' lang='lat' dir='ltr'>se</span> <span class='ocrx_word' id='word_1_472' title='bbox 2102 4461 2146 4514; x_wconf 78' lang='grc' dir='ltr'>Ῐ)</span> 
     </span>
    </p>
   </div>
   <div class='ocr_carea' id='block_1_73' title="bbox 375 4552 2057 4624">
    <p class='ocr_par' dir='ltr' id='par_1_73' title="bbox 375 4552 2057 4624">
     <span class='ocr_line' id='line_1_73' title="bbox 375 4552 2057 4624; baseline 0 -16"><span class='ocrx_word' id='word_1_473' title='bbox 375 4569 570 4622; x_wconf 85' lang='lat' dir='ltr'>passus</span> <span class='ocrx_word' id='word_1_474' title='bbox 599 4559 774 4622; x_wconf 69' lang='lat' dir='ltr'>fuerit</span> <span class='ocrx_word' id='word_1_475' title='bbox 805 4574 821 4608; x_wconf 92' lang='lat'><strong><em>:</em></strong></span> <span class='ocrx_word' id='word_1_476' title='bbox 860 4556 937 4608; x_wconf 92' lang='lat' dir='ltr'>sic</span> <span class='ocrx_word' id='word_1_477' title='bbox 970 4553 1224 4624; x_wconf 87' lang='lat' dir='ltr'>loquitur</span> <span class='ocrx_word' id='word_1_478' title='bbox 1251 4553 1466 4604; x_wconf 89' lang='lat' dir='ltr'>Tullius</span> <span class='ocrx_word' id='word_1_479' title='bbox 1499 4555 1567 4603; x_wconf 93' lang='lat' dir='ltr'>de</span> <span class='ocrx_word' id='word_1_480' title='bbox 1601 4552 1778 4604; x_wconf 86' lang='lat' dir='ltr'>Amic.</span> <span class='ocrx_word' id='word_1_481' title='bbox 1816 4569 1828 4604; x_wconf 91' lang='lat'><strong>:</strong></span> <span class='ocrx_word' id='word_1_482' title='bbox 1860 4555 2057 4621; x_wconf 83' lang='lat' dir='ltr'>Atque,</span> 
     </span>
    </p>
   </div>
   <div class='ocr_carea' id='block_1_74' title="bbox 379 4625 2058 4695">
    <p class='ocr_par' dir='ltr' id='par_1_74' title="bbox 379 4625 2058 4695">
     <span class='ocr_line' id='line_1_74' title="bbox 379 4625 2058 4695; baseline 0.001 -18"><span class='ocrx_word' id='word_1_483' title='bbox 379 4627 586 4695; x_wconf 87' lang='lat' dir='ltr'>inquit,</span> <span class='ocrx_word' id='word_1_484' title='bbox 609 4627 683 4680; x_wconf 84' lang='lat' dir='ltr'>ad</span> <span class='ocrx_word' id='word_1_485' title='bbox 704 4631 1002 4680; x_wconf 70' lang='lat' dir='ltr'>extremum</span> <span class='ocrx_word' id='word_1_486' title='bbox 1031 4627 1129 4678; x_wconf 84' lang='lat' dir='ltr'>dat</span> <span class='ocrx_word' id='word_1_487' title='bbox 1165 4638 1378 4686; x_wconf 85' lang='lat' dir='ltr'>manus,</span> <span class='ocrx_word' id='word_1_488' title='bbox 1413 4625 1557 4695; x_wconf 82' lang='lat' dir='ltr'>vinci</span> <span class='ocrx_word' id='word_1_489' title='bbox 1586 4637 1640 4675; x_wconf 90' lang='lat' dir='ltr'>se</span> <span class='ocrx_word' id='word_1_490' title='bbox 1668 4628 1879 4690; x_wconf 76' lang='lat' dir='ltr'>patitur</span> <span class='ocrx_word' id='word_1_491' title='bbox 1916 4640 1928 4676; x_wconf 90' lang='lat'><strong>:</strong></span> <span class='ocrx_word' id='word_1_492' title='bbox 1972 4626 2058 4678; x_wconf 83' lang='lat' dir='ltr'>ni-</span> 
     </span>
    </p>
   </div>
   <div class='ocr_carea' id='block_1_75' title="bbox 375 4693 2058 4765">
    <p class='ocr_par' dir='ltr' id='par_1_75' title="bbox 375 4693 2058 4765">
     <span class='ocr_line' id='line_1_75' title="bbox 375 4693 2058 4765; baseline 0.001 -17"><span class='ocrx_word' id='word_1_493' title='bbox 375 4693 588 4750; x_wconf 72' lang='lat' dir='ltr'>mirum</span> <span class='ocrx_word' id='word_1_494' title='bbox 643 4712 774 4750; x_wconf 91' lang='lat' dir='ltr'>cum</span> <span class='ocrx_word' id='word_1_495' title='bbox 818 4697 1081 4750; x_wconf 90' lang='lat' dir='ltr'>manibus</span> <span class='ocrx_word' id='word_1_496' title='bbox 1137 4695 1453 4765; x_wconf 64' lang='lat' dir='ltr'>praesertim</span> <span class='ocrx_word' id='word_1_497' title='bbox 1505 4693 1677 4746; x_wconf 88' lang='lat' dir='ltr'>homo</span> <span class='ocrx_word' id='word_1_498' title='bbox 1732 4710 1852 4748; x_wconf 91' lang='lat' dir='ltr'>sese</span> <span class='ocrx_word' id='word_1_499' title='bbox 1909 4698 2058 4750; x_wconf 91' lang='lat' dir='ltr'>tueri</span> 
     </span>
    </p>
   </div>
   <div class='ocr_carea' id='block_1_76' title="bbox 373 4765 2052 4837">
    <p class='ocr_par' dir='ltr' id='par_1_76' title="bbox 373 4765 2052 4837">
     <span class='ocr_line' id='line_1_76' title="bbox 373 4765 2052 4837; baseline 0.001 -18"><span class='ocrx_word' id='word_1_500' title='bbox 373 4766 572 4837; x_wconf 83' lang='lat' dir='ltr'>soleat,</span> <span class='ocrx_word' id='word_1_501' title='bbox 595 4767 692 4837; x_wconf 86' lang='lat' dir='ltr'>ubi</span> <span class='ocrx_word' id='word_1_502' title='bbox 723 4768 978 4837; x_wconf 92' lang='lat' dir='ltr'>primum</span> <span class='ocrx_word' id='word_1_503' title='bbox 1011 4766 1355 4835; x_wconf 89' lang='lat' dir='ltr'>intelligitur</span> <span class='ocrx_word' id='word_1_504' title='bbox 1386 4765 1560 4818; x_wconf 86' lang='lat' dir='ltr'>victas</span> <span class='ocrx_word' id='word_1_505' title='bbox 1583 4780 1786 4818; x_wconf 90' lang='lat' dir='ltr'>manus</span> <span class='ocrx_word' id='word_1_506' title='bbox 1810 4766 2052 4834; x_wconf 89' lang='lat' dir='ltr'>dedisse,</span> 
     </span>
    </p>
   </div>
   <div class='ocr_carea' id='block_1_77' title="bbox 371 4836 1074 4907">
    <p class='ocr_par' dir='ltr' id='par_1_77' title="bbox 371 4836 1074 4907">
     <span class='ocr_line' id='line_1_77' title="bbox 371 4836 1074 4907; baseline 0 -17"><span class='ocrx_word' id='word_1_507' title='bbox 371 4836 465 4890; x_wconf 91' lang='lat' dir='ltr'>hic</span> <span class='ocrx_word' id='word_1_508' title='bbox 496 4836 839 4907; x_wconf 90' lang='lat' dir='ltr'>intelligitur</span> <span class='ocrx_word' id='word_1_509' title='bbox 876 4839 1074 4892; x_wconf 90' lang='lat' dir='ltr'>victus.</span> 
     </span>
    </p>
   </div>
   <div class='ocr_carea' id='block_1_78' title="bbox 441 4906 2055 4978">
    <p class='ocr_par' dir='ltr' id='par_1_78' title="bbox 441 4906 2055 4978">
     <span class='ocr_line' id='line_1_78' title="bbox 441 4906 2055 4978; baseline -0.001 -14"><span class='ocrx_word' id='word_1_510' title='bbox 441 4907 466 4941; x_wconf 75' lang='grc' dir='ltr'><strong>θ</strong></span> <span class='ocrx_word' id='word_1_511' title='bbox 499 4906 714 4964; x_wconf 83' lang='lat' dir='ltr'>Statum</span> <span class='ocrx_word' id='word_1_512' title='bbox 757 4924 912 4963; x_wconf 89' lang='lat' dir='ltr'>suum</span> <span class='ocrx_word' id='word_1_513' title='bbox 955 4915 1166 4964; x_wconf 87' lang='lat' dir='ltr'>mutare</span> <span class='ocrx_word' id='word_1_514' title='bbox 1209 4923 1314 4962; x_wconf 89' lang='lat' dir='ltr'>non</span> <span class='ocrx_word' id='word_1_515' title='bbox 1362 4906 1544 4978; x_wconf 63' lang='lat' dir='ltr'>optet]</span> <span class='ocrx_word' id='word_1_516' title='bbox 1580 4907 1763 4960; x_wconf 88' lang='lat' dir='ltr'>lnstar</span> <span class='ocrx_word' id='word_1_517' title='bbox 1806 4907 2055 4962; x_wconf 89' lang='lat' dir='ltr'>hominis</span> 
     </span>
    </p>
   </div>
   <div class='ocr_carea' id='block_1_79' title="bbox 369 4979 2055 5051">
    <p class='ocr_par' dir='ltr' id='par_1_79' title="bbox 369 4979 2055 5051">
     <span class='ocr_line' id='line_1_79' title="bbox 369 4979 2055 5051; baseline 0.001 -19"><span class='ocrx_word' id='word_1_518' title='bbox 369 4979 527 5050; x_wconf 69' lang='lat' dir='ltr'>aegri,</span> <span class='ocrx_word' id='word_1_519' title='bbox 562 4980 662 5051; x_wconf 90' lang='lat' dir='ltr'>qui</span> <span class='ocrx_word' id='word_1_520' title='bbox 695 4981 998 5050; x_wconf 90' lang='lat' dir='ltr'>cujuslibet</span> <span class='ocrx_word' id='word_1_521' title='bbox 1029 4981 1169 5035; x_wconf 92' lang='lat' dir='ltr'>situs</span> <span class='ocrx_word' id='word_1_522' title='bbox 1209 4980 1526 5051; x_wconf 86' lang='lat' dir='ltr'>impatiens,</span> <span class='ocrx_word' id='word_1_523' title='bbox 1569 4983 1758 5048; x_wconf 88' lang='lat' dir='ltr'>partes</span> <span class='ocrx_word' id='word_1_524' title='bbox 1787 4995 1844 5032; x_wconf 91' lang='lat' dir='ltr'>se</span> <span class='ocrx_word' id='word_1_525' title='bbox 1885 4981 2055 5034; x_wconf 90' lang='lat' dir='ltr'>vertit</span> 
     </span>
    </p>
   </div>
   <div class='ocr_carea' id='block_1_80' title="bbox 365 5051 676 5106">
    <p class='ocr_par' dir='ltr' id='par_1_80' title="bbox 365 5051 676 5106">
     <span class='ocr_line' id='line_1_80' title="bbox 365 5051 676 5106; baseline 0 -2"><span class='ocrx_word' id='word_1_526' title='bbox 365 5051 426 5104; x_wconf 91' lang='lat' dir='ltr'>in</span> <span class='ocrx_word' id='word_1_527' title='bbox 455 5067 676 5106; x_wconf 90' lang='lat' dir='ltr'>omnes.</span> 
     </span>
    </p>
   </div>
   <div class='ocr_carea' id='block_1_81' title="bbox 435 5120 2048 5190">
    <p class='ocr_par' dir='ltr' id='par_1_81' title="bbox 435 5120 2048 5190">
     <span class='ocr_line' id='line_1_81' title="bbox 435 5120 2048 5190; baseline 0 -14"><span class='ocrx_word' id='word_1_528' title='bbox 435 5124 455 5158; x_wconf 82' lang='lat'><strong>7</strong></span> <span class='ocrx_word' id='word_1_529' title='bbox 484 5124 658 5190; x_wconf 85' lang='lat' dir='ltr'>Quam</span> <span class='ocrx_word' id='word_1_530' title='bbox 701 5125 888 5178; x_wconf 86' lang='lat' dir='ltr'>multis</span> <span class='ocrx_word' id='word_1_531' title='bbox 936 5124 1420 5188; x_wconf 82' lang='lat' dir='ltr'>amaritudinibus,</span> <span class='ocrx_word' id='word_1_532' title='bbox 1475 5120 1606 5190; x_wconf 88' lang='lat' dir='ltr'>elc.]</span> <span class='ocrx_word' id='word_1_533' title='bbox 1655 5121 1778 5173; x_wconf 85' lang='lat' dir='ltr'>Jam</span> <span class='ocrx_word' id='word_1_534' title='bbox 1820 5122 2048 5176; x_wconf 86' lang='lat' dir='ltr'>monui-</span> 
     </span>
    </p>
   </div>
   <div class='ocr_carea' id='block_1_82' title="bbox 362 5191 2049 5264">
    <p class='ocr_par' dir='ltr' id='par_1_82' title="bbox 362 5191 2049 5264">
     <span class='ocr_line' id='line_1_82' title="bbox 362 5191 2049 5264; baseline -0.001 -15"><span class='ocrx_word' id='word_1_535' title='bbox 362 5209 510 5264; x_wconf 90' lang='lat' dir='ltr'>mus,</span> <span class='ocrx_word' id='word_1_536' title='bbox 544 5201 798 5249; x_wconf 89' lang='lat' dir='ltr'>mentem</span> <span class='ocrx_word' id='word_1_537' title='bbox 828 5196 1141 5249; x_wconf 86' lang='lat' dir='ltr'>humanam</span> <span class='ocrx_word' id='word_1_538' title='bbox 1191 5195 1366 5247; x_wconf 90' lang='lat' dir='ltr'>veluti</span> <span class='ocrx_word' id='word_1_539' title='bbox 1398 5192 1648 5246; x_wconf 90' lang='lat' dir='ltr'>mediam</span> <span class='ocrx_word' id='word_1_540' title='bbox 1680 5191 1829 5244; x_wconf 83' lang='lat' dir='ltr'>inter</span> <span class='ocrx_word' id='word_1_541' title='bbox 1870 5194 2049 5248; x_wconf 89' lang='lat' dir='ltr'>Deum</span> 
     </span>
    </p>
   </div>
   <div class='ocr_carea' id='block_1_83' title="bbox 360 5264 2050 5337">
    <p class='ocr_par' dir='ltr' id='par_1_83' title="bbox 360 5264 2050 5337">
     <span class='ocr_line' id='line_1_83' title="bbox 360 5264 2050 5337; baseline -0.001 -17"><span class='ocrx_word' id='word_1_542' title='bbox 360 5265 797 5337; x_wconf 85' lang='lat' dir='ltr'>humanumque</span> <span class='ocrx_word' id='word_1_543' title='bbox 828 5283 1052 5336; x_wconf 89' lang='lat' dir='ltr'>corpus,</span> <span class='ocrx_word' id='word_1_544' title='bbox 1079 5270 1359 5336; x_wconf 87' lang='lat' dir='ltr'>quatenus</span> <span class='ocrx_word' id='word_1_545' title='bbox 1380 5269 1464 5318; x_wconf 87' lang='lat' dir='ltr'>est</span> <span class='ocrx_word' id='word_1_546' title='bbox 1484 5280 1629 5337; x_wconf 83' lang='lat' dir='ltr'>opus</span> <span class='ocrx_word' id='word_1_547' title='bbox 1663 5264 1759 5316; x_wconf 88' lang='lat' dir='ltr'>Dei</span> <span class='ocrx_word' id='word_1_548' title='bbox 1789 5267 1846 5316; x_wconf 90' lang='lat' dir='ltr'>et</span> <span class='ocrx_word' id='word_1_549' title='bbox 1864 5265 2050 5320; x_wconf 81' lang='lat' dir='ltr'>forma</span> 
     </span>
    </p>
   </div>
   <div class='ocr_carea' id='block_1_84' title="bbox 358 5334 2047 5408">
    <p class='ocr_par' dir='ltr' id='par_1_84' title="bbox 358 5334 2047 5408">
     <span class='ocr_line' id='line_1_84' title="bbox 358 5334 2047 5408; baseline 0 -18"><span class='ocrx_word' id='word_1_550' title='bbox 358 5335 530 5408; x_wconf 88' lang='lat' dir='ltr'>hujus</span> <span class='ocrx_word' id='word_1_551' title='bbox 559 5334 838 5408; x_wconf 72' lang='lat' dir='ltr'>carperis,</span> <span class='ocrx_word' id='word_1_552' title='bbox 871 5334 987 5391; x_wconf 47' lang='lat' dir='ltr'>et_a</span> <span class='ocrx_word' id='word_1_553' title='bbox 1015 5334 1128 5390; x_wconf 80' lang='lat' dir='ltr'>Deo</span> <span class='ocrx_word' id='word_1_554' title='bbox 1167 5342 1223 5389; x_wconf 91' lang='lat' dir='ltr'>et</span> <span class='ocrx_word' id='word_1_555' title='bbox 1265 5353 1298 5388; x_wconf 88' lang='lat' dir='ltr'>a</span> <span class='ocrx_word' id='word_1_556' title='bbox 1326 5352 1564 5408; x_wconf 85' lang='lat' dir='ltr'>corpore</span> <span class='ocrx_word' id='word_1_557' title='bbox 1600 5334 1852 5408; x_wconf 83' lang='lat' dir='ltr'>humano</span> <span class='ocrx_word' id='word_1_558' title='bbox 1895 5351 2047 5390; x_wconf 88' lang='lat' dir='ltr'>com-</span> 
     </span>
    </p>
   </div>
   <div class='ocr_carea' id='block_1_85' title="bbox 358 5406 2047 5478">
    <p class='ocr_par' dir='ltr' id='par_1_85' title="bbox 358 5406 2047 5478">
     <span class='ocr_line' id='line_1_85' title="bbox 358 5406 2047 5478; baseline 0.001 -18"><span class='ocrx_word' id='word_1_559' title='bbox 358 5406 578 5462; x_wconf 86' lang='lat' dir='ltr'>moveri</span> <span class='ocrx_word' id='word_1_560' title='bbox 613 5425 624 5463; x_wconf 90' lang='lat'>:</span> <span class='ocrx_word' id='word_1_561' title='bbox 659 5406 790 5463; x_wconf 86' lang='lat' dir='ltr'>hinc</span> <span class='ocrx_word' id='word_1_562' title='bbox 819 5414 1012 5463; x_wconf 90' lang='lat' dir='ltr'>autem</span> <span class='ocrx_word' id='word_1_563' title='bbox 1044 5412 1316 5478; x_wconf 85' lang='lat' dir='ltr'>putamus</span> <span class='ocrx_word' id='word_1_564' title='bbox 1345 5407 1482 5460; x_wconf 91' lang='lat' dir='ltr'>oriri</span> <span class='ocrx_word' id='word_1_565' title='bbox 1515 5406 1959 5478; x_wconf 85' lang='lat' dir='ltr'>amaritudinem</span> <span class='ocrx_word' id='word_1_566' title='bbox 1991 5414 2047 5462; x_wconf 91' lang='lat' dir='ltr'>et</span> 
     </span>
    </p>
   </div>
   <div class='ocr_carea' id='block_1_86' title="bbox 359 5477 2043 5547">
    <p class='ocr_par' dir='ltr' id='par_1_86' title="bbox 359 5477 2043 5547">
     <span class='ocr_line' id='line_1_86' title="bbox 359 5477 2043 5547; baseline 0.001 -16"><span class='ocrx_word' id='word_1_567' title='bbox 359 5479 717 5534; x_wconf 84' lang='lat' dir='ltr'>dulcedinem</span> <span class='ocrx_word' id='word_1_568' title='bbox 749 5481 1016 5534; x_wconf 60' lang='lat' dir='ltr'>humana}</span> <span class='ocrx_word' id='word_1_569' title='bbox 1045 5477 1370 5543; x_wconf 78' lang='lat' dir='ltr'>felicitatis;</span> <span class='ocrx_word' id='word_1_570' title='bbox 1412 5477 1770 5530; x_wconf 91' lang='lat' dir='ltr'>dulcedinem</span> <span class='ocrx_word' id='word_1_571' title='bbox 1809 5478 2043 5547; x_wconf 90' lang='lat' dir='ltr'>quidem</span> 
     </span>
    </p>
   </div>
   <div class='ocr_carea' id='block_1_87' title="bbox 356 5549 2038 5619">
    <p class='ocr_par' dir='ltr' id='par_1_87' title="bbox 356 5549 2038 5619">
     <span class='ocr_line' id='line_1_87' title="bbox 356 5549 2038 5619; baseline 0.001 -18"><span class='ocrx_word' id='word_1_572' title='bbox 356 5566 389 5601; x_wconf 88' lang='lat' dir='ltr'>a</span> <span class='ocrx_word' id='word_1_573' title='bbox 420 5549 536 5603; x_wconf 90' lang='lat' dir='ltr'>Deo</span> <span class='ocrx_word' id='word_1_574' title='bbox 567 5557 978 5617; x_wconf 89' lang='lat' dir='ltr'>commovente,</span> <span class='ocrx_word' id='word_1_575' title='bbox 1027 5549 1466 5604; x_wconf 87' lang='lat' dir='ltr'>amaritudinem</span> <span class='ocrx_word' id='word_1_576' title='bbox 1509 5564 1640 5600; x_wconf 90' lang='lat' dir='ltr'>vero</span> <span class='ocrx_word' id='word_1_577' title='bbox 1683 5566 1715 5602; x_wconf 92' lang='lat' dir='ltr'>a</span> <span class='ocrx_word' id='word_1_578' title='bbox 1753 5565 1988 5619; x_wconf 89' lang='lat' dir='ltr'>corpore</span> <span class='ocrx_word' id='word_1_579' title='bbox 2026 5567 2038 5603; x_wconf 90' lang='lat'>:</span> 
     </span>
    </p>
   </div>
   <div class='ocr_carea' id='block_1_88' title="bbox 355 5619 2042 5694">
    <p class='ocr_par' dir='ltr' id='par_1_88' title="bbox 355 5619 2042 5694">
     <span class='ocr_line' id='line_1_88' title="bbox 355 5619 2042 5694; baseline 0.001 -22"><span class='ocrx_word' id='word_1_580' title='bbox 355 5633 533 5690; x_wconf 90' lang='lat' dir='ltr'>quare</span> <span class='ocrx_word' id='word_1_581' title='bbox 563 5637 692 5694; x_wconf 86' lang='lat' dir='ltr'>cum</span> <span class='ocrx_word' id='word_1_582' title='bbox 721 5623 894 5677; x_wconf 91' lang='lat' dir='ltr'>homo</span> <span class='ocrx_word' id='word_1_583' title='bbox 916 5621 1182 5694; x_wconf 12' lang='lat' dir='ltr'>,quandiu</span> <span class='ocrx_word' id='word_1_584' title='bbox 1199 5623 1552 5694; x_wconf 78' lang='lat' dir='ltr'>perseverat,</span> <span class='ocrx_word' id='word_1_585' title='bbox 1571 5619 1640 5694; x_wconf 79' lang='lat' dir='ltr'>ab</span> <span class='ocrx_word' id='word_1_586' title='bbox 1673 5623 1914 5694; x_wconf 85' lang='lat' dir='ltr'>utraque</span> <span class='ocrx_word' id='word_1_587' title='bbox 1935 5621 2042 5694; x_wconf 84' lang='lat' dir='ltr'>hac</span> 
     </span>
    </p>
   </div>
   <div class='ocr_carea' id='block_1_89' title="bbox 353 5689 2038 5748">
    <p class='ocr_par' dir='ltr' id='par_1_89' title="bbox 353 5689 2038 5748">
     <span class='ocr_line' id='line_1_89' title="bbox 353 5689 2038 5748; baseline 0.001 -4"><span class='ocrx_word' id='word_1_588' title='bbox 353 5689 526 5746; x_wconf 81' lang='lat' dir='ltr'>causa</span> <span class='ocrx_word' id='word_1_589' title='bbox 555 5692 875 5748; x_wconf 72' lang='lat' dir='ltr'>afﬁciatur:</span> <span class='ocrx_word' id='word_1_590' title='bbox 909 5689 1116 5748; x_wconf 87' lang='lat' dir='ltr'>idcirco</span> <span class='ocrx_word' id='word_1_591' title='bbox 1151 5689 1298 5748; x_wconf 88' lang='lat' dir='ltr'>nihil</span> <span class='ocrx_word' id='word_1_592' title='bbox 1337 5689 1556 5746; x_wconf 89' lang='lat' dir='ltr'>homini</span> <span class='ocrx_word' id='word_1_593' title='bbox 1601 5690 1766 5746; x_wconf 92' lang='lat' dir='ltr'>dulce</span> <span class='ocrx_word' id='word_1_594' title='bbox 1813 5689 1899 5746; x_wconf 81' lang='lat' dir='ltr'>est</span> <span class='ocrx_word' id='word_1_595' title='bbox 1926 5691 2038 5747; x_wconf 88' lang='lat' dir='ltr'>nisi</span> 
     </span>
    </p>
   </div>
   <div class='ocr_carea' id='block_1_90' title="bbox 2221 2034 3850 2106">
    <p class='ocr_par' dir='ltr' id='par_1_90' title="bbox 2221 2034 3850 2106">
     <span class='ocr_line' id='line_1_90' title="bbox 2221 2034 3850 2106; baseline 0.002 -20"><span class='ocrx_word' id='word_1_596' title='bbox 2221 2048 2351 2087; x_wconf 91' lang='lat' dir='ltr'>cum</span> <span class='ocrx_word' id='word_1_597' title='bbox 2376 2048 2573 2106; x_wconf 90' lang='lat' dir='ltr'>amaro</span> <span class='ocrx_word' id='word_1_598' title='bbox 2603 2034 2973 2103; x_wconf 92' lang='lat' dir='ltr'>conjunctum</span> <span class='ocrx_word' id='word_1_599' title='bbox 2999 2050 3012 2088; x_wconf 91' lang='lat'>:</span> <span class='ocrx_word' id='word_1_600' title='bbox 3049 2034 3426 2104; x_wconf 90' lang='lat' dir='ltr'>quamobrem</span> <span class='ocrx_word' id='word_1_601' title='bbox 3457 2035 3524 2088; x_wconf 89' lang='lat' dir='ltr'>de</span> <span class='ocrx_word' id='word_1_602' title='bbox 3566 2050 3850 2106; x_wconf 88' lang='lat' dir='ltr'>quacunque</span> 
     </span>
    </p>
   </div>
   <div class='ocr_carea' id='block_1_91' title="bbox 2219 2105 3848 2176">
    <p class='ocr_par' dir='ltr' id='par_1_91' title="bbox 2219 2105 3848 2176">
     <span class='ocr_line' id='line_1_91' title="bbox 2219 2105 3848 2176; baseline 0.001 -18"><span class='ocrx_word' id='word_1_603' title='bbox 2219 2105 2476 2174; x_wconf 90' lang='lat' dir='ltr'>corporis</span> <span class='ocrx_word' id='word_1_604' title='bbox 2532 2106 2820 2175; x_wconf 90' lang='lat' dir='ltr'>voluptate</span> <span class='ocrx_word' id='word_1_605' title='bbox 2863 2105 2973 2160; x_wconf 91' lang='lat' dir='ltr'>dici</span> <span class='ocrx_word' id='word_1_606' title='bbox 3046 2111 3236 2175; x_wconf 92' lang='lat' dir='ltr'>potest</span> <span class='ocrx_word' id='word_1_607' title='bbox 3276 2107 3430 2176; x_wconf 86' lang='lat' dir='ltr'>quod</span> <span class='ocrx_word' id='word_1_608' title='bbox 3491 2107 3756 2161; x_wconf 89' lang='lat' dir='ltr'>Lucretius</span> <span class='ocrx_word' id='word_1_609' title='bbox 3781 2105 3848 2161; x_wconf 18' lang='lat' dir='ltr'>ide</span> 
     </span>
    </p>
   </div>
   <div class='ocr_carea' id='block_1_92' title="bbox 2218 2177 2769 2231">
    <p class='ocr_par' dir='ltr' id='par_1_92' title="bbox 2218 2177 2769 2231">
     <span class='ocr_line' id='line_1_92' title="bbox 2218 2177 2769 2231; baseline 0 -1"><span class='ocrx_word' id='word_1_610' title='bbox 2218 2192 2414 2230; x_wconf 91' lang='lat' dir='ltr'>amore</span> <span class='ocrx_word' id='word_1_611' title='bbox 2442 2177 2582 2230; x_wconf 86' lang='lat' dir='ltr'>dixit</span> <span class='ocrx_word' id='word_1_612' title='bbox 2606 2177 2642 2231; x_wconf 92' lang='lat' dir='ltr'>l.</span> <span class='ocrx_word' id='word_1_613' title='bbox 2678 2193 2730 2229; x_wconf 89' lang='lat' dir='ltr'>IV</span> <span class='ocrx_word' id='word_1_614' title='bbox 2757 2193 2769 2230; x_wconf 89' lang='lat'><strong>:</strong></span> 
     </span>
    </p>
   </div>
   <div class='ocr_carea' id='block_1_93' title="bbox 2337 2263 3457 2326">
    <p class='ocr_par' dir='ltr' id='par_1_93' title="bbox 2337 2263 3457 2326">
     <span class='ocr_line' id='line_1_93' title="bbox 2337 2263 3457 2326; baseline 0.002 -14"><span class='ocrx_word' id='word_1_615' title='bbox 2337 2264 2534 2312; x_wconf 85' lang='lat' dir='ltr'>Eximia</span> <span class='ocrx_word' id='word_1_616' title='bbox 2567 2268 2732 2322; x_wconf 86' lang='lat' dir='ltr'>veste,</span> <span class='ocrx_word' id='word_1_617' title='bbox 2765 2268 2816 2312; x_wconf 93' lang='lat' dir='ltr'>et</span> <span class='ocrx_word' id='word_1_618' title='bbox 2843 2263 3003 2321; x_wconf 88' lang='lat' dir='ltr'>victu,</span> <span class='ocrx_word' id='word_1_619' title='bbox 3036 2265 3298 2326; x_wconf 84' lang='lat' dir='ltr'>convivia,</span> <span class='ocrx_word' id='word_1_620' title='bbox 3328 2265 3457 2314; x_wconf 87' lang='lat' dir='ltr'>ludi.</span> 
     </span>
    </p>
   </div>
   <div class='ocr_carea' id='block_1_94' title="bbox 2339 2327 3783 2392">
    <p class='ocr_par' dir='ltr' id='par_1_94' title="bbox 2339 2327 3783 2392">
     <span class='ocr_line' id='line_1_94' title="bbox 2339 2327 3783 2392; baseline 0.001 -18"><span class='ocrx_word' id='word_1_621' title='bbox 2339 2327 2534 2392; x_wconf 75' lang='lat' dir='ltr'>Pocula</span> <span class='ocrx_word' id='word_1_622' title='bbox 2562 2327 2761 2378; x_wconf 89' lang='lat' dir='ltr'>crebra.</span> <span class='ocrx_word' id='word_1_623' title='bbox 2789 2332 3081 2392; x_wconf 77' lang='lat' dir='ltr'>unguenta,</span> <span class='ocrx_word' id='word_1_624' title='bbox 3113 2342 3344 2392; x_wconf 62' lang='lat' dir='ltr'>coronis,</span> <span class='ocrx_word' id='word_1_625' title='bbox 3372 2333 3508 2376; x_wconf 88' lang='lat' dir='ltr'>serta</span> <span class='ocrx_word' id='word_1_626' title='bbox 3531 2333 3783 2392; x_wconf 87' lang='lat' dir='ltr'>parantur:</span> 
     </span>
    </p>
   </div>
   <div class='ocr_carea' id='block_1_95' title="bbox 2335 2389 3745 2454">
    <p class='ocr_par' dir='ltr' id='par_1_95' title="bbox 2335 2389 3745 2454">
     <span class='ocr_line' id='line_1_95' title="bbox 2335 2389 3745 2454; baseline 0.002 -18"><span class='ocrx_word' id='word_1_627' title='bbox 2335 2389 2704 2454; x_wconf 55' lang='lat' dir='ltr'>ljlequidquam</span> <span class='ocrx_word' id='word_1_628' title='bbox 2736 2391 3031 2454; x_wconf 76' lang='lat' dir='ltr'>:_quoniam</span> <span class='ocrx_word' id='word_1_629' title='bbox 3058 2389 3231 2438; x_wconf 83' lang='lat' dir='ltr'>medio</span> <span class='ocrx_word' id='word_1_630' title='bbox 3264 2391 3329 2439; x_wconf 88' lang='lat' dir='ltr'>de</span> <span class='ocrx_word' id='word_1_631' title='bbox 3366 2392 3508 2438; x_wconf 85' lang='lat' dir='ltr'>fonte</span> <span class='ocrx_word' id='word_1_632' title='bbox 3535 2389 3745 2454; x_wconf 86' lang='lat' dir='ltr'>leporum</span> 
     </span>
    </p>
   </div>
   <div class='ocr_carea' id='block_1_96' title="bbox 2337 2451 3787 2516">
    <p class='ocr_par' dir='ltr' id='par_1_96' title="bbox 2337 2451 3787 2516">
     <span class='ocr_line' id='line_1_96' title="bbox 2337 2451 3787 2516; baseline 0.001 -16"><span class='ocrx_word' id='word_1_633' title='bbox 2337 2452 2516 2514; x_wconf 85' lang='lat' dir='ltr'>Surgit</span> <span class='ocrx_word' id='word_1_634' title='bbox 2545 2453 2708 2500; x_wconf 88' lang='lat' dir='ltr'>amari</span> <span class='ocrx_word' id='word_1_635' title='bbox 2735 2451 2953 2514; x_wconf 85' lang='lat' dir='ltr'>aliquid,</span> <span class='ocrx_word' id='word_1_636' title='bbox 2989 2455 3129 2515; x_wconf 87' lang='lat' dir='ltr'>quod</span> <span class='ocrx_word' id='word_1_637' title='bbox 3162 2454 3216 2501; x_wconf 90' lang='lat' dir='ltr'>in</span> <span class='ocrx_word' id='word_1_638' title='bbox 3249 2454 3378 2516; x_wconf 86' lang='lat' dir='ltr'>ipsis</span> <span class='ocrx_word' id='word_1_639' title='bbox 3405 2451 3613 2502; x_wconf 75' lang='lat' dir='ltr'>tioribus</span> <span class='ocrx_word' id='word_1_640' title='bbox 3641 2458 3787 2516; x_wconf 85' lang='lat' dir='ltr'>angat.</span> 
     </span>
    </p>
   </div>
   <div class='ocr_carea' id='block_1_97' title="bbox 2281 2531 3845 2605">
    <p class='ocr_par' dir='ltr' id='par_1_97' title="bbox 2281 2531 3845 2605">
     <span class='ocr_line' id='line_1_97' title="bbox 2281 2531 3845 2605; baseline 0 -19"><span class='ocrx_word' id='word_1_641' title='bbox 2281 2531 2427 2596; x_wconf 88' lang='lat' dir='ltr'>Quin</span> <span class='ocrx_word' id='word_1_642' title='bbox 2463 2533 2587 2602; x_wconf 89' lang='lat' dir='ltr'>ipsa</span> <span class='ocrx_word' id='word_1_643' title='bbox 2618 2534 2790 2586; x_wconf 89' lang='lat' dir='ltr'>etiam</span> <span class='ocrx_word' id='word_1_644' title='bbox 2813 2533 3053 2605; x_wconf 81' lang='lat' dir='ltr'>dulcedo</span> <span class='ocrx_word' id='word_1_645' title='bbox 3073 2535 3133 2586; x_wconf 90' lang='lat' dir='ltr'>in</span> <span class='ocrx_word' id='word_1_646' title='bbox 3164 2534 3272 2586; x_wconf 93' lang='lat' dir='ltr'>hoc</span> <span class='ocrx_word' id='word_1_647' title='bbox 3305 2551 3518 2600; x_wconf 88' lang='lat' dir='ltr'>amara,</span> <span class='ocrx_word' id='word_1_648' title='bbox 3547 2535 3684 2605; x_wconf 89' lang='lat' dir='ltr'>quod</span> <span class='ocrx_word' id='word_1_649' title='bbox 3708 2535 3845 2586; x_wconf 78' lang='lat' dir='ltr'>invito</span> 
     </span>
    </p>
   </div>
   <div class='ocr_carea' id='block_1_98' title="bbox 2207 2603 3843 2674">
    <p class='ocr_par' dir='ltr' id='par_1_98' title="bbox 2207 2603 3843 2674">
     <span class='ocr_line' id='line_1_98' title="bbox 2207 2603 3843 2674; baseline 0.001 -18"><span class='ocrx_word' id='word_1_650' title='bbox 2207 2603 2329 2674; x_wconf 84' lang='lat' dir='ltr'>ipso</span> <span class='ocrx_word' id='word_1_651' title='bbox 2370 2605 2628 2669; x_wconf 83' lang='lat' dir='ltr'>homine,</span> <span class='ocrx_word' id='word_1_652' title='bbox 2664 2605 2763 2674; x_wconf 91' lang='lat' dir='ltr'>qui</span> <span class='ocrx_word' id='word_1_653' title='bbox 2792 2603 2889 2658; x_wconf 80' lang='lat' dir='ltr'>illa</span> <span class='ocrx_word' id='word_1_654' title='bbox 2932 2606 3084 2658; x_wconf 76' lang='lat' dir='ltr'>affici</span> <span class='ocrx_word' id='word_1_655' title='bbox 3122 2606 3368 2671; x_wconf 89' lang='lat' dir='ltr'>videtur,</span> <span class='ocrx_word' id='word_1_656' title='bbox 3412 2603 3578 2659; x_wconf 78' lang='lat' dir='ltr'>abeat</span> <span class='ocrx_word' id='word_1_657' title='bbox 3617 2606 3843 2658; x_wconf 79' lang='lat' dir='ltr'>irrevoca-</span> 
     </span>
    </p>
   </div>
   <div class='ocr_carea' id='block_1_99' title="bbox 2205 2673 3844 2745">
    <p class='ocr_par' dir='ltr' id='par_1_99' title="bbox 2205 2673 3844 2745">
     <span class='ocr_line' id='line_1_99' title="bbox 2205 2673 3844 2745; baseline 0.001 -18"><span class='ocrx_word' id='word_1_658' title='bbox 2205 2673 2375 2740; x_wconf 91' lang='lat' dir='ltr'>bilis;</span> <span class='ocrx_word' id='word_1_659' title='bbox 2411 2692 2502 2728; x_wconf 88' lang='lat' dir='ltr'>nec</span> <span class='ocrx_word' id='word_1_660' title='bbox 2534 2673 2759 2729; x_wconf 75' lang='lat' dir='ltr'>retineri</span> <span class='ocrx_word' id='word_1_661' title='bbox 2785 2678 2960 2745; x_wconf 85' lang='lat' dir='ltr'>possit</span> <span class='ocrx_word' id='word_1_662' title='bbox 3002 2677 3068 2729; x_wconf 91' lang='lat' dir='ltr'>ad</span> <span class='ocrx_word' id='word_1_663' title='bbox 3099 2682 3321 2742; x_wconf 92' lang='lat' dir='ltr'>nutum,</span> <span class='ocrx_word' id='word_1_664' title='bbox 3355 2694 3461 2745; x_wconf 87' lang='lat' dir='ltr'>quo</span> <span class='ocrx_word' id='word_1_665' title='bbox 3491 2681 3658 2731; x_wconf 83' lang='lat' dir='ltr'>minus</span> <span class='ocrx_word' id='word_1_666' title='bbox 3684 2679 3844 2730; x_wconf 80' lang='lat' dir='ltr'>abeat:</span> 
     </span>
    </p>
   </div>
   <div class='ocr_carea' id='block_1_100' title="bbox 2206 2746 2653 2800">
    <p class='ocr_par' dir='ltr' id='par_1_100' title="bbox 2206 2746 2653 2800">
     <span class='ocr_line' id='line_1_100' title="bbox 2206 2746 2653 2800; baseline 0.004 -2"><span class='ocrx_word' id='word_1_667' title='bbox 2206 2750 2271 2799; x_wconf 89' lang='lat' dir='ltr'>ut</span> <span class='ocrx_word' id='word_1_668' title='bbox 2303 2746 2393 2798; x_wconf 91' lang='lat' dir='ltr'>hic</span> <span class='ocrx_word' id='word_1_669' title='bbox 2425 2747 2653 2800; x_wconf 88' lang='lat' dir='ltr'>dicitur.</span> 
     </span>
    </p>
   </div>
   <div class='ocr_carea' id='block_1_101' title="bbox 2277 2815 3842 2890">
    <p class='ocr_par' dir='ltr' id='par_1_101' title="bbox 2277 2815 3842 2890">
     <span class='ocr_line' id='line_1_101' title="bbox 2277 2815 3842 2890; baseline -0.001 -19"><span class='ocrx_word' id='word_1_670' title='bbox 2277 2815 2300 2849; x_wconf 82' lang='grc'><strong><em>⁸</em></strong></span> <span class='ocrx_word' id='word_1_671' title='bbox 2346 2819 2540 2885; x_wconf 88' lang='lat' dir='ltr'>Liquet</span> <span class='ocrx_word' id='word_1_672' title='bbox 2591 2821 2783 2885; x_wconf 84' lang='lat' dir='ltr'>igitur,</span> <span class='ocrx_word' id='word_1_673' title='bbox 2848 2818 2977 2886; x_wconf 45' lang='lat' dir='ltr'>etc.)</span> <span class='ocrx_word' id='word_1_674' title='bbox 3060 2819 3426 2888; x_wconf 89' lang='lat' dir='ltr'>Philosophia</span> <span class='ocrx_word' id='word_1_675' title='bbox 3486 2836 3550 2873; x_wconf 87' lang='lat' dir='ltr'>ex</span> <span class='ocrx_word' id='word_1_676' title='bbox 3607 2819 3842 2890; x_wconf 55' lang='lat' dir='ltr'>pratdictis</span> 
     </span>
    </p>
   </div>
   <div class='ocr_carea' id='block_1_102' title="bbox 2206 2891 3842 2959">
    <p class='ocr_par' dir='ltr' id='par_1_102' title="bbox 2206 2891 3842 2959">
     <span class='ocr_line' id='line_1_102' title="bbox 2206 2891 3842 2959; baseline 0.001 -19"><span class='ocrx_word' id='word_1_677' title='bbox 2206 2891 2480 2958; x_wconf 87' lang='lat' dir='ltr'>exemplis</span> <span class='ocrx_word' id='word_1_678' title='bbox 2523 2891 2830 2956; x_wconf 69' lang='lat' dir='ltr'>concludit,</span> <span class='ocrx_word' id='word_1_679' title='bbox 2879 2891 3031 2959; x_wconf 89' lang='lat' dir='ltr'>quod</span> <span class='ocrx_word' id='word_1_680' title='bbox 3081 2891 3446 2958; x_wconf 86' lang='lat' dir='ltr'>probandum</span> <span class='ocrx_word' id='word_1_681' title='bbox 3495 2897 3785 2959; x_wconf 81' lang='lat' dir='ltr'>susceperat</span> <span class='ocrx_word' id='word_1_682' title='bbox 3821 2907 3842 2941; x_wconf 72' lang='grc' dir='ltr'>ει</span> 
     </span>
    </p>
   </div>
   <div class='ocr_carea' id='block_1_103' title="bbox 2204 2960 3841 3030">
    <p class='ocr_par' dir='ltr' id='par_1_103' title="bbox 2204 2960 3841 3030">
     <span class='ocr_line' id='line_1_103' title="bbox 2204 2960 3841 3030; baseline -0.001 -18"><span class='ocrx_word' id='word_1_683' title='bbox 2204 2966 2341 3012; x_wconf 88' lang='lat' dir='ltr'>nota</span> <span class='ocrx_word' id='word_1_684' title='bbox 2373 2963 2458 3024; x_wconf 87' lang='grc'>18,</span> <span class='ocrx_word' id='word_1_685' title='bbox 2505 2960 2828 3014; x_wconf 88' lang='lat' dir='ltr'>felicitatem</span> <span class='ocrx_word' id='word_1_686' title='bbox 2878 2961 3179 3014; x_wconf 87' lang='lat' dir='ltr'>hominum</span> <span class='ocrx_word' id='word_1_687' title='bbox 3228 2967 3566 3030; x_wconf 85' lang='lat' dir='ltr'>praesentem</span> <span class='ocrx_word' id='word_1_688' title='bbox 3612 2977 3703 3016; x_wconf 90' lang='lat' dir='ltr'>nec</span> <span class='ocrx_word' id='word_1_689' title='bbox 3731 2962 3841 3014; x_wconf 86' lang='lat' dir='ltr'>adeo</span> 
     </span>
    </p>
   </div>
   <div class='ocr_carea' id='block_1_104' title="bbox 2208 3031 3841 3101">
    <p class='ocr_par' dir='ltr' id='par_1_104' title="bbox 2208 3031 3841 3101">
     <span class='ocr_line' id='line_1_104' title="bbox 2208 3031 3841 3101; baseline -0.001 -17"><span class='ocrx_word' id='word_1_690' title='bbox 2208 3031 2525 3084; x_wconf 81' lang='lat' dir='ltr'>absolutam</span> <span class='ocrx_word' id='word_1_691' title='bbox 2559 3047 2700 3097; x_wconf 91' lang='lat' dir='ltr'>esse,</span> <span class='ocrx_word' id='word_1_692' title='bbox 2735 3037 2798 3085; x_wconf 90' lang='lat' dir='ltr'>ut</span> <span class='ocrx_word' id='word_1_693' title='bbox 2825 3047 2931 3084; x_wconf 88' lang='lat' dir='ltr'>non</span> <span class='ocrx_word' id='word_1_694' title='bbox 2969 3035 3162 3086; x_wconf 71' lang='grc' dir='ltr'>αηωὶοε</span> <span class='ocrx_word' id='word_1_695' title='bbox 3191 3039 3303 3086; x_wconf 88' lang='lat' dir='ltr'>tota</span> <span class='ocrx_word' id='word_1_696' title='bbox 3346 3034 3578 3101; x_wconf 80' lang='lat' dir='ltr'>delectet,</span> <span class='ocrx_word' id='word_1_697' title='bbox 3619 3051 3708 3086; x_wconf 86' lang='lat' dir='ltr'>nec</span> <span class='ocrx_word' id='word_1_698' title='bbox 3733 3033 3841 3084; x_wconf 86' lang='lat' dir='ltr'>adeo</span> 
     </span>
    </p>
   </div>
   <div class='ocr_carea' id='block_1_105' title="bbox 2281 3103 3839 3174">
    <p class='ocr_par' dir='ltr' id='par_1_105' title="bbox 2281 3103 3839 3174">
     <span class='ocr_line' id='line_1_105' title="bbox 2281 3103 3839 3174; baseline 0.001 -21"><span class='ocrx_word' id='word_1_699' title='bbox 2281 3118 2538 3167; x_wconf 91' lang='lat' dir='ltr'>rennem,</span> <span class='ocrx_word' id='word_1_700' title='bbox 2567 3109 2626 3155; x_wconf 90' lang='lat' dir='ltr'>ut</span> <span class='ocrx_word' id='word_1_701' title='bbox 2646 3103 2796 3171; x_wconf 85' lang='lat' dir='ltr'>apud</span> <span class='ocrx_word' id='word_1_702' title='bbox 2820 3107 3149 3170; x_wconf 73' lang='lat' dir='ltr'>aequanimos</span> <span class='ocrx_word' id='word_1_703' title='bbox 3178 3112 3446 3172; x_wconf 79' lang='lat' dir='ltr'>perpetua</span> <span class='ocrx_word' id='word_1_704' title='bbox 3475 3106 3839 3174; x_wconf 69' lang='lat' dir='ltr'>perdiu-euasi</span> 
     </span>
    </p>
   </div>
   <div class='ocr_carea' id='block_1_106' title="bbox 2203 3174 3838 3244">
    <p class='ocr_par' dir='ltr' id='par_1_106' title="bbox 2203 3174 3838 3244">
     <span class='ocr_line' id='line_1_106' title="bbox 2203 3174 3838 3244; baseline 0.001 -20"><span class='ocrx_word' id='word_1_705' title='bbox 2203 3175 2324 3241; x_wconf 86' lang='lat' dir='ltr'>ipsa</span> <span class='ocrx_word' id='word_1_706' title='bbox 2356 3174 2720 3242; x_wconf 86' lang='lat' dir='ltr'>Philosophia</span> <span class='ocrx_word' id='word_1_707' title='bbox 2759 3174 2826 3226; x_wconf 91' lang='lat' dir='ltr'>ad</span> <span class='ocrx_word' id='word_1_708' title='bbox 2855 3174 2928 3233; x_wconf 86' lang='lat' dir='ltr'>id,</span> <span class='ocrx_word' id='word_1_709' title='bbox 2962 3175 3114 3226; x_wconf 85' lang='lat' dir='ltr'>unde</span> <span class='ocrx_word' id='word_1_710' title='bbox 3147 3175 3402 3244; x_wconf 81' lang='lat' dir='ltr'>digressa</span> <span class='ocrx_word' id='word_1_711' title='bbox 3434 3177 3628 3234; x_wconf 85' lang='lat' dir='ltr'>fuerat,</span> <span class='ocrx_word' id='word_1_712' title='bbox 3661 3190 3838 3228; x_wconf 77' lang='lat' dir='ltr'>reversa</span> 
     </span>
    </p>
   </div>
   <div class='ocr_carea' id='block_1_107' title="bbox 2200 3244 3322 3314">
    <p class='ocr_par' dir='ltr' id='par_1_107' title="bbox 2200 3244 3322 3314">
     <span class='ocr_line' id='line_1_107' title="bbox 2200 3244 3322 3314; baseline 0.003 -19"><span class='ocrx_word' id='word_1_713' title='bbox 2200 3244 2388 3314; x_wconf 83' lang='lat' dir='ltr'>ipsum</span> <span class='ocrx_word' id='word_1_714' title='bbox 2423 3246 2598 3298; x_wconf 82' lang='lat' dir='ltr'>Boetii</span> <span class='ocrx_word' id='word_1_715' title='bbox 2628 3246 2888 3298; x_wconf 90' lang='lat' dir='ltr'>animum</span> <span class='ocrx_word' id='word_1_716' title='bbox 2917 3246 3322 3299; x_wconf 89' lang='lat' dir='ltr'>considerabit.</span> 
     </span>
    </p>
   </div>
   <div class='ocr_carea' id='block_1_108' title="bbox 2271 3312 3837 3386">
    <p class='ocr_par' dir='ltr' id='par_1_108' title="bbox 2271 3312 3837 3386">
     <span class='ocr_line' id='line_1_108' title="bbox 2271 3312 3837 3386; baseline -0.001 -18"><span class='ocrx_word' id='word_1_717' title='bbox 2271 3312 2294 3348; x_wconf 76' lang='lat'><strong>9</strong></span> <span class='ocrx_word' id='word_1_718' title='bbox 2343 3315 2489 3378; x_wconf 85' lang='lat' dir='ltr'>Quid</span> <span class='ocrx_word' id='word_1_719' title='bbox 2541 3319 2731 3382; x_wconf 86' lang='lat' dir='ltr'>igitur,</span> <span class='ocrx_word' id='word_1_720' title='bbox 2795 3319 2923 3381; x_wconf 83' lang='lat' dir='ltr'>etc.]</span> <span class='ocrx_word' id='word_1_721' title='bbox 2979 3316 3064 3369; x_wconf 87' lang='lat' dir='ltr'>IV.</span> <span class='ocrx_word' id='word_1_722' title='bbox 3111 3317 3486 3386; x_wconf 86' lang='lat' dir='ltr'>Philosophia</span> <span class='ocrx_word' id='word_1_723' title='bbox 3530 3317 3837 3370; x_wconf 85' lang='lat' dir='ltr'>commendat</span> 
     </span>
    </p>
   </div>
   <div class='ocr_carea' id='block_1_109' title="bbox 2199 3386 3834 3456">
    <p class='ocr_par' dir='ltr' id='par_1_109' title="bbox 2199 3386 3834 3456">
     <span class='ocr_line' id='line_1_109' title="bbox 2199 3386 3834 3456; baseline 0.001 -19"><span class='ocrx_word' id='word_1_724' title='bbox 2199 3386 2457 3439; x_wconf 90' lang='lat' dir='ltr'>animum</span> <span class='ocrx_word' id='word_1_725' title='bbox 2489 3387 2689 3452; x_wconf 90' lang='lat' dir='ltr'>Boetii,</span> <span class='ocrx_word' id='word_1_726' title='bbox 2723 3387 2915 3456; x_wconf 89' lang='lat' dir='ltr'>aitque</span> <span class='ocrx_word' id='word_1_727' title='bbox 2947 3387 3197 3456; x_wconf 88' lang='lat' dir='ltr'>primum</span> <span class='ocrx_word' id='word_1_728' title='bbox 3228 3392 3482 3443; x_wconf 73' lang='lat' dir='ltr'>mortales</span> <span class='ocrx_word' id='word_1_729' title='bbox 3505 3390 3696 3442; x_wconf 87' lang='lat' dir='ltr'>frustra</span> <span class='ocrx_word' id='word_1_730' title='bbox 3714 3394 3834 3440; x_wconf 59' lang='lat' dir='ltr'>intra</span> 
     </span>
    </p>
   </div>
   <div class='ocr_carea' id='block_1_110' title="bbox 2197 3458 3832 3525">
    <p class='ocr_par' dir='ltr' id='par_1_110' title="bbox 2197 3458 3832 3525">
     <span class='ocr_line' id='line_1_110' title="bbox 2197 3458 3832 3525; baseline 0.001 -17"><span class='ocrx_word' id='word_1_731' title='bbox 2197 3472 2250 3509; x_wconf 85' lang='lat' dir='ltr'>se</span> <span class='ocrx_word' id='word_1_732' title='bbox 2273 3464 2468 3524; x_wconf 73' lang='lat' dir='ltr'>petere,</span> <span class='ocrx_word' id='word_1_733' title='bbox 2504 3463 2564 3511; x_wconf 91' lang='lat' dir='ltr'>ut</span> <span class='ocrx_word' id='word_1_734' title='bbox 2608 3459 2664 3510; x_wconf 91' lang='lat' dir='ltr'>in</span> <span class='ocrx_word' id='word_1_735' title='bbox 2706 3458 2920 3524; x_wconf 84' lang='lat' dir='ltr'>amicis,</span> <span class='ocrx_word' id='word_1_736' title='bbox 2969 3475 3160 3525; x_wconf 85' lang='lat' dir='ltr'>uxore,</span> <span class='ocrx_word' id='word_1_737' title='bbox 3213 3459 3429 3525; x_wconf 88' lang='lat' dir='ltr'>liberis,</span> <span class='ocrx_word' id='word_1_738' title='bbox 3476 3477 3586 3514; x_wconf 89' lang='lat' dir='ltr'>uno</span> <span class='ocrx_word' id='word_1_739' title='bbox 3621 3461 3767 3512; x_wconf 85' lang='lat' dir='ltr'>verbo</span> <span class='ocrx_word' id='word_1_740' title='bbox 3791 3460 3832 3510; x_wconf 88' lang='lat' dir='ltr'>in</span> 
     </span>
    </p>
   </div>
   <div class='ocr_carea' id='block_1_111' title="bbox 2196 3529 3832 3598">
    <p class='ocr_par' dir='ltr' id='par_1_111' title="bbox 2196 3529 3832 3598">
     <span class='ocr_line' id='line_1_111' title="bbox 2196 3529 3832 3598; baseline -0.001 -18"><span class='ocrx_word' id='word_1_741' title='bbox 2196 3543 2434 3598; x_wconf 89' lang='lat' dir='ltr'>corpore</span> <span class='ocrx_word' id='word_1_742' title='bbox 2478 3545 2647 3598; x_wconf 89' lang='lat' dir='ltr'>quam</span> <span class='ocrx_word' id='word_1_743' title='bbox 2701 3529 2914 3582; x_wconf 86' lang='lat' dir='ltr'>habent</span> <span class='ocrx_word' id='word_1_744' title='bbox 2956 3531 3104 3582; x_wconf 84' lang='lat' dir='ltr'>intra</span> <span class='ocrx_word' id='word_1_745' title='bbox 3140 3545 3214 3594; x_wconf 89' lang='lat' dir='ltr'>se,</span> <span class='ocrx_word' id='word_1_746' title='bbox 3267 3533 3527 3585; x_wconf 86' lang='lat' dir='ltr'>videlicet</span> <span class='ocrx_word' id='word_1_747' title='bbox 3573 3533 3624 3584; x_wconf 91' lang='lat' dir='ltr'>iu</span> <span class='ocrx_word' id='word_1_748' title='bbox 3661 3537 3832 3593; x_wconf 82' lang='lat' dir='ltr'>mente,</span> 
     </span>
    </p>
   </div>
   <div class='ocr_carea' id='block_1_112' title="bbox 2186 3601 3831 3666">
    <p class='ocr_par' dir='ltr' id='par_1_112' title="bbox 2186 3601 3831 3666">
     <span class='ocr_line' id='line_1_112' title="bbox 2186 3601 3831 3666; baseline 0 -15"><span class='ocrx_word' id='word_1_749' title='bbox 2186 3606 2427 3666; x_wconf 75' lang='lat' dir='ltr'>positam</span> <span class='ocrx_word' id='word_1_750' title='bbox 2459 3601 2818 3665; x_wconf 85' lang='lat' dir='ltr'>felicitatem:</span> <span class='ocrx_word' id='word_1_751' title='bbox 2876 3601 3082 3653; x_wconf 89' lang='lat' dir='ltr'>deinde</span> <span class='ocrx_word' id='word_1_752' title='bbox 3126 3602 3284 3655; x_wconf 90' lang='lat' dir='ltr'>addit</span> <span class='ocrx_word' id='word_1_753' title='bbox 3327 3604 3559 3656; x_wconf 88' lang='lat' dir='ltr'>eosdem</span> <span class='ocrx_word' id='word_1_754' title='bbox 3609 3602 3831 3655; x_wconf 78' lang='lat' dir='ltr'>mortales</span> 
     </span>
    </p>
   </div>
   <div class='ocr_carea' id='block_1_113' title="bbox 2194 3673 3829 3742">
    <p class='ocr_par' dir='ltr' id='par_1_113' title="bbox 2194 3673 3829 3742">
     <span class='ocr_line' id='line_1_113' title="bbox 2194 3673 3829 3742; baseline -0.001 -20"><span class='ocrx_word' id='word_1_755' title='bbox 2194 3685 2374 3723; x_wconf 86' lang='lat' dir='ltr'>errore</span> <span class='ocrx_word' id='word_1_756' title='bbox 2406 3674 2733 3738; x_wconf 83' lang='lat' dir='ltr'>inscitiaque</span> <span class='ocrx_word' id='word_1_757' title='bbox 2775 3673 3040 3735; x_wconf 80' lang='lat' dir='ltr'>confundi</span> <span class='ocrx_word' id='word_1_758' title='bbox 3069 3688 3081 3724; x_wconf 92' lang='lat'><strong>:</strong></span> <span class='ocrx_word' id='word_1_759' title='bbox 3123 3673 3274 3742; x_wconf 92' lang='lat' dir='ltr'>quod</span> <span class='ocrx_word' id='word_1_760' title='bbox 3322 3675 3594 3727; x_wconf 90' lang='lat' dir='ltr'>nimirum</span> <span class='ocrx_word' id='word_1_761' title='bbox 3630 3679 3763 3726; x_wconf 82' lang='lat' dir='ltr'>extra</span> <span class='ocrx_word' id='word_1_762' title='bbox 3787 3689 3829 3722; x_wconf 82' lang='lat' dir='ltr'>se</span> 
     </span>
    </p>
   </div>
   <div class='ocr_carea' id='block_1_114' title="bbox 2193 3743 3828 3812">
    <p class='ocr_par' dir='ltr' id='par_1_114' title="bbox 2193 3743 3828 3812">
     <span class='ocr_line' id='line_1_114' title="bbox 2193 3743 3828 3812; baseline 0.001 -20"><span class='ocrx_word' id='word_1_763' title='bbox 2193 3749 2476 3810; x_wconf 76' lang='lat' dir='ltr'>quaerant,</span> <span class='ocrx_word' id='word_1_764' title='bbox 2511 3758 2682 3812; x_wconf 90' lang='lat' dir='ltr'>quam</span> <span class='ocrx_word' id='word_1_765' title='bbox 2715 3743 2866 3795; x_wconf 90' lang='lat' dir='ltr'>intra</span> <span class='ocrx_word' id='word_1_766' title='bbox 2897 3759 2952 3795; x_wconf 90' lang='lat' dir='ltr'>se</span> <span class='ocrx_word' id='word_1_767' title='bbox 2986 3744 3218 3808; x_wconf 87' lang='lat' dir='ltr'>habent,</span> <span class='ocrx_word' id='word_1_768' title='bbox 3245 3745 3576 3799; x_wconf 88' lang='lat' dir='ltr'>felicitatem</span> <span class='ocrx_word' id='word_1_769' title='bbox 3611 3762 3621 3798; x_wconf 94' lang='lat'><strong>:</strong></span> <span class='ocrx_word' id='word_1_770' title='bbox 3654 3745 3736 3798; x_wconf 83' lang='lat' dir='ltr'>tibi</span> <span class='ocrx_word' id='word_1_771' title='bbox 3754 3760 3828 3795; x_wconf 88' lang='lat' dir='ltr'>no-</span> 
     </span>
    </p>
   </div>
   <div class='ocr_carea' id='block_1_115' title="bbox 2191 3813 3827 3872">
    <p class='ocr_par' dir='ltr' id='par_1_115' title="bbox 2191 3813 3827 3872">
     <span class='ocr_line' id='line_1_115' title="bbox 2191 3813 3827 3872; baseline 0 -8"><span class='ocrx_word' id='word_1_772' title='bbox 2191 3813 2430 3865; x_wconf 87' lang='lat' dir='ltr'>tandum</span> <span class='ocrx_word' id='word_1_773' title='bbox 2462 3829 2710 3866; x_wconf 83' lang='lat' dir='ltr'>errorem</span> <span class='ocrx_word' id='word_1_774' title='bbox 2745 3821 2801 3867; x_wconf 88' lang='lat' dir='ltr'>et</span> <span class='ocrx_word' id='word_1_775' title='bbox 2845 3814 3127 3867; x_wconf 88' lang='lat' dir='ltr'>inscitiam</span> <span class='ocrx_word' id='word_1_776' title='bbox 3175 3815 3411 3868; x_wconf 79' lang='lat' dir='ltr'>dili&#39;erre</span> <span class='ocrx_word' id='word_1_777' title='bbox 3455 3833 3582 3869; x_wconf 92' lang='lat' dir='ltr'>cum</span> <span class='ocrx_word' id='word_1_778' title='bbox 3623 3816 3676 3868; x_wconf 90' lang='lat' dir='ltr'>in</span> <span class='ocrx_word' id='word_1_779' title='bbox 3715 3815 3827 3872; x_wconf 81' lang='lat' dir='ltr'>aliis,</span> 
     </span>
    </p>
   </div>
   <div class='ocr_carea' id='block_1_116' title="bbox 2190 3884 3828 3954">
    <p class='ocr_par' dir='ltr' id='par_1_116' title="bbox 2190 3884 3828 3954">
     <span class='ocr_line' id='line_1_116' title="bbox 2190 3884 3828 3954; baseline -0.001 -19"><span class='ocrx_word' id='word_1_780' title='bbox 2190 3888 2312 3936; x_wconf 91' lang='lat' dir='ltr'>tum</span> <span class='ocrx_word' id='word_1_781' title='bbox 2349 3884 2406 3936; x_wconf 90' lang='lat' dir='ltr'>in</span> <span class='ocrx_word' id='word_1_782' title='bbox 2440 3884 2544 3937; x_wconf 89' lang='lat' dir='ltr'>hoc</span> <span class='ocrx_word' id='word_1_783' title='bbox 2576 3885 2728 3954; x_wconf 89' lang='lat' dir='ltr'>quod</span> <span class='ocrx_word' id='word_1_784' title='bbox 2763 3901 2924 3937; x_wconf 89' lang='lat' dir='ltr'>error</span> <span class='ocrx_word' id='word_1_785' title='bbox 2948 3887 3134 3938; x_wconf 90' lang='lat' dir='ltr'>omnis</span> <span class='ocrx_word' id='word_1_786' title='bbox 3165 3886 3235 3938; x_wconf 87' lang='lat' dir='ltr'>ab</span> <span class='ocrx_word' id='word_1_787' title='bbox 3262 3888 3492 3941; x_wconf 88' lang='lat' dir='ltr'>inscitia</span> <span class='ocrx_word' id='word_1_788' title='bbox 3522 3888 3736 3949; x_wconf 84' lang='lat' dir='ltr'>oriatur,</span> <span class='ocrx_word' id='word_1_789' title='bbox 3772 3885 3828 3936; x_wconf 77' lang='lat' dir='ltr'>ita</span> 
     </span>
    </p>
   </div>
   <div class='ocr_carea' id='block_1_117' title="bbox 2189 3955 3828 4025">
    <p class='ocr_par' dir='ltr' id='par_1_117' title="bbox 2189 3955 3828 4025">
     <span class='ocr_line' id='line_1_117' title="bbox 2189 3955 3828 4025; baseline 0 -19"><span class='ocrx_word' id='word_1_790' title='bbox 2189 3960 2251 4008; x_wconf 92' lang='lat' dir='ltr'>ut</span> <span class='ocrx_word' id='word_1_791' title='bbox 2282 3955 2458 4025; x_wconf 90' lang='lat' dir='ltr'>possit</span> <span class='ocrx_word' id='word_1_792' title='bbox 2493 3972 2613 4008; x_wconf 87' lang='lat' dir='ltr'>esse</span> <span class='ocrx_word' id='word_1_793' title='bbox 2645 3955 2870 4008; x_wconf 87' lang='lat' dir='ltr'>inscitia</span> <span class='ocrx_word' id='word_1_794' title='bbox 2899 3956 3020 4008; x_wconf 89' lang='lat' dir='ltr'>sine</span> <span class='ocrx_word' id='word_1_795' title='bbox 3051 3972 3264 4021; x_wconf 89' lang='lat' dir='ltr'>errore,</span> <span class='ocrx_word' id='word_1_796' title='bbox 3294 3960 3393 4011; x_wconf 89' lang='lat' dir='ltr'>sed</span> <span class='ocrx_word' id='word_1_797' title='bbox 3431 3976 3541 4011; x_wconf 91' lang='lat' dir='ltr'>non</span> <span class='ocrx_word' id='word_1_798' title='bbox 3566 3973 3710 4010; x_wconf 86' lang='lat' dir='ltr'>error</span> <span class='ocrx_word' id='word_1_799' title='bbox 3736 3957 3828 4007; x_wconf 83' lang='lat' dir='ltr'>sine</span> 
     </span>
    </p>
   </div>
   <div class='ocr_carea' id='block_1_118' title="bbox 2186 4025 3829 4095">
    <p class='ocr_par' dir='ltr' id='par_1_118' title="bbox 2186 4025 3829 4095">
     <span class='ocr_line' id='line_1_118' title="bbox 2186 4025 3829 4095; baseline 0 -17"><span class='ocrx_word' id='word_1_800' title='bbox 2186 4025 2408 4078; x_wconf 86' lang='lat' dir='ltr'>inscitia</span> <span class='ocrx_word' id='word_1_801' title='bbox 2443 4043 2454 4078; x_wconf 89' lang='lat'>:</span> <span class='ocrx_word' id='word_1_802' title='bbox 2489 4032 2686 4095; x_wconf 89' lang='lat' dir='ltr'>postea</span> <span class='ocrx_word' id='word_1_803' title='bbox 2717 4027 2998 4095; x_wconf 88' lang='lat' dir='ltr'>promittit</span> <span class='ocrx_word' id='word_1_804' title='bbox 3027 4043 3084 4079; x_wconf 85' lang='lat' dir='ltr'>se</span> <span class='ocrx_word' id='word_1_805' title='bbox 3116 4035 3344 4081; x_wconf 89' lang='lat' dir='ltr'>ostensu</span> <span class='ocrx_word' id='word_1_806' title='bbox 3358 4046 3477 4083; x_wconf 89' lang='lat' dir='ltr'>ram</span> <span class='ocrx_word' id='word_1_807' title='bbox 3505 4031 3684 4084; x_wconf 88' lang='lat' dir='ltr'>Boetio</span> <span class='ocrx_word' id='word_1_808' title='bbox 3714 4044 3829 4079; x_wconf 86' lang='lat' dir='ltr'>sum-</span> 
     </span>
    </p>
   </div>
   <div class='ocr_carea' id='block_1_119' title="bbox 2185 4097 3827 4170">
    <p class='ocr_par' dir='ltr' id='par_1_119' title="bbox 2185 4097 3827 4170">
     <span class='ocr_line' id='line_1_119' title="bbox 2185 4097 3827 4170; baseline -0.001 -21"><span class='ocrx_word' id='word_1_809' title='bbox 2185 4112 2294 4149; x_wconf 69' lang='lat' dir='ltr'>mie</span> <span class='ocrx_word' id='word_1_810' title='bbox 2326 4097 2932 4170; x_wconf 83' lang='lat' dir='ltr'>cardinemfelicitatis</span> <span class='ocrx_word' id='word_1_811' title='bbox 2958 4115 2970 4162; x_wconf 89' lang='lat'><strong>;</strong></span> <span class='ocrx_word' id='word_1_812' title='bbox 2994 4098 3108 4152; x_wconf 86' lang='lat' dir='ltr'>sive</span> <span class='ocrx_word' id='word_1_813' title='bbox 3140 4099 3275 4170; x_wconf 90' lang='lat' dir='ltr'>idin</span> <span class='ocrx_word' id='word_1_814' title='bbox 3309 4117 3428 4170; x_wconf 90' lang='lat' dir='ltr'>quo</span> <span class='ocrx_word' id='word_1_815' title='bbox 3453 4101 3717 4170; x_wconf 56' lang='lat' dir='ltr'>praecipue</span> <span class='ocrx_word' id='word_1_816' title='bbox 3732 4114 3827 4149; x_wconf 79' lang='lat' dir='ltr'>vei-</span> 
     </span>
    </p>
   </div>
   <div class='ocr_carea' id='block_1_120' title="bbox 2184 4169 3826 4239">
    <p class='ocr_par' dir='ltr' id='par_1_120' title="bbox 2184 4169 3826 4239">
     <span class='ocr_line' id='line_1_120' title="bbox 2184 4169 3826 4239; baseline 0.002 -20"><span class='ocrx_word' id='word_1_817' title='bbox 2184 4175 2339 4220; x_wconf 87' lang='lat' dir='ltr'>setur</span> <span class='ocrx_word' id='word_1_818' title='bbox 2366 4185 2591 4220; x_wconf 86' lang='lat' dir='ltr'>summa</span> <span class='ocrx_word' id='word_1_819' title='bbox 2621 4169 2857 4222; x_wconf 85' lang='lat' dir='ltr'>felicitas</span> <span class='ocrx_word' id='word_1_820' title='bbox 2892 4185 2903 4222; x_wconf 92' lang='lat'><strong>:</strong></span> <span class='ocrx_word' id='word_1_821' title='bbox 2935 4170 3084 4239; x_wconf 87' lang='lat' dir='ltr'>quod</span> <span class='ocrx_word' id='word_1_822' title='bbox 3118 4169 3270 4222; x_wconf 87' lang='lat' dir='ltr'>enim</span> <span class='ocrx_word' id='word_1_823' title='bbox 3315 4169 3491 4225; x_wconf 68' lang='lat' dir='ltr'>Cardo</span> <span class='ocrx_word' id='word_1_824' title='bbox 3530 4169 3634 4234; x_wconf 24' lang='lat' dir='ltr'>sit,’</span> <span class='ocrx_word' id='word_1_825' title='bbox 3661 4172 3710 4224; x_wconf 89' lang='lat' dir='ltr'>in</span> <span class='ocrx_word' id='word_1_826' title='bbox 3737 4184 3826 4239; x_wconf 80' lang='lat' dir='ltr'>quo</span> 
     </span>
    </p>
   </div>
   <div class='ocr_carea' id='block_1_121' title="bbox 2175 4239 3826 4314">
    <p class='ocr_par' dir='ltr' id='par_1_121' title="bbox 2175 4239 3826 4314">
     <span class='ocr_line' id='line_1_121' title="bbox 2175 4239 3826 4314; baseline 0 -24"><span class='ocrx_word' id='word_1_827' title='bbox 2175 4239 2356 4314; x_wconf 80' lang='lat' dir='ltr'>janua</span> <span class='ocrx_word' id='word_1_828' title='bbox 2387 4240 2644 4314; x_wconf 81' lang='lat' dir='ltr'>vertitur,</span> <span class='ocrx_word' id='word_1_829' title='bbox 2677 4241 2735 4292; x_wconf 90' lang='lat' dir='ltr'>in</span> <span class='ocrx_word' id='word_1_830' title='bbox 2772 4257 2874 4292; x_wconf 91' lang='lat' dir='ltr'>usu</span> <span class='ocrx_word' id='word_1_831' title='bbox 2908 4245 3010 4305; x_wconf 87' lang='lat' dir='ltr'>est,</span> <span class='ocrx_word' id='word_1_832' title='bbox 3030 4245 3103 4314; x_wconf 27' lang='lat' dir='ltr'>Aut</span> <span class='ocrx_word' id='word_1_833' title='bbox 3131 4242 3186 4314; x_wconf 83' lang='lat' dir='ltr'>id</span> <span class='ocrx_word' id='word_1_834' title='bbox 3217 4242 3277 4314; x_wconf 88' lang='lat' dir='ltr'>in</span> <span class='ocrx_word' id='word_1_835' title='bbox 3308 4259 3426 4313; x_wconf 92' lang='lat' dir='ltr'>quo</span> <span class='ocrx_word' id='word_1_836' title='bbox 3459 4245 3731 4314; x_wconf 86' lang='lat' dir='ltr'>negotium</span> <span class='ocrx_word' id='word_1_837' title='bbox 3751 4240 3826 4291; x_wconf 90' lang='lat' dir='ltr'>ali-</span> 
     </span>
    </p>
   </div>
   <div class='ocr_carea' id='block_1_122' title="bbox 2181 4310 3822 4384">
    <p class='ocr_par' dir='ltr' id='par_1_122' title="bbox 2181 4310 3822 4384">
     <span class='ocr_line' id='line_1_122' title="bbox 2181 4310 3822 4384; baseline -0.001 -21"><span class='ocrx_word' id='word_1_838' title='bbox 2181 4310 2330 4380; x_wconf 92' lang='lat' dir='ltr'>quod</span> <span class='ocrx_word' id='word_1_839' title='bbox 2361 4311 2618 4378; x_wconf 88' lang='lat' dir='ltr'>vertitur,</span> <span class='ocrx_word' id='word_1_840' title='bbox 2650 4316 2885 4364; x_wconf 88' lang='lat' dir='ltr'>vocetur</span> <span class='ocrx_word' id='word_1_841' title='bbox 2915 4311 3105 4367; x_wconf 89' lang='lat' dir='ltr'>cardo.</span> <span class='ocrx_word' id='word_1_842' title='bbox 3129 4310 3370 4384; x_wconf 52' lang='lat' dir='ltr'>Yirgilfi</span> <span class='ocrx_word' id='word_1_843' title='bbox 3402 4310 3637 4382; x_wconf 35' lang='lat' dir='ltr'>[Eneidw</span> <span class='ocrx_word' id='word_1_844' title='bbox 3660 4313 3822 4366; x_wconf 69' lang='lat' dir='ltr'><strong>v.676:</strong></span> 
     </span>
    </p>
   </div>
   <div class='ocr_carea' id='block_1_123' title="bbox 2426 4399 3473 4452">
    <p class='ocr_par' dir='ltr' id='par_1_123' title="bbox 2426 4399 3473 4452">
     <span class='ocr_line' id='line_1_123' title="bbox 2426 4399 3473 4452; baseline 0.005 -5"><span class='ocrx_word' id='word_1_845' title='bbox 2426 4399 2574 4448; x_wconf 85' lang='lat' dir='ltr'>[laud</span> <span class='ocrx_word' id='word_1_846' title='bbox 2605 4403 2752 4448; x_wconf 88' lang='lat' dir='ltr'>tanto</span> <span class='ocrx_word' id='word_1_847' title='bbox 2781 4400 3007 4448; x_wconf 82' lang='lat' dir='ltr'>cessabit</span> <span class='ocrx_word' id='word_1_848' title='bbox 3034 4400 3246 4448; x_wconf 85' lang='lat' dir='ltr'>cardine</span> <span class='ocrx_word' id='word_1_849' title='bbox 3277 4415 3473 4452; x_wconf 89' lang='lat' dir='ltr'>rerum.</span> 
     </span>
    </p>
   </div>
   <div class='ocr_carea' id='block_1_124' title="bbox 2260 4479 3820 4551">
    <p class='ocr_par' dir='ltr' id='par_1_124' title="bbox 2260 4479 3820 4551">
     <span class='ocr_line' id='line_1_124' title="bbox 2260 4479 3820 4551; baseline -0.002 -16"><span class='ocrx_word' id='word_1_850' title='bbox 2260 4479 2300 4514; x_wconf 91' lang='grc'>¹⁰</span> <span class='ocrx_word' id='word_1_851' title='bbox 2330 4484 2492 4536; x_wconf 86' lang='lat' dir='ltr'>Estne</span> <span class='ocrx_word' id='word_1_852' title='bbox 2522 4482 2738 4550; x_wconf 83' lang='lat' dir='ltr'>aliquid</span> <span class='ocrx_word' id='word_1_853' title='bbox 2787 4481 2888 4534; x_wconf 85' lang='lat' dir='ltr'>tibi</span> <span class='ocrx_word' id='word_1_854' title='bbox 2927 4485 3094 4550; x_wconf 75' lang='lat' dir='ltr'>teipse</span> <span class='ocrx_word' id='word_1_855' title='bbox 3127 4486 3428 4550; x_wconf 77' lang='lat' dir='ltr'>pretiosius</span> <span class='ocrx_word' id='word_1_856' title='bbox 3443 4490 3489 4549; x_wconf 67' lang='grc' dir='ltr'>γ]</span> <span class='ocrx_word' id='word_1_857' title='bbox 3526 4485 3820 4551; x_wconf 84' lang='lat' dir='ltr'>Quanquam</span> 
     </span>
    </p>
   </div>
   <div class='ocr_carea' id='block_1_125' title="bbox 2173 4551 3820 4626">
    <p class='ocr_par' dir='ltr' id='par_1_125' title="bbox 2173 4551 3820 4626">
     <span class='ocr_line' id='line_1_125' title="bbox 2173 4551 3820 4626; baseline -0.001 -22"><span class='ocrx_word' id='word_1_858' title='bbox 2173 4551 2420 4615; x_wconf 87' lang='lat' dir='ltr'>Boetius,</span> <span class='ocrx_word' id='word_1_859' title='bbox 2459 4558 2521 4626; x_wconf 85' lang='lat' dir='ltr'>ut</span> <span class='ocrx_word' id='word_1_860' title='bbox 2565 4552 3238 4626; x_wconf 23' lang='lat' dir='ltr'>quilibetualiushomo,</span> <span class='ocrx_word' id='word_1_861' title='bbox 3289 4570 3527 4626; x_wconf 81' lang='lat' dir='ltr'>corpore</span> <span class='ocrx_word' id='word_1_862' title='bbox 3561 4559 3755 4626; x_wconf 86' lang='lat' dir='ltr'>constet</span> <span class='ocrx_word' id='word_1_863' title='bbox 3778 4559 3820 4603; x_wconf 87' lang='lat' dir='ltr'>et</span> 
     </span>
    </p>
   </div>
   <div class='ocr_carea' id='block_1_126' title="bbox 2168 4623 3816 4696">
    <p class='ocr_par' dir='ltr' id='par_1_126' title="bbox 2168 4623 3816 4696">
     <span class='ocr_line' id='line_1_126' title="bbox 2168 4623 3816 4696; baseline -0.002 -20"><span class='ocrx_word' id='word_1_864' title='bbox 2168 4629 2360 4696; x_wconf 81' lang='lat' dir='ltr'>mente</span> <span class='ocrx_word' id='word_1_865' title='bbox 2390 4623 2731 4696; x_wconf 87' lang='lat' dir='ltr'>conjunctis,</span> <span class='ocrx_word' id='word_1_866' title='bbox 2759 4623 3138 4677; x_wconf 90' lang='lat' dir='ltr'>nihilominus</span> <span class='ocrx_word' id='word_1_867' title='bbox 3164 4626 3362 4678; x_wconf 88' lang='lat' dir='ltr'>relicto</span> <span class='ocrx_word' id='word_1_868' title='bbox 3393 4623 3626 4696; x_wconf 77' lang='lat' dir='ltr'>corpore</span> <span class='ocrx_word' id='word_1_869' title='bbox 3657 4625 3816 4678; x_wconf 49' lang='lat' dir='ltr'>Philo-</span> 
     </span>
    </p>
   </div>
   <div class='ocr_carea' id='block_1_127' title="bbox 2167 4693 3817 4763">
    <p class='ocr_par' dir='ltr' id='par_1_127' title="bbox 2167 4693 3817 4763">
     <span class='ocr_line' id='line_1_127' title="bbox 2167 4693 3817 4763; baseline -0.002 -17"><span class='ocrx_word' id='word_1_870' title='bbox 2167 4693 2366 4763; x_wconf 87' lang='lat' dir='ltr'>sophia</span> <span class='ocrx_word' id='word_1_871' title='bbox 2389 4696 2643 4747; x_wconf 87' lang='lat' dir='ltr'>Boetium</span> <span class='ocrx_word' id='word_1_872' title='bbox 2671 4695 2739 4747; x_wconf 90' lang='lat' dir='ltr'>ad</span> <span class='ocrx_word' id='word_1_873' title='bbox 2761 4711 2936 4748; x_wconf 89' lang='lat' dir='ltr'>unam</span> <span class='ocrx_word' id='word_1_874' title='bbox 2964 4696 3170 4748; x_wconf 90' lang='lat' dir='ltr'>mentis</span> <span class='ocrx_word' id='word_1_875' title='bbox 3193 4713 3309 4748; x_wconf 73' lang='lat' dir='ltr'>sum</span> <span class='ocrx_word' id='word_1_876' title='bbox 3337 4693 3817 4751; x_wconf 73' lang='lat' dir='ltr'>considerationem</span> 
     </span>
    </p>
   </div>
   <div class='ocr_carea' id='block_1_128' title="bbox 2165 4766 3814 4839">
    <p class='ocr_par' dir='ltr' id='par_1_128' title="bbox 2165 4766 3814 4839">
     <span class='ocr_line' id='line_1_128' title="bbox 2165 4766 3814 4839; baseline -0.002 -21"><span class='ocrx_word' id='word_1_877' title='bbox 2165 4772 2409 4839; x_wconf 76' lang='lat' dir='ltr'>revocat,</span> <span class='ocrx_word' id='word_1_878' title='bbox 2446 4767 2608 4836; x_wconf 90' lang='lat' dir='ltr'>quasi</span> <span class='ocrx_word' id='word_1_879' title='bbox 2633 4767 2698 4819; x_wconf 90' lang='lat' dir='ltr'>ad</span> <span class='ocrx_word' id='word_1_880' title='bbox 2728 4766 2980 4835; x_wconf 90' lang='lat' dir='ltr'>primum</span> <span class='ocrx_word' id='word_1_881' title='bbox 3008 4767 3398 4839; x_wconf 78' lang='lat' dir='ltr'>beatitudinis,</span> <span class='ocrx_word' id='word_1_882' title='bbox 3425 4785 3593 4839; x_wconf 88' lang='lat' dir='ltr'>quam</span> <span class='ocrx_word' id='word_1_883' title='bbox 3617 4766 3814 4836; x_wconf 63' lang='lat' dir='ltr'>quaerit,</span> 
     </span>
    </p>
   </div>
   <div class='ocr_carea' id='block_1_129' title="bbox 2162 4836 3812 4906">
    <p class='ocr_par' dir='ltr' id='par_1_129' title="bbox 2162 4836 3812 4906">
     <span class='ocr_line' id='line_1_129' title="bbox 2162 4836 3812 4906; baseline -0.001 -18"><span class='ocrx_word' id='word_1_884' title='bbox 2162 4836 2379 4892; x_wconf 91' lang='lat' dir='ltr'>fontem</span> <span class='ocrx_word' id='word_1_885' title='bbox 2415 4853 2426 4890; x_wconf 88' lang='lat'>:</span> <span class='ocrx_word' id='word_1_886' title='bbox 2463 4839 2635 4906; x_wconf 90' lang='lat' dir='ltr'>idque</span> <span class='ocrx_word' id='word_1_887' title='bbox 2681 4843 2842 4890; x_wconf 83' lang='lat' dir='ltr'>vocat</span> <span class='ocrx_word' id='word_1_888' title='bbox 2880 4843 3064 4890; x_wconf 91' lang='lat' dir='ltr'>totum</span> <span class='ocrx_word' id='word_1_889' title='bbox 3113 4838 3370 4892; x_wconf 88' lang='lat' dir='ltr'>Boetium</span> <span class='ocrx_word' id='word_1_890' title='bbox 3407 4836 3458 4893; x_wconf 75' lang='grc' dir='ltr'>ε’</span> <span class='ocrx_word' id='word_1_891' title='bbox 3483 4841 3598 4893; x_wconf 84' lang='lat' dir='ltr'>Tibi</span> <span class='ocrx_word' id='word_1_892' title='bbox 3634 4841 3812 4906; x_wconf 76' lang='lat' dir='ltr'>teipse:</span> 
     </span>
    </p>
   </div>
   <div class='ocr_carea' id='block_1_130' title="bbox 2161 4907 3811 4977">
    <p class='ocr_par' dir='ltr' id='par_1_130' title="bbox 2161 4907 3811 4977">
     <span class='ocr_line' id='line_1_130' title="bbox 2161 4907 3811 4977; baseline 0.004 -18"><span class='ocrx_word' id='word_1_893' title='bbox 2161 4907 2308 4960; x_wconf 90' lang='lat' dir='ltr'>sicut</span> <span class='ocrx_word' id='word_1_894' title='bbox 2352 4909 2654 4977; x_wconf 76' lang='lat' dir='ltr'>Apostolus</span> <span class='ocrx_word' id='word_1_895' title='bbox 2705 4909 2945 4962; x_wconf 78' lang='lat' dir='ltr'>Roman.</span> <span class='ocrx_word' id='word_1_896' title='bbox 3000 4926 3120 4962; x_wconf 83' lang='lat' dir='ltr'>vu:</span> <span class='ocrx_word' id='word_1_897' title='bbox 3167 4911 3371 4974; x_wconf 71' lang='lat' dir='ltr'>Infelix</span> <span class='ocrx_word' id='word_1_898' title='bbox 3417 4913 3586 4974; x_wconf 80' lang='lat' dir='ltr'>homo,</span> <span class='ocrx_word' id='word_1_899' title='bbox 3635 4907 3811 4977; x_wconf 64' lang='lat' dir='ltr'>inquit.</span> 
     </span>
    </p>
   </div>
   <div class='ocr_carea' id='block_1_131' title="bbox 2161 4980 3815 5049">
    <p class='ocr_par' dir='ltr' id='par_1_131' title="bbox 2161 4980 3815 5049">
     <span class='ocr_line' id='line_1_131' title="bbox 2161 4980 3815 5049; baseline -0.003 -17"><span class='ocrx_word' id='word_1_900' title='bbox 2161 4981 2282 5047; x_wconf 88' lang='lat' dir='ltr'>quis</span> <span class='ocrx_word' id='word_1_901' title='bbox 2315 4995 2395 5032; x_wconf 89' lang='lat' dir='ltr'>me</span> <span class='ocrx_word' id='word_1_902' title='bbox 2427 4981 2678 5032; x_wconf 87' lang='lat' dir='ltr'>liberabit</span> <span class='ocrx_word' id='word_1_903' title='bbox 2718 4980 2783 5033; x_wconf 87' lang='lat' dir='ltr'>de</span> <span class='ocrx_word' id='word_1_904' title='bbox 2813 4995 3030 5048; x_wconf 85' lang='lat' dir='ltr'>corpore</span> <span class='ocrx_word' id='word_1_905' title='bbox 3064 4984 3252 5034; x_wconf 81' lang='lat' dir='ltr'>mortis</span> <span class='ocrx_word' id='word_1_906' title='bbox 3284 4983 3501 5049; x_wconf 80' lang='lat' dir='ltr'>hujus?</span> <span class='ocrx_word' id='word_1_907' title='bbox 3551 4984 3708 5034; x_wconf 86' lang='lat' dir='ltr'>Estne</span> <span class='ocrx_word' id='word_1_908' title='bbox 3735 4981 3815 5042; x_wconf 79' lang='lat' dir='ltr'>igi-</span> 
     </span>
    </p>
   </div>
   <div class='ocr_carea' id='block_1_132' title="bbox 2159 5051 3812 5122">
    <p class='ocr_par' dir='ltr' id='par_1_132' title="bbox 2159 5051 3812 5122">
     <span class='ocr_line' id='line_1_132' title="bbox 2159 5051 3812 5122; baseline 0.001 -19"><span class='ocrx_word' id='word_1_909' title='bbox 2159 5057 2268 5115; x_wconf 87' lang='lat' dir='ltr'>tur,</span> <span class='ocrx_word' id='word_1_910' title='bbox 2305 5051 2493 5120; x_wconf 89' lang='lat' dir='ltr'>inquit</span> <span class='ocrx_word' id='word_1_911' title='bbox 2523 5052 2893 5122; x_wconf 89' lang='lat' dir='ltr'>Philosophia</span> <span class='ocrx_word' id='word_1_912' title='bbox 2925 5052 3138 5118; x_wconf 85' lang='lat' dir='ltr'>Boetio,</span> <span class='ocrx_word' id='word_1_913' title='bbox 3173 5055 3390 5120; x_wconf 84' lang='lat' dir='ltr'>aliquid</span> <span class='ocrx_word' id='word_1_914' title='bbox 3419 5055 3521 5108; x_wconf 85' lang='lat' dir='ltr'>tibi</span> <span class='ocrx_word' id='word_1_915' title='bbox 3541 5056 3812 5122; x_wconf 59' lang='lat' dir='ltr'>teipsoprn-</span> 
     </span>
    </p>
   </div>
   <div class='ocr_carea' id='block_1_133' title="bbox 2157 5123 2395 5176">
    <p class='ocr_par' dir='ltr' id='par_1_133' title="bbox 2157 5123 2395 5176">
     <span class='ocr_line' id='line_1_133' title="bbox 2157 5123 2395 5176; baseline 0.004 -1"><span class='ocrx_word' id='word_1_916' title='bbox 2157 5123 2348 5175; x_wconf 88' lang='lat' dir='ltr'>tiosius</span> <span class='ocrx_word' id='word_1_917' title='bbox 2367 5124 2395 5176; x_wconf 85' lang='lat' dir='ltr'>‘l</span> 
     </span>
    </p>
   </div>
   <div class='ocr_carea' id='block_1_134' title="bbox 2229 5192 3810 5264">
    <p class='ocr_par' dir='ltr' id='par_1_134' title="bbox 2229 5192 3810 5264">
     <span class='ocr_line' id='line_1_134' title="bbox 2229 5192 3810 5264; baseline -0.006 -15"><span class='ocrx_word' id='word_1_918' title='bbox 2229 5194 2267 5225; x_wconf 87' lang='grc'>¹¹</span> <span class='ocrx_word' id='word_1_919' title='bbox 2305 5193 2498 5262; x_wconf 81' lang='lat' dir='ltr'>Nihil.]</span> <span class='ocrx_word' id='word_1_920' title='bbox 2534 5193 2719 5264; x_wconf 86' lang='lat' dir='ltr'>Inquit</span> <span class='ocrx_word' id='word_1_921' title='bbox 2753 5193 2979 5247; x_wconf 87' lang='lat' dir='ltr'>Boetius</span> <span class='ocrx_word' id='word_1_922' title='bbox 3014 5210 3024 5246; x_wconf 93' lang='lat'>:</span> <span class='ocrx_word' id='word_1_923' title='bbox 3065 5194 3343 5264; x_wconf 89' lang='lat' dir='ltr'>quidquid</span> <span class='ocrx_word' id='word_1_924' title='bbox 3385 5197 3538 5248; x_wconf 91' lang='lat' dir='ltr'>enim</span> <span class='ocrx_word' id='word_1_925' title='bbox 3570 5192 3810 5248; x_wconf 84' lang='lat' dir='ltr'>divinitus</span> 
     </span>
    </p>
   </div>
   <div class='ocr_carea' id='block_1_135' title="bbox 2153 5262 3805 5330">
    <p class='ocr_par' dir='ltr' id='par_1_135' title="bbox 2153 5262 3805 5330">
     <span class='ocr_line' id='line_1_135' title="bbox 2153 5262 3805 5330; baseline -0.002 -14"><span class='ocrx_word' id='word_1_926' title='bbox 2153 5262 2362 5317; x_wconf 88' lang='lat' dir='ltr'>factum</span> <span class='ocrx_word' id='word_1_927' title='bbox 2406 5262 2650 5319; x_wconf 78' lang='lat' dir='ltr'>naturali</span> <span class='ocrx_word' id='word_1_928' title='bbox 2691 5265 2908 5318; x_wconf 90' lang='lat' dir='ltr'>lumine</span> <span class='ocrx_word' id='word_1_929' title='bbox 2939 5262 3098 5330; x_wconf 69' lang='lat' dir='ltr'>novi,</span> <span class='ocrx_word' id='word_1_930' title='bbox 3138 5266 3196 5318; x_wconf 88' lang='lat' dir='ltr'>id</span> <span class='ocrx_word' id='word_1_931' title='bbox 3224 5262 3344 5319; x_wconf 54' lang='lat' dir='ltr'>_aut</span> <span class='ocrx_word' id='word_1_932' title='bbox 3377 5283 3507 5320; x_wconf 87' lang='lat' dir='ltr'>mea</span> <span class='ocrx_word' id='word_1_933' title='bbox 3545 5281 3694 5318; x_wconf 89' lang='lat' dir='ltr'>mens</span> <span class='ocrx_word' id='word_1_934' title='bbox 3722 5267 3805 5325; x_wconf 86' lang='lat' dir='ltr'>est,</span> 
     </span>
    </p>
   </div>
   <div class='ocr_carea' id='block_1_136' title="bbox 2154 5336 3808 5406">
    <p class='ocr_par' dir='ltr' id='par_1_136' title="bbox 2154 5336 3808 5406">
     <span class='ocr_line' id='line_1_136' title="bbox 2154 5336 3808 5406; baseline -0.004 -18"><span class='ocrx_word' id='word_1_935' title='bbox 2154 5340 2249 5388; x_wconf 88' lang='lat' dir='ltr'>aut</span> <span class='ocrx_word' id='word_1_936' title='bbox 2300 5352 2504 5405; x_wconf 90' lang='lat' dir='ltr'>corpus</span> <span class='ocrx_word' id='word_1_937' title='bbox 2551 5337 2704 5406; x_wconf 86' lang='lat' dir='ltr'>quod</span> <span class='ocrx_word' id='word_1_938' title='bbox 2748 5338 2917 5405; x_wconf 82' lang='lat' dir='ltr'>vulgo</span> <span class='ocrx_word' id='word_1_939' title='bbox 2965 5336 3176 5390; x_wconf 89' lang='lat' dir='ltr'>dicitur</span> <span class='ocrx_word' id='word_1_940' title='bbox 3227 5338 3510 5391; x_wconf 87' lang='lat' dir='ltr'>materia:</span> <span class='ocrx_word' id='word_1_941' title='bbox 3565 5336 3656 5390; x_wconf 89' lang='lat' dir='ltr'>sed</span> <span class='ocrx_word' id='word_1_942' title='bbox 3705 5348 3808 5386; x_wconf 89' lang='lat' dir='ltr'>mea</span> 
     </span>
    </p>
   </div>
   <div class='ocr_carea' id='block_1_137' title="bbox 2152 5405 3804 5478">
    <p class='ocr_par' dir='ltr' id='par_1_137' title="bbox 2152 5405 3804 5478">
     <span class='ocr_line' id='line_1_137' title="bbox 2152 5405 3804 5478; baseline -0.003 -19"><span class='ocrx_word' id='word_1_943' title='bbox 2152 5421 2312 5459; x_wconf 89' lang='lat' dir='ltr'>mens</span> <span class='ocrx_word' id='word_1_944' title='bbox 2340 5407 2425 5459; x_wconf 86' lang='lat' dir='ltr'>vel</span> <span class='ocrx_word' id='word_1_945' title='bbox 2456 5423 2518 5459; x_wconf 84' lang='lat' dir='ltr'>ex</span> <span class='ocrx_word' id='word_1_946' title='bbox 2542 5405 2688 5476; x_wconf 89' lang='lat' dir='ltr'>ipso,</span> <span class='ocrx_word' id='word_1_947' title='bbox 2726 5412 2809 5460; x_wconf 90' lang='lat' dir='ltr'>est</span> <span class='ocrx_word' id='word_1_948' title='bbox 2838 5423 3076 5476; x_wconf 87' lang='lat' dir='ltr'>corpore</span> <span class='ocrx_word' id='word_1_949' title='bbox 3100 5409 3214 5462; x_wconf 90' lang='lat' dir='ltr'>sive</span> <span class='ocrx_word' id='word_1_950' title='bbox 3240 5410 3475 5462; x_wconf 88' lang='lat' dir='ltr'>materia</span> <span class='ocrx_word' id='word_1_951' title='bbox 3506 5405 3804 5478; x_wconf 83' lang='lat' dir='ltr'>pretiosior,</span> 
     </span>
    </p>
   </div>
   <div class='ocr_carea' id='block_1_138' title="bbox 2149 5478 3805 5549">
    <p class='ocr_par' dir='ltr' id='par_1_138' title="bbox 2149 5478 3805 5549">
     <span class='ocr_line' id='line_1_138' title="bbox 2149 5478 3805 5549; baseline -0.002 -19"><span class='ocrx_word' id='word_1_952' title='bbox 2149 5479 2301 5548; x_wconf 90' lang='lat' dir='ltr'>quod</span> <span class='ocrx_word' id='word_1_953' title='bbox 2338 5478 2638 5531; x_wconf 88' lang='lat' dir='ltr'>materiam</span> <span class='ocrx_word' id='word_1_954' title='bbox 2670 5479 2834 5543; x_wconf 91' lang='lat' dir='ltr'>hanc,</span> <span class='ocrx_word' id='word_1_955' title='bbox 2868 5494 2900 5530; x_wconf 92' lang='lat' dir='ltr'>a</span> <span class='ocrx_word' id='word_1_956' title='bbox 2934 5495 3048 5548; x_wconf 88' lang='lat' dir='ltr'>qua</span> <span class='ocrx_word' id='word_1_957' title='bbox 3078 5479 3199 5549; x_wconf 87' lang='lat' dir='ltr'>ipsa</span> <span class='ocrx_word' id='word_1_958' title='bbox 3231 5480 3464 5549; x_wconf 85' lang='lat' dir='ltr'>cogitari</span> <span class='ocrx_word' id='word_1_959' title='bbox 3494 5478 3703 5548; x_wconf 84' lang='lat' dir='ltr'>nequit,</span> <span class='ocrx_word' id='word_1_960' title='bbox 3731 5490 3805 5549; x_wconf 82' lang='lat' dir='ltr'>c0-</span> 
     </span>
    </p>
   </div>
   <div class='ocr_carea' id='block_1_139' title="bbox 2149 5547 3805 5628">
    <p class='ocr_par' dir='ltr' id='par_1_139' title="bbox 2149 5547 3805 5628">
     <span class='ocr_line' id='line_1_139' title="bbox 2149 5547 3805 5628; baseline 0 -28"><span class='ocrx_word' id='word_1_961' title='bbox 2149 5547 2294 5628; x_wconf 79' lang='lat' dir='ltr'>gite_t</span> <span class='ocrx_word' id='word_1_962' title='bbox 2331 5549 2631 5628; x_wconf 85' lang='lat' dir='ltr'>ipsamque</span> <span class='ocrx_word' id='word_1_963' title='bbox 2668 5549 2758 5628; x_wconf 28' lang='lat' dir='ltr'>‘ad</span> <span class='ocrx_word' id='word_1_964' title='bbox 2795 5547 3113 5604; x_wconf 80' lang='lat' dir='ltr'>arbitrium</span> <span class='ocrx_word' id='word_1_965' title='bbox 3147 5551 3258 5604; x_wconf 90' lang='lat' dir='ltr'>huc</span> <span class='ocrx_word' id='word_1_966' title='bbox 3306 5547 3598 5621; x_wconf 64' lang='lat' dir='ltr'>illucque,</span> <span class='ocrx_word' id='word_1_967' title='bbox 3623 5547 3805 5617; x_wconf 60' lang='lat' dir='ltr'>sapius</span> 
     </span>
    </p>
   </div>
   <div class='ocr_carea' id='block_1_140' title="bbox 2147 5623 3801 5765">
    <p class='ocr_par' dir='ltr' id='par_1_140' title="bbox 2147 5623 3801 5765">
     <span class='ocr_line' id='line_1_140' title="bbox 2147 5623 2703 5690; baseline -0.002 -17"><span class='ocrx_word' id='word_1_968' title='bbox 2147 5623 2468 5690; x_wconf 87' lang='lat' dir='ltr'>cogitando,</span> <span class='ocrx_word' id='word_1_969' title='bbox 2500 5623 2703 5672; x_wconf 74' lang='lat' dir='ltr'>verset.</span> 
     </span>
     <span class='ocr_line' id='line_1_141' title="bbox 2217 5691 3801 5765; baseline -0.001 -20"><span class='ocrx_word' id='word_1_970' title='bbox 2217 5691 2263 5727; x_wconf 85' lang='grc'>¹²</span> <span class='ocrx_word' id='word_1_971' title='bbox 2289 5693 2466 5758; x_wconf 88' lang='lat' dir='ltr'>Igitur</span> <span class='ocrx_word' id='word_1_972' title='bbox 2486 5693 2536 5745; x_wconf 88' lang='lat' dir='ltr'>si</span> <span class='ocrx_word' id='word_1_973' title='bbox 2563 5693 2644 5745; x_wconf 90' lang='lat' dir='ltr'>tui</span> <span class='ocrx_word' id='word_1_974' title='bbox 2668 5705 2877 5760; x_wconf 85' lang='lat' dir='ltr'>compos</span> <span class='ocrx_word' id='word_1_975' title='bbox 2896 5692 3116 5765; x_wconf 62' lang='lat' dir='ltr'>fueris]</span> <span class='ocrx_word' id='word_1_976' title='bbox 3148 5692 3205 5748; x_wconf 89' lang='lat' dir='ltr'>Si</span> <span class='ocrx_word' id='word_1_977' title='bbox 3233 5697 3345 5749; x_wconf 68' lang='lat' dir='ltr'>tua:</span> <span class='ocrx_word' id='word_1_978' title='bbox 3375 5693 3581 5748; x_wconf 91' lang='lat' dir='ltr'>mentis</span> <span class='ocrx_word' id='word_1_979' title='bbox 3610 5692 3801 5746; x_wconf 88' lang='lat' dir='ltr'>tantam</span> 
     </span>
    </p>
   </div>
  </div>
