3996 6170
421 241 528 294 687
1761 237 1876 291 AN.
1915 236 2122 291 MANL.
2166 237 2317 294 SEV.
2361 238 2589 294 BOETII
3732 252 3809 305 688

700 366 911 422 Cautus
941 380 1160 436 ponere
1189 366 1406 436 sedem,
2145 370 2193 423 A
2298 370 2358 421 10
2501 369 2696 422 Totius
2721 367 2940 422 viribus
2972 372 3177 438 urget;

635 459 782 511 ηδ
813 454 1178 526 Stabilisque,
1214 471 1319 508 nec
1347 455 1545 509 sonori
2385 461 2388 464 ’
2440 462 2593 512 129
2625 458 2720 511 Hae
2749 457 3068 527 pendulum
3101 458 3299 511 solum

700 545 888 601 Sterni
917 545 1150 600 ﬂatibus
1179 545 1326 610 euri,
2502 547 2733 600 Pondus
2763 546 2911 600 ferre
2942 551 3226 600 recusant.

519 638 551 689 5
625 634 695 688 Et
723 634 992 688 ﬂuctibus
1022 633 1341 688 minantem
2432 635 2679 705 Fugiens
2704 635 3084 705 periculosam

695 723 869 779 Curat
900 738 1171 794 spernere
1200 727 1476 793 pontum;
2498 723 2718 776 Sortem
2751 723 2901 777 sedis
2927 738 3190 787 amcenae,

619 812 822 868 Montis
852 827 1126 867 cacumen
1157 811 1280 877 alti,
2291 815 2353 865 15
2427 811 2640 866 Humili
2669 813 2902 866 domum
2933 815 3221 866 memento

692 901 920 956 Bibulus
952 901 1091 955 vitet
1120 915 1341 955 arenas.
2495 901 2697 956 Certus
2727 902 2904 971 ﬁgere
2936 917 3088 954 saxo.

624 990 772 1046 Illud
802 995 1107 1062 protervus
1134 993 1346 1043 auster.
2425 990 2696 1055 Quamvis
2723 994 2886 1045 tonet
2916 989 3102 1044 ruinis

1861 1095 2446 1153 INTERPRETATIO.

403 1224 586 1294 pentis
613 1223 808 1288 euri,et
839 1225 1250 1294 temneremare
1288 1218 1583 1294 exundans
1619 1218 1795 1274 veluti
1826 1222 2102 1275 intentans

403 1289 633 1350 ruinam
663 1295 780 1347 suis
808 1293 1047 1358 aestibus,
1083 1291 1177 1344 ille
1206 1289 1422 1362 pariter
1444 1292 1631 1356 fugiat
1667 1294 1918 1345 uerticem
1946 1308 2097 1346 mon-

405 1368 477 1420 tis
503 1367 652 1430 elati,
676 1371 734 1418 et
763 1378 958 1418 arenas
989 1363 1219 1416 bibaces.
1255 1363 1458 1416 Auster
1481 1365 1809 1430 impetuosus
1839 1366 1986 1417 omni
2013 1379 2101 1418 co-

359 1487 370 1500 ,
403 1442 541 1492 natu
581 1441 750 1491 vemat
779 1436 935 1490 illum
964 1435 1234 1489 verticem
1264 1449 1278 1486 :
1309 1433 1391 1487 ha:
1421 1448 1552 1486 vero
1582 1449 1772 1488 arenae
1816 1434 2103 1503 disiunctae

2209 1224 2449 1275 renuunt
2487 1223 2712 1288 portare
2749 1233 2882 1272 onus
2925 1232 3260 1287 suspensum.
3295 1216 3382 1271 Sic
3426 1223 3481 1271 tu
3524 1221 3680 1274 vitans
3707 1237 3826 1277 even-

2210 1296 2324 1346 tum
2353 1295 2618 1344 incertum
2663 1290 3009 1355 conditionis,
3053 1294 3116 1343 ut
3157 1288 3396 1352 videtur,
3427 1295 3600 1357 gratae,
3641 1297 3826 1358 recogita

2210 1364 2426 1418 stabilis
2469 1361 2708 1429 fundare
2746 1361 2912 1414 aedem
2937 1366 3096 1430 petra
3136 1359 3405 1428 depressa.
3446 1361 3574 1414 Tum
3608 1363 3708 1415 licet
3731 1379 3824 1417 ven-

2213 1440 2300 1488 tus
2329 1435 2526 1500 reboet,
2560 1433 2784 1487 turbans
2821 1436 3001 1486 maria
3029 1434 3366 1500 naufragiis,
3395 1438 3450 1485 tu.
3474 1433 3670 1486 abditus
3689 1437 3826 1488 muni-

2054 1560 2273 1617 NOTAE.

405 1671 656 1722 raturam
691 1680 704 1718 :
741 1664 892 1719 sedes
929 1663 1084 1736 enim
1112 1663 1264 1734 apud
1302 1663 1530 1718 Latinos
1557 1668 1837 1733 auctores,
1863 1681 2102 1736 praeser-

403 1737 509 1808 tim
543 1741 759 1808 poetas,
791 1734 1079 1806 signiﬁcat
1107 1736 1392 1808 domum“:
1419 1752 1656 1804 perenne
1683 1753 1816 1790 vero
1849 1734 1884 1790 εἰ
1911 1737 2092 1807 pluri-

401 1807 512 1862 bus
555 1808 754 1870 annis,.
779 1823 882 1877 per
910 1823 1053 1877 quos
1093 1810 1280 1875 durat,
1328 1807 1538 1862 dicitur
1578 1824 1591 1862 :
1639 1809 1773 1862 hinc
1801 1824 2098 1877 perennare

401 1878 556 1933 idem
591 1879 747 1949 quod
776 1879 876 1931 diu
901 1893 1245 1947 perseverare
1276 1895 1290 1932 :
1337 1879 1470 1932 hinc
1503 1885 1663 1934 Anna
1696 1881 1972 1947 Perenna,
2002 1880 2095 1935 cui

401 1955 631 2022 veteres
651 1955 780 2003 vota
810 1949 1126 2022 faciebant,
1148 1955 1449 2022 utannare
1480 1967 1914 2022 perennareque
1944 1967 2096 2006 com-

401 2022 572 2076 mode
597 2021 810 2088 liceret,
845 2026 1076 2074 auctore
1097 2021 1296 2075 Ovidio
1327 2038 1388 2075 iu
1423 2023 1568 2076 Fast.

472 2094 526 2146 2.
556 2091 803 2162 Caulus.]
840 2093 1007 2147 Tutus
1037 2108 1049 2145 :
1083 2108 1217 2146 nam
1248 2098 1441 2148 cautus
1462 2110 1495 2146 a
1523 2108 1709 2148 cavere
1747 2110 1760 2148 :
1799 2109 1983 2149 cauere
1999 2110 2096 2148 au-

400 2167 520 2236 tem
557 2164 774 2234 judicio
812 2163 1079 2236 Varronis
1110 2180 1141 2216 a
1171 2179 1334 2226 cavo;
1365 2165 1518 2234 quod
1554 2168 1728 2233 prisci
1768 2167 1874 2231 illi,
1908 2167 2097 2236 inquit

401 2235 710 2301 Pontanus,
758 2237 855 2302 qui
905 2235 1123 2288 Latium
1161 2238 1326 2290 etiam
1369 2241 1494 2289 ante
1520 2237 1848 2302 Aborigines
1878 2235 2095 2290 tenuere

393 2306 643 2374 plerique
677 2308 738 2358 in
766 2309 1011 2358 cavernis
1053 2305 1397 2370 habitabant,
1439 2323 1556 2374 quae
1591 2324 1625 2360 a
1651 2308 1893 2361 cavando
1923 2313 2096 2361 essent

400 2377 590 2438 dicta;
628 2378 698 2430 iis
729 2381 908 2430 autem
937 2381 988 2429 et
1012 2381 1173 2430 aestus
1203 2378 1461 2431 cauebant
1490 2383 1541 2430 et
1567 2379 1802 2444 frigora,
1835 2381 2096 2447 pleraque

399 2449 565 2501 etiam
590 2448 704 2500 alia
727 2447 1086 2508 incommoda,
1118 2451 1179 2500 in
1218 2448 1439 2515 illisque
1473 2463 1530 2503 se
1555 2455 1605 2502 et
1633 2465 1734 2502 sua
1764 2453 1979 2503 cautius
2007 2455 2088 2503 tu-

401 2519 666 2571 tabantur
693 2534 706 2572 :
739 2518 872 2572 hinc
900 2533 1105 2584 cavere,
1148 2521 1349 2579 cautio,
1382 2525 1572 2572 cautor
1602 2535 1635 2572 a
1672 2520 2094 2588 jurisconsultis

401 2588 671 2659 dicuntur
715 2589 784 2643 de
820 2589 910 2654 iis,
943 2588 1151 2659 quibus
1183 2589 1392 2643 divitiae
1424 2595 1562 2644 tutae
1605 2590 1752 2644 ﬁunt
1777 2597 1831 2644 et
1857 2607 2090 2645 securae.

397 2658 683 2724 Quoniam
712 2675 845 2713 vero
876 2658 1262 2730 vir’prudens,
1294 2661 1741 2732 cogitationibus
1770 2662 1887 2715 suis
1918 2663 2093 2716 veluti

395 2732 771 2802 prospiciens,
811 2746 878 2802 se
917 2746 1134 2802 suaque
1173 2733 1386 2802 tuetur,
1429 2732 1640 2787 idcirco
1670 2737 1882 2800 cautus,
1915 2738 2094 2788 catus-

397 2801 500 2870 Que
523 2803 714 2857 vocari
739 2801 899 2856 solet.
939 2801 1136 2856 Horat.
1165 2801 1236 2856 de
1259 2806 1396 2857 Arte
1429 2822 1441 2858 :

1575 2891 1655 2941 An
1685 2906 1872 2942 omnes

578 2953 797 3016 Yisuros
825 2955 1040 3016 peccata
1071 2956 1423 3016 putemﬂmee,
1443 2956 1604 3016 tutus
1633 2959 1687 3004 et
1717 2959 1866 3004 extra

580 3015 737 3079 Spem
761 3015 934 3064 veniat
958 3015 1186 3064 cautus?
1222 3015 1394 3065 Vitavi
1425 3015 1653 3080 denique
1682 3018 1910 3080 culpam.

392 3095 462 3150 Et
489 3096 590 3151 lib.
616 3113 634 3149 ι
659 3111 860 3161 carm.,
894 3095 990 3150 od.
1031 3096 1141 3151 t0:

639 3183 863 3252 Mercuri
892 3182 1120 3252 facunde
1138 3195 1316 3252 nepos
1346 3183 1590 3252 Atlantis,

643 3245 744 3301 Qui
771 3245 908 3294 feros
938 3244 1112 3293 cultus
1138 3244 1414 3294 hominum
1444 3244 1716 3295 recentum

641 3307 778 3356 Voce
807 3307 1044 3355 formasti
1069 3311 1237 3362 catus,
1267 3313 1320 3355 et
1343 3309 1548 3356 decoras

885 3370 1029 3416 More
1059 3369 1338 3430 palaestrae.

462 3451 514 3502 3.
557 3448 938 3517 Stabilisque.]
975 3449 1234 3502 Immotus
1263 3455 1312 3502 et
1342 3454 1614 3516 constans,
1655 3449 1772 3502 suis
1801 3449 2084 3519 videlicet,

390 3519 638 3573 sedibus.
691 3519 834 3573 Cum
883 3526 1070 3572 autem
1121 3536 1328 3590 corpus
1377 3520 1568 3589 quiete
1607 3521 1782 3573 semel
1813 3521 2083 3575 donatum

391 3596 671 3644 aeternum
718 3591 992 3661 quiescat,
1043 3590 1222 3644 donec
1263 3591 1332 3643 ab
1364 3591 1474 3643 alio
1521 3592 1589 3644 de
1629 3608 1730 3644 sua
1774 3593 1968 3661 quiete
1999 3595 2083 3646 di-

389 3671 705 3727 moveatur,
752 3661 882 3714 ideo
928 3661 1151 3714 duobus
1191 3661 1463 3714 duntaxat
1492 3663 1679 3715 modis
1719 3662 1922 3716 donius
1948 3664 2084 3716 fun-

389 3733 520 3785 data
566 3737 757 3801 potest
800 3748 966 3785 ruere
1017 3748 1030 3785 :
1081 3732 1336 3802 primum
1399 3733 1634 3802 quidem
1683 3740 1839 3786 motu
1891 3734 2084 3787 sensili

387 3818 692 3872 corporum
714 3803 1230 3875 incurrentiumv.
1261 3820 1318 3873 g.
1365 3810 1535 3875 vento
1570 3820 1581 3858 :
1617 3805 1821 3858 deinde
1851 3807 2082 3875 proprio

385 3875 662 3943 pondere,
703 3873 1016 3927 ﬂuentibus
1048 3874 1261 3927 scilicet
1291 3875 1359 3927 iis
1390 3874 1600 3944 quibus
1629 3875 1833 3929 domus
1853 3873 1975 3928 initi
2001 3877 2080 3929 vi-

385 3944 646 4010 debatur,
696 3945 1083 3999 fundamentis
1133 3961 1145 3998 :
1197 3945 1336 3998 Hinc
1368 3961 1521 3999 nunc
1550 3946 1615 3999 ﬁt
1651 3947 1869 4000 mentio
1897 3953 2079 4001 uento-

383 4031 528 4080 rum,
568 4019 827 4083 ﬂuctuum
865 4019 1224 4082 marinorum,
1253 4020 1553 4071 cacuminis
1578 4021 1793 4083 montis,
1829 4023 1880 4071 et
1917 4019 2079 4072 bibu-

382 4087 560 4141 larum
590 4103 899 4140 arenarum.

454 4158 804 4230 LAFlatibus
849 4155 1008 4230 curt]
1061 4158 1266 4230 Eurus,
1311 4157 1500 4228 inquit
1547 4159 1820 4227 Agellius,
1875 4165 2078 4212 ventus

380 4234 466 4282 est
491 4228 563 4282 ab
598 4229 817 4282 oriente
843 4228 1039 4293 verno,
1069 4229 1127 4282 id
1158 4235 1244 4282 est
1274 4230 1658 4298 aequinoctiali
1691 4231 1941 4283 veniens.
1982 4231 2073 4284 La-

2144 1668 2183 1722 C
2213 1664 2517 1737 quodlibet
2548 1662 2703 1717 aliud
2731 1678 2938 1737 corpus
2969 1661 3117 1732 quod
3151 1677 3316 1737 aqua;
3348 1661 3624 1737 sube_un_ti,_
3655 1666 3828 1737 utpote

2209 1734 2478 1807 graviori,
2508 1735 2694 1788 locum
2727 1735 2908 1807 cedat,
2943 1739 3246 1807 propterea
3273 1735 3320 1786 si
3347 1734 3523 1807 arenis
3547 1734 3654 1786 istis
3686 1735 3826 1804 impo-

2209 1805 2425 1862 nantur
2467 1807 2707 1860 aediticia
2747 1806 2884 1876 ipsis
2933 1821 3096 1875 aquis
3159 1805 3324 1873 longe
3372 1805 3633 1874 graviora,
3673 1807 3828 1859 eadem

2210 1878 2454 1934 aedilicia
2500 1878 2891 1931 fatiscentibus
2940 1877 3330 1929 fundamentis
3373 1877 3552 1929 statim
3596 1882 3827 1930 corrueut.

2208 1951 2523 2015 Lucretius,
2552 1950 2590 2002 l.
2631 1965 2692 2015 ii,
2724 1963 2951 2001 arenam
2982 1947 3123 2000 dixit
3153 1948 3411 2010 bibulam,

2391 2038 2602 2088 Littoris
2629 2036 2835 2085 incurvi
2856 2035 3087 2085 bibulam
3113 2035 3242 2084 lavit
3270 2048 3449 2099 aequor
3476 2049 3683 2084 arenam.

2279 2123 2331 2174 9.
2384 2119 2531 2173 Illud
2569 2123 3078 2193 protervusauster
3113 2115 3311 2188 urget.]
3346 2117 3490 2172 Illud
3517 2120 3691 2193 montis
3716 2129 3832 2193 cacat

2207 2207 2326 2245 men
2356 2195 2539 2244 auster
2569 2185 2802 2257 impetit.
2852 2191 3058 2241 Auster
3101 2197 3186 2241 est
3226 2185 3426 2242 ventus
3469 2204 3532 2240 ex
3563 2191 3707 2257 plaga
3736 2185 3831 2239 εωιὶ

2209 2263 2526 2315 meridiana
2557 2260 2721 2313 ﬂans.
2755 2259 2913 2323 Quod
2949 2265 3136 2312 autem
3171 2266 3362 2313 auster
3391 2275 3453 2312 ex
3495 2259 3647 2311 terris
3671 2263 3720 2310 in
3757 2272 3829 2309 su-

2207 2333 2383 2387 blime
2411 2333 2620 2402 saepius
2650 2333 2767 2395 ﬂet,
2798 2330 3281 2399 quemadmodum
3317 2332 3513 2384 boreas
3542 2329 3787 2398 oppositus
3809 2342 3830 2378 e

2207 2405 2492 2457 contrario
2527 2419 2592 2455 ex
2620 2402 2852 2455 sublimi
2887 2403 2944 2454 in
2981 2410 3185 2467 terras;
3222 2403 3430 2454 idcirco
3459 2409 3635 2453 auster
3661 2407 3830 2452 rectum

2205 2474 2333 2541 iter,
2370 2474 2554 2545 quoad
2586 2478 2790 2545 potest,
2815 2472 3082 2545 insistens
3103 2472 3161 2525 in
3188 2489 3443 2526 summos
3467 2472 3718 2524 montium
3739 2485 3831 2521 ver-

2201 2546 2340 2599 tices
2385 2543 2599 2614 saepius
2643 2543 2868 2597 videtur
2912 2543 3206 2596 incurrere
3261 2561 3274 2597 :
3329 2551 3383 2598 et
3414 2548 3693 2613 propterea
3721 2555 3832 2592 nunc

2203 2617 2526 2686 appellatur
2572 2621 2855 2684 protervus
2903 2630 2937 2667 a
2976 2616 3322 2683 proterendo,
3361 2616 3504 2686 quia
3532 2615 3710 2686 altiora
3734 2627 3833 2664 cor-

2202 2685 2344 2758 pnra
2384 2688 2490 2741 sibi
2538 2685 2759 2755 objecta
2807 2686 2952 2740 solet
2988 2693 3304 2756 proterere.
3350 2685 3554 2741 Seneca
3579 2685 3633 2736 in
3655 2686 3830 2752 Agam,

2199 2761 2392 2813 v.90:

2697 2826 2937 2876 Nubibus
2967 2826 3095 2889 ipsis

2449 2889 2654 2952 Inserta
2675 2893 2836 2952 caput
2859 2890 3017 2938 turris
3047 2889 3227 2951 pluvio

2447 2951 2673 3014 Vapulat
2701 2956 2880 3000 austro
2912 2967 2923 2998 :
2953 2951 3260 3014 densasque
3281 2965 3472 3000 nemus

2447 3013 2710 3077 Spargens
2740 3015 2952 3077 umbras
2985 3027 3186 3077 annosa
3215 3013 3362 3063 videt

2697 3077 2905 3125 Robora
2929 3075 3124 3138 frangi.

2275 3160 2356 3210 Η.
2413 3159 2508 3210 Ha
2543 3156 2845 3225 pendulum
2899 3157 3087 3210 soluta
3141 3155 3360 3224 pondus
3407 3158 3548 3223 ferre
3590 3153 3829 3225 recusant]

2197 3229 2294 3282 Hm
2337 3243 2514 3281 arena
2543 3221 2594 3280 —u
2640 3243 2694 3280 se
2735 3230 2964 3281 invicem
3011 3221 3305 3296 disjunctae
3345 3221 3644 3296 impositum
3669 3221 3833 3296 pondus

2197 3315 2302 3372 non
2320 3303 2549 3372 possunt
2585 3302 2868 3372 sustinere.
2895 3298 3183 3372 Nimirum
3210 3301 3360 3372 sicut
3391 3295 3567 3361 llhl'li‘,
3598 3297 3709 3372 dum
3733 3295 3832 3342 sunt

2196 3369 2388 3422 lances
2423 3370 2653 3422 alternis
2689 3370 2767 3423 sic
2796 3369 3059 3432 mobiles,
3093 3375 3154 3422 ut
3186 3370 3232 3421 si
3262 3371 3445 3422 altera
3474 3367 3697 3438 graviori
3721 3376 3830 3438 pori-

2198 3440 2330 3493 dere
2363 3445 2568 3493 onusta
2595 3441 2864 3493 deorsum
2911 3441 3264 3510 deprimatur
3299 3457 3311 3493 :
3343 3436 3520 3493 altera
3549 3451 3745 3490 sursum
3769 3436 3831 3482 at-

2197 3512 2435 3564 tollatur
2467 3527 2693 3564 necesse
2737 3512 2810 3564 sit
2843 3528 2854 3564 :
2888 3511 2964 3582 ita
2995 3513 3052 3564 in
3085 3518 3255 3574 terra,
3297 3528 3449 3582 aqua
3479 3518 3533 3563 et
3558 3524 3675 3582 aere
3703 3517 3832 3575 quem

2198 3582 2507 3650 spiramus,
2553 3597 2795 3652 corpora
2835 3581 2974 3635 adeo
3015 3598 3132 3635 sese
3165 3579 3456 3635 sustinent
3483 3579 3703 3650 aequatis
3729 3590 3834 3652 pou-

2198 3647 2449 3718 d‘eribus,
2486 3658 2549 3705 ut
2578 3653 2621 3705 si
2653 3647 2892 3706 alterum
2929 3654 3095 3705 fuerit
3130 3653 3383 3722 gravius,
3419 3653 3473 3706 id
3518 3647 3830 3721 propendeat,

2193 3724 2375 3776 altero
2402 3725 2668 3792 depresso
2704 3741 2715 3777 :
2751 3725 2895 3776 sicut
2925 3723 3165 3777 inﬁnitis
3196 3725 3479 3794 exemplis
3512 3724 3833 3794 demonstran

2190 3800 2399 3864 posset.
2434 3790 2595 3848 Aides
2626 3800 2817 3848 autem
2848 3796 3036 3847 arenis
3066 3790 3565 3864 impositai'longe
3596 3790 3832 3864 graviores

2191 3861 2324 3938 sunt
2353 3882 2419 3918 eo
2451 3867 2695 3936 liquore,
2753 3861 3247 3938 quoginterposito
3287 3882 3482 3918 arena:
3504 3861 3830 3938 'mollescunt.

2262 3937 2375 3989 Hoc
2417 3938 2615 3990 eodem
2674 3936 2932 4006 exemplo
2980 3952 3116 3989 usus
3155 3942 3240 3990 est
3300 3938 3558 3991 Christus
3610 3935 3834 4006 Dominus

2187 4006 2378 4060 Matth.
2433 4024 2507 4060 vn
2538 4027 2549 4071 ;
2584 4009 2790 4074 Omnis,
2839 4001 3048 4078 inquit,
3095 4011 3193 4076 qui
3233 4009 3400 4060 audit
3439 4007 3599 4060 verba
3626 4019 3726 4078 mea
3752 4001 3834 4078 Ιιᾶζς

2187 4083 2236 4131 et
2277 4093 2380 4131 non
2407 4081 2545 4144 facit
2580 4095 2663 4144 ea,
2708 4077 2906 4132 similis
2921 4073 3041 4132 erit
3076 4073 3194 4131 uiro
3224 4080 3414 4144 stulto,
3465 4080 3560 4145 qui
3592 4073 3834 4141 aediﬁcari!

2187 4148 2404 4202 domum
2434 4164 2586 4203 suam
2618 4164 2782 4217 super
2809 4165 3028 4202 arenam
3061 4167 3079 4203 :
3109 4154 3160 4202 et
3189 4149 3466 4202 descendit
3496 4149 3673 4216 pluvia
3699 4150 3740 4196 et
3762 4155 3835 4217 re-

2185 4225 2383 4272 nerunt
2421 4211 2751 4288 ﬂuminea-et
2779 4222 3050 4288 [laverunt
3079 4224 3245 4284 uenti,
3295 4228 3349 4274 et
3380 4211 3651 4274 iri'uerunt
3678 4219 3724 4267 in
3757 4211 3834 4264 do—

380 4300 518 4353 tinis
548 4299 756 4353 dicitur
787 4280 1145 4354 subsolanus.
1180 4300 1278 4353 Hic
1309 4280 1424 4352 njon
1455 4300 1554 4352 abs
1584 4316 1644 4353 re
1676 4301 1885 4353 dicitur
1911 4317 2074 4355 sono-
2113 4280 2157 4333 D
2184 4306 2332 4344 mum
2353 4280 2525 4356 ῖίίῖῖνην
2556 4297 2606 4344 εί
2629 4280 2842 4357 cedd”,
2874 4296 2924 4344 εἰ
2946 4293 3057 4357 fu“
3083 4295 3248 4344 ναέηα
3279 4293 3437 4345 milis
3463 4305 3670 4356 magn“-

376 4385 472 4424 rus
508 4387 521 4424 :
553 4372 705 4440 quod
757 4371 913 4424 enim
957 4371 1374 4424 vehementiori
1405 4371 1625 4439 impetu
1666 4371 1901 4437 feratur,
1935 4373 2069 4425 soli-

374 4445 498 4494 tum
530 4442 677 4494 aeris
708 4441 778 4495 ab
817 4448 946 4495 ortu
978 4442 1046 4494 ad
1097 4457 1356 4494 occasum
1388 4441 1616 4494 ﬂuentis
1649 4458 1879 4495 cursum
1911 4459 2068 4496 secu-

374 4516 486 4577 tus,
523 4519 830 4583 propterea
861 4528 1069 4566 sonum
1098 4511 1398 4582 ingentem
1429 4513 1567 4566 edit.
1605 4513 1764 4567 Unde
1795 4514 1994 4582 Virgil.
2033 4531 2068 4566 II

373 4581 602 4651 Georg,
638 4600 689 4636 v.
726 4583 821 4636 441
863 4599 876 4636 :

566 4622 602 4649 .,
648 4622 689 4636 ν.
726 4622 821 4636 τ..
863 4624 876 4636 .

497 4687 641 4744 Quos
669 4687 894 4737 animosi
923 4688 1035 4738 euri
1062 4687 1271 4737 assidue
1301 4688 1658 4752 franguntque
1687 4688 1986 4753 feruntque.

443 4787 517 4857 6.,
554 4784 831 4857 Pontum._|
887 4787 1099 4841 Pontus
1154 4786 1475 4857 generatim
1530 4788 1827 4857 quodlibet
1884 4803 2062 4854 mare,

368 4855 666 4929 speciatim
714 4855 993 4911 Euxinum
1047 4874 1060 4912 :
1104 4855 1249 4912 forte
1294 4859 1428 4928 quia
1472 4855 1782 4929 utrumque
1828 4859 2062 4928 plenum

369 4926 584 4982 laboris
618 4943 665 5000 *εξ
698 4932 849 5000 navo;
891 4929 1044 4983 enim
1084 4930 1238 4984 labor
1269 4926 1454 5000 putuit
1491 4946 1612 4983 esse
1643 4926 1803 4999 origo
1828 4926 1921 4980 rm}
1947 4934 2065 4980 πόν-

363 5017 456 5050 τοι
486 5013 499 5052 ;
533 4997 815 5069 quidquid
842 4999 934 5054 sit.

439 5074 491 5142 7.
534 5071 738 5126 Montis
783 5086 1036 5125 cacumen
1063 5070 1207 5142 alti.]
1257 5072 1565 5138 Cacumen,
1596 5074 1788 5124 vertex
1819 5074 1900 5124 est
1930 5087 2060 5125 cum

365 5141 641 5195 arborum
672 5147 793 5195 tum
827 5143 1109 5196 montium
1152 5161 1168 5194 :
1194 5141 1350 5211 quod
1396 5143 1588 5211 plures
1618 5141 1902 5210 ejusmodi
1933 5158 2059 5195 cor-

361 5226 569 5281 porum
595 5219 786 5283 partes
815 5213 1099 5280 surgendo
1121 5212 1177 5264 in
1211 5228 1388 5265 unum
1417 5229 1656 5266 acumen
1688 5217 1886 5266 coeant
1917 5229 1930 5266 :
1966 5229 2057 5266 ca-

361 5299 571 5338 cumen
615 5291 806 5337 autem
855 5299 1008 5336 nunc
1049 5283 1259 5354 dicitur
1304 5287 1502 5338 montis
1545 5285 1648 5337 alti
1685 5301 1698 5337 :
1754 5284 1888 5354 quia
1943 5300 2056 5354 quo

361 5369 528 5408 mons
573 5356 741 5408 altior
771 5360 874 5420 est,
910 5370 977 5406 eo
1007 5353 1295 5423 prmdictis
1324 5362 1624 5408 ventorum
1667 5353 1897 5408 ﬂatibus
1927 5353 2056 5408 ina—

361 5424 448 5493 gis
497 5425 836 5496 impellitur,
884 5424 1143 5495 adeoque
1195 5425 1401 5478 domus
1449 5425 1542 5479 hic
1588 5426 1828 5480 fundata
1872 5427 2055 5480 ruinae

359 5496 544 5564 magis
571 5495 716 5551 foret
745 5495 1010 5550 obnoxia.

430 5562 485 5619 8:
515 5566 738 5622 Bibulus
763 5571 895 5621 uitet
923 5562 1172 5636 arenas]
1205 5563 1331 5637 Quz
1360 5565 1609 5637 uidelicet
1640 5583 1815 5637 aquas
1841 5568 2054 5623 sorbere

351 5639 569 5706 possint
619 5654 632 5692 :
666 5637 820 5710 quod
849 5637 1002 5691 enim
1046 5637 1136 5691 his
1175 5636 1364 5690 arenis
1411 5636 1810 5708 intercipiatur
1837 5655 1936 5694 aer
1963 5641 2051 5695 vel

2262 4364 2342 4416 l3.
2376 4349 2608 4429 Fugiens
2639 4349 2998 4429 periculosam
3023 4368 3219 4416 sortem
3247 4363 3398 4415 sedis
3427 4349 3683 4434 umerum]
3707 4349 3837 4434 Ηαῑρά

2185 4432 2346 4485 aliter
2387 4438 2484 4499 qui
2530 4437 2704 4485 vitare
2752 4435 2900 4501 cupit
2939 4439 3183 4486 euentum
3227 4435 3495 4486 incertum
3534 4430 3832 4501 conditione,

2184 4518 2302 4570 quae
2326 4496 2546 4556 videtur
2564 4496 2860 4570 jucunda-z
2893 4504 3018 4558 Sors
3049 4505 3287 4574 quippe,
3324 4505 3516 4574 inquit
3544 4501 3739 4574 Tullius
3758 4496 3836 4574 l._u

2183 4567 2254 4626 de
2288 4574 2492 4637 Divin.,
2524 4567 2666 4626 idem
2695 4567 3083 4642 propemodum
3114 4567 3259 4642 quod
3276 4567 3513 4633 micare,
3556 4571 3690 4641 quod
3729 4567 3836 4620 talos

2175 4644 2378 4712 iacere,
2435 4645 2580 4714 quod
2629 4650 2856 4699 tesseras
2903 4663 2920 4700 :
2967 4651 3022 4699 in
3067 4647 3262 4713 quibus
3318 4647 3592 4700 temeritas
3619 4648 3664 4714 et
3691 4650 3834 4714 casus,

2180 4731 2287 4769 non
2331 4711 2476 4769 ratio
2515 4721 2565 4769 et
2611 4719 2896 4770 consilium
2932 4711 3094 4771 ualet:
3138 4718 3279 4770 Hinc
3311 4717 3570 4786 sortilegi
3611 4711 3837 4786 dicebauf

2178 4792 2292 4853 tur,
2329 4788 2429 4856 qui
2459 4787 2659 4850 ductis,
2696 4787 2858 4857 pueri
2890 4788 3185 4856 manibus,
3211 4788 3467 4841 sortibus
3503 4781 3837 4857 prmdicerent

2177 4857 2389 4910 futura.
2427 4858 2568 4911 Hinc
2597 4856 2769 4911 etiam
2801 4861 2951 4928 quod
2984 4860 3044 4911 in
3078 4875 3249 4911 unam
3283 4860 3363 4911 vel
3393 4856 3704 4928 oppositam
3735 4863 3835 4928 par-

2177 4933 2292 5001 tem
2325 4928 2478 5001 ﬂecti
2498 4933 2694 5001 potest
2729 4927 3034 4993 incertum,
3063 4930 3202 4982 illud
3236 4946 3357 4982 sors
3388 4927 3503 4983 dici
3535 4927 3832 5001 consuevit:

2176 4996 2523 5070 liujusmodi'
2557 5006 2749 5053 autem
2802 5004 2884 5052 est
2931 5001 3092 5053 sedes
3142 5016 3390 5066 amazna,
3445 5016 3618 5070 quam
3659 4996 3834 5048 idcirco

2176 5069 2540 5139 Philosophia
2570 5071 2662 5124 hic
2692 5075 2850 5124 vocat
2876 5073 3254 5139 periculosam.

2249 5144 2332 5195 15.
2393 5127 2607 5195 Humili
2658 5127 2893 5195 domum‘
2929 5150 3184 5196 memento
3227 5147 3408 5196 certus
3463 5142 3632 5207 ﬁgere
3675 5127 3832 5200 saxa]

2176 5212 2319 5265 Loca
2347 5211 2581 5266 domum
2603 5214 2664 5266 in
2680 5228 2814 5266 sacco
2837 5214 3067 5266 humili:
3093 5213 3150 5266 in
3172 5229 3306 5267 saxo
3336 5213 3599 5282 quidem,
3623 5215 3676 5262 ut
3698 5207 3834 5260 ﬁrmo

2173 5282 2377 5336 domus
2421 5284 2639 5337 nitatur
2672 5285 3045 5338 fundamento
3083 5326 3096 5337 .
3130 5285 3325 5338 humili
3355 5300 3519 5352 vero,
3555 5289 3613 5335 ut
3646 5290 3832 5344 tempe-

2170 5354 2407 5408 statibus
2436 5355 2622 5407 minus
2645 5355 2716 5407 sit
2740 5355 3008 5408 obnoxia.

2248 5428 2327 5479 l7.
2381 5426 2635 5490 Quamvis
2684 5430 2826 5479 tonet
2875 5429 3051 5480 ruinis
3090 5431 3315 5480 miscens
3361 5440 3584 5489 aequora
3630 5412 3833 5497 ventus.)

2175 5497 2380 5551 Ventus
2427 5501 2594 5558 tonat,
2647 5513 2776 5550 cum
2819 5499 3074 5551 tonitruo
3116 5498 3314 5551 similis
3355 5511 3634 5566 magnum
3663 5494 3836 5566 excitat

2168 5568 2440 5621 sonitum.
2473 5569 2660 5621 Miscet
2686 5574 2877 5622 autem
2905 5585 3125 5637 mquam
3149 5571 3345 5633 ruinis,
3390 5564 3523 5620 cum
3556 5564 3833 5638 naufragus

2167 5654 2335 5693 naves
2384 5644 2703 5710 ceteraque
2749 5632 2992 5709 corpora
3034 5640 3177 5694 mari
3218 5632 3491 5709 imposita
3529 5632 3831 5708 prosternit.
