3972 6172
160 285 250 337 689

350 411 579 467 Miscens
607 425 843 480 mquora
870 412 1091 476 ventus,

279 502 357 555 Tu
391 500 648 554 conditus
678 499 861 570 quieti

154 594 210 643 ‘20
347 590 494 643 Felix
526 588 733 642 robore
764 587 917 649 valli,

353 684 498 732 180
527 679 705 731 Duces
739 692 972 729 serenus
1000 692 1208 741 aevum,

276 767 483 821 Ridens
516 766 745 820 mtheris
774 766 904 819 iras.

718 862 857 910 l3]
908 854 1130 909 PROSA
1169 854 1231 906 V.

152 950 532 999 Aacovamcu.
581 974 649 982 —
692 944 1043 1011 Philosophia
1079 943 1201 1009 jam
1250 940 1617 995 validioribus
1666 946 1821 995 utens

208 1018 531 1081 argumentis
564 1016 778 1082 probat,
820 1016 1115 1079 generatim
1147 1014 1392 1078 divitias,
1422 1014 1701 1079 speciatim
1727 1028 1819 1080 pe-

204 1092 431 1146 cuniam.
476 1101 733 1153 gemmas,
788 1101 968 1153 agros,
1014 1089 1201 1149 vestes,
1234 1085 1470 1150 famulos
1527 1089 1822 1151 ceteraque

204 1159 257 1211 id
283 1174 467 1224 genus,
504 1158 757 1225 quamvis
800 1162 1122 1218 constarent,
1171 1159 1363 1208 mentis
1397 1157 1643 1208 humanae
1684 1155 1821 1207 bona

202 1245 295 1282 non
328 1244 461 1295 esse,
510 1229 603 1280 sed
647 1231 828 1295 potius
861 1229 1026 1290 mala,
1078 1228 1275 1296 quibus
1320 1231 1525 1295 quanto
1565 1226 1819 1294 cupidius

202 1301 374 1353 eadem
406 1314 553 1351 mens
580 1301 815 1364 fruitur,
848 1303 997 1351 tanto
1024 1302 1202 1351 minus
1227 1299 1366 1363 fetis:
1397 1302 1492 1350 est.

201 1388 297 1441 Sed
321 1388 596 1457 quoniam
619 1386 903 1440 rationum
921 1388 1039 1456 jam
1064 1386 1123 1439 in
1152 1392 1207 1439 te
1230 1402 1485 1439 mearum
1519 1385 1774 1438 fomenta
1794 1391 1818 1417 ι

143 1478 501 1539 descendunt,
532 1477 701 1546 paulo
738 1476 1110 1529 validioribus
1146 1476 1418 1528 utendum
1450 1480 1607 1543 puto.
1645 1473 1662 1506 ‘
1699 1477 1817 1543 Age

143 1565 297 1627 enim,
330 1565 373 1615 si
411 1566 535 1633 jam
570 1562 591 1594 ²
630 1564 842 1616 caduca
889 1568 946 1616 et
991 1568 1011 1598 ³
1064 1566 1088 1605 1)
1138 1562 1519 1615 momentaria
1566 1560 1817 1614 fortunae

139 1653 265 1707 dona
290 1668 402 1706 non
444 1658 655 1719 essent,
691 1652 831 1723 quid
862 1652 919 1706 in
968 1652 1049 1707 eis
1093 1657 1197 1719 est,
1231 1651 1387 1722 quod
1430 1655 1529 1704 aut
1561 1655 1814 1704 vestrum

1080 330 1091 339 .
1162 278 1250 331 DE
1289 275 1826 334 CONSOLATIONE
1866 274 2353 332 PHILOSOPHIE
2394 273 2521 328 LIB.
2562 273 2631 328 II.

1856 412 1903 463 A
1933 423 2190 478 unquam
2222 407 2348 460 ﬁeri
2378 410 2570 477 queat,
2608 411 2709 461 aut
2740 422 2855 461 non
2883 413 3248 478 perspectum
3290 409 3629 466 considera-

3524 278 3628 332 690

1933 500 2173 567 tumque
2207 495 2283 566 (ὅ)
2330 508 2355 537 ο
2388 495 2653 549 vilescat?
2688 500 2709 532 ‘
2751 497 3055 551 Divitiaane
3103 498 3192 551 vel
3239 500 3411 553 vestri
3448 501 3497 567 ἀ,
3538 500 3627 555 vel

1934 586 2025 639 sui
2073 592 2278 640 natura
2315 585 2583 655 pretiosae
2630 586 2803 639 sunt?
2856 591 3002 641 182
3036 587 3185 651 Quid
3230 603 3427 642 earum
3458 598 3481 624 ⁸
3522 606 3633 660 po-

1932 674 2066 741 tius,
2104 675 2127 707 ⁵
2174 690 2480 742 aurumne,
2528 690 2600 728 an
2656 673 2736 727 vis
2782 679 3065 745 congestas
3112 676 3414 744 pecuniis?
3455 677 3633 748 Atqui

1928 764 2054 817 hinc
2082 763 2428 818 effundendo
2463 762 2666 833 magis,
2701 779 2873 834 quam
2898 764 3282 820 coacervando
3313 766 3520 820 melius
3550 766 3634 820 ni-

1930 856 2054 906 tent
2087 869 2099 905 :
2134 852 2421 923 siquidem
2462 852 2699 905 avaritia
2740 868 2968 922 semper
3014 853 3262 919 odiosos,
3296 854 3480 909 claros
3509 854 3631 909 lar-

1932 942 2079 1011 gitas
2112 941 2265 995 facit.
2289 941 2451 1004 Quod
2485 941 2531 994 si
2564 957 2796 995 manere
2827 942 2978 1011 apud
3001 958 3353 1013 quemquam
3385 959 3502 998 non
3531 960 3631 1014 po-

1930 1035 2062 1091 test,
2086 1030 2238 1099 quod
2257 1029 2595 1084 transfertur
2620 1030 2675 1083 in
2700 1030 2944 1083 alterum
2971 1047 2983 1084 :
3007 1035 3143 1084 tunc
3166 1035 3251 1085 est
3272 1032 3529 1101 pretiosa
3551 1032 3629 1104 (5)

1930 1120 2194 1188 pecunia.
2227 1134 2356 1172 cum
2386 1119 2658 1173 translata
2684 1118 2743 1171 in
2774 1119 2938 1184 alios,
2971 1119 3253 1189 largiendi
3280 1136 3387 1173 usu
3416 1122 3630 1176 desinit

1935 1206 2233 1277 possideri.
2266 1211 2337 1261 At
2366 1207 2562 1261 eadem
2594 1207 2640 1260 si
2669 1206 2687 1241 ί
2717 1207 2867 1276 apud
2898 1223 3101 1275 unum,
3134 1216 3350 1279 quanta
3381 1214 3468 1264 est
3496 1210 3625 1265 ubi-

1929 1312 2040 1366 que
2072 1296 2356 1365 gentium,
2386 1302 2751 1365 congeratur,
2786 1300 3020 1350 caeteros
3058 1297 3145 1350 sui
3177 1297 3379 1367 inopes
3410 1298 3625 1356 fecerit.

1928 1388 1999 1440 Et
2031 1402 2137 1439 vox
2167 1385 2399 1456 quidem
2450 1390 2569 1438 tota
2612 1386 2825 1456 pariter
2870 1386 3187 1440 multorum
3234 1388 3417 1457 replet
3459 1388 3626 1443 audi-

1927 1478 2083 1539 tum;
2112 1479 2314 1527 vestrae
2358 1489 2489 1525 vero
2530 1474 2765 1541 divitiae,
2806 1474 2917 1528 nisi
2969 1474 3359 1543 comminutae,
3390 1476 3449 1530 in
3487 1477 3624 1548 plu-

1928 1563 2039 1615 reis
2088 1562 2331 1615 transire
2380 1578 2494 1616 non
2543 1568 2803 1633 possunt.
2859 1563 3018 1627 Quod
3075 1579 3204 1617 cum
3254 1564 3469 1618 factum
3517 1567 3621 1629 est,

1926 1666 2208 1721 pauperes
2240 1666 2469 1705 necesse
2514 1656 2600 1706 est
2628 1651 2839 1707 faciant
2869 1652 3005 1723 (10),
3052 1668 3195 1723 quos
3224 1652 3542 1723 reliquunt.
3576 1652 3620 1707 Ο

1610 1760 1725 1816 ΙΝΤ
1734 1758 2197 1815 ERPRETATIO.

138 1884 257 1933 mine
313 1884 617 1933 constantis
670 1881 906 1946 aggeris,
960 1878 1066 1933 eris
1131 1880 1335 1946 beatus,
1396 1878 1816 1947 contemptisque
1854 1875 1894 1928 Β

138 1953 233 2005 εωιί
256 1952 563 2017 furoribus,
596 1965 721 2017 ages
742 1954 914 2004 vitam
945 1951 1323 2020 tranquillam.

194 2031 214 2055 ⁸
239 2024 459 2075 Mentem
489 2023 741 2077 subeunt.

194 2095 403 2147 bFluxa.

1997 1886 2020 1916 ο
2050 1873 2357 1928 Sordescat.

1995 1945 2023 1987 ἀ
2051 1945 2094 1999 Ο
2120 1945 2401 1998 homines.

1989 2019 2013 2046 °
2044 2017 2336 2069 Pretiosus.

1991 2086 2012 2128 ί
2041 2087 2235 2140 Tanta.

1748 2184 1969 2242 NOTAE.

198 2298 272 2349 19.
322 2294 636 2365 Conditus]
699 2294 1103 2349 Absconditus:
1150 2292 1641 2364 quemadmodum
1692 2292 1813 2346 Vir-

136 2367 215 2435 gil.
248 2384 260 2419 l
292 2368 526 2437 Georg,
562 2384 612 2420 v.
643 2368 739 2420 441
776 2383 789 2419 :

240 2455 323 2502 llle
349 2456 439 2501 ubi
474 2459 783 2502 nascentem
811 2452 1034 2502 maculis
1067 2453 1351 2501 variaverit
1379 2456 1553 2500 ortum

239 2518 491 2566 Conditus
531 2518 584 2564 in
619 2518 833 2565 nubem.

192 2598 263 2650 20.
323 2599 484 2651 Felice
548 2597 778 2665 robora]
844 2597 1036 2650 Robur
1092 2610 1495 2665 quamcunque
1554 2594 1809 2665 corporis

135 2668 499 2722 fortitudinem
536 2670 857 2737 signiﬁcat:
893 2668 1044 2719 unde
1077 2668 1227 2735 quod
1263 2683 1505 2735 quercus
1536 2667 1807 2720 silvestris

136 2740 259 2791 inter
312 2749 551 2791 crateras
608 2744 838 2791 arbores
886 2739 1194 2791 fortissima
1248 2738 1529 2801 videatur,
1592 2737 1803 2790 idcirco

133 2809 230 2861 haec
258 2811 413 2863 robur
444 2812 793 2880 appellatur.

186 2884 259 2934 20.
304 2878 686 2953 ValliqdietL]
724 2882 940 2933 Vallum
983 2895 1181 2953 murus
1214 2883 1364 2953 este
1403 2884 1555 2953 terra
1587 2879 1653 2931 ad
1687 2878 1801 2953 fos-

131 2967 189 3003 sa:
216 2969 361 3005 oram
405 2950 701 3021 aggestus,
736 2952 948 3004 crebris
994 2952 1231 3003 sudibus
1276 2950 1389 3002 sive
1436 2952 1581 3019 palis
1614 2950 1802 3001 muni-

131 3026 233 3075 tus:
266 3028 645 3092 quamobrem
671 3025 795 3075 dum
820 3030 950 3075 sunt
976 3023 1105 3074 valli
1139 3027 1347 3090 partes.
1384 3036 1590 3087 nempe
1628 3036 1805 3088 agger

132 3094 225 3146 sive
272 3102 432 3161 terra,
491 3100 554 3147 et
597 3096 713 3164 pali
759 3095 873 3146 sive
924 3094 1109 3159 sudes,
1160 3108 1336 3163 quare
1379 3094 1587 3145 vallum
1636 3094 1802 3161 quie-

136 3169 234 3217 tum
264 3172 360 3218 est.

186 3238 262 3288 21.
298 3240 456 3290 Duces
508 3251 727 3289 serenus
769 3250 939 3288 aevum
983 3234 1167 3287 ridens
1186 3234 1399 3287 aetheris
1425 3233 1583 3302 iras]
1623 3235 1805 3287 Vitam

135 3304 264 3359 duces
296 3310 656 3375 tranquillum
686 3311 981 3373 contempto
1024 3308 1139 3358 casti
1171 3308 1391 3373 impetu.
1427 3307 1615 3358 {Erum
1649 3304 1804 3356 enim

136 3376 379 3445 signiﬁcat
410 3390 615 3443 vitam,
653 3386 714 3430 ut
740 3378 888 3447 apud
924 3376 1073 3445 Virg.
1112 3393 1161 3428 ιν
1195 3378 1423 3445 Georg.,
1460 3392 1511 3426 ν.
1541 3378 1644 3427 206
1681 3391 1693 3428 :

234 3467 357 3528 Ergo
388 3468 539 3525 ipsas
570 3465 811 3528 quamvis
837 3469 1094 3526 angustus
1124 3465 1381 3512 terminus
1409 3463 1508 3512 aevi

235 3527 484 3590 EXcipiaL

136 3605 301 3671 Etiro,
336 3610 558 3677 quippe
590 3622 761 3675 quam
798 3606 1058 3659 insolitus
1101 3606 1362 3674 corporis
1403 3609 1590 3677 motus
1623 3603 1800 3677 comi:

135 3680 218 3729 tari
248 3674 402 3742 solet,
425 3674 548 3731 non
581 3674 711 3729 raro
743 3678 1020 3729 violentos
1051 3693 1165 3729 non
1191 3678 1375 3729 solum
1408 3676 1680 3740 hominis,
1705 3674 1802 3728 sed

135 3756 173 3797 et
216 3748 547 3813 bestiarum,
604 3748 720 3800 imo
781 3750 950 3801 etiam
994 3748 1445 3800 inanimatorum
1494 3761 1801 3816 corporum

133 3827 292 3872 motus
322 3822 634 3888 signiﬁcat.

195 3890 250 3942 Et
278 3887 591 3944 hocetiam
633 3896 895 3957 exemplo
930 3905 1062 3941 usus
1096 3894 1177 3942 est
1223 3888 1498 3952 Christus,
1531 3887 1802 3957 praedicto

136 3973 232 4027 cap.
266 3978 336 4015 vu
371 3964 618 4015 Matth...
653 3962 855 4024 Omnis,
890 3960 1099 4029 inquit,
1146 3959 1243 4028 qui
1273 3960 1430 4011 audit
1483 3960 1641 4011 verba
1688 3974 1804 4011 mea

135 4034 321 4094 etfacit
362 4049 443 4097 ea,
481 4032 888 4085 assimilabitur
917 4036 1034 4084 viro
1082 4034 1335 4095 sapienti,
1382 4034 1477 4097 qui
1513 4031 1804 4098 zdiﬁcavit

136 4099 317 4154 domum
346 4119 503 4156 suam
535 4120 706 4170 supra
734 4109 981 4169 petram;
1014 4108 1064 4154 et
1093 4102 1364 4154 descendit
1400 4103 1607 4168 pluvia,
1636 4107 1685 4153 et
1720 4116 1802 4153 ve-

136 4180 301 4225 nerunt
342 4178 595 4240 ﬂumina,
628 4180 677 4225 et
714 4176 977 4240 ftarerunt
1010 4175 1174 4233 venti,
1207 4179 1256 4224 et
1290 4176 1569 4225 irrurrunt
1619 4175 1675 4223 in
1706 4172 1800 4223 do-

135 4256 254 4295 mum
308 4247 479 4309 illam,
523 4252 575 4297 et
618 4260 722 4297 non
768 4244 957 4297 cecidit
992 4260 1004 4296 :
1051 4244 1291 4308 fundata
1320 4248 1461 4296 enim
1482 4247 1599 4295 erat
1633 4257 1803 4310 supra

136 4328 336 4375 petram.
1310 4334 1315 4341 ·

194 4401 205 4434 ¹
237 4400 376 4473 Age]
408 4406 525 4469 Age
575 4402 891 4454 adverbium
940 4402 1048 4455 dici
1084 4403 1268 4455 solet:
1302 4402 1394 4454 sed
1438 4401 1604 4454 nobis
1651 4400 1802 4473 vide-

135 4472 211 4520 tur
238 4471 611 4540 imperativum
645 4476 794 4526 verbi
828 4489 963 4539 ago:
990 4490 1099 4525 non
1134 4490 1291 4525 secus
1322 4480 1489 4541 atque
1520 4476 1609 4536 fac
1641 4471 1798 4525 Verbi

138 4544 299 4600 facio:
336 4562 639 4613 propterea
672 4546 716 4595 si
766 4562 861 4595 um
908 4552 1130 4595 tantum
1165 4546 1493 4613 loquamur,
1535 4543 1797 4607 dicimus,

140 4625 251 4675 age;
280 4616 321 4665 si
371 4616 653 4683 pluribus,
703 4620 893 4682 agite:
943 4615 1073 4667 hinc
1116 4632 1247 4667 voce
1297 4616 1399 4667 hac
1431 4614 1801 4667 exhortamur

141 4683 428 4753 auditorum
479 4688 545 4738 ad
600 4686 989 4753 cogitandum,
1033 4686 1397 4753 loquendum.
1444 4692 1540 4737 aut
1589 4685 1797 4737 facien-

140 4750 270 4805 dum.
303 4758 379 4807 Ad
415 4750 788 4826 cogitandum
822 4750 1054 4826 quidem
1090 4750 1151 4809 ut
1182 4757 1330 4827 apud
1369 4758 1560 4826 Virgil.
1595 4757 1795 4825 Georg.

141 4836 206 4885 ιιι,
237 4829 414 4879 ν,⁶ὶ4;

241 4918 299 4979 ’[ες
322 4916 433 4961 sine
467 4914 541 4962 nil
571 4915 734 4963 altum
766 4929 915 4963 mens
944 4915 1184 4977 inchoat;
1215 4929 1279 4965 en
1312 4929 1408 4979 age
1436 4928 1622 4978 segnes

244 4974 433 5038 Rumpe
466 4991 659 5025 moras.

142 5050 207 5102 Ad
236 5054 581 5125 loquendum
616 5074 628 5110 :
667 5063 727 5110 ut
754 5058 981 5112 jEneid.
1015 5075 1087 5119 vr,
1122 5076 1171 5111 γ,
1208 5060 1346 5112 3i3:

246 5142 327 5189 Dic
356 5160 451 5206 age
478 5160 489 5192 :
525 5160 751 5208 namque
782 5147 909 5193 mihi
938 5146 1095 5194 fallax
1130 5147 1270 5195 haud
1302 5151 1422 5194 ante
1449 5150 1705 5208 repertus.

141 5220 209 5271 Ad
236 5222 551 5279 faciendum
582 5243 593 5279 :
631 5233 689 5278 ut
722 5228 920 5297 Georg.
952 5246 987 5293 ι,
1025 5245 1075 5278 v.
1107 5232 1171 5281 63
1201 5245 1211 5281 :

286 5374 293 5379 _
532 5376 539 5379 _
738 5376 746 5379 Α
814 5377 821 5379 _
1094 5316 1244 5379 Ergo
1275 5330 1370 5375 age
1402 5320 1552 5364 terrm

248 5372 446 5439 Eingue
468 5376 633 5422 Solum
670 5376 854 5437 primis
880 5378 1141 5439 extemplo
1173 5372 1205 5425 εἴ
1236 5372 1508 5426 mensibus
1533 5379 1658 5425 anni

248 5433 415 5481 Fortes
438 5433 701 5486 invertant
728 5440 883 5486 tauri.

170 5509 221 5585 _’
247 5514 501 5588 C_aduca.j
551 5518 826 5572 Caducum
861 5535 893 5571 a
931 5519 1169 5573 cadendo
1222 5520 1438 5572 dictum
1470 5536 1482 5572 :
1542 5520 1694 5572 unde
1747 5520 1799 5574 id

145 5584 416 5648 signiﬁcat,
450 5584 596 5661 quod
636 5596 729 5641 aut
762 5591 984 5659 lapsum
1018 5594 1120 5655 est,
1154 5598 1253 5643 aut
1284 5592 1511 5655 labitur,
1544 5598 1642 5644 aut
1671 5592 1801 5661 lap-

152 5664 319 5707 iurum
352 5664 453 5711 est.
486 5658 574 5712 Sic
601 5661 797 5730 Virgil.
820 5658 954 5715 )En.
988 5678 1061 5725 vi,
1094 5678 1145 5716 ν.
1181 5664 1305 5728 481,
1338 5664 1406 5716 de.
1439 5664 1622 5732 lapso,

2481 2286 2734 2353 Belloque
2765 2286 2950 2337 caduci

2045 2350 2379 2400 Dardanidas.

1922 2433 2123 2501 Georg.
2156 2426 2192 2495 ἰ,
2223 2449 2276 2486 v.
2310 2434 2434 2499 368,
2469 2431 2538 2485 de
2567 2430 2813 2498 labente,

2044 2521 2192 2583 Saepe
2222 2519 2393 2569 levem
2428 2519 2632 2577 paleam
2663 2523 2715 2568 et
2741 2519 2958 2569 frondes
2979 2518 3199 2569 volitare
3227 2520 3470 2570 caduca.

1918 2603 1984 2655 Et
2014 2603 2136 2656 Ain.
2166 2618 2220 2668 x,
2249 2617 2302 2653 v.
2326 2603 2451 2669 622,
2484 2601 2552 2654 de
2585 2602 2832 2671 lapsuro,

2040 2689 2091 2738 Si
2124 2703 2272 2738 mora
2302 2689 2578 2752 praesentis
2608 2688 2698 2739 leti
2728 2694 3043 2752 tempusque
3068 2688 3269 2738 caduco

2040 2753 2231 2801 Orator
2249 2751 2455 2814 juveni.

1984 2832 2006 2865 ³
2038 2829 2444 2903 Momentaria.J
2476 2832 2653 2884 Fluxa
2682 2850 2698 2884 :
2731 2830 2835 2903 hac
2867 2845 2999 2903 voce
3051 2829 3234 2903 utitur
3279 2829 3335 2903 S‘.
3368 2831 3612 2903 Ambro-

1914 2902 2030 2955 sius
2068 2919 2079 2955 :
2111 2902 2208 2955 sed
2249 2900 2449 2955 eadem
2503 2918 2613 2955 non
2662 2901 2826 2971 potui
2874 2900 3129 2955 invenire
3178 2900 3331 2971 apud
3384 2902 3611 2957 Latinos

1915 2979 2191 3038 auctores,
2227 2989 2368 3042 quos
2393 2978 2595 3025 vocant
2621 2973 2893 3026 classicos.

1984 3049 2003 3080 ‘
2039 3040 2325 3098 Divitiae—ne
2370 3044 2455 3097 vel
2497 3046 2681 3100 vestri.
2714 3043 2797 3096 vel
2829 3044 2933 3114 sui
2953 3046 3173 3114 natura
3217 3040 3607 3114 1wetiosas?]_l.

1842 3146 1881 3200 Ο
1914 3115 2281 3200 PhiloSOphia
2331 3116 2535 3200 probat
2583 3113 2899 3200 generatim
2933 3112 3160 3200 diVitias
3192 3128 3306 3165 non
3352 3129 3473 3200 esse
3503 3112 3607 3167 ali-

1915 3187 2063 3257 quod
2098 3186 2305 3239 mentis
2336 3185 2601 3237 humana:
2629 3185 2868 3257 bonum,
2894 3198 3028 3257 non
3043 3183 3230 3257 solum
3255 3184 3409 3254 quod
3437 3199 3607 3238 omne

1915 3254 2158 3311 fortuna!
2189 3257 2422 3322 bonum,
2456 3255 2775 3324 cuiusmodi
2815 3261 2945 3307 sunt
2976 3254 3212 3315 divitiae,
3253 3260 3407 3307 extra
3439 3270 3608 3308 men-

1914 3334 2027 3381 tem
2062 3334 2145 3381 est
2175 3328 2561 3397 attentiusque
2599 3326 3031 3397 consideratam?
3066 3325 3356 3388 sordescit,
3389 3330 3452 3378 ut
3483 3326 3606 3395 jam

1916 3401 2091 3464 dixit;
2120 3398 2215 3451 sed
2258 3398 2429 3451 etiam
2470 3396 2619 3467 quod
2666 3397 2839 3450 nulla!
2876 3396 3088 3451 divitiae
3138 3397 3402 3464 pretiosa:
3450 3402 3601 3451 sunt.

1915 3471 2231 3524 Pretiosum
2277 3486 2411 3537 ergo
2445 3470 2604 3522 nobis
2634 3469 2688 3522 id
2722 3468 2959 3533 dicitur;
2994 3469 3146 3537 quod
3182 3467 3239 3519 in
3268 3475 3457 3520 nostra
3486 3468 3604 3521 exi-

1916 3542 2244 3593 stimatione
2283 3546 2543 3593 versatur
2574 3555 2587 3593 :
2623 3541 2728 3593 hac
2758 3542 2915 3593 enim
2961 3545 3153 3591 nostra
3185 3538 3606 3593 eaistimatione

1912 3611 1997 3678 lit,
2029 3618 2091 3664 ut
2131 3612 2285 3664 illius
2331 3611 2699 3679 comparandi
2740 3627 2928 3677 causa,
2963 3610 3117 3680 quod
3150 3626 3182 3663 a
3234 3610 3393 3662 nobis
3425 3611 3605 3679 posci-

1916 3688 2028 3749 tur,
2061 3682 2310 3751 pretium
2373 3684 2661 3735 solvamus
2694 3698 2707 3734 :
2739 3683 2890 3735 unde
2918 3684 3216 3750 pretiosum
3252 3681 3464 3734 dictum
3498 3685 3602 3735 est.

1919 3754 2147 3807 Duobus
2180 3760 2367 3805 autem
2405 3753 2589 3806 modis
2619 3754 2832 3821 aliquid
2866 3754 3075 3805 versari
3106 3759 3291 3821 potest
3321 3753 3377 3804 in
3412 3758 3602 3805 nostra

1914 3823 2354 3886 existimatione,
2404 3840 2506 3892 pro
2556 3824 2769 3892 duplici
2817 3826 3009 3888 modo,
3064 3839 3177 3891 quo
3226 3838 3344 3874 sese
3392 3822 3603 3877 habere

1914 3904 2153 3976 possunt
2177 3895 2351 3976 idea-4,
2379 3909 2444 3946 ex
2496 3895 2704 3976 quibus
2728 3895 2919 3976 ⁸νεξιιιιιί
2959 3909 3023 3946 ex
3069 3894 3315 3976 quadam
3344 3895 3605 3976 “materia

1914 3964 2008 4020 illa
2050 3965 2418 4028 existimatio,
2451 3975 2513 4016 ut
2558 3970 2685 4033 pote
2718 3964 3026 4032 judicium,
3058 3972 3297 4017 constat.
3344 3965 3604 4019 Primum

1914 4038 2144 4106 quidem
2182 4039 2417 4103 propter
2458 4038 2545 4087 sui
2586 4040 2844 4106 naturam
2880 4049 2891 4087 :
2926 4037 3154 4103 quando
3200 4036 3414 4089 scilicet
3454 4052 3598 4103 prai-

1915 4105 2078 4160 dictas
2119 4106 2261 4159 idea:
2292 4107 2369 4157 ita
2386 4106 2549 4157 clara:
2570 4112 2701 4157 sunt
2725 4114 2781 4158 et
2811 4105 3117 4171 distinctae,
3151 4106 3288 4157 nihil
3325 4112 3385 4158 ut
3411 4106 3601 4158 invol-

1913 4186 2047 4229 vant
2076 4187 2285 4245 preter
2315 4176 2371 4229 id
2402 4176 2551 4245 quod
2586 4192 2618 4228 a
2647 4176 2816 4228 rebus
2854 4176 3185 4245 cogitationi
3218 4176 3504 4243 subjectis.
3537 4180 3601 4229 ut

1914 4254 2046 4317 pote
2102 4247 2433 4301 earumdem
2500 4248 2704 4311 causis,
2763 4253 3125 4315 acceperunt.
3184 4246 3425 4317 Deinde
3466 4260 3599 4317 vero

1912 4315 2151 4399 propter
2196 4321 2385 4382 vestri,
2421 4335 2453 4369 o
2488 4320 2592 4399 boi.
2628 4321 2767 4399 ine‘s,
2811 4322 3065 4399 naturam
3098 4333 3131 4395 ε.
3163 4333 3289 4395 cum
3328 4315 3601 4399 .videlicet

1912 4385 2220 4454 illaz'ideaa,
2254 4396 2464 4458 praeter
2490 4390 2543 4441 id
2577 4390 2726 4457 quod
2750 4407 2783 4441 a
2812 4392 2983 4441 rebus
3011 4387 3339 4458 cogitationi
3363 4385 3600 4455 objectis

1913 4462 2143 4519 habent.
2206 4456 2392 4531 ipsum
2446 4456 2755 4528 judic’antis
2824 4458 3217 4531 preejudicium
3278 4456 3595 4531 involvunt.

1908 4534 2131 4601 Optime.
2166 4529 2343 4597 igitur
2374 4530 2735 4598 Philosophia
2775 4533 2982 4599 quierit
3012 4546 3082 4581 an
3119 4529 3325 4581 divitia
3352 4530 3600 4596 pretiosae

1909 4605 2021 4654 sint
2043 4606 2230 4666 vestri,
2261 4602 2343 4654 vel
2372 4605 2458 4654 sui
2483 4606 2722 4665 natura;
2758 4606 2878 4654 tum
2917 4617 3020 4668 pro
3049 4607 3344 4667 comperto
3378 4614 3599 4669 ponens

1909 4674 2133 4726 divitias
2164 4676 2253 4726 sui
2282 4678 2484 4725 natura
2515 4675 2779 4738 pretiosas
2812 4673 2867 4724 in
2901 4686 3141 4723 numero
3169 4671 3449 4722 bonorum
3479 4685 3597 4723 non

1909 4761 2050 4807 esse,
2097 4744 2356 4813 sequenti
2397 4744 2677 4811 pecunias,
2727 4757 3108 4811 gemmarum,
3151 4756 3445 4813 agrorum,
3483 4756 3602 4813 ves-

1908 4816 2073 4877 tium,
2108 4811 2542 4867 et'famulorum
2574 4814 3002 4865 enumeratione
3027 4813 3231 4881 probat
3258 4812 3486 4864 easdem
3517 4811 3600 4865 di-

1904 4886 2070 4940 vitias
2101 4885 2407 4954 nequidem
2428 4887 2595 4938 vestri
2620 4888 2822 4937 natura
2840 4885 3107 4952 pretiosas
3129 4883 3278 4937 inter
3306 4883 3460 4937 bona
3478 4897 3600 4937 esse

1908 4957 2307 5009 recensendas.

1979 5025 2001 5060 δ
2030 5028 2332 5091 Aurumne,
2364 5041 2437 5078 an
2464 5028 2545 5078 vis
2580 5030 2839 5092 congestae
2880 5025 3181 5092 pecuniaeﬂ
3220 5025 3286 5078 ll.
3334 5025 3598 5079 Philoso-

1907 5098 2356 5167 phiaspeciatim
2380 5097 2619 5162 dictura,
2658 5098 2727 5149 de
2766 5096 3108 5165 quibusdam
3145 5095 3473 5150 divitiarum
3497 5109 3597 5167 ge-

1912 5164 2168 5232 neribus,
2204 5168 2476 5219 nimirum
2528 5168 2595 5220 de
2630 5164 2890 5237 pecunia,
2924 5170 3189 5235 gemmis,
3224 5167 3394 5235 agris,
3426 5164 3596 5237 vesti-

1908 5239 2015 5292 bus
2044 5245 2100 5291 et
2125 5240 2373 5305 famulis,
2404 5238 2606 5306 incipit
2631 5234 2668 5290 'a
2700 5234 2983 5308 pecunia:
3020 5254 3192 5308 quam
3222 5234 3431 5308 idcirco
3464 5234 3601 5308 dicit

1910 5326 2023 5362 non
2054 5311 2249 5362 haberi
2282 5326 2445 5377 posse
2476 5306 2802 5378 pretiosam.
2827 5310 2975 5379 quod
3006 5306 3107 5361 n'ec
3132 5307 3376 5376 diﬂ'undi
3398 5306 3597 5375 possit,

1903 5382 2063 5450 juxta
2096 5384 2218 5447 ejus
2247 5380 2593 5443 institutum,
2628 5382 2765 5450 quin
2791 5380 3063 5448 largiendi
3087 5394 3187 5433 usu
3212 5379 3457 5431 desinens
3477 5390 3601 5444 pos-

1909 5452 2081 5504 sideri
2114 5453 2297 5519 ipsum
2340 5452 2567 5505 dantem
2600 5458 2877 5520 pauperet
2911 5467 2922 5503 :
2960 5466 3062 5503 nec
3091 5452 3305 5515 congeri
3331 5450 3597 5512 avaritia,

1910 5523 2047 5591 quin
2081 5530 2293 5575 caeteros
2324 5524 2410 5574 sui
2430 5525 2613 5591 inopes
2639 5526 2833 5589 faciat,
2855 5523 2911 5574 in
2942 5521 3045 5573 hoc
3076 5522 3193 5590 ipsa
3217 5536 3370 5585 voce,
3408 5535 3600 5573 rerum

1910 5594 2170 5646 omnium
2219 5594 2575 5657 tenuissima,
2609 5596 2856 5659 tenuior,
2905 5608 3031 5645 cum
3084 5607 3188 5644 vom
3231 5595 3342 5645 tota
3389 5594 3602 5661 pariter

1912 5665 2203 5719 multorum
2248 5665 2453 5734 repleat
2483 5666 2761 5733 auditum;
2794 5679 2899 5717 nec
2947 5662 3158 5717 mirum
3194 5678 3207 5716 :
3242 5662 3601 5735 quandoqui-
