3972 6172
271 198 371 252 691

1603 187 1721 246 AN.
1759 188 1970 247 MANL.
2009 187 2162 248 SEV.
2205 189 2435 248 BOETII

3639 203 3728 254 692

278 331 460 402 igitur
502 330 794 401 angustas,
827 328 1146 401 inopesque
1191 328 1434 395 divitias,
1465 343 1580 400 qua
1616 343 1720 382 nec
1765 326 1976 382 habere
2012 326 2332 395 Afortuna,
2381 343 2509 399 quae
2550 345 2583 383 a
2625 331 2679 382 te
2733 328 2843 400 (15)
2897 331 3106 384 natura
3146 345 3341 385 rerum
3381 332 3508 388 fecit
3553 335 3734 390 aliena.

283 425 434 476 totas
465 417 730 488 pluribus
760 417 912 484 licet,
949 421 1004 472 et
1041 419 1110 472 ad
1143 417 1458 489 quemlibet
1489 417 1607 471 sine
1639 422 1976 471 cieterorum

283 512 623 580 paupertate
655 523 771 560 non
804 506 1071 560 veniunt!
1117 513 1261 561 I33
1296 508 1308 539 ¹
1358 509 1445 559 An
1475 521 1836 576 gemmarum
1868 504 1976 558 ful-

285 615 392 670 gor
421 598 612 652 oculos
645 595 857 651 trahit?
890 596 993 650 Sed
1045 593 1090 647 si
1135 596 1272 666 quid
1314 600 1397 648 est
1427 596 1487 649 in
1537 595 1645 649 hoc
1677 594 1979 665 splendore

287 687 585 759 praecipui,
636 701 996 756 gemmarum
1043 689 1128 738 est
1183 686 1276 738 lux
1315 684 1431 751 illa,
1475 701 1591 738 non
1630 684 1976 738 hominum:

288 794 430 849 quas
462 776 697 848 quidem
747 775 942 828 mirari
983 773 1247 827 homines
1303 774 1670 829 vehementer
1709 774 1978 827 admiror.

287 865 434 931 Quid
464 869 548 918 est
587 863 742 917 enim
787 879 984 917 carens
1024 861 1233 916 animae
1273 867 1436 916 motu
1483 867 1652 932 atque
1694 863 1978 917 membro-

288 971 418 1010 rum
449 970 745 1024 compage,
776 953 927 1023 quod
975 953 1242 1006 animata:
1290 952 1733 1023 rationabilique
1767 952 1838 1022 (Si)
1885 968 1983 1005 na-

288 1050 431 1098 tura;
462 1042 768 1114 pulchrum
796 1057 914 1095 esse
940 1043 1070 1112 jure
1101 1040 1399 1094 videatur?
1433 1059 1560 1112 qua:
1593 1042 1820 1116 tametsi
1845 1059 1980 1095 con-

292 1133 493 1188 ditoris
536 1149 731 1202 opera,
768 1133 968 1203 suique
1016 1130 1379 1185 distinctione
1423 1138 1730 1201 postremae
1765 1131 1981 1202 aliquid

290 1221 734 1294 pulchritudinis
760 1221 1016 1285 trahunt,
1045 1219 1191 1273 infra
1217 1226 1465 1274 vestram
1489 1226 1681 1274 tamen
1710 1221 1984 1274 excellen-

289 1313 428 1366 tiam
469 1312 780 1375 collocatae,
824 1309 1268 1364 admirationem
1308 1315 1552 1364 vestram
1603 1311 1758 1363 nullo
1811 1309 1984 1362 modo

291 1401 681 1455 merebantur.
708 1401 728 1432 ²
759 1403 845 1452 An
883 1415 981 1452 vos
1014 1415 1285 1468 agrorum
1315 1399 1678 1468 pulchritudo
1709 1397 1986 1452 delectat?

292 1488 437 1554 Quid
471 1489 529 1541 ni
569 1487 628 1540 ειῖ
660 1489 753 1541 Est
783 1487 939 1540 enim
969 1487 1342 1557 pulcherrimi
1374 1487 1562 1557 operis
1595 1488 1831 1558 pulchra
1859 1502 1988 1557 por-

291 1577 391 1632 tio.
428 1577 519 1634 Sic
551 1577 842 1648 quondam
873 1576 1060 1631 sereni
1091 1577 1266 1630 maris
1295 1577 1436 1630 facie
1477 1578 1593 1647 (10)
1627 1578 1943 1647 gaudemus
1970 1593 1982 1630 :

293 1667 374 1722 sic
404 1669 629 1733 caelum,
663 1666 872 1732 sidera,
905 1667 1105 1730 solem,
1145 1666 1461 1736 lunamque
1501 1666 1802 1720 miramur.
1838 1667 1986 1720 Num

295 1760 350 1810 te
384 1758 591 1810 horum
623 1754 842 1825 aliquid
881 1755 1111 1825 attingit
1137 1753 1200 1808 b?
1229 1770 1367 1808 num
1408 1755 1583 1808 audes
1623 1755 1862 1824 alicujus
1893 1760 1986 1808 ta-

297 1845 439 1898 lium
473 1843 776 1914 splendore
808 1843 1080 1913 gloriari?
1112 1846 1200 1898 An
1234 1844 1420 1898 vernis
1455 1844 1693 1897 ﬂoribus
1722 1843 1845 1914 ipse
1875 1844 1990 1898 dis-

295 1931 604 2003 tingueris!
636 1937 732 1986 aut
759 1945 859 1986 tua
886 1932 947 1986 in
979 1933 1198 1986 aestivos
1226 1933 1443 1987 fructus
1473 1934 1804 1988 intumescit
1826 1933 1990 1987 uber-

297 2023 426 2075 tas?
474 2022 621 2086 Quid
681 2022 951 2076 inanibus
998 2021 1221 2094 gaudiis
1271 2023 1526 2093 raperis?
1571 2023 1711 2094 quid
1755 2028 1989 2077 externa

299 2110 451 2164 bona
491 2126 596 2181 pro
638 2110 722 2164 tui
769 2111 1154 2182 amplexeris?
1184 2114 1489 2184 Nunquam
1529 2117 1630 2168 tua
1657 2113 1839 2184 .faciet
1866 2129 1988 2167 esse

2087 418 2393 471 Terrarum
2421 417 2655 486 quidem
2686 418 2922 485 fructus,
2958 418 3339 474 animantium
3375 423 3559 491 procul
3588 424 3740 478 dubio

2088 505 2367 560 debentur
2405 507 2711 561 alimentis.
2761 507 2866 582 sed
2911 508 2976 572 si,
3029 510 3180 579 quod
3227 520 3447 565 naturae
3491 511 3614 565 satis
3652 519 3742 581 est,

2088 596 2310 664 replere
2340 595 2721 666 indigentiam
2754 596 2912 663 velis,
2949 596 3089 651 nihil
3123 603 3208 652 est
3238 600 3392 670 quod
3421 600 3646 655 fortuna:
3675 603 3745 656 af-

2087 683 2387 738 ﬂuentiam
2418 685 2584 754 petis.
2615 684 2812 739 Paucis
2841 686 2994 740 enim
3027 686 3395 760 minimisque
3416 694 3612 744 natura
3638 705 3749 746 con-

2088 777 2246 827 tenta
2274 779 2390 827 est:
2426 774 2589 842 cujus
2623 775 2943 828 satietatem
2977 775 3023 828 si
3054 777 3359 846 supertluis
3389 794 3586 848 urgere
3609 779 3748 846 velis,

2089 867 2186 916 aut
2228 862 2630 933 injucundum,
2679 864 2835 933 quod
2877 864 3175 932 infuderis,
3209 867 3330 932 tiet,
3380 874 3479 920 aut
3519 868 3749 923 noxium.

2099 959 2242 1006 134
2273 953 2399 1006 Jam
2446 968 2579 1005 vero
2629 956 2648 986 ³
2695 953 2999 1023 pulchrum
3047 955 3217 1007 variis
3263 955 3483 1026 fulgere
3530 957 3754 1010 vestibus

2089 1042 2298 1111 putas?
2328 1056 2573 1111 quarum
2607 1040 2652 1094 si
2682 1046 2845 1110 grata
2870 1041 3080 1095 intuitu
3115 1052 3135 1076 ο
3165 1043 3380 1112 species
3403 1049 3506 1108 est,
3542 1049 3633 1097 aut
3659 1059 3758 1097 ma—

2091 1129 2249 1182 teriie
2283 1135 2566 1196 naturam,
2605 1135 2704 1183 aut
2745 1129 3044 1199 ingenium
3077 1131 3334 1185 mirabor
3364 1132 3608 1185 artiﬁcis.
3642 1138 3660 1168 ⁴
3684 1136 3756 1185 An

2091 1235 2225 1273 vero
2268 1224 2322 1273 te
2366 1220 2573 1288 longus
2603 1218 2743 1272 ordo
2790 1219 3136 1273 famulorum
3185 1220 3318 1274 facit
3360 1236 3479 1275 esse
3525 1221 3757 1274 felicem?

2093 1307 2201 1372 Qui
2229 1308 2275 1360 si
2314 1307 2500 1360 vitiosi
2534 1307 2791 1361 moribus
2835 1314 2988 1377 sunt,
3022 1309 3345 1378 perniciosa
3381 1310 3579 1364 domus
3606 1309 3630 1345 ἀ
3658 1327 3756 1364 sar-

2094 1396 2242 1462 cina,
2273 1402 2329 1450 et
2374 1396 2482 1466 ipsi
2529 1387 2764 1450 domino
2826 1398 3194 1452 vehementer
3241 1399 3316 1468 (1.3)
3367 1399 3636 1452 inimica:
3688 1399 3762 1453 sin

2093 1502 2228 1539 vero
2257 1486 2446 1555 probi,
2481 1503 2733 1554 quonam
2766 1487 2937 1540 modo
2977 1488 3038 1540 in
3069 1488 3182 1541 tuis
3213 1488 3420 1559 opibus
3450 1489 3630 1542 aliena
3655 1505 3762 1559 pro-

2093 1575 2240 1630 bitas
2269 1575 2704 1630 numerabitur?
2735 1578 2811 1630 Ex
2842 1577 3049 1648 quibus
3080 1578 3350 1631 omnibus
3383 1578 3526 1632 nihil
3555 1578 3759 1642 horum,

2096 1681 2226 1734 quae
2269 1665 2331 1718 in
2372 1665 2457 1718 tui
2497 1670 2796 1736 computas
2845 1665 3028 1734 bouis,
3075 1671 3240 1718 tuum
3288 1682 3412 1718 esse
3462 1665 3665 1718 bonum
3711 1664 3763 1718 li-

2101 1754 2276 1824 quido
2322 1759 2692 1808 monstratur.
2727 1756 2943 1819 Quibus
2991 1755 3037 1808 si
3076 1755 3220 1808 nihil
3259 1754 3413 1808 inest
3457 1753 3762 1824 appetenda

2101 1842 2566 1913 pulchritudinis,
2594 1844 2733 1914 quid
2767 1849 2869 1909 est,
2906 1844 3056 1914 quod
3089 1844 3174 1897 vel
3207 1842 3435 1896 amissis
3467 1843 3663 1908 doleas,
3695 1841 3763 1893 vel

2101 1933 2307 1987 lmteris
2338 1932 2607 1986 retentis?
2636 1933 2793 1996 Quod
2843 1933 2891 1986 si
2940 1938 3142 1986 natura
3190 1932 3431 2002 pulchra
3474 1938 3618 1997 sunt,
3651 1931 3766 2002 quid

2100 2021 2160 2076 id
2188 2026 2287 2075 tua
2319 2022 2492 2076 refert
2527 2022 2683 2093 (l0)?
2734 2023 2876 2076 Nam
2912 2023 3035 2076 haec
3084 2038 3186 2092 per
3233 2038 3293 2075 se
3328 2038 3362 2075 a
3411 2021 3524 2075 tuis
3564 2036 3763 2092 quoque

1751 2221 1960 2276 INTER
1971 2218 2337 2276 PRETATIO.

373 2333 397 2358 ⁸
427 2323 575 2378 Dicit
602 2323 848 2379 Boetius.
2173 2333 2193 2359 °
2219 2328 2439 2380 Forma.
2508 2333 2510 2336 '

375 2397 400 2437 ι)
427 2396 521 2449 Ait
550 2393 942 2466 Philosophia.
2176 2400 2200 2441 ἀ
2229 2398 2396 2452 Onus.

1933 2519 2168 2577 NOTxE.

306 2606 440 2663 dem
465 2623 592 2672 vox,
623 2608 684 2660 ut
712 2609 846 2676 pote
879 2621 1071 2678 sonus,
1097 2609 1353 2660 versatur
1383 2606 1442 2660 in
1473 2607 1720 2678 quodam
1750 2613 1999 2662 tremore

309 2678 477 2750 aeris,
520 2678 620 2748 qui
646 2678 798 2747 quod
831 2676 1082 2748 liquidus
1109 2677 1200 2743 sit,
1226 2679 1296 2732 ab
1329 2695 1442 2731 uno
1469 2676 1703 2732 homine
1729 2681 1999 2750 loquente

308 2749 565 2819 undique
593 2750 943 2802 commoveri
975 2754 1157 2820 potest
1190 2765 1201 2801 :
1233 2750 1476 2818 pecunia
1503 2757 1694 2803 autem
1727 2749 2002 2804 est’num-

309 2837 438 2874 mus
469 2837 531 2873 ex
568 2836 678 2874 cere
711 2821 985 2890 primum,
1023 2820 1228 2874 deinde
1270 2837 1334 2873 ex
1369 2837 1506 2873 auro
1540 2829 1844 2890 argentove
1877 2839 2004 2876 con-

308 2892 510 2952 fectus,
541 2909 653 2961 quo
688 2893 913 2944 statutis
959 2891 1179 2959 legibus
1211 2907 1300 2944 res
1332 2898 1566 2961 propter
1597 2894 1815 2945 facilius
1848 2910 2001 2946 com-

309 2963 586 3017 mercium
621 2963 939 3032 permutaii
969 2970 1212 3032 possunt
1250 2979 1261 3015 :
1298 2963 1427 3016 licet
1459 2969 1652 3016 autem
1685 2966 1850 3033 plura
1882 2981 2002 3018 cor—

307 3051 449 3105 pora
480 3035 648 3087 simul
682 3034 899 3107 moveri
948 3034 1182 3107 possint,
1218 3034 1370 3107 idem
1411 3039 1604 3107 tamen
1657 3052 1861 3107 corpus
1893 3052 2006 3089 non

309 3104 495 3176 potest
523 3107 785 3176 pluribus
820 3106 989 3158 simul
1021 3105 1155 3157 locis
1187 3104 1596 3159 circumscribi.

382 3179 405 3249 ‘_
433 3178 523 3233 An
565 3193 897 3249 gemmarum
929 3178 1115 3242 fulgor
1131 3178 1318 3249 oculos
1350 3176 1584 3249 trahit?]
1618 3178 1715 3249 Ill.
1752 3179 2005 3232 Philosov

312 3247 447 3318 phia
495 3263 749 3316 gemmas
783 3247 916 3300 dicit
967 3247 1144 3300 menti
1184 3247 1453 3300 humanas
1489 3247 1602 3300 non
1652 3248 1860 3302 debere
1890 3266 2008 3303 esse

313 3319 612 3389 pretiosas,
647 3319 797 3388 quod
829 3318 1045 3389 lumen,
1082 3334 1195 3387 quo
1238 3333 1483 3388 gemmae
1533 3320 1858 3388 splendent,
1892 3337 2010 3374 non

315 3388 391 3442 Sit
438 3388 762 3454 hominum,
809 3388 906 3460 sed
954 3389 1504 3460 illorumgduntaxat
1534 3389 1757 3442 atl‘emio
1809 3407 2009 3460 corpo-

315 3475 468 3518 rum.
503 3475 633 3529 qum
669 3474 796 3510 cum
827 3457 1136 3511 inanimum
1166 3458 1296 3525 sint,
1331 3459 1407 3511 sic
1454 3460 1604 3512 infra
1653 3462 1860 3514 mentis
1909 3457 2012 3515 bu-

318 3545 506 3584 manaa
539 3529 909 3584 ewcellentiam
956 3530 1209 3582 collocata
1250 3534 1395 3590 sunt,
1437 3534 1506 3582 ut
1543 3531 1796 3584 hominis
1835 3533 2011 3586 admi-

319 3603 583 3655 rationem
613 3602 761 3654 nullo
790 3600 955 3671 modo
977 3606 1300 3654 mereantur.
1346 3600 1628 3654 Nimirum
1671 3618 1900 3671 gemma
1929 3607 2014 3656 est

320 3673 465 3742 lapis
488 3673 605 3742 qui,
633 3673 811 3724 instar
831 3670 962 3723 vitri
1005 3672 1317 3739 pellucens,
1342 3671 1538 3725 lumen
1569 3670 1696 3725 ideo
1731 3675 2013 3727 transmit-

321 3744 409 3809 tit,
453 3743 607 3813 quod
657 3747 786 3795 ante
841 3743 1091 3814 liquatus
1147 3742 1338 3809 fuerit,
1391 3759 1563 3813 quam
1616 3744 2008 3814 lapidesceret.

324 3813 465 3868 Hinc
513 3813 556 3866 si
606 3813 846 3886 aliquid,
875 3813 1475 3886 metalli,_alteriusve
1525 3813 1780 3886 corpOris
1829 3816 2010 3886 opaci,

325 3900 567 3957 gemma».
601 3884 786 3937 adhuc
818 3884 1150 3954 quuescenti
1186 3884 1542 3957 infundatur,
1576 3884 1804 3954 gemma
1829 3884 2012 3957 pellu-

326 3970 452 4028 cere
485 3956 673 4028 minus
705 3961 836 4028 apta
867 3957 1151 4028 coloratur
1175 3972 1187 4009 :
1214 3955 1346 4009 hinc
1374 3973 1508 4028 suus
1538 3963 1622 4010 est
1653 3955 2015 4028 gemmarum

325 4027 441 4100 sive
475 4027 902 4097 pellucentium,
937 4028 1050 4079 sive
1073 4027 1452 4100 relucentium
1484 4027 1694 4099 fulgor,
1721 4046 1833 4100 quo
1867 4030 2017 4084 oculi

325 4098 405 4152 ita
436 4105 757 4171 moventur,
789 4103 854 4171 _ut
882 4097 1200 4171 mens‘ipsa
1223 4099 1293 4151 ad
1325 4097 1592 4168 gemmas
1611 4097 1861 4169 primum
1895 4117 2016 4171 spe-

327 4170 574 4233 ctandas,
635 4169 842 4223 deinde
907 4168 1291 4236 admirandas,
1357 4175 1412 4222 et
1468 4168 1774 4240 aliquando
1842 4168 2014 4224 etiam

329 4241 601 4294 amandas
651 4241 947 4306 excitetur,
1001 4241 1182 4293 donec
1238 4246 1406 4294 exuta
1450 4243 1607 4294 omni
1654 4242 2010 4310 praejndicio,

329 4313 582 4365 advertat
612 4312 703 4365 hic
726 4311 865 4365 nihil
891 4311 1045 4364 aliud
1071 4327 1189 4363 esse
1218 4327 1390 4381 quam
1419 4321 1660 4376 motum,
1693 4329 1805 4365 non
1832 4314 2019 4367 solum

329 4383 453 4453 ipsa
497 4388 707 4448 mente,
750 4399 782 4436 a
837 4399 950 4452 qua
1003 4381 1304 4450 cogitatur,
1355 4383 1719 4436 inferiorem:
1766 4384 1859 4436 sed
1910 4384 2018 4453 ipsi

329 4454 503 4507 etiam
535 4470 840 4523 corporum
873 4455 1024 4526 vitae,
1055 4469 1183 4523 quae
1215 4453 1273 4505 in
1306 4456 1544 4526 perenni
1574 4453 2017 4526 continuataque

330 4526 581 4595 motione
612 4531 889 4589 versatur,
923 4525 1088 4595 longe
1119 4525 1601 4593 postponendum.

405 4593 544 4666 {An
587 4612 678 4649 vos
710 4612 965 4663 agrorum
994 4593 1344 4664 pulchritudo
1387 4594 1667 4666 delectam
1705 4597 1790 4648 ιν.
1834 4596 2021 4649 Philo-

333 4665 534 4736 sophia
564 4667 742 4733 addit,
776 4683 961 4736 neque
992 4669 1165 4719 etiam
1193 4682 1359 4736 agros
1380 4665 1668 4736 praedictae
1695 4667 1875 4720 menti
1901 4684 2022 4721 esse

334 4735 539 4807 debere
570 4735 890 4804 pretiosos}
921 4738 1054 4807 quia
1084 4753 1212 4790 cum
1240 4735 1625 4805 ager’dicatur
1645 4737 2019 4805 territorium,

335 4806 851 4879 quoddiligentius
883 4806 1096 4862 cultum
1140 4808 1333 4878 fruges
1363 4809 1546 4878 affert,
1579 4825 1712 4879 ager
1743 4810 2023 4878 pretiosus

334 4876 512 4930 menti
543 4877 741 4951 haberi
776 4880 996 4949 nequit,
1030 4880 1140 4932 nisi
1173 4876 1272 4933 aut
1304 4896 1404 4933 sua
1439 4876 1850 4949 magnitudine,
1887 4897 2023 4951 qua-

334 4953 500 5019 tenus
573 4949 834 5002 terminis
908 4951 1252 5019 longissimis
1325 4951 1838 5016 circumscribitur;
1905 4949 2024 5006 'aut

334 5034 436 5072 sua
474 5017 679 5093 ﬁgura,
723 5017 1030 5093 quatenus
1057 5021 1298 5074 tumoris
1347 5038 1563 5091 expers,
1618 5038 1719 5076 ceu
1766 5022 2023 5093 cylindro

335 5097 593 5172 aequatus
623 5090 829 5172 fuerit;
865 5096 963 5172 aut
1004 5107 1105 5172 suo
1152 5099 1333 5172 motu,
1381 5090 1663 5172 quatenus
1703 5090 1817 5172 non
1851 5095 2022 5172 modo

333 5163 558 5228 fertilis,
591 5163 686 5216 sed
717 5162 889 5216 etiam
919 5162 1244 5215 fructuosus
1270 5162 1444 5217 fuerit
1477 5180 1489 5217 :
1523 5166 1670 5229 Agro
1707 5165 1831 5218 bene
1861 5166 2021 5228 culto,

333 5235 524 5305 inquit
556 5235 790 5299 Tullius,
822 5235 903 5305 nil
931 5238 1103 5300 potest
1131 5248 1350 5287 essenec
1380 5251 1482 5288 usu
1510 5237 1748 5301 uberius,
1779 5251 1872 5289 nec
1901 5251 2024 5304 spe-

333 5304 705 5361 cie’ornatius.
738 5304 909 5376 Atqui
941 5305 1100 5357 nullo
1130 5320 1198 5356 ex
1231 5305 1316 5356 his
1348 5306 1530 5359 modis
1563 5322 1700 5375 ager
1720 5306 1895 5359 menti
1924 5307 2025 5360 hu-

336 5392 521 5432 manae
551 5378 834 5448 pretiosus
865 5391 985 5430 esse
1029 5380 1236 5448 potest.
1274 5376 1398 5428 Non
1431 5392 1533 5429 sua
1576 5378 1969 5445 magnitudine
2007 5394 2018 5430 :

338 5465 466 5502 nam
503 5447 651 5516 luna,
683 5450 780 5516 sol,
813 5448 1017 5512 sidera,
1050 5447 1257 5510 oculum,
1302 5461 1429 5516 quae
1466 5452 1657 5501 tamen
1704 5449 1815 5517 ipsi
1846 5449 2024 5502 menti

337 5521 582 5588 pretiosa
618 5536 731 5574 non
773 5519 1058 5587 videntur,
1088 5519 1444 5588 pulcherrimi
1471 5521 1646 5586 operis
1684 5522 1862 5587 portio
1892 5524 2027 5574 sunt

337 5589 590 5659 quolibet
628 5606 761 5659 agro
804 5593 1008 5661 major.
1058 5592 1178 5644 Non
1222 5588 1392 5643 etiam
1443 5605 1540 5642 sua
1593 5589 1774 5660 ﬁgura
1805 5593 2018 5660 plana:

2107 2608 2390 2680 siquidem
2412 2624 2560 2662 mare
2589 2624 2602 2663 :
2629 2609 2784 2678 quod
2812 2609 3190 2663 nihilominus
3211 2614 3378 2663 tanto
3403 2609 3458 2662 in
3491 2607 3658 2678 pretio
3676 2622 3769 2680 non

2111 2678 2214 2746 est,
2248 2681 2794 2759 dum_t_ranquillum
2844 2687 2927 2759 est
2964 2687 3020 2733 et
3065 2697 3332 2744 serenum,
3365 2678 3770 2759 aquistequali

2110 2754 2361 2821 pondere
2392 2748 2630 2813 libratis,
2676 2768 2792 2804 non
2837 2754 3027 2805 solum
3069 2769 3230 2821 agro,
3283 2753 3383 2806 sed
3415 2748 3656 2822 quolibet
3680 2748 3768 2802 alio

2112 2839 2351 2891 corpore
2383 2824 2557 2893 plano
2587 2823 2815 2891 planius
2845 2828 2929 2876 est
2961 2840 2972 2876 :
3008 2824 3142 2891 quid
3171 2828 3317 2877 enim
3341 2821 3450 2877 tam
3471 2825 3681 2891 planum
3707 2821 3770 2872 ci-

2113 2895 2288 2958 dctur,
2321 2896 2396 2946 ait
2437 2893 2648 2946 Tullius
2680 2911 2718 2946 ii
2754 2895 2944 2952 Acad..
2979 2911 3141 2960 quam
3171 2899 3364 2948 mare?
3402 2911 3468 2946 ea:
3515 2909 3611 2961 quo
3636 2896 3768 2944 etiam

2111 2981 2296 3032 aequor
2325 2965 2464 3018 illud
2484 2972 2648 3032 poeta:
2673 2971 2882 3018 vocant.
2921 2967 3039 3018 Non
3069 2966 3321 3036 denique
3347 2982 3449 3018 suo
3482 2972 3648 3028 motu,
3676 2961 3768 3013 sive

2111 3039 2323 3104 ﬂorens,
2358 3037 2474 3088 sive
2493 3036 2662 3088 etiam
2681 3039 2993 3101 fructuosus
3024 3053 3036 3089 :
3064 3053 3346 3106 quoniam
3376 3038 3542 3089 flores
3567 3037 3770 3106 fructus-

2115 3123 2226 3176 que
2287 3112 2764 3179 agrorumqextra
2802 3105 3108 3179 hominem
3152 3114 3322 3172 sunt;
3357 3114 3457 3160 aut
3507 3106 3546 3158 si
3582 3105 3766 3179 Aliorum

2090 3194 2245 3248 pars
2277 3179 2540 3247 quaedam
2575 3177 2766 3244 ipsum
2802 3177 3050 3231 hominis
3087 3194 3297 3247 corpus
3345 3179 3522 3231 instar
3549 3176 3767 3248 alimenti

2116 3246 2332 3312 subeat,
2364 3250 2481 3302 haec
2514 3254 2630 3300 tam
2667 3265 2840 3317 parva
2869 3266 2986 3301 esse
3019 3246 3208 3313 debet,
3239 3249 3304 3302 ut
3334 3252 3384 3302 si
3412 3254 3613 3301 natura
3638 3246 3768 3317 satie-

2118 3325 2280 3374 tatem
2309 3322 2596 3389 super/luis
2623 3315 2813 3386 urgere
2838 3322 2989 3385 velis,
3019 3325 3113 3373 aut
3142 3321 3526 3386 injucundum,
3554 3315 3683 3389 quod
3709 3317 3769 3367 in-

2115 3392 2351 3458 fuderis,
2381 3394 2499 3458 ﬁat,
2535 3397 2630 3444 aut
2659 3394 2900 3444 nomium.
2942 3391 3233 3444 Lucretius
3267 3392 3306 3444 l.
3343 3408 3411 3445 v:

2243 3478 2395 3535 Quod
2425 3479 2468 3525 si
2498 3479 2614 3540 quis
2633 3492 2767 3541 vera
2789 3479 2951 3526 vitam
2979 3479 3184 3526 ratione
3211 3481 3474 3541 gubernet

2240 3541 2447 3604 Divitiae,
2478 3540 2704 3603 grandes
2729 3541 2932 3589 homini
2960 3546 3102 3597 sunt,
3129 3540 3308 3590 vivere
3340 3555 3510 3604 parce,
3575 3602 3580 3604 _
3742 3597 3749 3604 I

2243 3603 2410 3665 Aiquo
2441 3602 2617 3652 animo
2642 3618 2652 3649 :
2681 3617 2850 3665 neque
2880 3605 3020 3652 enim
3047 3608 3125 3651 est
3146 3602 3383 3666 unquam
3406 3602 3616 3666 penuria
3631 3602 3765 3663 parvi.

2193 3687 2213 3717 ³
2247 3684 2532 3737 Pulchrum
2563 3685 2734 3736 variis
2773 3685 2988 3748 fulgere
3032 3684 3317 3753 vestibus]
3351 3685 3413 3735 V.
3449 3677 3768 3753 Philosophia

2121 3753 2345 3823 probat,
2381 3771 2567 3824 neque
2599 3756 2769 3807 etiam
2814 3761 2993 3808 vestes
3035 3755 3212 3807 menti
3267 3748 3476 3808 nostrae
3520 3748 3769 3824 habendas

2124 3841 2244 3878 esse
2276 3823 2581 3894 pretiosas;
2607 3826 2756 3895 quod
2789 3842 2912 3895 qua?
2946 3829 3172 3879 uestium
3201 3833 3366 3890 grata
3395 3823 3770 3895 intuituspecies

2124 3901 2221 3960 est,
2255 3897 2375 3948 haec
2408 3912 2521 3948 non
2554 3894 2641 3950 adi
2667 3894 2916 3950 nostram
2963 3903 3237 3961 mentem,
3269 3897 3368 3950 sed
3399 3904 3497 3948 aut
3537 3894 3602 3946 ad
3629 3895 3770 3945 "uite-

2124 3969 2219 4020 riae
2260 3974 2538 4033 natu-ram,
2574 3971 2671 4020 aut
2706 3967 2779 4021 ad
2827 3970 3103 4035 ingenium
3142 3973 3359 4036 spectat
3403 3967 3638 4033 artificis.
3676 3962 3770 4014 lmo

2126 4037 2513 4108 pulcherrima
2543 4039 2712 4090 vestis
2742 4055 2814 4091 ne
2847 4056 2876 4091 a
2904 4039 3143 4091 minima
3181 4039 3418 4108 quidem
3461 4037 3606 4090 febre
3630 4040 3674 4086 te
3697 4046 3771 4100 p0-

2127 4109 2259 4163 terit
2289 4108 2548 4162 liberare.
2589 4111 2883 4163 Lucretius
2910 4111 2946 4162 l.
2984 4127 3019 4161 ιι
3057 4126 3068 4162 :

2055 4211 2097 4264 Ι)
2253 4197 2358 4264 Nec
2386 4196 2566 4264 calidae
2594 4197 2748 4264 citius
2773 4197 3041 4264 decedunt
3064 4211 3282 4264 corpore
3306 4197 3491 4264 febres,

2252 4259 2541 4306 Tcxtilibus
2571 4260 2614 4306 si
2645 4259 2696 4307 in
2735 4260 2968 4321 picturis,
2997 4259 3238 4321 ostroque
3264 4259 3474 4307 rubenti

2251 4321 2492 4374 Jactaris,
2524 4336 2681 4383 quam
2712 4320 2752 4368 si
2781 4322 2986 4384 plebeia
3013 4323 3067 4369 in
3097 4320 3239 4370 veste
3270 4321 3562 4370 cubandum
3588 4320 3668 4365 est.

2200 4405 2221 4436 ⁴
2251 4403 2340 4454 An
2387 4406 2435 4454 te
2483 4403 2671 4470 longus
2720 4404 2850 4456 ordo
2893 4403 3268 4471 famulo-nun]
3321 4403 3401 4454 Vl.
3447 4392 3769 4472 Philosophia

2133 4473 2348 4542 pariter
2415 4466 2768 4526 demonstrat
2832 4466 3177 4526 famulorum
3241 4466 3466 4526 turbam
3527 4466 3769 4542 praedicti?-

2133 4539 2314 4597 inenti
2347 4554 2462 4596 non
2494 4560 2614 4597 esse
2669 4544 2978 4613 pretiosam
3013 4561 3025 4597 :
3061 4545 3194 4614 quia
3235 4544 3432 4597 famuli
3463 4543 3550 4614 isti
3582 4539 3657 4589 vel
3684 4539 3767 4614 iiu-

2131 4614 2296 4685 probi
2329 4621 2478 4680 sunt,
2511 4616 2594 4667 vel
2625 4604 2805 4684 probi.
2840 4617 2896 4670 Si
2925 4604 3190 4685 improbi,
3214 4619 3433 4668 tantum
3458 4613 3606 4665 abest
3627 4604 3768 4685 utdo~

2131 4686 2290 4739 mino
2322 4685 2555 4753 pretiosi
2586 4688 2718 4749 sint,
2745 4692 2806 4738 ut
2829 4687 3019 4754 potius
3038 4689 3342 4755 perniciosa
3368 4686 3548 4738 domus
3567 4688 3766 4755 sarcula,

2132 4761 2181 4810 et
2216 4749 2426 4808 domino
2458 4757 2790 4810 vehementer
2820 4749 3064 4822 iuimicd,
3095 4758 3306 4826 quippe
3343 4757 3439 4826 qui
3467 4756 3587 4826 lege
3611 4749 3767 4826 divina

2132 4833 2362 4880 tenetur
2389 4828 2671 4880 famulum
2699 4833 2752 4880 et
2785 4844 2816 4880 a
2848 4829 2984 4882 vitio
3017 4822 3304 4880 retrahere
3338 4822 3394 4880 e't
3438 4826 3503 4878 ad
3542 4822 3768 4874 Virtutem

2131 4914 2488 4968 promovere.
2531 4899 2698 4952 Hebr.
2735 4915 2830 4951 xm
2866 4915 2877 4951 :
2913 4902 3025 4965 Ipsi
3054 4902 3192 4952 enim
3224 4899 3427 4952 domini
3463 4889 3765 4968 pervigilant,

2132 4958 2293 5037 quasi
2320 4971 2582 5022 rationem
2608 4986 2709 5038 pro
2739 4958 3025 5023 animabus
3049 4971 3335 5023 rut-(litari.
3371 4970 3426 5022 Si
3458 4958 3577 5017 vero
3603 4958 3766 5038 probi}

2132 5025 2370 5106 Quonam
2404 5040 2557 5093 modo
2585 5025 2638 5094 iii
2675 5043 2782 5094 tuis
2815 5043 3003 5108 opibus
3035 5042 3214 5094 aliena
3241 5041 3484 5108 probitas
3509 5025 3769 5108 numerabi-

2135 5098 2268 5184 tur?
2297 5112 2481 5174 Quare
2516 5098 2883 5181 Philosophia
2912 5113 3112 5165 mei-ito
3145 5098 3424 5184 con‘cludit
3450 5108 3654 5184 beatum
3689 5098 3768 5184 hle-

2134 5171 2350 5235 minem
2376 5198 2492 5235 non
2522 5199 2662 5249 esse,
2690 5171 2843 5252 quod
2873 5183 3138 5252 pecunia,
3168 5181 3428 5250 gemmis,
3457 5175 3613 5252 agris,
3634 5171 3766 5220 vesti-

2133 5253 2237 5308 bus
2269 5259 2322 5307 et
2349 5254 2578 5306 famulis
2609 5247 2889 5307 abundet:
2919 5256 3109 5307 Horat.
3145 5247 3328 5307 Carm.
3366 5268 3436 5316 IV,
3470 5247 3554 5302 od.
3577 5248 3603 5296 9
3635 5256 3646 5296 :

2320 5351 2433 5398 Non
2467 5351 2819 5413 possidentem
2850 5351 3016 5398 multa
3043 5350 3306 5397 vocaveris

2325 5414 2478 5462 Recte
2512 5414 2722 5460 beatum
2754 5428 2764 5460 :
2792 5415 2984 5460 rectius
3011 5417 3233 5474 occupat

2383 5477 2584 5523 Nomen
2615 5474 2769 5534 beati,
2801 5477 2889 5537 qui
2920 5475 3137 5523 deorum

2445 5538 2750 5585 Muneribus
2779 5537 3042 5599 sapienter
3075 5537 3168 5592 uti,

2322 5600 2619 5662 Duramque
2645 5599 2796 5648 callet
2818 5599 3122 5662 pauperiem
3151 5599 3254 5660 pati
