3996 6170
155 288 241 340 693
1153 283 1245 338 DE
1287 283 1809 340 CONSOLATIONE
1849 283 2338 341 PHILOSOPHIIE
2374 283 2507 338 LIB.
2541 285 2610 341 II.
3522 289 3627 344 694

149 418 332 489 opibus
362 415 381 449 ί
413 426 438 449 δ
477 420 828 486 sequestrata
868 415 1232 487 placuissent.
1280 416 1478 487 Neque
1516 417 1674 471 enim
1727 417 1810 471 id-
1849 427 1897 480 Α
1929 421 2030 484 est,
2059 422 2124 471 ut
2157 420 2179 452 ⁷
2202 417 2464 472 divinum
2489 415 2736 473 dmerito
2768 418 3009 474 rationis
3041 419 3274 488 animal,
3308 436 3427 476 non
3457 421 3624 478 aliter

146 508 274 562 circo
321 511 457 560 sunt
499 505 766 576 pretiosa,
803 506 957 576 quod
990 505 1050 559 in
1109 510 1235 560 tuas
1279 522 1486 560 venere
1547 506 1811 561 divitias:
1931 507 2038 562 sibi
2062 508 2360 578 splendere
2396 509 2527 578 (10),
2561 507 2671 561 nisi
2706 508 3037 563 inanimatze
3071 511 3465 580 supellectilis,
3486 529 3623 583 pos-

146 597 223 651 sed
251 595 522 667 quoniam
559 595 809 664 pretiosa
838 595 1199 662 videbantur,
1231 595 1343 648 tuis
1369 612 1436 650 ea
1467 596 1680 650 divitiis
1710 612 1810 650 an-
1923 597 2170 651 sessione
2200 596 2502 653 videatur?
2564 603 2710 652 136
2737 596 2842 652 Et8
2890 598 3000 652 alia
3054 599 3290 670 quidem
3322 600 3440 654 suis
3488 618 3621 657 con-

140 701 424 739 numerare
446 684 714 738 maluisti.
744 690 909 739 I35.
937 685 1082 749 Quid
1114 689 1306 739 autem
1335 688 1359 727 ι)
1386 689 1544 738 tanto
1568 686 1811 740 fortuna:
1919 690 2077 740 tenta
2125 692 2260 741 sunt
2291 703 2304 740 :
2347 703 2442 740 vos
2473 693 2667 741 autem
2693 698 2716 762 *ξ
2766 689 2883 742 Deo
2917 692 3109 742 mente
3139 689 3487 759 consimiles,
3549 693 3622 747 ab

139 775 355 844 strepitu
414 773 796 827 desideratis?
829 775 848 807 ²
901 775 1140 844 Fugere,
1193 775 1383 841 credo,
1428 774 1808 845 indigentiam
1917 776 2088 830 rebus
2112 775 2326 830 inﬁmis
2353 775 2680 831 excellentis
2704 781 2923 831 natura:
2956 783 3296 833 ornamenta
3343 781 3618 850 captatis;

138 865 282 934 copia
316 863 592 933 qumritis.
625 863 798 934 Atqui
826 863 935 917 hoc
980 863 1144 918 vobis
1170 863 1229 917 in
1256 864 1612 918 contrarium
1635 864 1804 920 cedit.
1918 881 2019 919 nec
2057 865 2394 936 intelligitis,
2429 871 2712 938 quantum
2743 866 3030 921 conditori
3059 871 3246 922 vestro
3278 867 3497 923 faciatis
3531 869 3620 924 in-

135 953 425 1006 3Pluribus
455 952 670 1023 quippe
711 952 1076 1006 adminiculis
1108 969 1250 1024 opus
1289 953 1471 1007 estad
1526 954 1804 1009 tuendam
1909 955 2142 1026 juriam.
2175 953 2199 988 9
2260 957 2358 1010 llle
2427 973 2608 1028 genus
2667 957 2988 1010 humanum
3043 957 3286 1011 terrenis
3347 959 3618 1014 omnibus

133 1043 372 1112 pretiosa;
400 1046 422 1076 ⁸
469 1042 837 1112 supellectilis
889 1042 1265 1096 varietatem:
1316 1057 1634 1111 verumque
1664 1043 1805 1098 illud
1914 1050 2180 1114 praestare
2234 1045 2464 1100 voluit:
2514 1063 2612 1100 vos
2657 1046 3000 1116 dignitatem
3056 1051 3306 1101 vestram
3349 1050 3419 1117 (5)
3467 1048 3618 1104 infra

131 1135 216 1190 est,
255 1130 561 1198 permultis
589 1147 686 1183 eos
730 1129 1006 1201 indigere,
1036 1131 1136 1202 qui
1161 1131 1238 1201 (ὅ)
1279 1133 1568 1201 permulta
1615 1133 1801 1202 possi-
1913 1133 2110 1188 infima
2133 1151 2378 1206 quaeque
2408 1135 2733 1190 detruditis.
2761 1136 2904 1190 Nam
2927 1135 2974 1190 si
3001 1152 3179 1190 omne
3201 1138 3479 1210 cujusque
3510 1139 3614 1194 bo-

130 1220 310 1280 deant;
353 1224 673 1290 contraque
704 1221 945 1275 minimo
994 1230 1032 1288 °,
1062 1221 1161 1292 qui
1192 1221 1607 1276 abundantiam
1639 1238 1801 1275 suam
1909 1240 2072 1289 num,
2104 1240 2170 1278 eo
2205 1227 2369 1295 cujus
2391 1229 2492 1291 est,
2527 1228 2747 1280 constat
2778 1241 2898 1280 esse
2922 1225 3257 1296 pretiosius,
3289 1243 3423 1281 cum
3452 1228 3611 1283 vilis-

132 1313 322 1361 naturze
343 1310 700 1376 necessitate,
735 1308 895 1363 5non
944 1310 1190 1365 ambitus
1239 1311 1630 1381 superfluitate
1678 1327 1803 1365 me-
1910 1311 2052 1366 sima
2105 1329 2300 1368 rerum
2348 1318 2534 1369 vestra
2566 1315 2717 1369 bona
2744 1331 2863 1368 esse
2889 1315 3180 1386 judicatis,
3220 1316 3439 1372 eisdem
3481 1335 3608 1374 vos-

129 1398 516 1451 tiantnr.ltane
541 1404 729 1452 autem
767 1399 988 1453 nullum
1017 1399 1414 1470 estproprium
1431 1400 1608 1463 vobis,
1628 1404 1800 1470 atque
1907 1404 2181 1474 metipsos
2262 1407 2453 1458 vestra
2522 1403 2946 1460 existimatione
2977 1404 3307 1460 submittitis
3371 1407 3415 1442 ¹ο
3454 1408 3611 1478 quod

124 1486 332 1540 insitum
366 1487 612 1555 bonum,
673 1493 736 1542 ut
792 1488 851 1542 in
891 1489 1156 1556 externis,
1208 1505 1273 1542 ac
1318 1489 1581 1559 sepositis
1629 1489 1798 1542 rebus
1907 1492 2142 1561 quidem
2173 1492 2326 1547 haud
2379 1493 2671 1548 immerito
2703 1491 2722 1529 τ
2779 1493 2943 1548 cadit.
2995 1493 3036 1528 ¹¹
3070 1497 3347 1549 Hamanaa
3391 1495 3608 1568 quippe

124 1577 254 1630 bona
299 1580 492 1630 vestra
539 1578 848 1647 quaeratis?
901 1577 1040 1633 55ic
1092 1595 1285 1633 rerum
1329 1594 1490 1632 versa
1543 1577 1796 1633 conditio
1906 1585 2128 1635 natura:
2154 1580 2259 1636 ista
2279 1581 2531 1636 conditio
2574 1585 2678 1647 est,
2712 1585 2777 1636 ut
2805 1587 2930 1636 tum
2959 1586 3184 1637 tantum
3235 1582 3455 1639 castoris
3508 1600 3606 1640 re-

1557 1677 1627 1733 IN
1633 1674 1858 1732 TERPR
1866 1675 2118 1734 ΕΤΑΤΙΟ
2131 1719 2144 1731 .

81 1781 87 1788 '
176 1772 508 1840 aSejuncta.
1835 1777 1875 1829 Β
1975 1773 2226 1830 dTitulo.

174 1845 520 1897 bFortunam
573 1848 724 1898 tuam
773 1847 1086 1914 frequenter
1144 1844 1474 1914 appellando
1548 1848 1802 1914 tantoque
1984 1847 2318 1902 cHomines.

119 1930 348 1968 concursu
379 1915 695 1984 quaerendo.
1977 1916 1996 1950 τ
2019 1918 2314 1986 Contingit.

172 1996 186 2019 τ
216 1987 482 2057 indigere
511 2003 628 2041 eos.

1740 2084 1964 2143 NOT/E.

1898 2185 2158 2239 Primum
2189 2183 2429 2255 quidem
2455 2184 2632 2237 homo
2663 2186 2769 2237 est.

1967 2259 1988 2291 ⁷
2017 2253 2276 2311 Divinum
2308 2257 2496 2309 merito
2516 2256 2748 2309 rationis
2779 2253 3030 2323 animal.]
3058 2255 3238 2308 Homo
3302 2254 3457 2309 enim
3530 2261 3596 2312 ut

1895 2343 2065 2382 nemo
2118 2327 2320 2393 nescit,
2352 2330 2575 2380 constat
2626 2341 2695 2380 ex
2741 2329 2935 2378 mente
2990 2329 3048 2378 et
3105 2326 3359 2397 corpore]
3391 2329 3594 2382 mutuo

1897 2399 2214 2470 conjunctis
2248 2414 2260 2452 :
2288 2413 2449 2470 mens
2477 2398 2658 2470 ratio;
2689 2411 2906 2470 corpus
2919 2397 3132 2470 animal
3161 2411 3277 2450 non
3309 2413 3438 2470 raro
3486 2415 3590 2469 ap-

1891 2467 2173 2540 pellatur;
2207 2469 2305 2523 sed
2335 2473 2525 2522 mente
2558 2469 2733 2521 homo
2757 2467 2962 2540 similis
2987 2470 3074 2540 est
3102 2468 3260 2540 Deoi:
3297 2468 3442 2522 sicut
3473 2467 3587 2524 sfa-
3665 2521 3676 2534 ,

1892 2537 2077 2594 tuitur
2107 2543 2306 2596 Genes.
2341 2557 2376 2594 ι.
2413 2541 2727 2605 Faciamus,
2752 2537 2940 2608 inquit
2988 2539 3156 2605 Deus,
3218 2539 3482 2594 hominem
3514 2542 3590 2595 ad

1890 2615 2182 2680 imaginem
2212 2616 2261 2665 et
2281 2611 2947 2666 similitudinemnostram
2977 2626 2996 2662 :
3019 2615 3302 2680 quatenus
3315 2611 3588 2668 videlicet

1891 2700 2052 2737 mens
2091 2687 2290 2737 nostra
2313 2699 2404 2736 res
2434 2687 2537 2748 est,
2570 2681 2750 2734 instar
2779 2682 2901 2747 Dei,
2943 2681 3200 2750 cogitans
3228 2697 3241 2734 :
3293 2682 3445 2736 unde
3489 2683 3590 2738 ho-

1891 2755 2093 2822 mines,
2149 2755 2194 2808 Π
2226 2754 2432 2818 Petri],
2483 2753 2682 2806 divinae
2709 2757 2976 2806 consortes
3003 2756 3217 2806 natura
3263 2752 3534 2807 dicuntur
3573 2771 3587 2808 :

1887 2832 2194 2896 propterea
2224 2841 2376 2878 nunc
2406 2824 2581 2878 homo
2630 2828 2867 2896 vocatur
2908 2824 3343 2896 Aanimalimerito
3373 2824 3488 2896 sive
3510 2823 3591 2877 ti—

1887 2893 2014 2950 tulo
2041 2899 2275 2950 rationis
2303 2896 2568 2948 divinum.
2597 2895 2872 2959 Homines,
2905 2893 3094 2964 inquit
3117 2893 3334 2948 Tullius
3359 2895 3430 2948 de
3460 2910 3582 2962 un.,

1891 2969 2125 3022 Deorum
2155 2966 2548 3021 immortalium
2570 2968 2734 3034 quasi
2743 2965 2969 3031 gentiles
2991 2969 3138 3031 sunt,
3161 2969 3213 3023 et
3243 2965 3588 3032 divinigene—

1886 3042 1966 3093 ris
1994 3040 2344 3108 appellantur
2373 3042 2422 3108 et
2451 3041 2688 3090 omnium
2730 3039 3096 3090 animantium
3147 3040 3323 3108 tenent
3369 3039 3587 3108 princi-

1884 3106 2093 3190 patum.
2128 3110 2344 3190 Deinde
2390 3107 2544 3190 idem
2576 3109 2749 3190 homo
2783 3112 2868 3160 est
2890 3107 3110 3161 caeteris
3160 3106 3328 3160 rebus
3377 3107 3583 3162 creatis

1884 3178 2249 3250 insipientior
2287 3195 2300 3233 :
2335 3178 2822 3250 quandoquidem.

1959 3247 2142 3306 li_Alia
2189 3247 2405 3321 quidem
2464 3247 2876 3321 suis—contenta
2934 3247 3105 3321 sunt]
3148 3249 3286 3321 Nam
3332 3263 3582 3321 corpora

1887 3318 2225 3388 inanimata',
2258 3323 2489 3393 plantae,
2524 3320 2719 3393 bestiae
2752 3321 2892 3390 ipsas
2937 3318 3148 3373 ﬁnibus
3177 3319 3284 3373 sibi
3308 3319 3581 3393 divinitus

1883 3394 2228 3464 praescriptis
2259 3389 2349 3446 ita
2396 3389 2793 3458 continentur,
2837 3395 2904 3444 ut
2955 3405 3058 3464 nec
3122 3389 3404 3464 pecunias,
3465 3406 3570 3464 nec

1883 3461 2243 3534 gemmarum
2273 3479 2379 3518 nec
2399 3478 2692 3533 agrorum,
2727 3478 2829 3515 nec
2859 3461 3122 3534 vestium,
3188 3476 3292 3534 nec
3321 3461 3568 3534 famulo-

1882 3532 2009 3590 rum
2049 3535 2331 3590 desiderio
2354 3532 2673 3588 teneantur.
2705 3535 2988 3587 Praeterea
3026 3532 3178 3586 idem
3211 3532 3386 3587 homo
3417 3532 3566 3602 inju-

1881 3608 2026 3660 riam
2053 3608 2276 3661 videtur
2303 3607 2488 3660 facere
2519 3607 2633 3659 Deo
2667 3619 2680 3657 :

1948 3693 1971 3727 9
2000 3697 2104 3748 Ille
2144 3709 2309 3763 genus
2355 3694 2673 3758 humanum,
2721 3690 2851 3763 etc.]
2911 3691 3053 3745 Cum
3106 3688 3260 3763 enim
3311 3691 3578 3763 Deus,ut

272 2180 354 2244 Pej
364 2194 542 2243 usque
566 2181 670 2230 leto
697 2181 932 2243 ﬂagitum
956 2182 1122 2240 timet,

332 2244 447 2292 Non
489 2245 577 2292 illo
605 2258 696 2306 pro
728 2245 862 2292 caris
891 2245 1090 2292 amicis.

390 2308 511 2354 Aut
539 2307 707 2369 patria
737 2307 952 2355 timidus
983 2307 1170 2370 perire.

170 2387 556 2458 'Sequestrata]
635 2389 908 2455 Sejuncta.
976 2391 1360 2455 Sequeslratus
1424 2390 1616 2440 autem
1708 2387 1788 2442 di-

116 2457 233 2509 citur
260 2476 288 2511 a
316 2457 627 2528 sequestro,
659 2460 761 2512 hoc
790 2477 822 2512 a
850 2465 1138 2528 sequester,
1172 2459 1272 2529 qui
1303 2461 1386 2510 est
1407 2458 1789 2512 arbiterinter

115 2534 381 2598 utramque
416 2536 650 2599 partem
683 2532 762 2584 sic
796 2532 1034 2593 medius,
1069 2537 1132 2583 ut
1154 2529 1414 2583 neutrius
1449 2529 1785 2598 przejudicio

113 2601 526 2669 actusjudicet:
564 2602 1054 2672 quemadmodum
1087 2603 1209 2655 1E0.
1245 2617 1320 2666 x1,
1351 2617 1401 2654 v.
1447 2602 1540 2654 i33
1573 2617 1585 2654 :

241 2689 318 2737 Bis
348 2703 521 2738 senos
550 2691 793 2754 pepigere
827 2691 936 2739 dies
958 2694 1011 2738 et
1036 2703 1162 2752 pace
1192 2693 1482 2751 sequestra.

166 2767 256 2820 Sed
286 2786 389 2823 vox
425 2769 564 2832 ista,
599 2775 985 2838 sequestralus,
1011 2786 1124 2839 qua
1154 2768 1459 2832 Arnobius,
1494 2768 1529 2820 Ι.
1577 2783 1607 2820 v
1641 2767 1777 2839 Adv.

112 2845 326 2904 gent.,et
356 2842 761 2904 Cassiodorus,
794 2844 810 2895 Ι
842 2859 860 2893 1
893 2838 1044 2906 νει-,ζ
1074 2855 1196 2910 cap.
1220 2841 1270 2906 3,
1307 2845 1567 2904 utuntur,
1590 2838 1783 2907 purio-

111 2911 169 2959 ris
196 2910 514 2964 Latinitatis
548 2929 662 2964 non
693 2912 936 2966 videtur.

164 2978 182 3010 ²
221 2984 425 3049 Fuyare
475 2984 843 3051 indigentiam
899 2986 1055 3052 copia
1104 2982 1396 3051 queritis]
1468 2981 1529 3035 Id
1596 2994 1778 3032 unum

112 3057 391 3124 praetexunt
425 3055 768 3124 quicunque
789 3054 1198 3108 vehementiori
1227 3053 1628 3122 praedictorum
1663 3055 1779 3104 stu-

111 3121 183 3196 dio
209 3121 560 3178 afticiuntur.
596 3121 818 3179 Sci—licet
854 3121 1252 3196 unusquisque
1297 3126 1471 3196 homo
1532 3127 1777 3196 Sllﬂ3__te-

110 3195 308 3266 unitatis
357 3197 652 3261 conscius,
685 3197 948 3265 pecunia,
1000 3193 1263 3266 gemmis,
1299 3195 1468 3264 agris,
1531 3193 1778 3266 vestibus

111 3269 152 3334 et
175 3265 402 3334 famulis,
457 3253 650 3321 veluti
686 3253 946 3320 totidem,
979 3253 1772 3330 satellitibusVcircumdatus,
1817 3253 1856 3306 Ο

111 3333 176 3385 his
199 3343 345 3405 putat
371 3356 429 3392 se
473 3355 643 3407 posse
676 3339 744 3392 ab
769 3339 926 3392 omni
953 3338 1207 3392 hostium
1239 3337 1452 3406 injuria
1487 3336 1718 3388 liberari
1758 3351 1770 3387 :

109 3407 182 3458 sed
210 3409 412 3462 fallitur
444 3426 456 3462 :

163 3479 179 3509 ³
208 3481 445 3534 Pluribus
491 3483 692 3550 quippe
738 3481 1085 3534 adminiculis
1119 3494 1253 3547 opus
1279 3483 1386 3550 est.
1441 3477 1772 3532 Adminicu-

109 3546 190 3599 lum
215 3557 292 3622 est
323 3546 640 3611 auxilium,
661 3552 812 3622 quod
842 3553 908 3604 ad
955 3546 1210 3615 manum,
1245 3549 1360 3622 sive
1398 3554 1604 3619 praesto
1640 3551 1724 3622 est
1756 3564 1768 3622 ς

109 3621 225 3684 quod
247 3629 434 3676 autem
463 3619 743 3692 praedic—ta
774 3624 922 3676 bona
947 3628 1238 3690 perpetuae
1270 3621 1386 3673 sint
1409 3619 1802 3692 corruptioni'

109 3692 331 3753 obnoxia,
369 3691 506 3747 ideb
539 3711 652 3762 quo
685 3696 850 3763 plura
875 3693 1250 3762 possidemus,
1295 3707 1361 3743 eo
1393 3692 1474 3763 ad,
1504 3691 1600 3742 illa
1633 3706 1769 3743 con-

111 3765 343 3817 servanda
390 3767 572 3834 plura
611 3762 776 3818 nobis
819 3766 888 3818 ad
946 3779 1180 3817 manum
1214 3778 1334 3815 esse
1393 3762 1597 3816 debent
1665 3777 1770 3814 au-

108 3833 228 3886 xilia.

158 3902 599 3978 5Supellectilis.]
658 3907 922 3978 Supellex_
961 3905 1322 3978 proprie‘est
1362 3907 1765 3978 ornamentum

107 3977 236 4040 aulae,
290 3975 625 4046 cujusmodi
675 3975 805 4030 sunt
836 3976 1053 4038 aulaea.
1089 3975 1310 4035 sedilia,
1365 3975 1558 4038 lintea,
1609 3987 1766 4046 vasa,

105 4045 368 4119 exteraque
391 4051 607 4102 domus
632 4050 915 4115 utensilia,
949 4048 1101 4117 quod
1131 4046 1404 4099 nimirum
1437 4046 1556 4119 haec
1601 4045 1767 4119 pelli:

107 4115 187 4167 lius
217 4115 484 4186 involuta,
512 4139 543 4171 a
579 4120 856 4172 militibus
889 4127 942 4171 et
967 4115 1118 4170 forte
1144 4119 1314 4170 etiam
1369 4134 1401 4168 a
1449 4117 1648 4185 legatis
1694 4115 1765 4168 ad

106 4203 210 4240 suos
245 4207 374 4244 usus
407 4195 782 4260 portarentur
814 4207 826 4243 :
861 4190 950 4242 hic
982 4196 1172 4241 autem
1195 4188 1567 4260 supellectilis
1588 4186 1766 4260 varie-

106 4263 169 4309 tas
192 4268 260 4312 est
295 4257 702 4331 praedictorum
737 4261 1020 4313 bonorum
1050 4266 1412 4313 externorum
1451 4257 1763 4310 multitudo

106 4332 296 4402 nomine
328 4336 508 4402 partis
531 4334 603 4385 ad
628 4340 808 4384 totum
843 4332 1138 4402 translato.

157 4397 174 4431 ⁵
200 4405 305 4456 Non
331 4397 593 4457 'ambitus
634 4401 1048 4472 superﬂuitate]
1082 4456 1084 4459 ,
1110 4401 1231 4472 Non
1288 4400 1472 4451 solum
1496 4397 1764 4472 praesidii

103 4485 256 4540 causa,
291 4481 348 4527 ut
379 4477 602 4528 dictum
635 4469 739 4537 est,
775 4469 868 4526 sed
901 4469 1114 4525 ambitu
1149 4471 1319 4524 etiam
1353 4469 1640 4540 prmdictis
1672 4469 1759 4522 di-

1877 3771 2011 3834 pote
2059 3761 2221 3834 cujus
2269 3764 2549 3834 sapientia
2602 3762 2844 3834 inﬁnita
2882 3767 2988 3834 est,
3023 3761 3280 3832 quolibet
3334 3761 3568 3834 homine

1877 3831 2048 3889 etiam
2108 3831 2528 3904 sapientissimo
2585 3833 2658 3885 sit
2728 3831 3062 3904 sapientior,
3118 3835 3421 3904 propterea
3454 3833 3570 3904 ille

1879 3907 2050 3960 homo
2073 3902 2342 3974 injuriam
2393 3905 2528 3958 facit
2561 3905 2696 3968 Deo,
2739 3902 2838 3974 qui
2861 3919 3032 3974 ausus
3074 3902 3244 3956 suum
3284 3902 3571 3974 judicium

1877 3978 2069 4031 divino
2121 3973 2488 4045 anteponere,
2539 3989 2720 4045 quam
2759 3973 3091 4045 dignitatcm
3126 3975 3276 4028 Deus
3325 3975 3570 4028 terrenis

1877 4049 2143 4101 omnibus
2178 4043 2446 4117 praestare
2478 4043 2674 4109 voluit,
2709 4043 2863 4117 hanc
2901 4044 3062 4117 infra
3081 4044 3283 4117 intima
3314 4061 3557 4117 quaeque

1875 4119 2146 4172 detrudit.
2178 4113 2353 4187 'Atqui
2384 4117 2560 4187 homo
2609 4114 2901 4187 praedictis
2930 4113 3096 4187 bonis
3127 4113 3353 4167 inhians
3374 4113 3481 4168 ita_
3507 4131 3564 4169 se

1874 4190 2063 4244 habet.
2101 4183 2318 4242 Bonum
2349 4187 2500 4240 enim
2549 4183 2626 4238 ita
2685 4185 2742 4237 in
2772 4183 3127 4254 perfectione
3173 4189 3450 4246 versatur,
3497 4192 3564 4238 ut

1873 4261 2026 4330 quod
2054 4262 2260 4330 cuique
2286 4259 2521 4323 bonum,
2564 4256 2708 4309 illud
2742 4255 2949 4330 eidem,
2979 4254 3284 4330 semetipso
3298 4255 3560 4330 videatur

1874 4326 2268 4406 perfectiusmt
2290 4335 2422 4406 pote
2447 4345 2481 4406 _a
2513 4343 2624 4397 quo
2654 4327 2850 4406 perfici
2884 4326 3066 4406 possit
3093 4341 3105 4379 :
3130 4342 3316 4406 neque
3348 4327 3563 4380 etenim

1871 4397 2068 4471 perlici
2101 4397 2308 4472 potest,
2355 4399 2460 4452 nisi
2493 4397 2951 4472 auperfectiorit
2987 4398 3368 4472 quamobrem
3427 4412 3559 4472 cum

1872 4467 2207 4552 pretiosum,
2241 4467 2486 4552 utsupra
2518 4469 2730 4552 dictum
2757 4473 2862 4534 est,
2895 4467 3373 4552 illud‘habeatur,
3407 4469 3560 4552 quod

1802 4547 1844 4598 D
1874 4539 1934 4596 in
1966 4549 2157 4597 nostra
2188 4549 2272 4595 est
2290 4539 2727 4606 existimatione.
2771 4554 3016 4608 cumque
3045 4539 3164 4592 btec
3214 4539 3560 4592 existimatio

1874 4631 2012 4681 non,
2052 4615 2158 4667 nisi
2217 4618 2503 4666 crescente
2547 4613 2623 4664 rei
2670 4611 2940 4680 subjectae
2997 4609 3560 4681 perfectionexcres-

1870 4679 2006 4739 cere»
2027 4687 2248 4750 debeat,
2275 4685 2484 4737 idcirco
2517 4679 2792 4750 quidquid
2840 4679 3010 4733 alicui
3039 4681 3256 4734 bonum
3305 4679 3553 4745 videtur,

1867 4757 2008 4810 illud
2037 4756 2223 4810 eidem
2257 4753 2558 4824 pretiosius
2610 4753 2889 4824 videatur,
2942 4765 3171 4804 necesse
3199 4755 3285 4804 est
3321 4767 3333 4804 :
3375 4767 3558 4821 quare

1865 4827 2040 4880 homo
2072 4822 2296 4879 summo
2329 4825 2698 4888 famulorum,
2723 4822 2986 4885 vestium,
3055 4837 3352 4890 agrorum,
3395 4838 3555 4892 gem-

1866 4914 2114 4965 marum,
2147 4897 2406 4966 pecuniae
2432 4899 2488 4966 et
2523 4899 2857 4966 caeterarum
2888 4893 3170 4962 ejusmodi
3224 4909 3419 4966 rerum
3453 4894 3553 4948 ab-

1857 4963 2303 5037 jectissimarum
2371 4965 2653 5020 desiderio
2722 4970 3053 5037 occupatus,
3126 4979 3216 5017 res
3269 4963 3405 5018 istas
3455 4981 3556 5037 sua

1863 5035 2035 5093 etiam
2066 5045 2255 5092 mente
2286 5037 2673 5106 pretiosiores,
2717 5035 3200 5106 perfectioresque
3231 5050 3354 5090 esse
3410 5035 3554 5089 exis-

1861 5111 2044 5173 timat,
2081 5105 2334 5179 adeoque
2382 5123 2484 5160 suo
2511 5105 2789 5160 conditori
2835 5106 2970 5159 facit
2997 5105 3270 5176 injuriam
3307 5122 3408 5159 suo
3454 5106 3553 5159 illo

1862 5182 2005 5234 falso
2031 5181 2264 5234 iudicio.

1931 5198 2398 5320 ζῖοὸἓὲἆϐἓιῗίὶάωη
2430 5249 2581 5301 haud
2599 5249 2863 5320 immerito
2895 5248 3087 5317 cadit.]
3118 5247 3282 5310 Quod
3316 5245 3549 5320 quidem

1859 5316 2064 5376 falsum
2111 5316 2391 5390 judicium
2426 5335 2528 5373 nec
2567 5319 2687 5372 sine
2720 5319 2912 5388 aliqua
2940 5316 3108 5372 causa
3131 5323 3234 5390 est,
3271 5333 3375 5390 nec
3425 5316 3548 5368 sine

1859 5395 2050 5464 aliquo
2073 5388 2272 5447 effectu
2304 5392 2536 5464 :oritur
2565 5391 2778 5464 quippe
2823 5406 2887 5444 ex
2909 5388 3548 5464 Avoluntariarhumana:

1862 5458 2067 5518 mentis
2099 5463 2484 5533 ignoratione,
2519 5458 2647 5531 quas
2671 5458 2981 5533 ignoratio,
3022 5458 3546 5533 crescenteilloju-

1857 5537 2021 5602 dicio,
2057 5527 2554 5604 crascentibusque
2580 5527 2861 5600 adjtfnctis
2906 5531 2987 5584 illi
3018 5527 3546 5600 perturbationibus

1858 5607 2075 5661 crescit.
2442 5619 2448 5625 '

1929 5679 1966 5714 “
2002 5681 2264 5732 Humana?
2313 5678 2513 5745 quippe
2559 5678 2788 5740 naturae,
2824 5673 3162 5745 etc.']_Homo
3195 5669 3253 5745 i_n
3303 5669 3408 5723 hoc
3437 5668 3546 5723 dif-

1858 5751 1967 5805 fert
1997 5767 2028 5804 a
2069 5749 2289 5804 caeteris
2319 5741 2725 5812 animantibus,
2759 5743 2913 5814 quod
2943 5743 3038 5797 ille
3072 5741 3271 5812 possit,
3325 5745 3546 5796 cratera:

105 4539 222 4594 vitiis
267 4547 567 4598 studemus
607 4545 1024 4613 comparandis,
1059 4543 1167 4595 rati
1208 4539 1482 4594 nimirum
1536 4557 1640 4592 nos
1695 4556 1760 4593 eo

105 4614 339 4680 majorem
373 4617 441 4669 de
474 4617 644 4669 nobis
668 4614 1146 4668 existimationem
1187 4614 1245 4666 in
1279 4617 1469 4665 mente
1517 4617 1758 4664 caetero-

104 4695 203 4735 rum
226 4687 524 4739 hominum
564 4687 925 4745 excitaturus,
960 4702 1073 4754 quo
1120 4685 1382 4754 pluribus
1419 4682 1760 4754 majoribus-

103 4757 472 4824 queejusmodi
505 4759 671 4811 bonis
702 4753 1006 4810 fruemur}
1042 4753 1211 4825 atque
1249 4755 1306 4807 id
1339 4769 1405 4807 ex
1439 4770 1505 4807 eo
1525 4753 1759 4806 evidens

103 4830 182 4895 sit,
221 4830 385 4895 quod,
428 4831 472 4880 si
513 4829 929 4881 arbitraremur
973 4827 1093 4880 fore
1127 4834 1189 4879 ut
1221 4843 1251 4878 a
1284 4825 1438 4878 nullo
1499 4840 1756 4894 unquam

103 4891 299 4968 homine
335 4901 687 4960 videremur,
732 4916 831 4951 nec
889 4898 1152 4968 gemmis,
1183 4912 1285 4949 nec
1334 4891 1617 4960 vestibus,
1654 4911 1757 4948 nec

102 4966 208 5036 ullis
239 4970 516 5036 ejusmodi
544 4971 709 5023 bonis
742 4971 818 5022 ita
852 4966 1224 5022 inhiaremus.

156 5035 175 5065 ⁶
198 5040 280 5091 Sic
323 5057 503 5093 rerum
535 5057 687 5094 versa
724 5038 1005 5110 conditio]
1040 5041 1191 5092 Mens
1212 5038 1428 5110 quippe
1469 5054 1594 5090 mea
1643 5036 1754 5090 mei

101 5112 319 5174 corporis
351 5113 535 5164 forma
568 5119 670 5175 est,
691 5113 787 5164 sed
821 5130 852 5164 a
887 5109 998 5164 Deo
1025 5118 1081 5163 et
1103 5116 1334 5179 propter
1356 5109 1542 5178 ipsum
1573 5111 1752 5162 Deum

101 5186 294 5252 creata:
328 5184 703 5252 quamobrem
734 5183 906 5236 veluti
934 5183 1122 5234 media
1154 5181 1300 5234 inter
1331 5181 1510 5232 Deum
1545 5181 1750 5234 condi-

103 5250 274 5323 torem,
304 5250 626 5323 corpusque
675 5270 931 5316 consors,
980 5254 1048 5306 ab
1084 5259 1324 5320 utroque
1362 5252 1440 5303 sic
1473 5252 1748 5304 informa-

104 5321 623 5393 turnotionilius,'ut
645 5326 712 5377 ab
738 5325 1055 5393 utroquein
1089 5341 1216 5375 suas
1240 5324 1496 5376 trahatur
1522 5331 1708 5390 partes
1735 5341 1746 5377 :

104 5389 179 5463 sed
207 5391 339 5463 heu!
388 5412 517 5446 cum
553 5397 662 5448 Deo
696 5399 857 5448 unice
890 5389 1201 5463 'diligeudo
1247 5409 1444 5446 vacare
1495 5389 1745 5462 deberet,

105 5458 282 5535 infelici
315 5482 438 5516 cum
467 5468 712 5535 propr-ite.
746 5458 1114 5530 i.iilirn‘litaiis,
1146 5471 1263 5517 tum
1297 5458 1748 5534 perturbationis

105 5531 325 5607 pondere
352 5538 421 5587 ad
461 5531 659 5606 corpus
713 5540 988 5607 primum,
1022 5537 1226 5589 deinde.
1279 5531 1344 5588 ad
1377 5545 1578 5589 caetera
1619 5554 1747 5590 cor-

106 5605 207 5680 P'pri
252 5605 577 5660 famulantia
626 5605 897 5675 truditur,
940 5625 1053 5678 qua
1079 5608 1313 5677 quidem
1353 5610 1408 5659 in
1443 5625 1498 5659 re
1551 5608 1744 5674 homo,

112 5668 320 5752 iil‘fnum
348 5681 532 5755 merito
560 5684 790 5734 rationis
820 5668 1294 5755 aninial,_ca‘teris
1345 5681 1513 5732 rebus
1544 5668 1748 5732 creatis

113 5750 458 5815 -::stpientior,
507 5750 768 5821 injuriam
799 5754 981 5807 facere
1009 5751 1237 5805 videtur
1265 5755 1320 5804 et
1351 5752 1462 5804 Deo
1512 5754 1567 5803 et
1614 5751 1741 5806 sibi.
