3996 6170
375 297 484 349 695

1709 292 1823 347 ΑΝ.
1864 291 2071 346 MANL.
2113 289 2260 347 SEV.
2304 290 2531 347 BOETII
3717 296 3799 348 696

373 433 500 495 bus,
532 447 662 486 cum
720 447 780 485 se
832 432 1140 501 cognoscit,
1171 432 1407 486 excellat
1438 448 1451 485 :
1479 431 1680 486 eadem
1712 430 1821 503 (l0)
1868 436 2063 485 tamen
2101 436 2146 489 Α
2174 435 2356 503 putat.
2386 432 2465 487 Tu
2512 430 2710 502 igitur,
2738 434 2759 465 ³
2814 430 2911 501 qui
2943 445 3096 484 nunc
3124 439 3149 465 ιι
3206 434 3432 485 contum
3486 432 3803 506 gladiumque

334 536 339 543 '
373 523 521 577 infra
550 520 759 575 bestias
789 521 1102 591 redigatur,
1132 521 1179 574 si
1213 537 1271 575 se
1303 538 1473 575 nosse
1506 521 1753 575 desierit.
1785 522 1924 574 Nam
1957 537 2065 575 cas-

374 611 511 665 teris
542 609 929 663 animantibus
976 626 1096 663 sese
1138 610 1421 681 ignorare,
1454 615 1661 664 natura
1705 615 1791 663 est
1831 610 2065 663 :homi-

377 700 547 754 nibus
576 715 730 761 vero,
756 699 891 752 vitio
924 699 1097 753 venit.
1136 705 1275 754 137
1308 700 1324 734 ί
1355 700 1536 763 Quam
1569 716 1699 753 vero
1749 700 1860 753 late
1915 703 2071 769 patet

378 792 562 842 vester
588 788 680 841 hic
714 804 894 852 error,
920 788 1016 859 qui
1052 788 1239 842 ornari
1268 805 1433 858 posse
1473 790 1689 859 aliquid
1711 789 2068 843 ornamentis

378 877 710 932 existimatis
765 877 983 932 alienis.
1047 880 1119 931 At
1170 877 1223 930 id
1260 877 1383 931 ﬁeri
1414 878 1629 948 nequit.
1662 879 1802 931 Nam
1838 876 1881 931 si
1933 877 2070 948 quid

380 982 446 1022 ex
472 966 745 1037 appositis
766 967 971 1033 luceat,
1005 968 1126 1038 ipsa
1157 966 1414 1037 quidem,
1458 984 1585 1038 quae
1624 973 1757 1022 sunt
1787 968 2069 1038 apposita,

381 1056 689 1110 laudantur
723 1072 735 1108 :
772 1056 906 1110 illud
943 1072 1075 1109 vero
1106 1056 1192 1109 his
1234 1060 1467 1119 tectum,
1495 1062 1667 1127 atque
1706 1058 1957 1110 volatum
2016 1059 2072 1110 in

380 1161 481 1199 sua
538 1144 911 1199 nihilominus
961 1145 1210 1199 foeditate
1261 1146 1534 1215 perdurat
1565 1146 1660 1217 (ὅ).
1705 1148 1725 1180 ²
1770 1148 1882 1215 Ego
1937 1163 2072 1199 vero

382 1249 528 1303 nego
566 1232 706 1287 illud
754 1250 874 1287 esse
906 1234 1146 1300 bonum,
1201 1234 1355 1304 quod
1383 1240 1584 1288 noceat
1634 1234 1886 1288 habenti.
1924 1236 2070 1287 Num

382 1322 440 1377 id
486 1321 775 1376 mentior?
818 1322 1067 1390 Minime,
1113 1322 1363 1393 inquies.
1416 1323 1586 1393 Atqui
1622 1323 1835 1377 divitia)
1884 1323 2070 1392 possi-

385 1411 652 1465 dentibus
683 1427 937 1481 persaepe
970 1417 1309 1477 nocuerunt,
1338 1428 1469 1466 cum
1504 1412 1788 1481 pessimus
1828 1413 2074 1483 quisque

386 1516 571 1571 eoque
610 1501 783 1554 alieni
831 1500 1020 1571 magis
1047 1501 1267 1565 avidus,
1322 1502 1605 1572 quidquid
1650 1502 1775 1555 auri
1803 1518 2069 1571 usquam,

386 1606 865 1661 gemmarumque
879 1595 979 1656 est,
1004 1606 1063 1645 se
1078 1591 1284 1659 solum,
1302 1590 1400 1661 qui
1418 1590 1644 1658 habeat,
1668 1590 2074 1661 dignissimum

2177 520 2452 575 sollicitus
2511 520 2858 590 pertimescis
2916 520 3049 589 (10],
3118 519 3165 572 si
3221 520 3349 573 vitae
3406 521 3806 591 hujquczillem

2176 626 2383 664 vacuus
2432 609 2612 663 viator
2646 610 2930 674 intrasses,
2995 624 3184 663 coram
3215 608 3432 663 latrone
3485 615 3731 664 cantares.
3775 615 3808 667 0

2176 699 2453 770 praeclara
2498 714 2671 768 opum
2748 699 3078 751 mortalium
3138 698 3446 764 beatitudo,
3499 714 3657 769 quam
3699 716 3804 755 cum

2178 789 2415 858 adeptus
2444 786 2640 853 fueris,
2665 803 2895 840 securus
2938 804 3059 839 esse
3090 787 3341 841 desistis!

2748 882 2892 931 138
2926 876 3240 932 METRUM‘
3270 878 3328 929 V.

2179 969 2546 1022 Aacuuarun.
2601 996 2661 1005 —
2716 965 3313 1050 Philosophiahposito
3358 966 3655 1021 discrimine
3704 971 3818 1046 inter

2252 1045 2431 1093 vetera
2481 1053 2725 1105 novaque
2778 1044 3036 1105 tempora,
3070 1039 3171 1100 ait,
3198 1039 3398 1091 idcirco
3443 1045 3639 1091 atatem
3678 1042 3820 1105 majo-

2253 1126 2374 1164 rum
2404 1116 2589 1163 nostra
2610 1112 2783 1175 fuisse
2802 1111 3120 1175 feliciorem,
3152 1109 3297 1179 quod
3322 1111 3404 1162 illi
3436 1112 3641 1172 minori,
3686 1127 3819 1176 quum

2254 1198 2367 1247 nos,
2410 1186 2606 1250 victus,
2654 1183 2897 1247 vestitus,
2930 1184 3056 1234 auri
3106 1186 3155 1234 et
3206 1184 3363 1249 regni
3398 1181 3677 1249 cupiditate
3706 1187 3819 1233 tene-

2254 1258 2462 1307 rentur.

2332 1338 2477 1393 Felix
2510 1338 2755 1393 nimium
2784 1339 2941 1409 prior
2964 1344 3146 1404 testas,

2327 1430 2605 1484 Contenta
2629 1427 2891 1482 ﬁdelibus
2931 1428 3097 1495 arvis,

2334 1524 2479 1573 139
2504 1519 2614 1571 Nec
2640 1517 2809 1571 inerti
2837 1518 3063 1588 perdita
3092 1518 3266 1572 luxu:

2330 1607 2499 1661 Facili
2534 1624 2661 1678 quae
2700 1622 2825 1660 sera
2855 1607 3071 1660 solebat

1844 1706 2424 1764 INTERPRETATIO.

459 1836 483 1865 ε
512 1823 751 1889 Longum
780 1822 997 1887 fustem.

462 1896 488 1935 Ι)
511 1894 771 1948 Semitam

460 1966 615 2019 Etas
633 1966 817 2033 prima
861 1962 1164 2017 hominum
1204 1964 1519 2034 priscorum
1552 1968 1673 2019 erat
1702 1969 1867 2019 nimis
1899 1965 2075 2031 beata,

2105 1824 2145 1878 Β
2177 1824 2423 1877 contenta
2444 1820 2560 1875 suis
2584 1825 2733 1874 arvis
2756 1820 3057 1887 fertilibus,
3109 1836 3279 1888 neque
3307 1818 3572 1873 dissoluta
3612 1822 3827 1885 intempe-

2188 1896 2265 1946 rie
2305 1896 2508 1959 ignava
2547 1908 2665 1962 quae
2713 1896 3057 1946 consueverat
3105 1897 3225 1961 post
3288 1893 3449 1957 longa
3485 1891 3689 1958 jejunio
3708 1890 3830 1962 pasci

2187 1965 2387 2031 glande
2414 1961 2685 2034 expedita.
2706 1964 3092 2017 Hiuesciebant
3120 1965 3271 2029 vina,
3309 1961 3491 2017 Liberi
3519 1963 3627 2014 sive
3670 1961 3828 2019 Bacchi

2026 2063 2247 2119 NOTAE.

392 2162 528 2202 vero
560 2147 877 2222 animantes
908 2163 1024 2201 non
1078 2148 1299 2218 possint
1340 2150 1593 2220 cogitare
1626 2167 1638 2204 :
1692 2167 1867 2222 quare
1929 2153 2080 2222 quod

394 2223 615 2273 caeteras
645 2220 963 2272 animantes
1009 2234 1119 2274 sese
1144 2223 1411 2288 ignorent,
1444 2222 1553 2275 hoc
1580 2220 1811 2276 illarum
1854 2220 2079 2288 natura,

394 2296 475 2344 est
510 2305 523 2343 :
558 2290 708 2360 quod
739 2306 870 2343 vero
918 2290 1093 2343 homo
1145 2307 1203 2345 se
1230 2295 1460 2359 ignoret,
1496 2294 1553 2346 id
1581 2293 1703 2361 ejus
1738 2298 1935 2347 vitium
1994 2300 2078 2348 est

396 2366 679 2431 quatenus
718 2361 1159 2433 praecipitationi
1188 2373 1241 2416 et
1272 2364 1605 2433 praajudicio
1630 2365 1952 2430 obsecutus,
2012 2365 2081 2418 ad

395 2446 556 2505 suam
583 2437 837 2505 mentem
868 2432 1062 2486 animo
1095 2449 1208 2486 non
1237 2432 1357 2487 vult
1389 2432 1681 2489 attendere
1716 2452 1729 2488 :
1755 2437 1904 2489 unde
1927 2437 2085 2505 justo

396 2502 499 2574 Dei
524 2502 741 2574 judicio
770 2504 833 2556 tit
852 2509 914 2556 ut
958 2506 1113 2570 infra
1135 2505 1332 2559 bestias
1357 2507 1645 2573 redigatur
1680 2524 1690 2559 :
1714 2509 1893 2563 A’olite
1930 2502 2080 2574 ﬁeri,

396 2573 586 2641 inquit
616 2573 791 2647 David
826 2575 966 2643 psal.
1000 2591 1153 2641 χχιιι,
1199 2580 1338 2631 sicut
1367 2592 1535 2646 equus
1574 2582 1624 2631 et
1659 2580 1858 2642 mulus,
1892 2573 2087 2647 quibus

397 2658 504 2715 non
524 2648 602 2715 est
632 2646 932 2715 intellectus
964 2662 976 2699 :
1006 2652 1069 2700 ut
1101 2646 1373 2701 nimirum
1414 2648 1502 2700 sui
1528 2648 1853 2715 immemor,
1902 2646 2088 2702 instar

396 2714 616 2788 bestiae,
652 2714 764 2768 huc
792 2716 1028 2782 feratur,
1061 2734 1174 2787 quo
1205 2734 1410 2788 corpus
1450 2720 1615 2788 rapit.

472 2785 487 2817 ¹
530 2786 697 2849 Quem
728 2788 869 2860 Alate
894 2785 1095 2860 patet—
1131 2785 1319 2843 vester'
1350 2790 1441 2843 hic
1479 2785 1673 2859 error.]
1718 2792 1812 2843 Est
1849 2790 2085 2860 quidem

399 2855 493 2911 hic
520 2871 672 2911 error
697 2856 810 2911 sive
832 2855 1038 2912 falSum
1060 2859 1365 2929 judicium,
1398 2855 1679 2930 quatenus
1704 2855 1885 2915 homo
1932 2861 2086 2914 arbi-

399 2931 887 3001 tratur,_m_entem
937 2947 1098 2985 suam
1131 2932 1323 2985 ornari
1362 2949 1525 3001 posse
1548 2933 1905 2986 ornamentis
1954 2933 2087 2985 alie-

399 3000 508 3065 nis,
544 2999 803 3052 videlicet
832 3002 1097 3070 pecunia,
1130 3003 1302 3071 agris,
1334 2999 1598 3071 gemmis.
1636 3009 1766 3068 etc.,
1791 3008 1915 3072 ipsa
1943 3005 2086 3056 enim

402 3085 519 3137 quae
538 3075 665 3124 sunt
694 3075 949 3139 apposita
981 3074 1281 3127 laudantur
1323 3075 1469 3143 quod
1488 3090 1609 3128 vero
1642 3076 1724 3128 his
1748 3081 1968 3135 _tectum
1997 3078 2082 3126 at-

402 3122 509 3213 ξιαέ
530 3122 783 3195 suam;
796 3122 855 3195 {n'
876 3122 995 3197 sed
1005 3122 1924 3213 iiii-“15.3%..uersutiaesuam
1933 3122 1971 3198 ’Ξ
1994 3122 2087 3198 5;;—
2124 3122 2165 3177 Ο

404 3212 613 3286 davera
665 3217 828 3286 putes
880 3215 1137 3283 pulchris
1191 3216 1414 3270 condita
1466 3212 1789 3286 sepulcris:
1842 3222 2090 3269 stercora

402 3282 628 3354 nivibus
666 3282 932 3338 obducta.
983 3288 1053 3338 At
1098 3286 1194 3339 ille
1226 3302 1376 3339 error
1418 3282 1543 3340 lote'
1565 3292 1736 3354 patet,
1760 3303 1875 3339 non
1899 3288 2087 3339 solum

403 3353 959 3431 rationemultornm
1011 3356 1329 3431 hominum,
1375 3353 1588 3427 quiillo
1624 3357 1961 3410 inﬁciuntur
1994 3373 2092 3431 vef

404 3436 533 3476 rum
562 3426 735 3476 etiam
770 3426 991 3479 ratione
1022 3426 1369 3481 diversorum
1392 3426 1670 3481 ’motuum
1730 3444 1858 3481 cum
1916 3428 2093 3480 animi

402 3496 527 3545 tum
559 3494 835 3569 corporis,
873 3512 1119 3569 quorum
1137 3513 1298 3550 error
1336 3499 1431 3551 ille
1463 3505 1547 3551 est
1576 3514 1745 3551 causa
1778 3514 1790 3551 :
1818 3498 2092 3569 quamob-

406 3579 528 3639 rem
560 3564 733 3617 homo
757 3565 871 3639 hoc
894 3564 1030 3635 ipso
1089 3583 1281 3639 errore
1327 3586 1439 3622 non
1471 3569 1639 3622 modo
1674 3571 1810 3635 Deo,
1837 3564 1928 3623 'ut
1962 3585 2093 3639 pro-

406 3633 605 3709 batiLm
638 3640 743 3700 est,
780 3636 874 3689 sed
910 3633 967 3689 et
996 3638 1103 3690 sibi
1135 3639 1242 3708 ipsi
1264 3640 1397 3692 facit
1427 3640 1719 3709 injuriam.

476 3707 498 3739 ε
528 3706 947 3780 Egoperoinego
982 3710 1120 3762 illud
1150 3706 1259 3763 esse
1314 3706 1525 3778 bonum,
1578 3712 1723 3780 quod
1775 3716 1959 3765 noceat
2000 3711 2094 3764 ha-

409 3775 595 3852 benti..]
629 3777 761 3852 Haec
790 3779 1177 3852 Philosophiae
1225 3775 2096 3852 ratiocinatio—interpretatione

408 3846 797 3926 nonindiget.
824 3849 1004 3915 Quod,
1028 3846 1263 3921 'inquit,
1301 3860 1463 3926 nocet
1511 3846 1787 3918 habenti;
1813 3853 1955 3926 illud
2004 3853 2100 3905 ha-

408 3916 593 3994 bentis
622 3918 841 3972 bonum
863 3937 984 3974 esse
1015 3916 1336 3990 non—potest.
1371 3940 1382 3977 :
1418 3925 1629 3977 bonum
1655 3916 1867 3994 quippe
1913 3924 2098 3976 favere

410 3987 601 4066 debet,
629 4005 748 4066 non
789 4008 1013 4066 nocere.
1069 3987 1240 4066 Atqui
1272 3996 1559 4063 praedictae
1613 3987 1824 4049 divitize
1895 4000 2100 4047 nocent

414 4058 942 4136 habentibus,cum
966 4064 1023 4115 in
1049 4058 1192 4128 aliis,
1220 4058 1340 4118 tu‘m
1370 4067 1426 4118 in
1459 4067 1566 4120 hoc
1583 4067 1919 4136 praesertim,
1946 4066 2100 4134 quod

403 4132 673 4204 pessimus
707 4135 935 4201 quisque
969 4150 1131 4203 eoque
1160 4137 1327 4189 alieni
1378 4140 1553 4203 magis
1584 4132 1785 4190 avidus
1830 4132 2102 4204 quidquid

408 4203 535 4275 auri
565 4217 795 4269 usquam
819 4221 1257 4275 gemmarumque
1282 4214 1379 4274 est,
1414 4223 1468 4261 se
1515 4210 1708 4273 solum,
1740 4203 1848 4275 qui
1882 4209 2095 4271 habeat,

408 4271 792 4347 dignissimum
816 4281 1022 4342 putat;
1060 4271 1451 4331 sua—videlicet
1497 4271 1927 4347 perturbatione
1950 4294 2095 4346 prae-

408 4343 723 4417 sertimque
746 4347 980 4417 avaritia
1011 4347 1361 4402 obcaecatus:
1393 4343 1541 4402 unde
1574 4366 1675 4417 per
1704 4350 1786 4401 fas
1844 4354 1898 4401 et
1943 4343 2098 4400 nefas

410 4413 615 4482 opibus
652 4416 840 4470 studet
880 4418 1264 4487 acquirendis.
1318 4422 1546 4473 Plautus
1577 4413 1647 4473 in
1707 4423 1949 4489 Captiv.,
1987 4425 2094 4472 act.
2136 4422 2179 4474 D

407 4498 470 4547 ιι,
498 4499 651 4539 scen.
674 4489 706 4539 2
737 4502 750 4539 :

535 4574 631 4622 Odi
661 4588 757 4637 ego
782 4590 969 4625 aurum
996 4594 1007 4625 :
1041 4578 1209 4627 multa
1231 4579 1412 4628 multis
1442 4579 1607 4627 suasit
1628 4592 1919 4643 perperam.

484 4653 506 4685 ⁸
537 4654 640 4717 Qui
684 4671 825 4731 nuuc
868 4664 1101 4725 contum,
1147 4658 1275 4731 etc]
1354 4660 1721 4729 Philosophia
1778 4658 1982 4712 alludit
2031 4658 2095 4711 ad

411 4722 514 4777 hos
538 4740 731 4777 versus
750 4728 1005 4782 Juvenal.
1041 4722 1145 4783 sat.
1175 4722 1331 4795 18,41.
1367 4748 1436 4795 IV,
1470 4748 1521 4785 v.
1552 4722 1612 4784 19
1647 4748 1658 4785 :

539 4830 712 4902 Rauca
730 4829 865 4902 licet
886 4840 1059 4896 portes
1086 4838 1287 4902 argenti
1301 4838 1530 4902 vascula
1556 4839 1672 4898 puri

538 4892 698 4962 {facta
724 4893 827 4962 iter
854 4892 1405 4962 ingressusf'gladium
1437 4892 1758 4962 cont'umque
1784 4898 2008 4956 timebis,

538 4954 603 5028 Et
628 4961 784 5028 mota;
809 4958 872 5005 ad
902 4954 1082 5008 lunam
1121 4954 1402 5028 trépidahis
1432 4954 1710 5012 arundinis
1737 4962 1997 5010 umbram.

542 5015 792 5067 Cantabit
821 5034 1019 5070 vacuus
1054 5015 1231 5072 coram
1266 5025 1471 5074 latrone
1502 5028 1689 5076 viator.

419 5116 822 5192 L_atro_autem
866 5136 1039 5192 nunc
1093 5121 1190 5176 ille
1235 5123 1442 5176 dicitur
1492 5123 1609 5192 qui,
1670 5122 1788 5175 vias
1816 5121 2101 5185 obsidens,

416 5188 727 5263 viatoribus
779 5190 1168 5263 aufertopes,
1203 5210 1352 5263 saepe
1378 5188 1551 5247 etiam
1583 5188 1771 5247 vitam.
1824 5193 2104 5245 Nimirum

421 5260 561 5313 latro
592 5259 728 5313 olim
768 5267 891 5313 erat
922 5259 1086 5315 miles
1119 5259 1430 5318 conductus
1458 5267 1572 5318 sive
1606 5265 1849 5327 satelles,
1886 5263 1965 5316 sic
2013 5264 2105 5316 di-

418 5337 541 5405 ctus
571 5332 735 5405 quasi
798 5334 986 5398 latera,
1024 5334 1177 5403 quod
1205 5337 1438 5403 stiparet
1472 5336 1745 5405 principis
1791 5335 1877 5387 sui
1932 5336 2098 5387 latus.

422 5400 866 5476 Quoniam_vero
889 5400 1173 5473 ejusmodi
1206 5400 1591 5459 ho'mines‘sua
1623 5400 1771 5476 apud
1804 5420 2108 5475 rcgesauc-

421 5473 659 5547 toritate_
680 5473 860 5547 abusi,
896 5476 1139 5547 viatores
1170 5477 1403 5545 aggredi
1436 5473 1852 5547 pecuniamque
1876 5473 2102 5547 auferre

425 5558 537 5595 non
568 5542 923 5618 dubitabant,
959 5546 1164 5599 factum
1190 5542 1296 5613 est,
1327 5553 1391 5600 ut
1423 5542 1992 5618 Quicunque-viarum
2015 5546 2110 5599 ob-

420 5628 685 5679 sessores,
718 5615 853 5669 dicti
878 5617 1090 5671 fuerint
1110 5622 1375 5672 latrones.

493 5713 514 5734 '
542 5711 787 5766 Carmen
815 5718 1080 5768 constans
1117 5732 1233 5769 uno
1275 5730 1484 5785 genere
1519 5731 1807 5783 versuum,
1860 5729 2104 5785 quorum

2192 2152 2435 2225 quilibet
2468 2150 2649 2225 tribus
2690 2154 2909 2204 constat
2949 2149 3190 2219 pedibus
3238 2164 3372 2201 cum
3421 2146 3628 2225 syllaba
3674 2160 3831 2225 super-

2192 2218 2361 2279 s'tite:
2421 2224 2622 2277 tertius
2652 2239 2751 2291 pes
2777 2218 3002 2290 semper
3040 2226 3367 2290 anapaestus
3401 2234 3414 2272 :
3450 2218 3657 2287 primus
3686 2219 3733 2269 et
3773 2231 3833 2268 se-

2192 2296 2413 2349 cundus
2444 2293 2945 2365 indiscriminatim
2978 2292 3283 2365 spondeus,
3310 2295 3409 2365 aut
3440 2296 3769 2365 anapaestus._

2270 2370 2312 2419 l.
2348 2366 2510 2419 Prior
2538 2364 2715 2434 aetas.)
2750 2367 2795 2418 l.
2822 2364 3191 2432 Philosophia
3231 2362 3401 2431 ponit
3434 2362 3721 2413 discrimen
3761 2362 3831 2410 in-

2200 2441 2285 2493 ter
2311 2441 2505 2490 vetera
2564 2443 2619 2489 et
2653 2452 2798 2489 nova
2824 2442 3102 2504 tempora.
3138 2434 3329 2487 Poetis
3382 2434 3589 2501 quiqpe
3635 2435 3836 2500 quatuor

2196 2514 2329 2562 sunt
2360 2507 2560 2561 mundi
2587 2512 2802 2572 aetates,
2849 2522 3055 2573 nempe
3088 2521 3282 2565 aurea,
3307 2510 3593 2573 argentea,
3623 2516 3749 2555 aerea
3794 2505 3836 2573 et

2197 2582 2400 2646 ferrea,
2426 2578 2575 2649 quod
2624 2569 3112 2651 quemadmodum
3158 2569 3479 2651 ferrum'ab
3511 2590 3634 2639 aere,
3655 2589 3754 2651 aes,

2199 2646 2461 2720 argento,
2498 2646 2800 2719 argentum
2859 2649 2929 2702 ab
2978 2664 3140 2714 auro,
3189 2648 3268 2700 sic
3328 2652 3563 2720 nepotes
3616 2646 3836 2720 avirtute

2200 2714 2481 2847 miajiérum
2554 2714 2953 2791 degenerant:
3017 2720 3167 2773 unde
3226 2714 3423 2772 Horat:
3486 2718 3523 2770 l.
3580 2733 3635 2768 ιιι
3678 2714 3833 2768 Carm.

2200 2810 2288 2847 ο,
2381 2809 2393 2846 :

2197 2809 2288 2847 00,
2325 2809 2393 2846 ῠζ

2319 2910 2582 2956 Damnosa
2607 2907 2733 2969 quid
2764 2920 2872 2955 non
2896 2904 3345 2969 imminuitdies?

2316 2971 2457 3019 fEtas
2489 2967 2767 3031 parentum
2793 2969 2939 3031 pejor
2969 2970 3079 3016 avis
3110 2967 3230 3015 tulit

2382 3034 2484 3081 Nos
2506 3032 2786 3093 nequiores
2817 3046 2939 3079 mox
2970 3031 3185 3079 daturos

2446 3095 2757 3156 Progeniem
2779 3094 3117 3142 vitiosiorem.

2199 3213 2295 3265 Hic
2328 3216 2517 3265 autem
2538 3213 2729 3279 agitur
2758 3213 2826 3265 de
2865 3216 3027 3265 aetate
3056 3227 3248 3275 aurea,
3274 3227 3403 3280 qum
3439 3208 3639 3262 idcirco
3659 3206 3840 3275 vocatur

2196 3286 2351 3352 prior
2378 3299 2389 3337 :
2426 3284 2493 3337 de
2516 3301 2629 3354 qua
2660 3290 2825 3336 aetate
2867 3300 2992 3353 qua?
3028 3298 3182 3335 nunc
3213 3283 3507 3347 dicuntur,
3557 3280 3839 3354 haecnmaxx-

2200 3347 2354 3407 ruam
2388 3347 2603 3423 partem
2646 3355 2795 3407 dicta
2826 3347 3055 3406 fuerunt
3083 3370 3115 3406 a
3159 3353 3357 3422 Virgil.
3386 3370 3402 3405 1
3461 3357 3515 3423 et
3547 3366 3609 3423 ιιι
3654 3347 3838 3423 Georg?

2200 3413 2423 3478 Tibullo
2456 3426 2491 3478 l.
2529 3443 2564 3491 ι,
2616 3426 2686 3478 el.
2733 3428 2785 3491 3,
2819 3425 3077 3478 Lucretio
3117 3425 3154 3478 l.
3212 3413 3533 3487 vfﬂoratio
3577 3418 3732 3489 Epod.
3766 3413 3839 3468 od.

2206 3499 2288 3549 16.
2320 3496 2481 3549 Ovid.
2512 3513 2528 3549 ι
2568 3496 2812 3557 Metam.,
2849 3497 3105 3550 Juvenali
3135 3501 3236 3548 sat.
3274 3498 3326 3560 6,
3365 3500 3469 3547 etc.

2280 3569 2332 3619 2.
2361 3569 2629 3639 Contenta
2669 3568 2916 3632 ﬁdelibus
2964 3567 3155 3636 arvis.]
3189 3568 3256 3619 ΙΙ.
3288 3560 3841 3639 PhiloSOphiatracta-

2203 3642 2329 3691 tura
2361 3638 2430 3691 de
2458 3640 2626 3703 victu,
2658 3640 2931 3691 nimirum
2962 3638 3085 3691 cibo
3110 3633 3366 3706 p'otuque
3399 3633 3581 3688 aureas
3606 3633 3739 3686 illius
3757 3633 3843 3679 sive

2204 3708 2413 3778 prioris
2438 3710 2638 3773 astatis,
2674 3709 2873 3778 incipit
2903 3709 2971 3761 ab
3008 3710 3129 3779 ipsa
3161 3708 3447 3777 ejusmodi
3480 3708 3650 3779 victus
3694 3714 3843 3779 causa,

2205 3775 2413 3849 nempe
2443 3782 2514 3833 ab
2545 3783 2693 3833 arvis
2722 3775 2992 3848 ﬁdelibus,
3027 3775 3237 3850 quibus
3260 3786 3480 3832 veteres
3524 3778 3601 3829 illi
3637 3775 3842 3850 contenti

2207 3840 2386 3903 erant.
2430 3852 2642 3905 Arvum
2672 3840 2887 3915 autem,
2927 3840 3113 3920 inquit
3146 3851 3362 3915 Festus,
3396 3864 3525 3916 ager
3548 3854 3620 3901 est
3670 3840 3845 3920 necdum

2206 3926 2397 3975 satus:
2428 3922 2594 3975 iidele
2618 3939 2750 3975 vero
2774 3923 2828 3975 id
2888 3914 3114 3987 dicitur,
3153 3921 3307 3990 quod
3344 3914 3487 3973 votis
3533 3914 3842 3990 respondens.

2209 3994 2683 4062 exspectationem
2716 3995 3058 4061 possessoris
3093 4009 3205 4044 non
3237 3992 3545 4043 frustratur
3578 4006 3587 4041 :
3616 3998 3751 4055 atqui
3776 3996 3845 4062 au-

2208 4058 2425 4117 rea'illa
2454 4070 2619 4117 aetate
2650 4058 2773 4133 ag'ri
2796 4080 2898 4117 nec
2938 4063 3079 4117 arati
3111 4078 3215 4116 nec
3246 4062 3351 4116 sati
3384 4062 3625 4131 idipsum
3660 4058 3847 4126 praesta-

2207 4134 2363 4188 bant.
2398 4136 2618 4188 Lucret.
2654 4135 2690 4188 l.
2719 4151 2747 4186 v
2785 4151 2797 4188 :

2332 4262 2435 4309 Nec
2464 4260 2714 4308 robustus
2736 4262 2847 4306 erat
2876 4259 3024 4307 curvi
3052 4257 3352 4305 moderator
3383 4256 3539 4304 aratri

2333 4323 2620 4384 Quisquam
2652 4337 2661 4369 :
2696 4336 2791 4369 nec
2822 4322 2988 4369 scibat
3012 4321 3147 4368 ferro
3179 4319 3579 4384 moliricrarva.

2332 4370 2437 4433 Nec
2466 4370 2604 4433 nova
2657 4384 2902 4431 defodere
2954 4384 3006 4430 in
3040 4387 3230 4429 terrain
3269 4382 3514 4443 virgulta,
3541 4388 3699 4439 neque
3742 4370 3848 4418 ϐὶῐίέι

2334 4449 2622 4496 Arboribus
2654 4452 2855 4493 veteres
2874 4445 3111 4493 decidere
3147 4444 3541 4491 falcibu’ramos
3569 4456 3578 4487 :

2332 4494 2482 4567 Quod
2506 4510 2582 4557 sol
2615 4511 2769 4570 atque
2799 4509 3007 4563 imbres,
3035 4506 3309 4565 dederant,
3353 4506 3496 4570 quod
3525 4509 3653 4551 terra
3691 4494 3852 4545 crearat

2333 4573 2528 4635 Sponte
2552 4586 2666 4632 sua,
2687 4567 2828 4618 ’satis
2863 4570 2915 4617 id
2946 4570 3187 4632 placabat
3206 4574 3415 4630 pectora
3439 4567 3649 4615 donum.

2210 4689 2365 4744 Ovid.
2402 4690 2688 4749 iMetam.,
2716 4704 2766 4740 v.
2808 4688 2903 4740 109
2936 4703 2948 4740 :

2336 4816 2453 4863 Mox
2480 4814 2634 4861 etiam
2669 4812 2844 4875 fruges
2868 4811 3025 4859 tellus
3054 4811 3257 4858 inarata
3285 4810 3500 4859 ferebat.

2285 4936 2334 4984 3.
2369 4932 2471 4984 Nec
2501 4932 2663 4983 inerti
2699 4928 2920 4998 perdita
2941 4924 3157 4999 laena],
3190 4926 3377 4999 Luxus
3429 4925 3521 4978 hic
3552 4920 3766 4999 vitiant
3788 4924 3853 4999 εέί

2212 5004 2476 5057 dissoluti
2508 4986 2714 5065 animi:
2737 4999 2891 5069 quod
2928 4999 3019 5050 hic
3047 4986 3214 5069 va‘riis
3263 4996 3381 5049 suis
3430 4986 3849 5069 cogitationibus,

2216 5075 2272 5126 in
2304 5075 2617 5125 contrarias
2645 5064 2817 5124 veluti
2852 5075 3040 5137 partes
3072 5068 3391 5133 distractus,
3427 5068 3601 5118 instar
3654 5064 3851 5137 liquoris

2216 5152 2377 5198 motu
2410 5144 2794 5196 evanescentis
2826 5128 2968 5192 d‘ilui
2992 5140 3246 5191 videatur
3279 5155 3290 5191 :
3329 5128 3388 5190 ut
3422 5136 3575 5189 enim
3616 5150 3642 5185 a
3670 5128 3851 5208 [luofsl

2215 5197 2428 5284 ﬂuuius;
2452 5216 2528 5266 sic
2576 5232 2607 5265 a
2642 5216 2727 5267 luo
2768 5219 2852 5266 est
2907 5212 3070 5284 luxus
3103 5226 3115 5263 :
3147 5210 3615 5284 unde_lu.ruries:
3666 5202 3733 5284 sic

2218 5267 2731 5340 rentio'adolescens
2759 5284 2968 5337 dicitur
3019 5281 3156 5332 luam
3182 5280 3447 5346 perditus.
3484 5279 3575 5330 [lle
3594 5279 3763 5349 autem
3783 5267 3843 5349 luj

2216 5373 2318 5411 (rus
2356 5373 2469 5409 non
2500 5358 2598 5408 abs
2628 5372 2685 5407 re
2718 5359 2948 5407 vocatur
2988 5367 3128 5403 mers
3163 5368 3330 5403 :nam
3382 5352 3523 5401 iners
3572 5347 3720 5415 quasi
3756 5347 3850 5388 $106

2219 5436 2335 5481 arte
2360 5426 2678 5493 generatim
2702 5424 2987 5493 significat
3012 5438 3129 5475 rem
3178 5436 3405 5474 omnem
3433 5436 3557 5488 qua:
3591 5420 3668 5493 est
3699 5416 3849 5493 motus

2218 5486 2415 5569 expers
2448 5515 2458 5551 :
2492 5499 2637 5569 sicut
2671 5486 2891 5559 Ovidio,
2918 5510 3011 5547 nec
3033 5494 3341 5569 quidquam
3363 5486 3470 5569 nisi
3490 5486 3847 5569 pondusinirs.

2217 5561 2388 5640 Atqui
2418 5570 2512 5621 ille
2536 5567 2712 5620 animi
2744 5570 2908 5620 luxus
2956 5566 3207 5640 primum
3236 5566 3468 5640 quidem
3502 5561 3849 5640 CURiL‘amqf’

2219 5632 2424 5695 deinde
2481 5640 2731 5708 corporis
2780 5632 2973 5709 ipsius
3020 5632 3267 5689 humani,
3313 5639 3494 5687 motus
3551 5632 3718 5682 rectos
3765 5633 3849 5671 ιω·

2216 5712 2392 5783 pedit.
