3996 6170
174 345 260 395 697
1164 338 1254 390 ne
1292 336 1808 394 CONSOLATIONE
1847 336 2334 394 PHILOSOPHUS
2361 296 2500 391 .LlB.
2542 337 2617 392 11.

1871 471 1918 524 A
1951 471 2013 522 10
2088 468 2332 522 Somnos
2361 467 2532 522 dabat
2560 467 2734 522 herba
2766 467 3060 536 salubreis,

172 477 197 526 5
292 471 510 542 Jejunia
537 471 756 524 solvere
787 468 1014 539 glande.

293 561 412 614 Non
448 557 709 613 Bacchica
739 572 978 609 munera
1010 560 1220 610 norant

291 649 525 718 Liquida
552 645 903 700 confundere
931 645 1118 711 melle,

293 744 441 792 140
470 738 579 790 Nec
606 736 794 790 lucida
822 734 1033 788 vellera
1062 733 1263 789 Serum

287 827 455 896 Tyrio
486 826 724 879 miscere
755 840 996 878 veneno.

3536 338 3640 391 698

2081 559 2286 611 Potum
2319 573 2550 628 quoque
2584 558 2836 611 lubricus
2869 558 3071 625 amnis,

2087 647 2324 702 Umbras
2354 648 2632 700 altissima
2665 647 2858 717 pinus.

2091 742 2229 790 141
2273 737 2538 790 Nondum
2573 737 2743 788 maris
2768 734 2882 789 alta
2913 733 3160 800 secabat,

2084 826 2194 879 Nec
2225 825 2506 880 mercibus
2539 825 2791 896 undique
2820 825 2998 892 lectis,

1631 931 2208 989 INTERPRETATIO.

161 1023 304 1088 dona,
333 1025 656 1090 permiscere
687 1037 813 1075 cum
830 1023 980 1074 melle
1008 1021 1206 1090 fluido;
1242 1037 1410 1090 neque
1442 1023 1653 1089 inﬁcere
1683 1023 1838 1075 lanas

160 1094 406 1147 candidas
439 1096 628 1148 Serum
656 1095 999 1162 populorum
1023 1109 1176 1146 succo
1196 1109 1485 1162 purpureo
1513 1095 1660 1160 Tyri.
1689 1095 1832 1146 Gra-

157 1181 256 1217 men
294 1166 489 1216 iisdem
531 1165 806 1217 tribuebat
843 1179 1082 1232 soporem
1119 1165 1467 1230 saluti/“erum
1489 1181 1509 1226 ;
1547 1167 1742 1230 ﬂuvius
1769 1167 1833 1217 li-

155 1236 333 1304 quidus
365 1237 655 1288 tribuebat
698 1239 997 1304 potionem;
1043 1239 1214 1302 pinus
1265 1251 1488 1302 procera
1545 1236 1833 1288 tribuebat

157 1307 376 1360 umbras.
401 1307 656 1362 Nondum
689 1308 837 1359 ullus
870 1307 1043 1360 homo
1074 1306 1352 1360 scindebat
1378 1306 1509 1360 navi
1538 1322 1686 1360 mare
1713 1323 1837 1375 pro-

1947 1023 2202 1088 fundum,
2232 1039 2400 1088 neque
2421 1025 2761 1090 peregrinus,
2783 1023 2975 1090 opibus
2993 1022 3354 1091 undeqnaque
3366 1023 3630 1088 quaesitis,

1943 1102 2295 1162 conspexerat
2322 1110 2444 1148 oras
2489 1101 2614 1146 ante
2654 1098 2890 1159 ignotas.
2937 1094 3085 1146 Tunc
3111 1109 3312 1146 cornua
3355 1093 3487 1145 belli
3520 1107 3637 1145 cru-

1941 1165 2084 1219 delia
2104 1166 2355 1230 silebant,
2381 1181 2474 1218 nec
2504 1168 2728 1230 sanguis
2759 1165 3018 1231 gravibus
3054 1166 3362 1216 inimicitiis
3408 1163 3631 1230 effusus,

1941 1243 2309 1304 consperscrat
2342 1253 2496 1289 arma
2544 1237 2846 1289 horrenda:
2881 1251 3052 1303 qua-re
3084 1239 3279 1288 etenim
3308 1237 3395 1287 ira
3421 1236 3634 1288 hostilis

1948 1313 2203 1362 tentasset
2231 1324 2266 1360 a
2285 1311 2485 1376 primis
2523 1309 2635 1361 illis
2681 1308 3006 1376 temporibus
3039 1312 3274 1360 tractare
3311 1307 3481 1360 ullum
3519 1310 3633 1371 fer-

1778 1430 2002 1487 NOTAE.

213 1528 259 1577 ὅ.
303 1524 529 1594 Jejunia
576 1527 778 1580 solvere
824 1524 1071 1596 glande]
1121 1527 1212 1579 llI.
1257 1525 1632 1596 Philosophia
1676 1542 1831 1580 com-

155 1595 414 1649 mendans
445 1597 639 1650 cibum
688 1598 896 1667 prioris
942 1595 1098 1650 illius
1139 1597 1344 1665 aetatis,
1384 1595 1633 1651 breviter
1673 1603 1833 1651 notat

150 1684 207 1721 ea
248 1682 375 1736 quae
409 1675 668 1721 nostram
717 1670 866 1722 inter
919 1676 974 1722 et
1019 1669 1267 1738 priscam
1320 1669 1500 1723 victus
1549 1671 1832 1722 rationem

151 1738 516 1811 animadverti
545 1740 1165 1809 possunt'discrimina,
1195 1756 1441 1811 quorum
1466 1739 1577 1794 alia
1607 1742 1677 1793 ad
1709 1741 1834 1810 ipsa

151 1809 379 1874 cibaria;
412 1798 629 1863 alia'ad
681 1811 888 1864 horum
937 1798 1172 1864 modum
1212 1798 1521 1882 pertinent.
1577 1798 1832 1865 Primiim
1873 1798 1911 1850 Β

151 1882 283 1933 enim
317 1886 518 1933 nostra
547 1882 761 1934 cibaria
791 1883 1076 1951 exquisita
1107 1898 1228 1935 esse
1267 1883 1452 1936 solent
1478 1887 1531 1935 et
1578 1888 1696 1935 arte
1728 1899 1836 1952 pa-

150 1955 288 2015 rata;
327 1953 524 2024 prisca
555 1958 718 2006 erant
754 1955 950 2019 facilia
980 1959 1036 2006 et
1069 1954 1139 2006 ab
1168 1954 1291 2023 ipsa
1321 1961 1528 2006 natura
1559 1953 1836 2024 suppedi-

156 2027 269 2076 tata.
307 2023 534 2076 Deinde
563 2031 756 2076 nostra
786 2024 1000 2078 cibaria
1045 2025 1380 2094 frequenter
1421 2023 1748 2092 sumuntur,
1781 2028 1838 2076 et

153 2096 338 2161 sapius
368 2095 539 2146 nulla
572 2095 882 2165 instigante
921 2096 1071 2148 fame
1105 2112 1117 2148 :
1168 2097 1356 2164 prisca
1393 2111 1508 2148 non
1555 2097 1662 2148 nisi
1713 2099 1839 2165 post

145 2164 337 2231 jejunio
377 2181 572 2235 eaque
597 2164 732 2220 sera
752 2167 868 2218 sive
899 2167 967 2219 ad
1000 2166 1268 2219 ultimum
1303 2183 1482 2236 usque
1524 2167 1675 2219 diem
1712 2164 1833 2218 Ser-

152 2242 280 2287 veta.
312 2236 622 2289 Postremo
679 2243 872 2290 nostra
929 2237 1143 2290 cibaria
1200 2253 1321 2289 esse
1378 2239 1564 2290 solent
1617 2252 1835 2301 carnes,

153 2307 314 2374 pisces
381 2313 439 2359 et
489 2310 775 2374 optimum
833 2309 1102 2378 quodque
1133 2308 1422 2360 fructuum
1480 2309 1835 2360 terrestrium

154 2392 310 2444 genus
334 2393 346 2429 :
382 2379 584 2447 prisca
613 2386 777 2431 erant
802 2379 1048 2445 glandes,
1072 2379 1328 2448 ignobile
1351 2381 1582 2447 frugum
1603 2383 1839 2447 vulgus;

153 2449 283 2516 quod
325 2449 596 2518 pluribus
642 2450 768 2502 aliis
811 2465 941 2502 cum
988 2455 1305 2514 oratorum,
1359 2457 1480 2502 tum
1540 2456 1837 2518 poetarum

151 2522 487 2572 testimoniis
518 2519 851 2573 confirmari
885 2527 1088 2590 potest.
1127 2522 1323 2590 Virgil.
1361 2538 1374 2573 1
1404 2522 1632 2591 Georg.,
1665 2537 1718 2574 v.
1753 2524 1784 2574 8
1817 2537 1835 2574 :

255 2608 557 2656 Chaoniam
589 2609 773 2671 pingui
803 2609 1052 2672 glandem
1083 2609 1309 2657 mutavit
1337 2609 1514 2658 arista.

153 2696 205 2749 Et
231 2713 278 2750 v.
318 2699 412 2750 159
447 2714 465 2752 :

255 2785 639 2850 Concussaque
668 2786 858 2836 famem
891 2786 946 2834 in
977 2785 1124 2835 silvis
1154 2785 1392 2836 solabere
1423 2800 1639 2850 quercu.

152 2866 418 2921 Lucretius
441 2869 460 2921 l
480 2909 492 2920 .
525 2885 575 2921 v.

255 2955 595 3004 Glandiferas
619 2957 758 3004 inter
786 2957 1043 3019 curabant
1075 2969 1296 3017 corpora
1321 2969 1607 3019 quercus...

253 3019 340 3066 Ast
367 3019 566 3066 odium
592 3019 750 3081 ccepit
777 3018 1006 3080 glandis.

154 3097 358 3152 Ovidius
390 3115 407 3151 1
442 3100 706 3166 Metam.,
740 3099 853 3153 fab.
888 3102 941 3165 3,
976 3117 1023 3153 v.
1052 3099 1156 3154 103
1194 3114 1206 3152 :

257 3186 618 3250 Contentique
647 3188 777 3235 cibis
813 3187 960 3236 nullo
991 3191 1210 3250 cogente
1237 3188 1442 3245 creatis,

258 3251 526 3312 Arbuteos
557 3249 691 3297 fetus
715 3249 1072 3312 montanaque
1102 3249 1248 3311 fraga
1277 3250 1538 3312 legebant,

258 3311 563 3374 Cornaque,
593 3316 644 3360 et
669 3312 723 3359 in
755 3312 900 3359 duris
931 3311 1184 3360 haerentia
1216 3311 1362 3359 mora
1387 3313 1606 3364 rubetis.

257 3374 315 3421 Et
342 3388 472 3436 quae
503 3375 809 3422 deciderant
839 3375 1017 3436 patula
1043 3375 1190 3422 Jovis
1217 3376 1400 3423 arbore
1424 3374 1662 3436 glandes.

156 3453 274 3506 Hinc
302 3454 491 3524 primi
515 3454 789 3527 homines
812 3455 1158 3508 vocabantur
1188 3453 1542 3527 βαλανοφάγοι
1570 3457 1654 3504 καὶ
1685 3450 1838 3527 ὑδρο-

153 3529 305 3586 πόται,
339 3525 577 3590 glandis
625 3527 810 3578 edaces
860 3532 909 3578 et
959 3541 1116 3594 aqua:
1168 3532 1426 3594 potores:
1478 3526 1611 3594 hinc
1663 3525 1836 3580 etiam

155 3601 425 3669 communi
461 3597 677 3665 adagio
705 3592 1026 3666 antiquitus
1058 3592 1351 3650 dicebatur
1378 3596 1489 3656 ἅλις
1523 3592 1700 3669 δρυὸς,
1742 3613 1836 3650 sa-

156 3668 214 3719 tis
238 3682 460 3734 quercus
480 3707 492 3719 .
1560 3668 1565 3669 ⁷
1820 3668 1824 3672 ’

213 3740 258 3789 6.
291 3740 409 3792 Non
443 3739 720 3792 Bacchica
760 3736 1033 3809 munera]
1086 3737 1170 3790 IV.
1219 3737 1586 3806 Philosophia
1627 3737 1833 3790 memi-

154 3809 224 3878 nit
253 3816 419 3877 potus
481 3825 670 3862 aurea:
703 3809 857 3862 illius
890 3813 1092 3875 aetatis,
1129 3825 1299 3878 quem
1333 3809 1481 3861 dicet
1531 3825 1693 3861 versu
1729 3825 1834 3861 un-

155 3877 354 3932 decimo
385 3881 570 3933 fuisse
604 3897 831 3949 aquam,
870 3882 1056 3934 Polum
1082 3877 1293 3950 quoque
1323 3880 1560 3933 lubricus
1607 3883 1784 3933 amnis
1820 3895 1832 3933 :

157 3951 288 4002 unde
334 3951 641 4021 praemittit
670 3951 774 4004 hos
807 3960 1021 4003 veteres
1055 3967 1155 4003 nec
1199 3951 1396 4002 vinum
1426 3952 1688 4003 Bacchica
1718 3967 1836 4002 mu-

154 4035 288 4084 nera,
313 4039 413 4074 nec
448 4023 705 4075 mulsum
738 4025 925 4074 vinum
955 4023 1105 4075 melle
1125 4025 1345 4074 mistum
1367 4022 1604 4075 novisse.
1630 4022 1836 4074 Vinum

157 4094 292 4144 enim
322 4094 537 4145 dicitur
575 4109 781 4145 munus
813 4093 1033 4156 Bacchi,
1071 4094 1222 4162 quod
1259 4094 1561 4161 Dionysius
1596 4092 1711 4145 vini
1743 4092 1836 4144 ius

159 4170 341 4216 venter
372 4164 562 4216 dictus
597 4164 768 4216 fuerit
801 4165 1050 4216 Bacchus
1081 4165 1198 4216 sive
1227 4166 1403 4222 ἵακκος
1423 4163 1493 4215 ab
1519 4163 1655 4225 ἰαχὴ,
1681 4163 1838 4232 quod

156 4233 447 4287 clamorem
498 4241 690 4300 notat;
745 4235 878 4304 quia
930 4235 1076 4287 forte
1125 4236 1318 4287 vinum
1368 4235 1434 4286 ad
1488 4235 1837 4304 loquendum

157 4307 410 4372 primum,
447 4306 661 4359 deinde
691 4308 862 4358 etiam
896 4306 962 4358 ad
1005 4307 1369 4358 clamandum
1414 4310 1643 4374 potores
1687 4304 1834 4357 exci-

156 4378 239 4428 tet.
277 4377 467 4429 Horat.
508 4378 684 4445 Epist.
721 4377 756 4429 l.
793 4394 830 4441 1,
855 4392 944 4446 ep.
975 4379 1004 4428 5
1040 4392 1054 4429 :

267 4464 404 4526 Quid
437 4479 550 4512 non
578 4465 802 4512 ebrietas
837 4465 1122 4526 designat?
1157 4467 1340 4524 operta
1371 4463 1612 4519 recludit,

268 4525 393 4586 Spes
420 4528 579 4588 jubet
604 4540 716 4574 esse
744 4530 882 4574 ratas
909 4541 919 4574 :
953 4525 1005 4573 in
1038 4525 1216 4588 praelia
1247 4526 1412 4573 trudit
1447 4526 1700 4574 inermem
1730 4541 1741 4574 ε

267 4588 520 4636 Sollicitis
544 4589 736 4636 animis
761 4603 897 4637 onus
927 4589 1106 4636 eximit
1135 4604 1144 4636 :
1170 4589 1392 4636 addocet
1416 4593 1568 4634 artes.

267 4651 501 4698 Fecundi
533 4651 723 4698 calices
747 4665 900 4713 quem
931 4665 1037 4699 non
1070 4650 1238 4698 fecere
1264 4650 1546 4698 dissertum
1564 4650 1590 4697 ?

159 4726 381 4800 blulsum
417 4737 611 4782 autem
647 4737 731 4783 est
775 4730 930 4800 potio
963 4747 1029 4782 ex
1065 4730 1297 4800 vinoet
1330 4730 1498 4782 melle
1552 4728 1838 4799 permistis

159 4797 288 4872 facta
321 4818 334 4853 :
370 4802 526 4854 unde
559 4797 1023 4872 Graecis'oivbpe).t
1063 4809 1118 4853 et
1150 4799 1455 4872 μελίκρατον
1499 4797 1838 4869 appellatur.

163 4867 427 4942 Nimirum
464 4867 954 4942 quemadmodum
999 4873 1128 4924 vino
1150 4867 1356 4924 recens
1388 4867 1619 4924 invento
1668 4887 1835 4940 aqua,

161 4941 305 5013 prior
333 4941 640 4996 hominum
671 4945 850 5013 potio,
886 4944 1073 4996 infusa
1100 4945 1224 5009 fuit,
1261 4943 1427 5012 juxta
1459 4943 1603 4995 illud
1627 4943 1780 5012 Virg.
1818 4957 1834 4995 1

164 5009 375 5081 Georg,
406 5031 459 5066 ν.
495 5018 556 5068 9:
671 5009 691 5013 “
824 5009 846 5072 ς

275 5100 573 5165 Poculaque
604 5103 832 5151 inventis
865 5102 1114 5151 Acheloia
1143 5101 1355 5150 miscuit
1383 5101 1517 5148 uvis.

164 5176 239 5254 Sic
267 5191 554 5254 crescente
598 5185 874 5252 gulonum
910 5184 1166 5248 libidine,
1201 5182 1387 5254 eidem
1414 5182 1545 5233 vino
1578 5182 1686 5234 mel
1732 5180 1840 5254 fuit

165 5253 486 5316 immistum,
517 5254 630 5306 sive
661 5255 726 5306 ad
760 5256 1131 5323 voluptatem,
1168 5255 1283 5305 sive
1318 5253 1488 5305 etiam
1519 5254 1586 5304 ad
1624 5253 1838 5320 produ-

161 5323 385 5395 cendam
420 5326 640 5376 vitam:
689 5330 858 5394 potus
903 5326 1116 5395 quippe
1148 5326 1240 5376 ille
1284 5339 1456 5375 venas
1500 5339 1702 5375 vacuas
1738 5340 1840 5395 sua

161 5386 380 5465 lenitate
413 5397 662 5447 mulcere
690 5386 870 5448 i'ertur
901 5386 1020 5450 ε’οέ
1046 5386 1160 5464 quo
1191 5395 1338 5448 forte
1371 5412 1402 5446 a
1431 5395 1708 5447 mulccndo
1748 5393 1835 5446 di-

164 5466 297 5538 gitur
328 5466 578 5538 mulsum.
624 5466 763 5518 Hinc
795 5468 983 5519 Catius
1013 5467 1162 5535 apud
1198 5465 1489 5538 Horatium
1522 5466 1836 5538 reprelienf

164 5528 236 5582 dit
261 5535 569 5607 Autidium,
612 5553 724 5589 non
757 5538 906 5607 quod
961 5528 1065 5590 mel
1115 5538 1350 5590 Falerno
1402 5528 1682 5600 misceret,
1739 5535 1837 5589 sed

100 5657 105 5662 _
164 5605 304 5669 quod
336 5606 571 5660 Falerno
601 5605 849 5674 austero,

276 5691 512 5741 Auﬁdius
539 5695 658 5746 forti
686 5697 938 5745 miscebat
965 5695 1122 5745 mella
1151 5695 1373 5744 Falerno

278 5753 542 5816 blandose,
575 5759 825 5821 quoniam
856 5759 1036 5808 vacuis
1061 5759 1389 5808 committere
1414 5758 1560 5806 venis

2065 1527 2147 1576 Nil
2174 1527 2274 1576 nisi
2298 1527 2418 1576 lene
2449 1526 2616 1584 decet,
2647 1525 2753 1575 leni
2780 1525 3070 1589 praecordia
3095 1525 3267 1574 mulso

2068 1590 2330 1639 Prolueris
2360 1590 2570 1638 melius.

1942 1672 2078 1724 Hinc
2106 1672 2278 1726 etiam
2309 1671 2537 1725 Asinius
2569 1669 2747 1724 Pollio
2770 1671 3147 1723 centesimum
3179 1669 3461 1722 excedens
3493 1673 3634 1722 asta-

1943 1743 2013 1796 tis
2043 1758 2286 1808 annum,
2329 1758 2460 1796 cum
2494 1743 2564 1796 ab
2610 1745 2871 1812 Augusto
2903 1742 3129 1810 hospite
3161 1746 3463 1809 rogaretur
3493 1755 3633 1809 qua-

1945 1830 2074 1867 nam
2110 1815 2351 1867 maxime
2383 1813 2602 1867 ratione
2646 1813 2808 1866 illum
2841 1812 3099 1882 corporis
3148 1812 3444 1880 animique
3475 1812 3633 1879 vigo-

1942 1901 2064 1938 rem
2093 1891 2388 1945 servasset,
2411 1885 2726 1953 respondit,
2759 1886 2914 1938 Intus
2946 1885 3136 1948 mulso,
3159 1886 3301 1947 foris
3324 1885 3453 1936 oleo.

2015 1959 2064 2010 8.
2099 1959 2203 2012 Nec
2234 1957 2417 2009 lucida
2440 1957 2638 2009 vellera
2673 1953 2910 2026 Serum]
2951 1955 3014 2011 V.
3050 1954 3416 2023 Philosophia
3445 1959 3636 2026 trans-

1943 2027 1989 2079 it
2019 2028 2084 2080 ad
2134 2030 2348 2097 primas
2396 2027 2680 2095 majorum
2733 2023 2929 2090 vestes,
2977 2042 3116 2095 quas
3154 2023 3486 2097 designavit
3518 2039 3634 2097 _no-

1945 2095 2176 2150 minatis
2199 2099 2428 2150 illorum
2466 2097 2603 2151 toris
2631 2103 2688 2150 et
2715 2098 2978 2150 tentoriis
3014 2113 3026 2149 :
3057 2096 3186 2162 tori,
3215 2101 3377 2148 erant
3407 2095 3630 2160 herbae;

1944 2184 2152 2222 somnos
2186 2170 2357 2222 dabat
2403 2169 2569 2221 herba
2599 2169 2840 2222 salubres
2862 2184 2884 2229 ;
2913 2168 3178 2232 tentoria,
3212 2167 3463 2230 arbores,
3513 2180 3634 2218 um-

1947 2241 2071 2293 bras
2115 2242 2384 2293 altissima
2417 2254 2618 2308 pinus:
2675 2239 3050 2308 quamobrem
3101 2239 3260 2307 prius
3316 2236 3472 2303 dixit,
3530 2235 3635 2289 hos

1947 2317 2164 2363 veteres
2197 2327 2314 2364 non
2338 2314 2558 2364 novisse
2578 2316 2747 2363 vestes
2776 2309 3002 2374 sericas,
3035 2315 3134 2362 aut
3161 2324 3490 2377 purpuram,
3521 2322 3636 2376 qua

1944 2384 2324 2451 tingerentur.
2361 2382 2523 2435 Seres
2554 2397 2692 2450 ergo
2725 2387 2859 2433 sunt
2895 2381 3114 2450 populi,
3149 2397 3292 2449 quos
3323 2382 3472 2432 inter
3491 2379 3636 2451 duos

1945 2448 2144 2505 amnes
2179 2455 2492 2523 Hydaspem
2523 2459 2578 2506 et
2612 2448 2813 2506 l'ndum
2857 2448 3196 2504 consututos
3233 2451 3464 2523 Orosius
3503 2448 3636 2523 scri-

1945 2523 2084 2577 bitl.
2115 2521 2550 2593 111,6.‘23prud
2585 2525 2687 2576 hos
2720 2525 2981 2593 quaedam
3016 2527 3149 2574 sunt
3179 2521 3636 2574 arborestenuis-

1946 2596 2086 2647 sima
2121 2597 2366 2666 quadam
2392 2598 2520 2648 lana
2543 2600 2763 2647 onustae
2791 2610 2802 2647 :
2828 2595 2972 2666 sicut
2991 2594 3252 2663 plurimis
3271 2593 3635 2666 gravissimo-

1947 2681 2074 2718 rum
2108 2662 2404 2719 a'uctorum
2452 2666 2797 2719 testimoniis
2845 2662 3163 2734 probatur:
3214 2671 3278 2716 ut
3324 2662 3548 2732 Virgilii
3595 2677 3634 2715 tt

1947 2738 2175 2807 Georg,
2212 2754 2262 2791 ν.
2302 2741 2392 2791 121
2435 2753 2446 2790 :

2070 2825 2379 2888 Velleraque
2409 2829 2467 2873 ut
2491 2824 2630 2873 foliis
2656 2824 2935 2887 depectant
2964 2823 3142 2872 tenuia
3175 2822 3342 2871 Seres.

1945 2905 2172 2960 Senecas
2200 2906 2259 2958 iu
2291 2907 2434 2971 0ct.,
2471 2921 2520 2957 v.
2553 2908 2653 2958 667
2691 2920 2702 2957 :

2068 2995 2173 3042 Nec
2209 2993 2431 3041 Maeonia
2457 2993 2735 3054 distinguit
2763 3006 2858 3040 acu

2071 3057 2198 3113 Qum
2234 3056 2470 3104 Phoebeis
2500 3056 2742 3104 subditus
2773 3054 2914 3103 euris

2070 3117 2225 3180 Legit
2251 3119 2360 3166 eois
2383 3132 2467 3166 ser
2486 3118 2783 3166 arboribus.

1946 3198 2243 3252 Claudiani
2269 3214 2443 3251 carm.
2483 3200 2531 3262 1,
2569 3213 2617 3249 v.
2661 3199 2756 3250 179
2794 3210 2805 3249 :

2070 3285 2304 3334 Stamina
2330 3285 2469 3348 quod
2503 3285 2649 3334 molli
2679 3283 2902 3332 tondent
2926 3282 2989 3331 de
3015 3282 3190 3344 stipite
3216 3280 3384 3329 Seres.

1946 3367 2055 3421 Sed
2093 3366 2278 3436 gravis
2322 3372 2406 3419 est
2455 3366 2762 3436 disputatio
2795 3365 2864 3418 de
2897 3363 3120 3431 origine
3158 3358 3632 3436 ejusmodilanaa,

1946 3454 2018 3490 an
2057 3430 2175 3490 haec
2202 3437 2272 3490 ab
2305 3430 2623 3502 arboribus,
2653 3452 2726 3489 an
2760 3436 2948 3504 potius
2977 3430 3010 3486 a
3041 3430 3366 3486 vermiculis
3397 3430 3514 3504 illic
3545 3430 3638 3483 de-

1945 3508 2254 3577 gentibus?
2284 3508 2388 3561 hoc
2420 3509 2689 3561 ultimum
2722 3503 2946 3560 videtur
2977 3504 3348 3577 probabilius,
3384 3509 3448 3554 ut
3474 3503 3635 3554 bom-

1945 3575 2112 3648 byces
2159 3580 2309 3648 apud
2351 3581 2486 3632 istos
2534 3579 2796 3648 populos,
2849 3576 3017 3628 veluti
3063 3575 3214 3644 apud
3259 3589 3362 3626 nos
3415 3579 3637 3650 stamen

1947 3643 2016 3703 ab
2047 3652 2172 3702 alvo
2199 3643 2441 3719 gravida
2473 3643 2700 3703 duca-ut.
2736 3650 3038 3712 Eleganter
3070 3643 3339 3722 rugosum
3371 3659 3436 3696 ac
3463 3643 3638 3722 sordi-

1947 3723 2082 3774 dum
2122 3723 2282 3773 illum
2320 3735 2565 3774 vermem
2597 3721 2895 3788 descripsit
2925 3719 3141 3786 grande
3169 3722 3375 3788 nostra:
3406 3719 3635 3768 univer-

1947 3792 2126 3845 sitatis
2151 3793 2323 3844 decus
2354 3795 2637 3844 Antonms
2667 3787 2932 3854 l’lallaius,
2965 3791 3050 3841 his
3083 3787 3339 3840 versibus
3372 3802 3384 3839 :

2074 3880 2160 3926 list
2194 3880 2286 3927 olli
2317 3885 2486 3927 mater
2519 3879 2711 3933 sanies,
2743 3878 2831 3925 dat
2861 3876 3080 3924 frondea
3107 3875 3287 3922 nutrix

2070 3941 2288 3992 Pabula.
2319 3942 2575 4002 'l‘hysbaao
2604 3942 2778 3987 Morus
2812 3939 3010 4000 polluta
3039 3951 3243 4002 cruore.

2071 4005 2230 4060 Queis
2256 3995 2461 4051 avidam
2492 4008 2551 4051 ut
2580 4003 2790 4049 clausus
2813 3995 3081 4049 latebroso
3112 4001 3163 4046 iu
3197 4011 3404 4046 carcere
3434 3995 3575 4059 pavit

2069 4066 2382 4126 lngluviem,
2410 4071 2624 4126 totoque
2653 4071 2800 4110 satur
2822 4064 2930 4125 jam
2963 4076 3178 4126 corpore
3204 4065 3392 4126 turget.

2069 4121 2278 4176 Viscera
2305 4134 2414 4175 tum
2444 4121 2673 4174 vacuatis
2705 4121 2955 4187 paulatim
2987 4121 3110 4173 hinc
3137 4121 3515 4187 m_olle._li_gurat

2072 4191 2373 4249 Lauicium;
2404 4184 2746 4249 illuviemque
2774 4187 2942 4234 modis
2969 4186 3021 4233 in
3055 4185 3231 4249 tenuia
3256 4184 3402 4249 miris

2069 4253 2167 4300 Net
2196 4254 2300 4308 ﬁla,
2332 4243 2383 4301 et
2409 4257 2622 4300 teretem
2654 4243 2953 4311 glomerans
2978 4246 3246 4296 convolvit
3273 4246 3327 4292 in
3359 4243 3559 4292 orbem.

2071 4315 2137 4362 Ut
2164 4329 2285 4362 vero
2321 4316 2569 4363 emeritus
2603 4310 2819 4376 perfecit
2848 4310 3021 4359 nobile
3050 4322 3269 4376 pensum

2074 4377 2326 4425 Exanimo
2356 4377 2561 4427 similis.
2592 4372 2818 4436 pretiosa
2848 4379 2906 4421 ut
2935 4372 3339 4436 conditusrurna

2077 4439 2168 4486 llic
2187 4440 2362 4502 jacet:
2397 4446 2450 4486 at
2472 4439 2574 4487 luci
2593 4432 2722 4485 mox
2754 4437 3015 4502 redditur;
3050 4435 3224 4482 induit
3251 4432 3380 4502 alas,

2069 4489 2290 4564 Jamque
2345 4502 2475 4560 avis,
2524 4506 2577 4549 et
2619 4501 2830 4558 vermis,
2883 4489 3252 4615 ueutrumpue,
3306 4498 3358 4603 ῗι
3411 4489 3639 4600 (ἰεὲἰὶιυθ

3152 4571 3302 4604 mons
3329 4567 3443 4602 rum
3511 4567 3576 4599 s.

3152 4567 3443 4604 IDOUSU'UID
3481 4567 3576 4600 εει.

1950 4649 2208 4716 Purpura
2238 4649 2450 4706 autem,
2479 4659 2593 4714 qua
2622 4649 2800 4696 vestes
2826 4641 3018 4716 sericae
3050 4639 3372 4716 tinguntur,
3408 4639 3640 4716 vocatur

1947 4708 2205 4771 seminum
2248 4708 2518 4782 Tyrium?
2552 4730 2811 4786 venenum
2851 4713 3107 4786 quidem,
3156 4709 3292 4780 quia
3337 4708 3525 4786 liquor
3554 4709 3641 4758 est

1949 4806 1978 4841 e
2010 4788 2222 4840 concha
2271 4780 2530 4850 eductus,
2571 4785 2667 4855 qui
2723 4780 2895 4848 lanas,
2949 4785 3127 4836 instar
3175 4780 3378 4855 veneni
3413 4780 3642 4855 _visc_era

1950 4865 2006 4912 et
2061 4875 2229 4911 venas
2280 4851 2604 4922 subeuntis;
2647 4859 2938 4921 ingressus
2984 4855 3086 4906 has
3134 4852 3361 4905 inlicit:
3410 4851 3642 4918 Tyrium

1950 4947 2103 4996 vero,
2153 4929 2304 4998 quod
2344 4929 2522 4997 Tyrus
2555 4928 2690 4979 urbs
2723 4927 3041 4998 Plimnicur,
3073 4923 3326 4998 muricis,
3356 4922 3642 4998 praedicta).

1949 4993 2203 5062 conchae,
2239 4993 2459 5068 piscatu
2479 5000 2648 5051 luerit
2667 4998 2924 5050 Celebris.
2945 4997 3093 5066 Virg.
3113 5013 3150 5049 11
3177 4996 3406 5062 Georg.,
3431 4993 3636 5045 v.465:

2073 5089 2200 5137 Alba
2228 5101 2323 5135 nec
2355 5086 2565 5148 Assyrio
2595 5085 2804 5133 fucatur
2830 5085 2952 5132 lana
2978 5096 3201 5132 veneno.

2028 5170 2108 5220 13.
2161 5165 2413 5220 Nondum
2465 5167 2634 5218 maris
2673 5165 2788 5216 alta
2829 5161 3085 5233 secabat]
3144 5163 3223 5235 Vl.
3276 5155 3642 5235 Philosophia

1949 5244 2382 5298 commemorat,
2438 5252 2664 5301 aurum,
2723 5237 2870 5305 quod
2925 5234 3265 5290 Commercio
3325 5234 3637 5305 praesertim

1951 5317 2360 5378 comparatur:
2407 5303 2815 5359 commercium
2862 5306 3158 5378 autemftit
3198 5303 3482 5378 principue
3533 5313 3641 5378 ope

1949 5373 2278 5435 famulantis
2313 5379 2505 5440 maris,
2538 5378 2606 5431 de
2638 5395 2751 5448 quo
2803 5394 2956 5430 nunc
2987 5377 3192 5445 agitur.
3229 5373 3315 5427 Sic
3348 5373 3642 5424 Lucretius

1948 5453 2100 5506 l.v:

2078 5544 2139 5588 At
2166 5552 2274 5587 non
2299 5537 2468 5585 multa
2497 5538 2669 5584 virum
2699 5537 2797 5584 sub
2829 5535 2993 5597 signis
3025 5531 3187 5597 millia
3215 5531 3374 5597 ducta

2079 5603 2190 5652 Una
2220 5601 2331 5648 dies
2357 5601 2513 5648 dabat
2540 5600 2700 5648 exitio
2728 5614 2739 5647 :
2775 5593 3108 5646 nec—turbida
3135 5593 3281 5657 ponti

2072 5665 2302 5727 Equora
2331 5662 2596 5712 laedebaut
2627 5676 2786 5710 naves
2817 5661 2881 5708 ad
2909 5672 3037 5708 saxa
3059 5657 3328 5721 virosque.

1953 5746 2040 5802 Sic
2071 5744 2330 5800 Tibullus
2360 5745 2398 5798 l.
2437 5761 2474 5811 1,
2501 5744 2570 5798 cl.
2599 5747 2628 5794 5
2659 5760 2671 5796 2
