3996 6170
356 308 459 361 699

358 446 418 495 15
497 442 650 495 Nova
678 441 870 494 littora
900 439 1118 494 viderat
1148 439 1372 508 hospes.

490 531 644 583 Tunc
675 529 906 582 classica
935 546 1083 583 saeva
1112 530 1397 591 tacebant,

500 624 644 673 142
677 619 830 672 Odiis
856 635 1040 689 neque
1073 618 1230 672 fusus
1253 618 1470 672 acerbis

493 709 672 762 Cruor
696 707 928 761 horrida
948 708 1193 761 tinxerat
1223 723 1400 761 arma.

489 796 636 860 Quid
678 797 829 850 enim
864 797 1023 850 furor
1052 796 1301 850 hosticus
1333 797 1449 850 ulla

349 889 416 938 20
490 887 670 939 Vellet
701 885 860 955 prior
890 902 1048 939 arma
1078 900 1327 953 movere,

489 975 632 1028 Cum
658 974 896 1028 vulnera
925 991 1076 1027 saeva
1102 975 1376 1041 viderent,

1702 304 1812 360 AN.
1852 302 2060 361 MANL.

2101 303 2245 360 SEV.
2290 303 2521 360 BOETH

2076 440 2121 493 A
2294 439 2405 491 Nec
2441 436 2682 507 praemia
2711 434 3006 505 sanguinis
3039 436 3152 490 ulla
3175 437 3203 492 ?

2294 527 2522 580 Utinam
2556 526 2728 580 modo
2755 530 2950 579 nostra
2979 525 3236 580 redirent

2292 617 2355 668 In
2381 630 2568 668 mores
2591 619 2850 684 tempora
2878 613 3127 684 priscos!

2148 707 2216 757 25
2291 703 2398 758 Sed
2427 703 2627 757 saevior
2655 703 2886 774 ignibus
2913 703 3096 756 lEtnse

2291 794 2535 847 Fervens
2566 809 2730 846 amor
2757 793 2916 846 ardet
2949 792 3214 846 habendi.

2299 889 2442 937 143
2479 885 2618 948 Heu,
2652 882 2870 952 primus
2902 883 3030 953 quis
3060 881 3166 935 fuit
3187 881 3302 949 ille,

2288 971 2423 1025 Auri
2455 972 2555 1042 qui
2586 971 2843 1042 pondera
2872 970 3006 1024 tecti

1833 1076 2416 1132 ΙΝΤΕΒΡΒΕΤΑΤΙΟ.

343 1191 509 1241 rum?
550 1187 988 1254 quandoquidem
1028 1186 1200 1255 primi
1233 1188 1314 1240 illi
1347 1186 1606 1240 homines
1637 1187 2036 1238 animadverte-

345 1260 473 1312 bant
497 1258 617 1312 fore
649 1265 713 1311 ut
744 1261 1123 1325 inﬂigercntur
1156 1261 1331 1326 plaga:
1359 1259 1620 1322 crudeles,
1660 1259 1862 1325 absque
1891 1271 2032 1308 mer-

343 1331 465 1384 cede
495 1331 610 1382 ulla
639 1333 848 1382 cruoris
892 1331 1068 1396 effusi.
1122 1332 1339 1382 Utinam
1376 1336 1560 1383 nostra
1599 1335 1729 1382 aetas
1760 1343 1904 1380 nunc
1937 1341 2036 1380 re-

341 1406 590 1456 vertatur
618 1402 691 1454 ad
739 1403 1025 1468 antiquum
1074 1400 1238 1454 illum
1278 1402 1494 1455 modum
1541 1400 1787 1454 vivendi.
1836 1400 2034 1454 Verum

2146 1189 2379 1238 aestuans
2421 1185 2586 1238 libido
2631 1185 2886 1238 bonorum
2921 1185 3264 1249 caducorum,
3311 1187 3548 1252 asperior
3588 1189 3781 1251 ﬂammis

2145 1259 2365 1310 .‘Etnaeis
2395 1258 2568 1322 fer-vet
2609 1257 2760 1325 apud
2807 1272 2926 1310 nos.
2969 1258 3105 1319 Heu,
3138 1258 3390 1323 quisnam
3425 1257 3512 1308 ille
3545 1257 3648 1321 fuit
3677 1273 3784 1310 om-

2145 1328 2306 1380 nium
2347 1332 2579 1396 primus,
2614 1330 2712 1395 qui
2761 1330 2901 1381 eruit
2947 1328 3194 1396 pondera
3237 1329 3362 1380 auri
3397 1327 3699 1392 absconditi,
3745 1334 3783 1380 ct

1975 1503 2193 1561 NOTAE.

467 1595 712 1660 Nondum
741 1595 994 1660 caeruleas
1017 1595 1179 1660 pinus
1198 1599 1586 1660 contempserat
1615 1605 1786 1654 undas

588 1659 824 1706 Effusum
855 1659 1026 1706 ventis
1057 1659 1457 1721 praebueratque
1489 1663 1684 1713 sinuin.

466 1722 572 1769 Nec
599 1735 766 1782 vagus
795 1721 992 1780 ignotis
1021 1725 1260 1785 repetens
1287 1726 1599 1785 compendia
1625 1731 1778 1779 terris

594 1785 856 1833 Presserat
880 1788 1092 1832 externa
1121 1784 1299 1832 navita
1329 1784 1499 1835 merce
1530 1794 1713 1840 ratem.

346 1865 435 1920 Sic
467 1864 698 1920 Ovidius
725 1881 739 1917 ι
774 1865 998 1918 Metam.

465 1954 710 2002 Nondum
743 1967 879 2000 cmsa
905 1953 1012 2001 suis
1042 1954 1377 2016 peregrinum
1402 1960 1460 2004 ut
1488 1958 1682 2008 viseret
1706 1961 1888 2011 orbem

468 2017 734 2065 Montibus
764 2016 819 2063 in
846 2016 1071 2078 liquidas
1104 2017 1257 2076 pinus
1288 2017 1630 2069 descenderat
1662 2024 1831 2073 undas
1859 2041 1870 2073 :

467 2079 724 2140 Nullaque
755 2078 1002 2126 mortales
1029 2084 1219 2141 pl‘tBteI‘
1245 2093 1339 2126 sua
1369 2081 1546 2131 littora
1576 2090 1784 2134 norant.

341 2159 468 2212 Tria
501 2165 809 2235 supersunt
847 2159 938 2212 hic
975 2161 1224 2235 notanda
1262 2163 1551 2229 vocabula,
1600 2166 1861 2221 videlicet
1897 2171 2033 2235 alta,

343 2233 628 2311 mercibus,
670 2237 719 2311 et
751 2232 1124 2311 hospes..Alta
1155 2236 1323 2311 maris
1355 2235 1872 2311 significantmare
1905 2232 2032 2310 pro?

342 2303 585 2427 fuggum
645 2308 702 2356 et
757 2318 786 2354 a
845 2303 1011 2355 terris
1057 2304 1352 2357 remotius.
1413 2305 1503 2359 Sic
1560 2309 1754 2380 Virgil.
1813 2327 1826 2363 ι
1883 2303 2033 2380 dim,

342 2389 395 2427 v.
521 2391 533 2426 :

465 2462 558 2521 Vix
590 2475 618 2509 e
649 2464 934 2522 conspectu
967 2461 1158 2510 Siculae
1187 2463 1390 2512 telluris
1417 2465 1469 2513 in
1503 2466 1668 2515 altum

466 2524 593 2571 Vela
618 2523 814 2572 dabant
846 2523 969 2572 laeti.

342 2607 405 2659 Et
436 2606 558 2658 ZEn.
590 2622 646 2671 ii,
680 2621 730 2658 v.
764 2606 866 2658 “203
902 2621 914 2658 :

467 2694 597 2742 Ecce
624 2698 800 2741 autem
833 2694 1028 2756 gemini
1059 2708 1088 2742 a
1112 2695 1322 2745 Tenedo
1349 2697 1637 2759 tranquilla
1666 2712 1758 2761 per
1788 2701 1909 2748 alta.

341 2777 498 2828 Mora:
511 2774 647 2840 sive,
673 2779 735 2827 ut
749 2775 967 2846 antiqui
985 2775 1388 2846 loquebantur,
1406 2782 1592 2832 mercis
1609 2797 1640 2832 a
1656 2782 1944 2835 mercanda
1959 2783 2038 2836 di-

342 2846 519 2898 citur:
547 2846 1119 2922 iinderem_venalem
1147 2849 1427 2922 signiﬁcat
1451 2867 1694 2922 eamque
1719 2855 2037 2921 praisertim

343 2933 514 2993 quam
545 2917 724 2993 nostri
757 2918 1119 2993 mobilem._,_du
1149 2921 1372 2993 mcuble,
1395 2917 1626 2993 vocant,
1653 2917 1838 2993 qualis
1871 2925 2038 2978 vendi

342 2988 570 3058 emique
603 2989 743 3041 solet
772 2989 830 3065 in
863 2990 1133 3065 nundinis
1161 2990 1300 3065 hinc
1315 2996 1369 3065 et
1389 2992 1519 3045 inde
1540 2988 1706 3046 lecta.
1729 2996 2037 3065 Pmpterea

342 3075 579 3122 numen,
637 3059 792 3128 quod
835 3062 1012 3114 veteri
1063 3063 1466 3130 superstitione
1513 3059 2035 3120 credebaturlucro

341 3131 626 3205 rebusque
658 3131 776 3183 istis
817 3133 1076 3205 emendis
1119 3135 1548 3204 vendendisque
1593 3153 1860 3205 praeesse,
1887 3139 2036 3192 dice-

341 3201 510 3278 batur
544 3203 866 3278 Mercurius,
893 3219 1000 3278 nec.
1022 3204 1211 3278 aliain
1233 3206 1373 3257 forte
1406 3201 1478 3258 ob
1511 3201 1737 3260 causam
1774 3209 1864 3260 hic
1897 3210 2030 3278 piu-

341 3272 754 3340 gebatursinist
767 3288 825 3324 ra
851 3274 1152 3342 virgulam,
1182 3275 1379 3328 dextra
1399 3278 1685 3330 sacculum
1702 3272 2031 3332 numarium

344 3343 708 3418 tepens,_nisi
743 3344 893 3418 quod
929 3351 1270 3418 mercatores
1315 3346 1404 3399 his
1437 3348 1717 3413 instructi,
1755 3351 2034 3418 proticisci

342 3413 544 3465 solent.
573 3415 780 3485 ilospes
828 3415 1073 3483 denique
1105 3415 1220 3468 sive
1269 3422 1329 3468 ut
1360 3417 1534 3485 primi
1581 3413 1897 3472 Latini—tatis
1938 3437 2033 3474 au-

341 3488 524 3559 ctores
557 3483 838 3559 dicebant,
875 3487 1042 3559 hostis
1076 3485 1118 3537 is
1155 3492 1238 3539 est
1265 3483 1435 3557 quem
1473 3504 1622 3541 nunc
1662 3492 2028 3559 peregrinum

342 3555 604 3618 dicimus,
636 3554 844 3607 Gallice
868 3570 943 3608 un
973 3557 1106 3609 ho‘te.

419 3627 673 3700 16._Tunc
721 3627 947 3700 classica
981 3643 1120 3700 saeva
1169 3627 1454 3700 tacebant]
1513 3631 1622 3682 Vll.
1667 3631 2032 3700 Philmophia

341 3697 460 3770 agit
483 3697 551 3770 de
585 3712 784 3770 regno,
815 3698 974 3766 cujus
1006 3698 1302 3752 obtinendi
1331 3701 1416 3752 vel
1442 3697 1840 3770 amplificandi
1863 3697 2031 3758 causa

342 3767 598 3842 buccinae
624 3767 930 3842 inflantur,
963 3785 1120 3842 arma
1155 3777 1481 3842 sumuntur,
1522 3767 1849 3842 multusque
1895 3792 2029 3827 san-

342 3838 468 3907 guis
499 3838 777 3892 funditur.
827 3840 1066 3911 Classica
1092 3841 1271 3909 igitur
1301 3841 1459 3911 quasi
1492 3838 1855 3897 calassica'ab
1881 3846 2028 3898 anti-

341 3925 454 3977 quo
488 3911 622 3972 calo,
670 3925 814 3974 voco,
868 3909 1056 3980 inquit
1103 3909 1351 3964 Isidorus
1401 3914 1438 3965 l.
1491 3930 1647 3979 xvni,
1698 3932 1744 3968 c.
1796 3917 1848 3982 4,
1899 3922 2031 3970 sunt

339 3995 553 4056 cornua
585 3997 711 4056 quae
749 3982 1097 4056 convocandi
1129 3997 1299 4036 causa
1341 3990 1505 4056 erant
1535 3985 1715 4038 facta:
1749 3989 2031 4056 quemad-

293 4057 296 4060 ‘
340 4051 575 4127 modum
609 4051 796 4127 classis
824 4052 891 4127 ab
921 4052 1142 4127 origine
1174 4056 1376 4127 eadem
1405 4055 1573 4122 dicta,
1599 4073 1722 4109 eam
1748 4051 2031 4127 significat

339 4120 639 4194 hominum
674 4120 1122 4189 multitudinem,
1171 4141 1297 4194 qua),
1339 4126 1454 4178 sive
1490 4120 1655 4192 mari,
1689 4120 1828 4181 sive'
1853 4135 2026 4192 terra,

341 4192 454 4245 sive
488 4193 665 4258 domi,
701 4194 816 4246 sive
849 4195 1068 4247 militiae
1098 4192 1260 4265 signo
1291 4197 1483 4265 aliquo
1518 4198 1658 4251 solet
1689 4201 1986 4252 convocari
2013 4217 2024 4253 :

341 4265 419 4317 sic
447 4269 656 4317 nostrae
691 4264 864 4339 etiam
914 4266 1142 4339 scholae,
1163 4264 1327 4336 "quod
1372 4264 1483 4319 sint
1514 4276 1691 4321 coetus
1718 4269 2026 4339 discipulo-

341 4351 467 4388 rum
499 4335 808 4399 convocati,
843 4338 1013 4406 vulgo
1055 4335 1248 4390 classes
1288 4339 1669 4407 appellantur.
1705 4341 1801 4392 Hic
1835 4335 2021 4394 autem

338 4408 565 4482 classica
585 4412 719 4460 sunt
749 4408 911 4476 signa
939 4407 1180 4474 militiae,
1215 4414 1278 4461 ut
1308 4410 1457 4478 apud
1495 4411 1691 4480 Virgil.
1730 4428 1765 4464 ii
1797 4413 2024 4482 Georg,

337 4493 388 4529 ν.
427 4479 526 4530 538
563 4494 576 4531 :

463 4563 663 4628 Aureus
689 4564 825 4612 hanc
856 4566 1017 4612 vitam
1045 4566 1099 4613 iu
1132 4567 1284 4614 terris
1312 4565 1571 4614 Saturnus
1602 4569 1805 4628 agebat,

461 4627 692 4673 Necdum
723 4629 880 4675 etiam
909 4628 1187 4675 audierant
1218 4629 1385 4675 inﬂari
1423 4627 1661 4686 classica;
1688 4632 1915 4680 necdum

461 4688 738 4750 lmpositos
763 4690 909 4737 duris
935 4691 1187 4752 crepitare
1213 4691 1498 4739 incudibus
1526 4705 1696 4740 enses.

338 4768 517 4821 Cruor
543 4784 676 4821 vero
707 4770 939 4837 sanguis
979 4775 1060 4822 est
1093 4785 1204 4822 non
1239 4772 1422 4823 solum
1456 4773 1552 4838 qui
1585 4774 1754 4826 corde
1789 4774 1921 4838 ruit,
1952 4775 2026 4826 si-

339 4843 434 4890 cut
463 4838 802 4913 quibusdam
834 4841 1018 4908 placet
1053 4842 1539 4912 (quandoquidem
1573 4844 1803 4913 sanguis
1842 4846 2028 4898 omnis

337 4925 366 4961 e
396 4909 565 4982 corde
592 4926 852 4982 egressus
887 4913 1041 4980 ruit),
1069 4909 1168 4966 sed
1209 4909 1490 4982 qui—extra
1523 4909 1704 4967 venas
1721 4917 1935 4968 etfusus
1969 4921 2029 4969 ut

338 4980 579 5048 quiescit
608 4983 687 5059 sic
716 4981 886 5059 friget
919 4999 930 5035 :
968 4999 1134 5059 cruor
1164 4980 1376 5059 quippe
1397 4986 1615 5059 dicitur
1651 5003 1682 5038 a
1711 4990 1881 5059 κρύος,
1917 4990 2024 5051 Γνί-

336 5065 435 5116 gus
463 5067 474 5104 :
506 5052 657 5104 unde
687 5053 914 5125 κρυερὸς,
950 5052 1217 5120 frigidus.
1251 5052 1413 5119 Quod
1441 5073 1571 5109 cum
1604 5052 1901 5110 horrorem
1934 5059 2027 5111 in-

338 5126 529 5195 cutere
563 5124 764 5187 soleat,
799 5124 1030 5193 Sanguis
1072 5133 1376 5195 propterea
1411 5132 1464 5180 et
1494 5129 1701 5181 acerbis
1749 5130 2027 5183 duntaxat

289 5261 296 5266 .
335 5193 474 5247 odiis
496 5195 687 5260 fundi,
721 5200 769 5248 et
807 5197 965 5260 fusus
1011 5193 1166 5249 arma
1184 5193 1315 5264 qua:
1361 5201 1543 5264 tingit,
1584 5203 1764 5264 facere
1800 5200 2028 5253 horrida

337 5279 487 5336 nunc
519 5267 854 5333 perhibetur
887 5283 898 5319 :
935 5274 1239 5335 propterea
1282 5269 1452 5321 etiam
1497 5286 1686 5334 nemo,
1732 5271 2027 5336 sanguinis

337 5334 611 5407 fundendi
643 5338 846 5407 gratia,
881 5334 1036 5390 arma
1077 5340 1320 5404 primum
1372 5341 1600 5393 voluerit
1649 5334 1873 5404 movere,
1917 5341 2029 5394 nisi

338 5406 564 5474 aliquod
620 5406 882 5462 videatur
931 5409 1226 5477 sanguinis
1285 5410 1561 5462 iundendi
1613 5415 1932 5478 praemium;
1965 5417 2030 5465 ut

338 5491 488 5599 guns:
534 5478 762 5600 dibclitur,
796 5496 913 5531 non
953 5479 1126 5532 fuisse
1177 5480 1235 5531 in
1282 5480 1379 5533 illa
1417 5481 1595 5548 priori
1627 5487 1792 5536 aetate
1833 5498 2024 5535 aurea.

390 5563 438 5599 v1
487 5587 498 5600 .
537 5566 552 5599 ι
641 5555 806 5600 ctam.
845 5565 856 5600 :

390 5555 498 5600 vid.
537 5566 552 5599 ι
584 5555 806 5602 Metam.
845 5565 856 5602 :

462 5636 572 5682 Non
604 5637 786 5697 galem,
819 5651 927 5686 non
954 5638 1094 5685 ensis
1120 5641 1232 5686 erat
1264 5652 1274 5685 :
1303 5639 1416 5686 sine
1447 5638 1628 5686 militis
1663 5654 1762 5688 usu

462 5697 639 5745 Mollia
668 5712 865 5748 secura:
896 5701 1214 5761 peragebant
1242 5701 1347 5748 otia
1378 5704 1577 5763 gentes.

2069 4427 2109 4479 D

2147 1613 2371 1668 Scilicet
2400 1618 2462 1668 ut
2489 1613 2640 1668 canit
2665 1611 2958 1668 Lucretius
2987 1612 3027 1666 1.
3060 1629 3090 1666 v
3126 1629 3139 1666 ε

2274 1701 2356 1750 Sic
2385 1701 2486 1749 alia
2511 1716 2570 1750 ex
2601 1701 2704 1750 alio
2735 1701 2937 1764 peperit
2963 1699 3227 1764 discordia
3255 1698 3437 1758 tristis,

2271 1765 2530 1813 Ilorribile
2560 1761 2816 1812 humanis
2834 1764 2973 1825 quod
3001 1763 3245 1825 gentibus
3271 1767 3408 1810 esset
3437 1761 3491 1808 in
3520 1761 3666 1809 armis
3693 1781 3703 1810 :

2274 1828 2439 1888 Inque
2474 1827 2585 1875 dies
2610 1826 2734 1875 belli
2766 1824 3053 1874 terroribus
3085 1824 3286 1873 addidit
3315 1837 3558 1886 augmen.
3621 1872 3626 1874 .

2216 1926 2304 1978 ‘23.
2344 1928 2559 1979 Utinam
2590 1930 2776 1978 nostra
2805 1924 3067 1989 redirent,
3117 1923 3248 1991 etc.]
3291 1925 3372 1975 lta
3404 1922 3626 1992 quidem
3670 1922 3796 1990 prior

2147 2001 2283 2049 astas
2317 1997 2610 2050 moderata
2650 1997 2756 2049 fuit
2785 2000 2931 2049 circa
2953 1996 3186 2059 victum,
3222 1995 3513 2056 vestitum,
3546 2009 3726 2045 aurum
3753 1998 3797 2046 et

2146 2084 2409 2133 regnum,
2446 2067 2542 2121 sed
2573 2074 2766 2120 nostra
2796 2068 2854 2120 in
2885 2067 2971 2120 his
3004 2065 3270 2119 omnibus
3300 2065 3590 2134 cupiendis
3610 2065 3796 2117 nutlum

2145 2139 2372 2192 videtur
2402 2140 2635 2192 modum
2681 2145 2921 2191 tenere:
2967 2138 3100 2190 hinc
3150 2138 3343 2189 minus
3393 2137 3607 2189 felicem
3655 2137 3796 2188 vitam

2147 2210 2428 2275 ducimus,
2461 2209 2960 2280 justissimumque
3007 2214 3092 2261 est
3126 2209 3266 2261 illud
3316 2208 3687 2276 Philosophia:
3721 2223 3796 2260 vo-

2146 2286 2291 2335 tum.

2215 2356 2305 2405 25.
2360 2353 2562 2406 Saevior
2625 2351 2846 2417 ignibus
2899 2352 3070 2404 Eine:
3125 2365 3277 2404 amor
3341 2349 3499 2403 ardet
3559 2348 3796 2416 habendi}

2147 2425 2302 2478 Mens
2335 2424 2548 2493 quippe
2584 2423 2856 2486 humana,
2891 2422 3022 2474 hinc
3068 2422 3154 2474 sui
3185 2437 3421 2493 suaeque
3471 2420 3798 2493 perfectionis

2148 2491 2377 2558 amans}
2411 2491 2542 2547 inde
2575 2511 2706 2546 vero
2742 2511 2856 2546 suae
2898 2493 3190 2546 tenuitatis
3221 2491 3450 2545 conscia
3481 2492 3796 2554 naturaliter,

2147 2581 2264 2619 non
2315 2565 2484 2618 modo
2542 2581 2710 2617 suum
2759 2581 2986 2634 corpus,
3046 2563 3142 2616 sed
3201 2570 3462 2616 externas
3521 2564 3678 2614 etiam
3729 2577 3798 2614 res

2149 2653 2344 2689 amore
2384 2637 2766 2705 prosequitur,
2815 2635 2956 2688 adeo
2997 2642 3062 2688 ut
3091 2651 3158 2687 ex
3192 2651 3248 2686 se
3300 2634 3629 2704 caeterisque
3668 2635 3798 2705 ejus-

2148 2707 2306 2760 modi
2329 2708 2497 2760 rebus
2526 2704 2790 2776 quaedam
2820 2707 2925 2759 sibi
2952 2706 3212 2758 videatur
3232 2705 3359 2758 ﬁeri
3389 2706 3639 2769 societas,
3665 2704 3799 2776 cujus

2148 2777 2270 2849 ipsa
2301 2779 2373 2830 sit
2420 2775 2558 2846 pars
2578 2795 2691 2830 non
2738 2778 2958 2849 ultima.
2989 2779 3146 2849 illinc
3196 2777 3418 2829 caateris
3465 2776 3612 2828 hisce
3659 2775 3799 2849 rebus

2149 2846 2342 2903 studet
2372 2854 2469 2901 aut
2499 2848 2921 2912 conservandis,
2955 2848 3001 2900 si
3032 2848 3264 2911 habeat;
3291 2852 3390 2900 aut
3419 2846 3799 2915 comparandis.

2148 2921 2193 2973 si
2227 2921 2427 2973 iisdem
2489 2924 2697 2980 careat,
2759 2918 2840 2972 ita
2872 2924 2932 2972 ut
2985 2919 3031 2970 si
3092 2919 3406 2988 contingat,
3465 2919 3607 2972 lianc
3643 2916 3801 2986 aliqua

2149 2991 2429 3058 ejusmodi
2463 3007 2651 3043 rerum
2686 2995 2783 3042 aut
2808 2989 3166 3059 possessione
3197 2995 3296 3041 aut
3326 3006 3428 3059 spe
3461 2989 3701 3058 spoliari,
3729 3003 3800 3039 ve-

2147 3063 2251 3116 luti
2297 3062 2364 3114 de
2409 3066 2568 3131 parte
2619 3078 2731 3114 suae
2777 3060 3058 3114 societatis
3105 3061 3356 3114 detracta
3405 3061 3610 3123 doleat,
3650 3059 3802 3126 magis

2075 3124 2113 3177 C
2146 3138 2243 3212 aut
2274 3124 2484 3212 minus,
2516 3137 2689 3212 prout
2727 3149 2858 3212 pars
2890 3131 2988 3184 illa
3019 3132 3198 3212 pluris
3239 3137 3336 3184 aut
3383 3132 3633 3212 minoris.
3659 3124 3800 3212 liabe-

2146 3205 2333 3258 batur.
2372 3205 2482 3256 Nec
2512 3200 2800 3256 immerito
2849 3200 3132 3256 amor'ille
3181 3219 3330 3255 nunc
3384 3203 3587 3256 dicitur
3615 3200 3801 3267 ignibus

2142 3278 2314 3329 .Etnae
2345 3278 2536 3328 saevior
2567 3293 2582 3327 :
2627 3290 2758 3328 nam
2790 3276 2956 3329 .IEtna
3003 3290 3170 3327 mons
3209 3273 3442 3340 Sicilia),
3496 3275 3656 3341 vulgo
3687 3275 3801 3324 ment

2145 3347 2299 3399 Gibel
2331 3351 2608 3415 perpetuo
2649 3347 2831 3398 clarus
2865 3345 3152 3409 incendio,
3204 3345 3605 3414 frequentique
3645 3349 3799 3411 strage

2143 3434 2173 3470 a
2207 3416 2386 3487 poetis
2405 3417 2746 3470 celebratur.
2773 3415 2968 3485 Virgil.
3000 3433 3018 3468 1
3052 3417 3282 3485 Georg,
3319 3432 3371 3469 v.
3411 3418 3514 3468 472
3547 3433 3558 3468 :

2264 3505 2504 3554 Vidimus
2526 3504 2816 3553 undantem
2848 3505 3016 3566 ruptis
3042 3504 3344 3552 fornacibus
3372 3505 3602 3560 Aﬂtnam,

2264 3566 2723 3628 Flammarumque
2758 3567 2943 3629 globos
2978 3566 3360 3628 liquefactaque
3399 3568 3604 3614 volvere
3631 3577 3760 3612 saxa.

2142 3648 2239 3700 Illa
2270 3653 2461 3700 autem
2492 3646 2868 3717 perturbatio,
2905 3663 3032 3716 qua:
3065 3663 3177 3699 non
3204 3648 3394 3699 minus
3427 3647 3688 3715 perennis
3717 3649 3800 3717 est,

2140 3734 2311 3787 quam
2346 3715 2509 3787 ignis
2541 3720 2810 3783 Aitnaeus,
2845 3715 3011 3785 longe
3058 3719 3248 3786 plures
3285 3721 3684 3787 gravioresque
3730 3715 3801 3766 in-

2139 3790 2293 3843 ducit
2317 3790 2686 3842 calamitates.
2719 3790 2911 3857 Virgil.
2945 3805 3034 3841 Vlll
3068 3791 3215 3853 zEn.,
3248 3806 3298 3841 v.
3332 3790 3478 3842 324:

2263 3878 2556 3938 Aureaque,
2582 3881 2638 3923 ut
2669 3876 2962 3938 perhibent.
2989 3875 3079 3923 illo
3101 3877 3199 3923 sub
3225 3889 3344 3936 rege
3375 3876 3524 3924 fuere

2264 3939 2467 3986 Smcula
2503 3953 2512 3985 :
2549 3939 2621 3985 sic
2653 3939 2857 3999 placida
2889 3938 3110 4000 populos
3143 3939 3194 3985 in
3233 3952 3355 4000 pace
3383 3939 3599 3998 regebat
3628 3953 3639 3984 :

2264 4002 2501 4049 Deterior
2530 4001 2697 4048 donec
2723 3999 2977 4062 paulatim
3013 4014 3072 4047 ac
3101 3999 3314 4048 decolor
3334 4007 3466 4048 aetas

2263 4064 2325 4111 Et
2354 4063 2474 4112 belli
2505 4063 2694 4120 rabies,
2727 4068 2780 4110 et
2803 4076 2951 4110 amor
2979 4062 3229 4110 successit
3259 4062 3512 4110 habendi.

2140 4160 2298 4215 Ovid.
2335 4177 2350 4213 ι
2386 4161 2633 4224 Metam,
2665 4175 2716 4212 v.
2753 4162 2850 4212 t‘28
2885 4177 2896 4213 :

2265 4248 2510 4296 Protinus
2532 4247 2705 4309 erupit
2729 4261 2880 4295 vena)
2912 4247 3104 4310 pejoris
3128 4247 3180 4294 in
3213 4261 3381 4295 aevum

2262 4311 2427 4357 Omne
2455 4310 2601 4356 nefas
2635 4324 2645 4356 :
2683 4310 2862 4370 fugere
2893 4312 3080 4372 pudor.
3114 4323 3420 4371 verumque,
3447 4310 3674 4373 fidesupie

2265 4374 2321 4419 In
2355 4386 2578 4432 quorum
2606 4373 2810 4419 subiere
2840 4373 3016 4420 locum
3054 4372 3367 4433 fraudesque
3400 4372 3615 4434 dolique

2265 4435 2576 4495 lnsidizeque
2608 4439 2660 4482 et
2681 4435 2759 4481 vis
2787 4438 2839 4482 et
2863 4448 3011 4481 amor
3035 4435 3318 4482 sceleratus
3344 4436 3593 4483 habendi.

2204 4517 2292 4567 27.
2326 4516 2537 4568 Primus
2569 4514 2823 4582 quisi/uit
2858 4513 2988 4584 ille]
3031 4515 3267 4584 Elegans
3303 4516 3515 4567 locutio
3562 4515 3624 4567 ad
3653 4513 3806 4581 signi-

2137 4587 2417 4640 ﬁcandam
2452 4586 2564 4638 vim
2613 4586 2901 4654 praedictae
2935 4585 3400 4654 perturbationis.
3445 4586 3536 4640 Sic
3576 4585 3808 4638 Tibullus

2136 4658 2174 4710 l.
2212 4674 2245 4720 1,
2288 4658 2357 4710 el.
2395 4659 2502 4709 1οε

2263 4745 2389 4802 Quis
2420 4744 2519 4791 fuit
2545 4744 2841 4792 horrendos
2874 4744 3076 4806 primus
3103 4744 3191 4806 qui
3219 4744 3436 4806 protulit
3465 4759 3618 4793 enses
3640 4747 3663 4792 Ὺ

2141 4827 2232 4881 Sic
2266 4825 2532 4880 Horatius
2566 4828 2599 4878 l.
2637 4825 2886 4890 iCarm.,
2923 4825 3014 4878 od.
3047 4827 3117 4876 3:

2079 1774 2117 1826 Β

2263 4931 2341 4979 llli
2369 4931 2532 4978 robur
2561 4934 2612 4979 et
2635 4944 2707 4977 res
2739 4929 2926 4992 triplex

2385 4993 2530 5040 Circa
2565 4998 2744 5055 pectus
2773 4991 2901 5040 erat.
2931 4992 3019 5052 qui
3046 4991 3287 5054 fragilem
3316 4993 3448 5039 truci

2262 5056 2536 5102 Commisit
2565 5055 2750 5117 pelago
2783 5058 2948 5102 ratein

2390 5115 2592 5164 Primus
2624 5115 2719 5165 nec
2745 5117 2922 5164 timuit
2951 5115 3273 5178 prmeipitem
3307 5115 3539 5163 Africum

2262 5179 2624 5227 Decertanteni
2651 5179 3006 5241 aquilonibus.

2387 5241 2486 5289 Nec
2519 5243 2692 5289 tristes
2724 5242 2946 5303 Hyadas,
2978 5253 3072 5288 nec
3101 5241 3296 5288 rabiem
3324 5241 3452 5288 noti.

2208 5343 2294 5393 '28.
2329 5341 2474 5394 Auri
2499 5344 2591 5407 qui
2622 5340 2859 5406 pondera.
2889 5340 3053 5407 tecti]
3086 5340 3254 5392 Recte
3285 5355 3487 5391 aurum
3524 5355 3624 5390 suo
3659 5342 3810 5407 nota-

2136 5420 2230 5464 tur
2257 5405 2658 5478 pendium—non
2691 5413 2876 5462 solum
2921 5405 3061 5478 quid
3087 5427 3290 5462 aurum
3323 5410 3583 5462 omnium
3622 5405 3807 5459 metal-

2138 5483 2431 5551 lorumest
2464 5481 2863 5550 gravissimum
2901 5497 2912 5532 :
2951 5480 3043 5532 sed
3079 5482 3251 5532 etiam
3284 5481 3416 5548 quia
3445 5485 3531 5532 est
3565 5478 3807 5532 omnium

2138 5553 2698 5622 praestantissimum,
2725 5558 2870 5603 recte
2894 5567 3122 5620 quoque
3151 5569 3218 5602 au
3232 5568 3354 5604 rum
3377 5551 3586 5603 dicitur
3609 5555 3804 5622 tectum,

2138 5619 2456 5694 praisertim
2487 5622 2790 5694 inventori,
2824 5623 2892 5676 de
2914 5619 3044 5691 quo
3083 5638 3232 5674 nunc
3274 5624 3499 5692 agitur;
3539 5619 3804 5688 siquidem

2140 5693 2341 5747 aurum
2375 5694 2522 5746 intra
2553 5693 2764 5746 viscera
2796 5699 2961 5747 terrae
2994 5694 3277 5746 inclusum
3311 5695 3606 5746 formatur.
