3972 6172
391 285 496 339 703

1738 284 1851 338 ΑΝ.
1893 283 2102 338 MANL.

2142 282 2289 337 SEV.
2334 283 2558 339 ΒΟΕΤΙΙ
3721 293 3803 343 704

388 429 525 468 vero
555 419 641 468 est
669 415 776 469 ista
823 418 1010 470 vestra
1039 423 1065 449 ι
1094 415 1413 486 expetibilis
1441 429 1505 468 ac
1552 415 1828 485 praeclara
1866 419 2072 486 poten-
2112 416 2158 469 Α
2185 431 2293 468 nus
2342 414 2641 468 materiam
2673 405 3030 468 crudelitatis
3064 414 3162 482 (5),
3206 412 3289 466 vir
3320 413 3526 483 sapiens
3569 416 3685 470 fecit
3711 433 3810 474 esse

392 504 506 558 tia?
537 507 733 558 Nonne
773 521 805 558 ο
835 531 858 566 ι,
884 510 1108 558 terrena
1140 505 1418 558 animalia
1442 505 1834 570 consideratis,
1869 505 2076 574 quibus

394 593 492 664 qui
511 594 815 662 priesidere
845 593 1195 647 videamini?
1222 597 1361 648 Nam
1387 593 1434 646 si
1465 594 1616 646 inter
1645 609 1838 647 mures
1859 595 2080 646 videres

391 697 574 734 unum
617 681 868 751 aliquem
911 681 1005 749 jus
1049 681 1156 734 sibi
1198 698 1260 734 ac
1306 688 1650 752 potestatem
1705 700 1822 753 pne
1857 682 2080 736 caeteris

392 768 798 836 vindicantem,
840 780 865 809 θ
911 773 1126 839 quanto
1185 770 1496 823 movereris
1526 770 1834 824 cachinno!
1873 769 1892 801 ⁴
1922 770 2070 834 Quid

391 873 525 912 vero
559 858 604 910 si
631 857 712 928 (5)
747 873 954 927 corpus
995 863 1233 926 spectes,
1267 858 1607 916 imbecillius
1654 860 1885 913 homine
1915 875 2077 929 repe-

392 947 505 1000 rire
543 963 736 1017 queas,
797 963 938 1016 quos
995 963 1144 1016 saepe
1189 950 1214 989 ἀ
1267 951 1653 1002 muscularum
1715 965 1942 1019 quoque
1991 948 2081 1001 vel

394 1052 634 1099 morsus,
667 1037 753 1088 vel
785 1036 843 1088 in
871 1042 1087 1089 secreta
1119 1052 1363 1106 quaeque
1394 1040 1747 1106 reptantium
1794 1043 1955 1091 necat
1989 1038 2081 1091 in-

391 1125 638 1190 troitus?
679 1125 801 1189 Quo
842 1141 974 1177 vero
1026 1124 1330 1194 quisquam
1374 1125 1468 1195 jus
1509 1126 1744 1196 aliquod
1791 1127 1848 1180 in
1880 1143 2080 1197 quem-

390 1210 578 1283 piam,
610 1213 721 1265 nisi
744 1213 800 1265 in
815 1214 999 1266 solum
1031 1229 1256 1282 corpus,
1289 1219 1345 1284 et
1374 1215 1528 1284 quod
1560 1215 1707 1268 infra
1738 1231 1942 1284 corpus
1975 1219 2079 1280 est,

391 1302 680 1355 fortunam
727 1303 954 1372 loquor,
1008 1303 1186 1371 possit
1229 1303 1527 1356 exercere?
1579 1304 1727 1356 Num
1765 1305 2083 1374 quidquam

392 1407 647 1461 unquam
678 1391 854 1444 libero
881 1391 1188 1460 imperabis
1230 1392 1468 1446 animo?
1503 1393 1648 1445 Num
1695 1392 1804 1462 (10)
1838 1398 2085 1446 mentem

393 1479 561 1533 ﬁrma
593 1479 701 1532 sibi
722 1479 941 1532 ratione
958 1480 1341 1533 cohaerentem
1382 1481 1450 1534 de
1474 1486 1620 1534 statu
1654 1497 1799 1551 prop
1816 1481 1917 1534 ria:
1935 1481 2086 1551 quie-

393 1569 468 1622 tis
499 1569 828 1622 amovebis?
881 1574 1026 1622 I48
1074 1567 1097 1602 ³
1126 1572 1264 1624 Cum
1317 1570 1560 1623 liberum
1610 1570 1918 1641 quemdam
1945 1579 1966 1604 θ
1995 1571 2085 1622 vi-

393 1673 526 1712 rum
566 1657 859 1726 suppliciis
908 1674 967 1710 se
1015 1663 1292 1728 tyrannus
1350 1658 1686 1711 adacturum
1732 1663 1979 1729 putaret,
2023 1664 2086 1712 ut

394 1747 695 1801 adversum
727 1763 784 1798 se
815 1745 976 1801 facite
1022 1747 1434 1817 conjurationis
1485 1747 1736 1801 conscios
1793 1748 2080 1818 proderet,

393 1834 652 1905 linguam
684 1835 778 1888 ille
802 1835 1114 1888 momordit
1141 1841 1312 1904 atque
1334 1835 1591 1900 abscidit,
1627 1840 1680 1888 et
1699 1836 1756 1888 in
1779 1851 1840 1889 os
1857 1834 2086 1904 tyranni

395 1923 684 1978 saevientis
704 1925 910 1993 abjecit
944 1941 956 1977 :
987 1924 1066 1978 ita
1106 1926 1408 1991 cruciatus,
1439 1940 1583 1995 quos
1614 1925 1856 1995 putabat
1887 1930 2086 1994 tyran-

2186 503 2429 558 virtutis.
2473 509 2494 539 ³
2515 504 2658 567 Quid
2699 508 2889 557 autem
2923 508 3027 569 est,
3058 503 3286 573 quodin
3318 503 3484 557 alium
3508 503 3670 559 facere
3685 508 3811 576 quis-

2190 609 2362 662 quam
2395 599 2599 663 potest,
2631 592 2787 663 quod
2814 593 3097 645 sustinere
3129 591 3199 644 ab
3230 591 3341 644 alio
3373 591 3487 661 ipse
3519 608 3622 646 non
3641 595 3817 663 possit?

2191 681 2510 736 Busiridem
2573 682 2882 752 accipimus
2944 697 3149 735 necare
3208 681 3455 750 hospites
3490 682 3716 746 solitum,
3762 683 3816 736 ab

2191 772 2426 825 Hercule
2487 771 2713 841 hospite
2763 771 2934 824 fuisse
2996 775 3327 824 mactatum.
3389 771 3620 839 Regulus
3661 772 3819 841 plures

2188 862 2535 914 (Poenorum
2573 861 2724 914 bello
2769 864 2963 931 captos
2999 861 3060 913 in
3109 860 3336 913 vincula
3378 863 3672 929 conjecerat
3707 861 3819 914 :sed

2191 966 2323 1003 mox
2345 951 2466 1018 ipse
2486 977 2512 1015 ε
2529 949 2807 1002 victorum
2835 950 3051 1002 catenis
3074 965 3276 1002 manus
3303 948 3560 1018 prrebuit.
3587 949 3817 1004 Ullamme

2193 1037 2371 1107 igitur
2397 1039 2512 1108 (10)
2543 1039 2662 1107 ejus
2703 1037 2958 1090 hominis
3001 1037 3316 1107 potentiam
3359 1041 3537 1106 putas,
3573 1035 3678 1104 qui,
3703 1037 3824 1105 quod

2192 1127 2312 1196 ipse
2351 1126 2406 1179 in
2449 1127 2561 1179 alio
2592 1131 2802 1195 potest,
2837 1141 2909 1180 ne
2949 1126 3005 1179 id
3035 1127 3093 1179 in
3128 1141 3188 1178 se
3231 1126 3377 1178 alter
3401 1124 3592 1188 valeat,
3638 1123 3824 1177 efﬁcere

2192 1231 2307 1268 non
2349 1215 2573 1284 possit?
2615 1221 2758 1269 I19
2807 1219 2826 1251 ι
2867 1217 2896 1258 ιι
2934 1215 3018 1268 Ad
3060 1215 3199 1280 haec,
3242 1213 3287 1266 si
3341 1212 3476 1282 ipsis
3508 1212 3826 1280 dignitatibus

2193 1319 2258 1355 ac
2317 1302 2689 1371 potestatibus
2729 1303 2948 1371 inesset
2981 1301 3199 1372 aliquid
3244 1299 3515 1354 naturalis
3560 1315 3618 1352 .ic
3651 1299 3824 1368 proprii

2191 1390 2351 1452 boni,
2388 1390 2398 1422 ί
2433 1405 2728 1461 nunquam
2762 1390 3023 1460 pessimis
3057 1389 3444 1459 provenirent.
3493 1389 3670 1457 Neque
3705 1387 3826 1440 enim

2196 1478 2303 1532 sibi
2336 1480 2517 1532 solent
2539 1478 2774 1532 adversa
2803 1478 3028 1532 sociari.
3061 1479 3273 1531 Natura
3305 1476 3522 1546 respuit
3555 1481 3612 1528 ut
3647 1480 3823 1527 contra-

2197 1569 2282 1620 ria
2313 1584 2556 1638 quaeque
2580 1568 2918 1637 jungantur.
2958 1569 3039 1620 Ita
3071 1584 3200 1620 cum
3242 1566 3516 1637 pessimos
3541 1565 3827 1633 plerumque

2197 1657 2570 1727 dignitatibus
2615 1658 2778 1727 fungi
2821 1658 3061 1710 dubium
3111 1673 3225 1708 non
3260 1656 3330 1726 (ὅ)
3382 1655 3468 1721 sit,
3519 1653 3646 1706 illud
3696 1654 3827 1705 etiam

2197 1747 2432 1816 liquet,j
2473 1752 2675 1799 natura
2723 1747 2808 1800 sui
2840 1747 2991 1800 bona
3041 1762 3156 1799 nan
3190 1762 3333 1811 esse,
3377 1759 3502 1814 quae
3535 1758 3588 1795 se
3616 1742 3827 1811 pessimis

2194 1835 2410 1888 haerere
2451 1836 2760 1904 patiantur.
2811 1834 2974 1899 Quod
3017 1834 3250 1904 quidem
3291 1833 3361 1886 de
3400 1831 3607 1884 cunctis
3634 1830 3829 1884 fortuna

2197 1924 2534 1977 muneribus
2565 1924 2794 1994 dignius
2821 1923 3136 1977 existimari
3162 1927 3375 1994 potest,
3411 1937 3536 1992 quae
3567 1919 3631 1974 ad
3666 1921 3830 1990 impro-

1846 2048 2421 2104 INTERPRETATIO.

467 2154 493 2180 ⁸
529 2145 927 2200 desiderabilis.

467 2219 492 2259 ι)
533 2219 800 2271 Homines.

465 2300 490 2328 ο
527 2287 798 2351 Quantum
828 2288 1032 2341 rideres
1048 2327 1060 2341 .

465 2359 493 2399 ἀ
532 2361 846 2412 Muscurum
891 2359 974 2410 vel
1003 2361 1373 2412 minimarum.

469 2437 491 2462 ο
527 2431 803 2494 Zenonem,
835 2433 897 2482 ut
926 2429 1153 2495 quidam
1182 2432 1369 2496 aiunt;
1409 2429 1825 2489 Anamarchum,
1873 2433 1934 2482 ut
1963 2429 2084 2481 alii.

2264 2145 2282 2180 ί
2321 2146 2855 2211 Carthaginensium.

2261 2229 2290 2272 s
2330 2218 2414 2271 Ab
2435 2219 2572 2284 ipsis
2603 2219 2762 2271 victis
2794 2220 2850 2270 in
2882 2217 3099 2270 vincula
3129 2216 3402 2284 conjeclus
3433 2220 3528 2269 est.

2267 2289 2294 2330 ιι
2333 2291 2621 2342 Przeterea.

2273 2357 2284 2392 ¹
2327 2362 2436 2413 Hae.

2265 2445 2280 2497 j
2322 2429 2625 2485 Secundum
2649 2445 2803 2484 suam
2824 2434 3100 2483 naturam.

2027 2557 2245 2613 ΝΟΤᾸΞ.

398 2652 671 2724 potentia:
704 2653 943 2706 materia
974 2668 1160 2722 neque
1201 2653 1460 2706 absolute
1492 2653 1686 2707 subest
1718 2655 1962 2724 potenti,
1987 2672 2086 2710 ne-

399 2740 509 2795 que
541 2729 710 2795 tanta
741 2729 843 2789 est,
895 2729 956 2776 ut
988 2731 1288 2793 propterea
1323 2725 1578 2794 potentia
1625 2725 1696 2777 sit
1727 2727 1961 2779 maximi
2001 2727 2089 2779 fa-

398 2795 618 2848 cienda.
671 2794 822 2859 Non,
874 2795 1136 2864 inquam,
1189 2797 1428 2848 materia
1467 2797 1566 2848 illa
1613 2796 1846 2850 absolue
1899 2798 2091 2851 subest

396 2865 654 2936 potenti;
704 2865 1174 2936 quandoquidem
1213 2883 1410 2919 omnes
1452 2867 1737 2934 homines,
1780 2874 1975 2937 utpote
2021 2869 2091 2922 ab

398 2938 595 2990 eadem
627 2954 795 2990 causa
827 2942 881 2990 et
925 2945 1163 3007 propter
1194 2939 1460 2991 eumdem
1508 2939 1682 2991 tinem
1734 2940 1967 3005 conditi,
2015 2941 2092 2991 ita

397 3015 529 3062 sunt
560 3025 744 3077 pares,
783 3013 846 3062 ut
877 3009 1094 3062 seclusa
1129 3008 1321 3061 divina
1356 3010 1666 3076 voluntate,
1698 3027 1806 3080 qua
1837 3011 1932 3063 alii
1965 3011 2091 3062 aliis

399 3085 674 3151 praesunt,
705 3096 820 3133 non
866 3081 1056 3133 minus
1087 3080 1159 3133 sit
1197 3081 1491 3135 ridiculum
1541 3081 1832 3134 hominem
1866 3081 1970 3134 sibi
2005 3097 2092 3134 ar-

396 3167 599 3219 rogare
627 3151 1024 3204 auctoritatem
1070 3153 1124 3204 in
1160 3154 1322 3215 alios,
1362 3168 1532 3221 quam
1576 3154 1619 3204 si
1646 3170 1760 3206 mus
1792 3157 1850 3205 in
1888 3168 2095 3206 murem

399 3237 566 3275 suum
593 3221 811 3274 videres
843 3238 1106 3274 exercere.
1151 3223 1460 3292 imperium
1493 3242 1508 3274 :
1543 3224 1697 3292 quod
1731 3225 1823 3276 hic
1861 3225 2090 3277 dicitur.

398 3295 469 3345 At
499 3293 621 3344 haec
652 3292 903 3360 subjecta
965 3294 1232 3344 materies
1280 3299 1434 3345 tanta
1467 3309 1579 3345 non
1615 3301 1698 3345 est
1732 3311 1744 3347 :
1781 3295 1909 3346 licet
1939 3295 2095 3347 enim

401 3363 660 3414 subditus
692 3379 756 3414 ex
801 3367 992 3414 mente
1033 3372 1087 3414 et
1118 3379 1355 3432 corpore
1399 3370 1639 3430 constet,
1679 3382 1791 3417 non
1843 3381 2003 3417 secus
2032 3381 2096 3418 ac

399 3431 489 3483 vir
519 3440 746 3499 potens,
781 3439 972 3504 tamen
996 3433 1140 3484 sicut
1171 3441 1370 3502 potens
1395 3450 1555 3485 suam
1586 3451 1703 3487 non
1737 3441 1960 3488 exercet
1993 3453 2093 3504 po-

401 3505 662 3568 tentiam,
705 3503 814 3554 nisi
855 3519 1114 3570 corpore,
1149 3505 1320 3556 verbo
1353 3504 1628 3557 nimirum
1671 3511 1770 3557 aut
1799 3506 1945 3558 facto
1969 3503 2094 3570 {sic

400 3573 575 3626 homo
608 3573 975 3645 viroppotenti
999 3589 1109 3624 non
1141 3575 1332 3626 subest
1361 3575 1471 3626 nisi
1504 3591 1741 3642 corpore
1777 3593 1788 3629 :
1822 3576 2098 3645 quemad-

403 3646 636 3696 modum
687 3643 941 3709 Christus
971 3645 1160 3696 docuit
1195 3645 1356 3697 Lucae
1384 3661 1460 3697 xu
1497 3661 1509 3698 :
1548 3646 1640 3698 Ne
1686 3643 1998 3699 terreamini
2028 3647 2094 3698 ab

402 3716 488 3768 his
521 3719 616 3781 qui
647 3714 895 3767 occidunt
925 3730 1135 3783 corpus,
1162 3721 1210 3768 et
1231 3722 1348 3782 post
1382 3717 1487 3769 hac
1513 3732 1620 3768 non
1639 3719 1835 3769 habent
1858 3720 2096 3784 amplius

403 3786 536 3854 quid
565 3787 777 3851 faciant
807 3801 825 3836 :
851 3802 1015 3853 pesse
1048 3794 1238 3838 autem
1272 3787 1329 3838 in
1363 3804 1569 3855 corpus
1598 3790 1912 3840 humanum
1949 3788 2096 3842 tanti

403 3872 520 3908 non
543 3863 627 3908 est.
662 3872 673 3908 :
701 3856 908 3924 partim
945 3855 1078 3926 quia
1109 3873 1346 3925 corpore
1388 3859 1638 3911 humano
1668 3859 1807 3912 nihil
1837 3860 2092 3912 imbecil-

405 3927 548 3993 lius;
591 3927 800 3998 partim
827 3927 996 3979 etiam
1033 3928 1165 3996 quia
1198 3929 1348 3995 quod
1383 3931 1646 3998 superior
1681 3937 1864 3998 potest
1887 3932 1944 3983 in
1973 3947 2094 3984 cor-

402 4014 510 4067 pus
553 3997 863 4058 inferioris,
895 3998 1140 4067 idipsum
1171 3999 1428 4051 inferiori
1460 3997 1594 4052 esse
1626 3997 1813 4068 potest
1861 4002 2098 4055 materia

402 4068 628 4145 virtutis
654 4085 682 4145 ;_
712 4075 808 4120 aut
847 4069 1053 4136 injuria
1089 4076 1280 4122 tamen
1315 4075 1498 4140 potest
1545 4071 1784 4124 inferior
1814 4073 1870 4125 in
1905 4075 2093 4142 ipsum

405 4140 714 4208 superioris
745 4155 947 4207 corpus
979 4156 1260 4193 exercere.

479 4211 493 4242 ¹
539 4211 700 4276 Quid,
741 4214 790 4263 si
819 4226 1011 4279 corpus
1041 4217 1263 4278 Species,
1314 4212 1630 4265 imbecillius
1667 4214 1937 4282 hominc‘?]
1974 4214 2096 4267 Pri-

405 4298 560 4334 mum
585 4285 736 4334 enim
764 4298 998 4349 corpore
1034 4283 1284 4334 humano
1312 4283 1652 4336 imbecillius
1686 4286 1825 4336 nihil
1858 4284 2094 4349 reperiri

402 4360 589 4422 potest
621 4368 634 4406 :
669 4353 1136 4423 quandoquidem
1173 4369 1383 4418 musca,
1418 4355 1687 4421 exiguum
1721 4356 1953 4416 animal,
1990 4356 2093 4408 hu-

404 4441 574 4477 mano
607 4425 836 4493 Corpori
866 4431 1105 4476 mortem
1135 4425 1338 4476 all'erre
1371 4431 1574 4492 potest,
1613 4428 1728 4476 sive
1753 4429 2092 4494 pungendo:

407 4496 552 4547 sicut
583 4511 734 4564 apes,
770 4495 1084 4564 praesertim
1122 4510 1252 4548 vero
1302 4499 1629 4560 crabrones,
1673 4500 1847 4564 vulgo
1875 4499 2098 4561 frelons.

409 4567 560 4634 Virg.
608 4583 656 4617 ιν
691 4567 918 4635 Georg.,
959 4581 1008 4618 v.
1044 4569 1146 4619 236
1180 4583 1196 4618 :

534 4669 639 4732 lllis
663 4671 739 4717 ira
768 4671 981 4718 modum
1015 4684 1174 4732 supra
1204 4675 1298 4724 est.
1328 4671 1573 4732 laesaeque
1604 4686 1666 4720 ve
1685 4685 1882 4719 neuum

534 4731 790 4796 {uorsibus
824 4731 1102 4796 inspirant,
1131 4739 1183 4782 et
1211 4734 1413 4795 spicula
1441 4731 1579 4782 caeca
1610 4733 1917 4795 relinquunt

531 4791 712 4841 Afﬁxaa
747 4791 1259 4858 venisfauimasqué
1296 4796 1346 4843 in
1382 4796 1597 4845 vulnere
1629 4791 1850 4858 ponunt.

414 4889 540 4964 _Sive
567 4891 737 4964 etiam
769 4892 981 4964 viscera
1012 4893 1339 4964 subeundo,
1368 4900 1432 4946 ut
1463 4895 1846 4958 cantharides,
1881 4895 1948 4948 de
1979 4896 2104 4964 qui-

412 4961 518 5014 bus
569 4960 784 5035 Cicero,
837 4963 1009 5029 Epist.
1062 4963 1102 5016 l.
1157 4981 1228 5030 ix,
1272 4981 1361 5033 ep.
1396 4967 1485 5026 21,
1541 4968 1724 5030 Caius,
1767 4966 1969 5035 inquit,
1999 4960 2103 5020 ac-

413 5037 633 5086 cusante
661 5032 722 5103 L.
749 5033 939 5085 Crasso
977 5032 1331 5088 cantharidas
1364 5040 1658 5103 sumpsisse
1698 5032 1919 5089 dicitur.

488 5102 680 5175 Notari
711 5108 952 5170 possunt
986 5103 1076 5155 hic
1108 5106 1218 5157 duo
1246 5107 1366 5158 ha'c
1399 5102 1652 5167 nouiina,
1700 5108 2011 5175 expetibilis
2050 5112 2106 5160 et

412 5174 800 5236 musculorum,
835 5189 1078 5242 quorum
1102 5179 1301 5229 testem
1333 5178 1596 5230 Latinum
1631 5194 1740 5230 non
1772 5174 1900 5231 novi
1935 5177 2107 5231 :mihi

412 5247 697 5299 dicigretur
729 5243 1107 5297 desiderabilis
1131 5253 1187 5296 et
1214 5263 1539 5301 muscarum.
1565 5251 1646 5303 Tu
1689 5249 1914 5302 videris.

486 5317 507 5350 ³
549 5318 677 5371 Cum
719 5317 943 5369 liberum
987 5315 1269 5390 quemdam
1312 5323 1490 5371 virum
1535 5318 1662 5390 etc.]
1718 5321 1931 5372 Deinde
1977 5335 2103 5371 cru-

416 5388 616 5452 ciatus,
665 5404 808 5457 quos
850 5384 1113 5455 superior
1159 5387 1217 5438 in
1272 5404 1474 5458 corpus
1519 5384 1806 5442 inferioris
1855 5397 2104 5450 exercet,

415 5459 679 5526 quaedam
709 5475 827 5510 esse
857 5463 1090 5526 possunt
1123 5461 1360 5510 materia
1388 5460 1639 5514 virtutis:
1683 5463 1826 5514 sicut
1859 5461 2105 5527 Contigit

414 5525 752 5601 Anaxarcho
794 5525 1160 5601 philosopho,
1215 5529 1518 5601 Democriti
1567 5533 1852 5596 sectatori,
1895 5534 1962 5584 de
1991 5525 2106 5601 quo

416 5614 568 5651 nunc
589 5599 953 5669 philosophia
986 5599 1335 5653 mentionem
1364 5599 1519 5653 facit-
1554 5603 1920 5656 Anaxarchus
1949 5599 2104 5655 enim

415 5669 532 5735 ille,
563 5674 625 5722 ut
665 5672 746 5723 ait
787 5671 981 5725 Cicero
1028 5688 1066 5724 ιι
1096 5671 1345 5737 Tuscul.,
1385 5687 1514 5725 cum
1559 5673 1620 5724 in
1668 5689 1874 5727 manus
1914 5672 2108 5743 Cyprii

2198 2655 2562 2725 Nycareontis
2597 2655 2747 2726 regis
2793 2654 3102 2721 incidisset,
3149 2655 3377 2708 nullum
3412 2669 3587 2724 genus
3612 2650 3824 2726 supplicii

2200 2724 2533 2794 deprecatus
2565 2724 2886 2796 esu—neque
2919 2727 3219 2780 recusavit.
3261 2728 3362 2780 Hic
3391 2733 3576 2778 autem
3619 2724 3667 2776 in
3694 2724 3827 2791 pilam

2201 2815 2427 2851 saxeam
2472 2801 2780 2866 coniectus,
2834 2799 3027 2867 ibique
3064 2798 3266 2851 ferreis
3313 2797 3529 2849 malleis
3567 2800 3824 2867 contusus:

2200 2870 2420 2930 Tunde,
2450 2870 2668 2941 inquit,
2687 2869 2866 2941 tunde
2889 2866 3204 2922 Anaxarchi
3236 2868 3468 2921 follem:
3493 2866 3824 2941 Anaxarchum

2203 2943 2355 2994 enim
2385 2957 2494 2993 non
2531 2935 2728 2993 tundis
2765 2945 3045 3009 :tyranno
3087 2956 3259 3010 porro
3299 2939 3720 3010 amputationem
3745 2935 3824 2986 lin-

2203 3028 2329 3081 guae
2351 3012 2672 3078 minitante,
2709 3012 2965 3080 linguam
2995 3011 3264 3064 dentibus
3292 3011 3592 3064 abscissam
3613 3009 3661 3060 in
3678 3015 3825 3076 tyran-

2203 3099 2340 3135 num
2373 3082 2587 3151 expuit.

2273 3154 2295 3187 ³
2315 3143 2458 3219 Quid
2488 3160 2664 3206 autem
2689 3157 2767 3206 est
2788 3153 2935 3220 quod
2956 3155 3013 3205 in
3042 3154 3232 3218 alium,
3270 3151 3402 3220 etc.]
3424 3154 3692 3205 Postremo
3715 3143 3828 3216 quod

2205 3225 2468 3293 superior
2517 3229 2702 3292 potest
2753 3223 2810 3276 in
2862 3240 3069 3292 corpus
3111 3223 3427 3288 inferioris,
3473 3222 3700 3293 idipsum
3742 3231 3824 3293 non

2203 3291 2331 3348 raro
2373 3291 2612 3348 inferior
2651 3295 2708 3346 in
2736 3311 2943 3364 corpus
2965 3291 3300 3363 superioris
3339 3299 3523 3364 potest
3557 3309 3569 3346 :
3604 3291 3825 3366 cujus-rei

2206 3369 2384 3420 multa
2420 3373 2554 3419 sunt
2592 3358 2884 3436 exempla;
2915 3358 3179 3418 meminit
3229 3358 3587 3434 Philosophia
3613 3358 3827 3415 Busiridis

2205 3442 2262 3490 et
2291 3438 2501 3503 Reguli.

2279 3509 2492 3562 Busuris
2532 3507 2779 3576 Neptuni
2811 3524 2878 3561 ex
2909 3507 3081 3577 Libya
3113 3507 3333 3576 Epaphi
3373 3506 3488 3560 tilia
3523 3511 3690 3577 natus,
3731 3515 3826 3577 cru-

2205 3579 2530 3632 delissimus
2557 3571 2662 3632 fuit
2703 3571 3096 3648 Egyptiornm
3131 3571 3411 3646 tivrannus
3443 3595 3455 3630 :
3488 3577 3572 3630 hic
3602 3576 3728 3648 enim
3754 3571 3826 3622 hu-

2205 3651 2377 3719 spites
2411 3666 2542 3702 suos
2573 3649 2693 3703 Jovi
2714 3647 3070 3715 immolabat,
3104 3665 3172 3701 ne
3203 3649 3537 3719 illiquidem
3566 3647 3685 3720 vati,
3709 3655 3827 3720 aquo

2204 3721 2258 3774 id
2292 3721 2512 3774 consilii
2545 3727 2856 3790 acceperat,
2894 3737 3132 3790 parcens
3167 3735 3178 3772 :
3209 3724 3306 3772 sed
3340 3736 3466 3771 cum
3497 3719 3702 3771 easdem
3728 3719 3828 3765 insi-

2205 3792 2326 3845 dias
2357 3792 2578 3846 Herculi
2639 3797 2883 3861 pararet,
2934 3791 3002 3844 ab
3041 3792 3258 3863 eodem,
3299 3790 3554 3852 Hercule,
3607 3794 3828 3863 una-cuin

2203 3860 2685 3932 Amphidamante
2728 3863 2870 3924 tilio,
2923 3879 3183 3932 pra>cone
3233 3862 3468 3921 Chalhe,
3522 3868 3574 3913 et
3613 3860 3829 3932 ministrls

2207 3935 2275 3988 ad
2318 3927 2467 4004 ipsas
2514 3949 2639 3986 aras
2670 3927 3000 3986 interfectus
3040 3939 3142 3986 est.
3180 3934 3330 4001 Virg.
3369 3949 3426 3987 ιιι
3459 3932 3670 4000 Georg.,
3699 3943 3738 3976 ν.
3764 3927 3787 3975 5
3817 3935 3826 3971 :

2764 4021 2892 4079 Quis
2926 4025 3017 4068 aut
3062 4021 3319 4079 Eurystea
3353 4020 3541 4068 durum

2391 4083 2494 4131 Aut
2522 4072 2954 4131 illaudati‘nescit
2985 4072 3236 4131 Busiridis
3268 4097 3388 4131 aras
3411 4083 3436 4130 ?

2207 4163 2497 4217 Claudian.
2533 4179 2705 4216 carm.
2741 4166 2793 4228 3,
2820 4180 2869 4216 ν.
2903 4164 3006 4216 254
3045 4179 3057 4216 :

2391 4252 2430 4300 Ο
2461 4253 2610 4299 mites
2643 4251 2909 4299 Diomedis
2928 4252 3075 4314 equi!
3113 4251 3371 4300 Busiridis
3398 4263 3500 4298 arae

2457 4314 2750 4362 Clementes
2771 4316 2781 4360 l

2208 4397 2386 4464 Idem,
2418 4414 2591 4450 carm.
2623 4399 2696 4455 t8,
2722 4413 2770 4449 v.
2813 4398 2909 4449 159
2940 4412 2952 4449 :

2366 4486 2449 4533 Sic
2476 4486 2668 4532 multos
2690 4485 2849 4532 ﬂuvio
2877 4488 3020 4532 vates
3047 4489 3226 4532 arente
3252 4497 3345 4543 per
3373 4496 3554 4530 annos.

2339 4549 2549 4610 Hospite
2575 4547 2664 4610 qui
2694 4546 3064 4610 caesortnornuit
3095 4546 3302 4610 placare
3335 4550 3613 4601 tonantem,

2335 4608 2804 4668 Inventasprimus
2838 4609 3088 4656 Busiridis
3119 4608 3310 4656 imbuit
3337 4621 3452 4654 aras

2334 4672 2398 4720 Et
2425 4667 2615 4719 cecidit
2641 4672 2783 4728 saevi,
2817 4671 2960 4732 quod
2990 4671 3212 4728 dixerat,
3245 4670 3414 4718 hostia
3442 4667 3584 4715 sacri.

2283 4753 2534 4822 Regulus
2573 4768 2705 4803 vero
2745 4753 2962 4817 consul,
2998 4751 3115 4820 qui,
3153 4757 3211 4802 ut
3243 4750 3320 4802 ait
3355 4749 3579 4809 Plinius,
3610 4739 3729 4822 fusis
3753 4735 3832 4822 Si}:

2212 4812 2447 4875 lentiiiis
2480 4824 2877 4892 triumphavxt,
2915 4812 3247 4891 primusque
3270 4822 3640 4892 Romanorum
3671 4812 3832 4892 ducunt

2214 4895 2270 4947 in
2313 4894 2559 4946 Africam
2594 4888 2834 4946 classem
2877 4888 3116 4960 trajecit,
3156 4888 3225 4945 ab
3271 4894 3404 4959 ipsis
3439 4888 3830 4956 Carthaginem!-

2218 4965 2321 5018 bus
2346 4965 2513 5033 (quos
2556 4964 2643 5016 hic
2681 4965 3049 5033 Philosophia
3100 4969 3259 5016 vocat
3292 4962 3531 5028 Poenos),
3561 4970 3685 5028 quas
3722 4960 3833 5001 Vice-

2212 5042 2320 5099 rat,
2354 5036 2581 5087 resectis
2609 5036 2897 5104 palpebris
2924 5035 3253 5087 interfectus
3280 5041 3381 5086 est.
3503 5100 3511 5104 _
3537 5099 3549 5104 _
3653 5094 3680 5104 ι,

2453 5085 2580 5168 hmo,
2785 5085 2893 5158 illl‘.
2927 5085 3314 5173 Philosophia,
3362 5094 3709 5176 consideratis

2206 5177 2348 5247 jecto
2381 5184 2436 5229 et
2465 5178 2687 5244 objecta,
2731 5168 2943 5229 transit
2987 5177 3054 5229 ad
3091 5168 3332 5244 effectum
3381 5170 3650 5247 formalem
3684 5168 3832 5247 potet:

2215 5239 2330 5311 tim,
2366 5239 2846 5316 quemadmodum
2881 5239 3200 5317 loquuuiur
3230 5243 3562 5317 philosophi.
3587 5239 3830 5317 Sicaul‘er‘u

2216 5309 2475 5371 con-trahi
2511 5325 2693 5387 potest
2729 5319 2845 5371 haec
2889 5309 3065 5384 ipsius
3099 5309 3474 5386 Philosophiae
3514 5309 3830 5387 ratiocinatie;

2215 5370 2737 5458 Quidquidlnatura
2769 5370 2866 5441 sua
2893 5370 3108 5442 bonum
3132 5397 3235 5452 est,
3271 5370 3405 5440 ilniid
3443 5385 3712 5458 habentem
3733 5370 3834 5458 ἵὸξξί

2217 5439 2455 5527 bonum,
2489 5467 2657 5528 atque
2685 5461 2826 5512 adeo
2868 5461 2937 5513 ab
2959 5461 3159 5513 eodem
3192 5439 3530 5529 contrarium
3558 5449 3741 5529 malum

2218 5539 2317 5600 gat
2345 5547 2362 5582 :
2385 5515 2502 5596 ag'it
2533 5515 2672 5583 enim
2705 5531 2967 5598 cujusque
2987 5533 3067 5583 rei
3094 5538 3293 5583 natura
3323 5527 3465 5600 (Ιηυά
3490 5515 3828 5600 ΡνθΡΓῄίωιῗξθ

2216 5584 2309 5655 ἧσο
2361 5584 2692 5656 contrarium
2745 5584 2927 5655 rerum
2973 5605 3226 5655 miscetur
3279 5584 3647 5667 effectibus-et
3702 5584 3828 5667 υιίτῗ,

2220 5649 2338 5740 iiiis
2364 5649 2501 5727 sua
2517 5649 3206 5741 idaeaezs'eu‘ii";si;
3220 5649 3487 5737 for’iitudo
3513 5649 3702 5732 ίὸνιεηι,
3723 5649 3829 5705 selo-

2135 4342 2178 4394 D
