3982 6182
174 235 266 288 709

1183 243 1272 295 DE
1311 241 1844 299 CONSOLATIONE
1885 240 2378 298 PHILOSOPHIIE
2411 240 2540 294 LIB.
2581 241 2652 295 ll.

3551 245 3656 296 ἨΟ

169 369 454 422 materiam
487 369 754 438 gerendis
788 371 958 424 rebus
992 373 1341 442 optavimus,
1375 392 1490 446 quo
1518 392 1541 418 a
1567 393 1637 430 ne
1667 377 1848 430 virtus
1888 381 1933 430 Α
1961 376 2105 430 sicut
2161 378 2472 430 Ptolemaeo
2530 373 2806 444 probante
2866 373 3134 440 didicisti,
3190 389 3317 444 qua:
3351 377 3378 418 ιι
3410 389 3443 426 a
3485 374 3653 427 nobis

167 457 322 510 tacita
375 463 822 513 consenesceret.
875 462 940 513 Et
984 461 1080 514 illa
1109 465 1134 504 ἰ)
1181 480 1192 516 :
1253 470 1400 518 I56
1445 465 1618 535 Atqui
1669 469 1686 502 ι
1746 467 1853 520 hoc

166 560 333 600 unum
369 553 455 601 est
483 561 526 614 ο,
561 549 714 621 quod
747 554 1078 619 prtestantes
1096 552 1329 622 quidem
1361 558 1568 607 natura
1600 559 1842 622 mentes,

163 635 250 686 sed
280 637 545 690 nondum
577 640 602 679 <1
641 638 709 691 ad
741 642 1056 692 extremam
1089 656 1327 694 manum
1357 640 1632 695 virtutum
1665 642 1850 712 perfe-

160 723 341 778 ctione
381 726 685 795 perductas
717 728 945 782 allicere
993 729 1195 798 possit,
1247 731 1444 800 glorias
1489 732 1701 785 scilicet
1745 748 1850 785 cu-

159 813 310 882 pido,
330 820 388 867 et
416 816 769 884 optimorum
792 816 853 870 in
871 818 1284 887 rempublicam
1302 819 1456 872 fama
1473 821 1810 874 meritorum
1834 837 1846 874 :

162 919 282 974 quae
336 919 511 973 quam
558 905 631 957 sit
678 905 858 971 exilis,
920 911 974 959 et
1023 908 1197 959 totius
1242 923 1417 961 vacua
1453 909 1744 977 ponderis,
1773 909 1852 963 sic

154 993 491 1047 considera:
555 993 628 1063 (5)
676 996 697 1028 ²
750 995 991 1049 Omnem
1047 1000 1214 1049 terrae
1255 1005 1276 1029 ο
1331 997 1634 1064 ambitum,
1684 998 1850 1052 sicuti

106 1152 113 1157 Ι
152 1088 170 1118 ³
212 1081 576 1152 astrologicis
633 1083 1216 1138 demonstrationibus
1265 1086 1553 1156 accepisti,
1599 1087 1670 1140 ad
1722 1088 1850 1141 coeli

153 1171 167 1204 ί
196 1167 471 1241 spatium,
506 1172 698 1240 puncti
734 1177 958 1226 constat
983 1173 1244 1226 obtinere
1277 1175 1560 1228 rationem
1595 1192 1607 1228 :
1651 1175 1709 1228 id
1743 1182 1848 1241 est,

148 1263 208 1314 ut
236 1260 285 1312 si
316 1286 344 1324 ε
381 1259 450 1313 ad
492 1261 734 1314 caelestis
775 1262 929 1331 globi
982 1263 1438 1331 magnitudinem
1495 1266 1845 1332 conferatur,

153 1348 288 1402 nihil
302 1348 474 1418 spatii
491 1365 720 1418 prorsus
732 1351 1051 1420 haberejud
1063 1352 1260 1405 icetur.
1289 1359 1321 1405 ι
1333 1359 1426 1405 57
1449 1353 1626 1422 Hujus
1639 1352 1661 1387 ’⁸
1677 1354 1850 1423 igitur

152 1444 264 1493 tam
295 1439 518 1510 exiguae
551 1439 611 1494 in
642 1442 860 1495 mundo
888 1441 1139 1512 regionis
1161 1446 1364 1512 quarta
1394 1442 1511 1496 fere
1536 1444 1723 1513 portio
1744 1448 1844 1504 est,

1961 465 2206 535 cognitis
2259 465 2651 517 animantibus
2706 463 3000 516 incolatur.
3036 464 3055 494 ⁵
3105 462 3241 514 Huic
3297 467 3554 533 quartaei
3607 462 3652 516 si

1960 559 2242 624 quantum
2284 554 2461 607 maria
2512 553 2862 623 paludesque
2919 556 3210 622 premunt,
3257 557 3653 622 quantumque

1952 658 1965 710 j
2001 643 2095 696 siti
2123 647 2280 696 vasta
2311 642 2470 712 regio
2501 641 2867 705 distenditur,
2901 641 3248 711 cogitatione
3279 640 3649 704 subtraxeris,

1956 731 2052 785 vix
2089 731 2161 800 (ii)
2203 731 2608 800 angustissima
2638 730 2999 784 inbabitandi
3033 729 3361 784 hominibus
3396 747 3528 784 area
3560 745 3643 783 re-

1956 821 2271 891 linquetur.
2311 823 2371 874 ln
2403 821 2512 874 hoc
2534 820 2711 890 igitur
2733 819 2974 873 minimo
3006 820 3202 890 puncti
3225 820 3474 889 quodam
3510 835 3657 888 puu-

1959 914 2046 963 cto
2069 909 2434 979 circumsepti
2461 914 2631 978 atque
2663 909 2937 973 conclusi,
2969 909 3036 961 de
3060 908 3454 977 pervulganda
3480 909 3652 975 fama,

1960 999 2029 1052 de
2055 998 2397 1068 proferendo
2428 997 2662 1050 nomine
2694 997 2998 1065 cogitatis?
3039 998 3110 1049 At
3141 996 3281 1066 quid
3313 995 3488 1050 habet
3524 1012 3652 1049 am—

1959 1088 2141 1157 plum,
2169 1085 2654 1157 magniﬁcumque
2678 1085 2880 1153 gloria,
2907 1088 3023 1137 tam
3046 1085 3301 1152 angustis
3319 1084 3653 1155 exiguisque

1960 1176 2238 1229 limitibus
2267 1173 2520 1228 arctata?
2552 1174 2710 1228 Adde
2745 1173 2901 1242 quod
2933 1177 2952 1208 σ
2980 1174 3089 1227 hoc
3125 1173 3312 1243 ipsum
3348 1173 3533 1227 brevis
3556 1174 3653 1227 ha-

1957 1264 2192 1318 bitaculi
2220 1269 2444 1334 septum
2468 1265 2662 1333 plures
2689 1263 2948 1316 incolunt
2974 1264 3087 1332 (10)
3120 1264 3402 1332 nationes,
3434 1264 3650 1333 lingua,

1958 1355 2236 1421 moribus,
2269 1352 2440 1407 totius
2472 1353 2604 1406 vitae
2644 1352 2868 1406 ratione
2901 1353 3176 1407 distantes
3210 1370 3222 1406 :
3257 1354 3327 1408 ad
3353 1368 3498 1424 quas
3527 1358 3652 1407 tum

1960 1442 2297 1497 difﬁcultate
2328 1443 2623 1508 itinerum,
2658 1446 2781 1495 tum
2818 1442 3092 1512 loquendi
3134 1442 3482 1509 diversitate,
3526 1447 3649 1496 tum

1619 1543 1688 1598 IN
1695 1544 1734 1596 T
1744 1543 2199 1598 ERPRETATIO.

221 1651 243 1678 ³
276 1638 341 1690 Ut
372 1652 500 1690 non.
1881 1644 1920 1697 Β
2023 1667 2051 1706 ε
2079 1641 2270 1692 Terra.

222 1710 246 1749 ιτ
276 1707 670 1780 PhiIQSOpbia,
2020 1725 2045 1765 h
2077 1713 2203 1776 Qum
2234 1710 2509 1764 habitetur
2552 1708 2622 1762 ab
2658 1707 2728 1762 iis
2757 1708 3110 1775 animalibus,
3139 1724 3258 1777 quae
3296 1725 3330 1763 a
3361 1710 3526 1780 nobis
3564 1726 3646 1765 co-

221 1805 241 1829 c
276 1779 489 1848 Inquit.
923 1849 928 1850 7
1951 1790 2301 1850 gnoscantur.

221 1851 242 1891 δ
271 1852 524 1915 Perfecta
552 1852 754 1903 virtute
780 1849 1062 1918 praeditas.

224 1929 243 1953 ε
275 1923 859 1990 Circumscriptionem.

227 1990 244 2026 τ
268 1993 720 2059 Magnitudinem.

2019 1868 2028 1906 i
2064 1851 2343 1908 Portioni.

2020 1941 2031 1991 j
2062 1927 2204 1980 Loca
2239 1925 2451 1977 deserta
2474 1927 2687 1990 patent.

1785 2095 2008 2150 ΝΟΤᾸΞ.

224 2177 462 2253 Ambitio
508 2183 586 2253 et_
614 2178 863 2232 ambitus
904 2179 975 2233 ab
1013 2180 1211 2234 eadem
1258 2181 1480 2251 origine
1529 2183 1835 2253 prodeunt,

169 2249 420 2322 nimirum
473 2250 628 2322 ambe
675 2253 894 2313 circum,
940 2258 991 2304 et
1037 2255 1134 2305 itio
1181 2249 1398 2322 itusque
1453 2272 1482 2306 a
1529 2249 1701 2308 verbo
1733 2249 1835 2311 eoi

169 2321 520 2394 quamobrem
552 2321 621 2372 de
649 2323 982 2394 corporibus
1024 2321 1533 2394 primum,postea
1568 2327 1636 2379 de
1684 2344 1840 2380 men-

170 2392 301 2442 tibus
357 2396 596 2460 propter
655 2393 967 2461 quamdam
1027 2392 1463 2449 similitudinem
1525 2397 1838 2452 dicuntur:

171 2463 379 2515 ambitus
412 2463 528 2516 sive
561 2465 783 2517 ambitio
826 2466 882 2516 in
925 2466 1258 2534 corporibus
1289 2474 1371 2519 est
1397 2470 1548 2520 locus
1593 2470 1840 2523 duorum

171 2535 352 2606 pedum
384 2541 440 2586 et
472 2535 800 2606 semipedis,
827 2553 939 2606 quo
967 2537 1262 2606 interjecto
1291 2538 1474 2591 vicina
1496 2539 1738 2594 aedilicia
1769 2541 1840 2594 ad

174 2605 537 2658 circumeundi
569 2605 893 2660 facultatem
917 2608 1065 2660 inter
1094 2605 1150 2660 se
1177 2609 1391 2662 distant
1420 2627 1431 2662 :
1459 2610 1516 2662 in
1551 2611 1838 2664 mentibus

174 2691 284 2752 vero
300 2682 379 2729 est
409 2678 798 2730 circumducta
821 2680 1085 2752 quaedam
1120 2679 1534 2749 cogitationum
1564 2683 1835 2752 primum,

175 2746 352 2820 deinde
417 2753 746 2813 verborum,
815 2746 1217 2820 factorumque
1277 2752 1449 2804 series
1516 2746 1585 2806 ad
1640 2746 1838 2807 ροηδοὲ

175 2819 438 2892 quendum
481 2820 784 2892 honorem.
820 2823 940 2873 Haec
978 2824 1078 2874 erit
1111 2819 1352 2887 ambitio,
1383 2823 1571 2892 inquit
1615 2825 1836 2878 Tertul-

178 2889 335 2942 lianus
367 2891 433 2942 de
479 2890 616 2942 llab.
657 2892 790 2944 mul.
831 2908 877 2944 c.
913 2893 965 2956 4,
1010 2893 1151 2944 unde
1183 2898 1231 2946 et
1277 2889 1610 2960 nomen—ejus
1664 2899 1838 2949 inter-

171 2961 489 3027 prrtandum,
545 2963 689 3026 quod
745 2967 1175 3030 concupiscentia
1227 2965 1377 3032 apud
1424 2969 1665 3018 animum
1723 2984 1838 3020 am-

175 3032 340 3096 bit-nte,
382 3041 663 3096 nascatur,
704 3034 777 3085 ad
815 3035 999 3101 gloriw
1043 3041 1244 3088 votum.
1283 3037 1432 3089 llanc
1463 3037 1838 3092 ambitionem

172 3102 370 3156 Boetius
405 3104 483 3156 ait
514 3104 621 3156 sibi
656 3121 952 3174 nunquam
988 3105 1161 3159 fuisse
1196 3107 1568 3160 dominatum.

229 3175 423 3228 Verum
483 3191 612 3227 cum
645 3176 823 3228 virtus
880 3177 935 3229 in
992 3177 1144 3230 bona
1192 3180 1517 3246 prmsertim
1581 3184 1838 3233 versetur

165 3246 511 3314 cogitatione,
539 3263 710 3320 quam
739 3249 928 3320 caeteri
954 3248 1218 3301 homines
1249 3266 1363 3302 non
1391 3250 1608 3318 vident,
1639 3268 1835 3320 quam-

162 3332 256 3385 que
287 3322 476 3392 tam_en
505 3318 819 3392 aliquando
857 3320 1016 3392 decet
1049 3326 1284 3374 cmteros
1317 3321 1581 3374 homines
1615 3318 1834 3392 cogno-

159 3402 329 3456 scere;
362 3388 560 3440 Matth.
604 3404 671 3441 v:
719 3389 808 3442 Sic
855 3391 1028 3443 luceat
1072 3392 1168 3444 tum
1215 3397 1394 3444 vestra
1439 3409 1618 3445 corum
1663 3388 1833 3446 Homi-

156 3459 318 3523 nibus,
353 3465 411 3512 ut
441 3459 662 3512 videant
688 3475 851 3528 Opera
878 3467 1057 3514 vestra
1099 3463 1252 3528 bona,
1298 3468 1347 3515 et
1389 3465 1686 3531 gloriﬁcent
1728 3467 1831 3517 Pa-

156 3533 293 3604 trem
327 3538 583 3604 vestrum,
645 3535 840 3604 quiin
893 3534 1034 3586 cuilis
1083 3537 1193 3595 est;
1260 3541 1564 3602 prOpterea
1614 3536 1833 3604 putavit

155 3601 368 3653 Boetius
414 3601 523 3654 sibi
568 3603 863 3669 optandam
908 3609 1192 3658 materiam
1241 3601 1490 3672 gerendis
1536 3601 1714 3671 rebus,
1768 3623 1832 3660 ne

152 3675 314 3725 rirtus
347 3676 518 3725 tacita
547 3681 948 3729 consenesceret.

213 3747 374 3817 illoc
421 3760 590 3817 unum
629 3752 727 3811 est,
778 3745 904 3817 etc.]
966 3747 1034 3800 II.
1100 3746 1464 3816 Philosophia
1521 3749 1831 3816 respondet

148 3813 242 3889 hac
272 3816 426 3868 fama
451 3815 850 3889 duci_mentes,
877 3813 1002 3886 quae
1026 3824 1230 3871 natura
1252 3813 1513 3871 videntur
1535 3813 1825 3889 praestare,

147 3886 233 3958 sed
290 3903 418 3957 quae
476 3887 728 3957 perfecta
780 3889 989 3941 virtute
1049 3889 1308 3942 nondum
1355 3886 1611 3958 praedita).
1672 3894 1823 3944 sunt.

145 3956 412 4011 Praestant
445 3956 676 4028 quidem
723 3964 923 4012 natura
950 3960 1044 4012 ille
1077 3967 1297 4013 mentes
1331 3956 1372 4012 :_
1396 3961 1667 4030 quoniam
1708 3977 1829 4014 cor-

145 4043 362 4096 porum,
395 4030 607 4099 quibus
657 4031 1104 4100 conjunguntur,
1142 4032 1410 4096 motibus,
1453 4032 1631 4084 instar
1666 4034 1825 4085 volu-

141 4103 474 4172 ptariarum,
507 4118 619 4154 non
653 4102 1067 4172 obsequuntur.
1095 4106 1165 4155 At
1193 4103 1409 4155 eaedem
1443 4112 1661 4156 mentes
1687 4121 1826 4157 non-

141 4169 267 4222 dum
302 4172 554 4240 perfecta
581 4169 977 4225 virtute—sunt
1008 4175 1286 4242 praedita),
1321 4190 1452 4225 nam
1485 4175 1679 4227 Matth.
1715 4191 1770 4227 v1
1809 4191 1820 4227 :

142 4242 433 4307 Attendite,
469 4259 535 4295 ne
558 4245 840 4310 justitiam
883 4250 1116 4298 vestram
1141 4247 1364 4310 faciat-is
1391 4261 1570 4297 coram
1603 4247 1826 4298 homini-

143 4311 254 4384 bus,
283 4320 341 4365 ut
369 4313 670 4367 videamini
695 4315 760 4367 ab
791 4318 865 4368 eis
899 4333 912 4368 :
945 4318 1192 4384 alioquin
1224 4316 1512 4369 mercedem
1541 4333 1646 4369 non
1671 4317 1828 4370 habe-

143 4382 260 4435 bitis
305 4385 455 4451 apud
503 4387 718 4439 Patrem
764 4393 1020 4453 vestrum,
1065 4382 1170 4455 qui
1212 4391 1266 4439 in
1326 4389 1472 4441 ca'lis
1518 4394 1623 4452 est;
1676 4389 1826 4442 unde

143 4457 436 4528 apostolus
480 4456 550 4509 ad
597 4458 714 4511 Gal.
752 4475 766 4510 I
802 4475 814 4510 :
853 4460 914 4512 Si
963 4459 1140 4512 adhuc
1184 4459 1488 4512 hominibus
1527 4461 1816 4528 placerem,

145 4525 336 4580 Clu-isti
367 4544 550 4581 servus
581 4545 685 4582 non
711 4545 894 4582 essem.

213 4603 230 4628 ³
259 4601 468 4671 Omnem
504 4606 660 4654 terra
705 4602 988 4664 ambitum,
1028 4599 1154 4670 etc.]
1188 4601 1286 4656 Ill.
1321 4601 1685 4671 Philosophia
1717 4602 1820 4654 ad—

153 4665 224 4741 dit
254 4670 457 4724 famam
508 4673 655 4725 hanc
696 4672 856 4725 flocci
905 4665 1224 4725 faciendam
1273 4688 1391 4725 esse
1421 4665 1658 4741 propter
1692 4673 1818 4726 bre-

152 4736 317 4792 viores
341 4742 464 4807 loci,
501 4760 616 4812 quo
647 4744 928 4796 contineri
959 4743 1158 4814 possit,
1194 4736 1502 4813 angustias.
1536 4736 1820 4797 Nimirum

156 4823 267 4884 cum
299 4814 442 4866 fama
473 4815 593 4866 haec
640 4815 782 4867 nihil
817 4816 888 4866 sit
931 4816 1088 4867 aliud
1127 4832 1300 4884 quam
1334 4817 1551 4883 Optima
1581 4816 1819 4868 alterius

155 4877 385 4936 hominis
433 4885 490 4938 in
546 4891 643 4938 tua
698 4886 905 4938 merita
939 4877 1231 4955 cogitat-io,
1283 4877 1454 4940 dictio
1500 4892 1596 4938 aut
1652 4887 1817 4952 actio,

159 4960 437 5072 propterea
461 4957 615 5010 fama
643 4956 761 5009 haec
795 4958 962 5010 latius
993 4956 1237 5010 diffundi
1268 4974 1382 5010 non
1411 4962 1618 5026 potest,
1649 4973 1819 5027 quam

193 5026 428 5072 ominum
465 5029 543 5072 sin
591 5028 987 5072 mmitantinm-
1041 5029 1394 5072 lnmipntinm
1433 5033 1490 5072 nt
1528 5030 1818 5072 noontinm

193 5026 430 5080 ominum
464 5029 543 5080 sic
591 5028 988 5097 cogitantium,
1038 5029 1397 5098 loquentium
1433 5033 1490 5081 et
1528 5026 1821 5098 agentium

161 5106 333 5160 genus.
395 5100 570 5169 Atqui
633 5099 770 5152 illud
813 5101 1118 5152 hominum
1170 5117 1350 5169 genus
1404 5100 1823 5168 angustissimis

158 5174 444 5222 coarctatur
473 5169 577 5222 loci
612 5170 884 5224 limitibus
920 5189 932 5224 :
969 5188 1085 5224 non
1117 5171 1268 5224 enim
1303 5171 1646 5224 dill'uuditur
1671 5172 1824 5226 ultra

160 5239 366 5312 terram,
392 5257 522 5311 quae
547 5242 750 5294 collata
781 5259 909 5295 cum
941 5244 1082 5296 coelo
1117 5243 1296 5295 instar
1324 5243 1522 5312 puncti
1552 5248 1634 5296 est
1659 5261 1670 5296 :
1708 5260 1822 5296 non

159 5307 524 5386 ulti-aterram
572 5314 966 5386 habitabilem,
1011 5331 1138 5384 qum
1189 5319 1272 5368 est
1301 5307 1506 5386 quarta
1551 5315 1822 5367 duntaxat

158 5392 268 5457 pars
293 5383 439 5457 illius
473 5385 671 5454 puncti
709 5401 721 5437 :
759 5401 874 5438 non
912 5383 1058 5457 ultra
1093 5402 1218 5439 eam
1243 5383 1410 5457 hujus
1442 5392 1661 5454 quartae
1692 5401 1823 5454 par-

158 5454 273 5517 tem,
303 5454 355 5507 in
389 5472 503 5524 qua
536 5472 726 5509 mores
757 5458 935 5509 nostri
969 5456 1196 5525 vigent:
1231 5454 1346 5509 non
1394 5457 1642 5526 denique
1677 5458 1823 5508 ultra

161 5537 261 5576 eam
313 5542 540 5580 morum
575 5535 902 5582 nostrorum
943 5528 1285 5597 portionem,
1333 5527 1401 5581 ad
1443 5543 1614 5597 quam
1660 5533 1822 5579 tuum

161 5604 567 5669 nomentuaqne
583 5599 784 5650 merita
799 5601 1320 5669 pervenerint,quu:
1337 5615 1506 5669 quam
1527 5600 1599 5650 sit
1615 5600 1821 5667 exigua

159 5680 210 5718 ex
235 5682 293 5722 eo
320 5663 538 5739 poteris
585 5663 888 5738 conjicere,
939 5671 1093 5741 quod
1133 5663 1321 5740 ipsum
1353 5663 1685 5723 'Romanum
1714 5663 1818 5722 ho-

1950 2200 2103 2251 men,
2139 2183 2289 2254 quod
2337 2185 2528 2235 tamen
2575 2183 2750 2251 longe
2784 2180 3189 2254 tuocelebrius
3229 2185 3332 2247 est,
3382 2181 3644 2254 pluribus

1948 2252 2215 2324 ignotum
2261 2253 2352 2320 sit,
2377 2269 2573 2324 quam
2605 2260 2829 2306 motum
2858 2252 3138 2321 ejusmodi
3170 2257 3334 2324 terra;
3366 2253 3647 2322 portioni-

1949 2323 2053 2380 bus
2082 2345 2092 2377 :
2129 2342 2258 2395 qua:
2290 2323 2526 2394 quidem
2559 2325 2755 2377 omnia
2785 2339 3042 2376 seorsum
3079 2323 3374 2395 probanda
3395 2329 3548 2377 sunt.

2018 2399 2040 2429 ³
2065 2394 2425 2460 Astrologicis
2463 2395 3016 2449 demonstrationibus
3049 2394 3351 2462 accepisti.]
3386 2395 3645 2448 Primum

1951 2469 2183 2538 quidem
2227 2469 2428 2537 globus
2459 2484 2528 2520 ex
2557 2473 2707 2519 terra
2749 2471 2806 2518 et
2831 2468 3287 2538 aquaconstans,
3323 2481 3436 2538 non
3478 2467 3644 2519 modo

1950 2535 2079 2592 cum
2120 2535 2378 2592 extrema
2408 2554 2508 2590 ora
2538 2555 2600 2590 ac
2633 2535 3113 2590 determinatioue
3146 2536 3292 2600 caeli,
3329 2537 3426 2588 sed
3473 2538 3641 2590 etiam

1949 2627 2078 2664 cum
2114 2612 2210 2663 illo
2241 2609 2476 2673 caelesti,
2500 2609 2590 2661 cui
2618 2609 2796 2661 stellae
2821 2608 2944 2659 lixae
2969 2607 3249 2659 inhaerere
3281 2609 3452 2675 vulgo
3489 2609 3640 2676 cogi-

1949 2686 2161 2746 tantur,
2197 2681 2332 2733 orbe
2364 2682 2607 2733 collatus
2650 2680 2831 2732 instar
2862 2679 3059 2747 puncti
3087 2678 3152 2730 ad
3186 2694 3416 2730 sensum
3449 2694 3504 2730 se
3537 2680 3642 2731 ha-

1947 2753 2090 2806 bet:
2139 2753 2276 2822 quia
2316 2767 2446 2803 cum
2496 2757 2796 2821 punctum,
2845 2755 3071 2822 auctore
3106 2749 3371 2822 Euclide,
3422 2749 3643 2822 dicatur

1947 2824 2111 2888 illud,
2157 2820 2324 2890 cujus
2374 2820 2510 2891 pars
2561 2823 2713 2874 nulla
2765 2826 2869 2886 est,
2921 2820 3050 2872 ideo
3101 2820 3195 2871 ille
3253 2820 3407 2871 orbis
3465 2820 3642 2873 instar

1947 2895 2142 2963 puncti
2179 2910 2236 2945 se
2287 2893 2537 2949 habebit.
2579 2893 2742 2961 cujus
2787 2891 3050 2944 diametri
3102 2891 3639 2963 immotaeutraque

1879 2986 1917 3040 ρ
1951 2962 2296 3026 extremitas,
2331 2970 2392 3040 et_
2418 2964 2680 3040 medium
2702 2963 2770 3014 ab
2802 2979 2916 3040 uno
2952 2962 3459 3040 extraneialterius
3483 2963 3639 3040 globi

1949 3042 2163 3106 puncto
2193 3035 2490 3104 atqualiter
2517 3033 2814 3087 distabunt
2844 3049 2856 3084 :
2892 3034 2996 3085 iste
3025 3033 3239 3106 quippe
3263 3033 3466 3101 globus
3500 3035 3635 3106 simf

1949 3105 2076 3177 plex
2108 3107 2394 3160 videbitur
2439 3111 2493 3158 et
2541 3107 2933 3177 cujuscunque
2979 3105 3155 3173 partis
3203 3120 3420 3177 expers.
3464 3105 3635 3172 Atqui

1947 3175 2252 3248 praedictus
2283 3183 2450 3248 terra;
2481 3181 2537 3228 et
2568 3192 2730 3245 aquae
2759 3175 2962 3248 globus
2984 3191 3112 3226 cum
3135 3176 3415 3248 priedicto
3447 3178 3634 3248 stella-

1948 3245 2074 3302 rum
2109 3251 2346 3302 lixarum
2373 3247 2507 3299 orbe
2541 3251 2903 3315 comparatus
2936 3245 3011 3297 ita
3045 3261 3102 3296 se
3135 3245 3408 3298 habebit:
3451 3247 3636 3314 cogita

1948 3321 2100 3373 enim
2133 3321 2477 3373 diametrum
2505 3318 2672 3386 hujus
2705 3317 2988 3370 terrestris
3007 3315 3184 3383 globi,
3211 3333 3335 3385 qua?
3370 3331 3399 3367 a
3428 3324 3636 3370 nostrls

1945 3393 2188 3461 pedibus
2220 3392 2287 3443 ad
2324 3389 2621 3461 antipodas
2652 3405 2761 3461 per,
2782 3392 3042 3461 centrum
3074 3387 3481 3461 du_eatur,_quo
3514 3405 3636 3457 spa-

1945 3458 2024 3515 tio
2057 3460 2486 3515 observabimus
2519 3478 2550 3513 a
2589 3459 2816 3526 nostris,
2862 3458 3060 3510 eodem
3109 3458 3490 3511 observabunt
3533 3475 3632 3513 an-

1941 3534 2162 3602 tipodes
2194 3550 2225 3585 a
2256 3549 2371 3585 suis
2398 3531 2638 3600 pedibus
2669 3531 2875 3584 distare
2900 3530 3090 3583 stellas
3121 3531 3278 3595 lixas,
3310 3534 3367 3582 et
3403 3529 3632 3600 utrique

1942 3605 2262 3657 videbimus
2286 3604 2456 3670 hujus
2482 3603 2606 3655 coeli
2639 3602 3024 3664 medietatem,
3055 3617 3167 3652 non
3202 3617 3360 3652 secus
3399 3618 3460 3653 ac
3496 3603 3541 3652 si
3577 3607 3631 3654 in

1942 3682 2136 3728 centro
2171 3676 2324 3726 orbis
2347 3679 2630 3726 terrarum
2662 3688 3036 3725 versaremur.
3081 3673 3385 3739 Propterea
3412 3673 3626 3739 Cicero,

1941 3746 2039 3800 lib.
2075 3747 2304 3809 ITusc.,
2352 3745 2706 3810 Persuadent,
2758 3743 2966 3812 inquit,
3015 3743 3388 3795 mathematici
3427 3749 3627 3797 terram

1939 3820 1994 3869 in
2043 3819 2216 3869 medio
2257 3816 2452 3868 mundi
2495 3819 2657 3867 sitam.
2696 3815 2769 3866 ad
2821 3815 3060 3865 universi
3107 3815 3224 3866 cwli
3263 3816 3630 3882 complerunt,

1939 3893 2097 3955 quasi
2128 3889 2319 3955 puncti
2364 3888 2544 3938 instar
2577 3887 2832 3949 obtine-re,
2868 3884 3012 3952 quod
3057 3887 3372 3957 κέντρον-ἰαί
3412 3893 3622 3938 vocant.

2009 3964 2030 3994 ⁴
2059 3954 2254 4023 Hujus
2295 3958 2530 4022 regionis
2560 3962 2761 4022 quarta
2791 3958 2906 4019 fere
2929 3954 3151 4025 portio.)
3173 3954 3399 4009 Deinde
3424 3974 3495 4026 qu
3508 3974 3626 4010 am-

1937 4029 2018 4082 vis
2055 4030 2172 4082 istai
2203 4036 2368 4081 terrm
2403 4033 2456 4079 et
2488 4043 2649 4096 aquae
2673 4027 2874 4093 globus
2903 4026 2979 4077 ita
3003 4026 3242 4094 exiguus
3264 4028 3351 4092 sit,
3377 4032 3438 4079 ut
3471 4044 3623 4096 puu-

1937 4101 2010 4153 cti
2041 4101 2319 4152 rationem
2348 4097 2570 4155 habeat,
2596 4098 2883 4165 integrum
2911 4101 3101 4147 tamen
3136 4098 3285 4148 fama
3308 4114 3417 4150 non
3439 4104 3623 4166 potest

1935 4187 2210 4240 occupare
2245 4187 2255 4224 :
2293 4168 2577 4239 siquidem
2630 4184 2740 4240 non
2802 4167 2999 4240 major
3029 4183 3202 4236 quam
3249 4173 3450 4240 quarta
3497 4170 3620 4237 ejus

1935 4237 2145 4312 portio,
2188 4237 2492 4295 Ptolemzeo
2523 4239 2816 4312 probante,
2862 4237 3052 4312 abiis,
3088 4254 3214 4312 qua:
3253 4254 3285 4312 a
3317 4239 3481 4312 nobis
3511 4255 3619 4312 Aco-

1936 4307 2303 4383 gnoscantur,
2330 4307 2673 4365 animalibus
2707 4307 3092 4383 terrestribus,
3121 4308 3449 4362 hominibus
3473 4309 3619 4362 vide-

1940 4379 2067 4438 licet
2101 4390 2156 4438 et
2193 4384 2386 4438 bestiis
2417 4383 2705 4436 incolitur.
2752 4384 2864 4433 Aut
2910 4379 2953 4432 si
2984 4379 3168 4447 major
3195 4396 3367 4449 quam
3413 4386 3618 4450 quarta

1935 4473 2066 4525 pars
2093 4457 2264 4523 hujus
2296 4454 2448 4508 orbis
2491 4454 2794 4515 incolatur,
2827 4452 3116 4525 ut_naut_i_s
3150 4452 3374 4525 longius
3406 4452 3464 4504 in
3492 4453 3616 4525 dies

1929 4514 2432 4598 progredientibus
2452 4542 2616 4598 novae.
2636 4530 2799 4577 terrze
2826 4520 3162 4598 habitabiles
3177 4514 3618 4598 deprehendun-

1933 4593 2067 4666 ἱιιιιξ
2091 4601 2211 4652 haec
2240 4604 2432 4652 tamen
2467 4597 2653 4668 portio
2685 4610 2800 4648 non
2840 4594 3042 4648 detinit
3085 4593 3322 4646 minima
3366 4594 3565 4648 haberi
3603 4611 3614 4647 :

1931 4687 2061 4724 nam

2001 4745 2020 4776 ⁵
2051 4744 2207 4806 Huic,
2250 4744 2297 4793 si
2329 4744 2588 4805 quantum
2623 4741 2818 4803 maria,
2859 4733 2994 4806 etc.]
3037 4737 3314 4790 Praeterea
3344 4753 3473 4806 pars
3522 4737 3620 4792 illa

1931 4828 2046 4866 non
2094 4815 2278 4882 potest
2309 4812 2532 4881 integra
2564 4810 2633 4862 ab
2677 4807 3217 4882 hominib_us_iucoli
3251 4824 3263 4860 :
3304 4812 3435 4882 sunt
3465 4810 3620 4862 enim

1932 4884 2011 4938 ibi
2040 4879 2220 4936 maria
2253 4883 2416 4953 plura
2432 4879 2451 4948 ;’
2479 4885 2611 4935 sunt
2641 4881 2833 4950 plures
2861 4879 3129 4950 paludes;
3161 4884 3291 4932 sunt
3320 4881 3621 4950 pluraloca

1931 4955 2175 5078 (16383;;
2215 5029 2426 5092 septum
2453 5025 2643 5090 Plures
2686 5023 2928 5075 incolunt
2977 5026 3243 5087 nationes,
3290 5021 3420 5090 etc.]
3463 5021 3619 5075 Adde

1931 5097 2086 5168 quod
2132 5093 2738 5168 brevissimumillud,
2786 5097 2954 5168 terra!
2998 5093 3268 5168 habitata),
3316 5095 3615 5168 punctum,

1932 5163 2155 5222 tantum
2181 5172 2282 5233 est,
2313 5172 2375 5220 ut
2409 5165 2476 5218 ad
2506 5165 2668 5228 illud,
2701 5180 2772 5217 ne
2804 5163 3028 5216 urbium
3063 5165 3292 5234 quidem
3324 5164 3620 5216 celeberri-

1933 5256 2178 5299 marum,
2208 5239 2359 5292 fama
2387 5236 2671 5306 perveniri
2701 5240 2890 5304 queat.
2921 5237 3057 5289 Nam
3092 5252 3158 5288 ea:
3185 5236 3268 5288 his
3299 5239 3432 5306 ipsis
3455 5235 3619 5306 cultis

1931 5317 2182 5375 notisque
2226 5305 2406 5373 terris,
2447 5308 2634 5376 inquit
2683 5307 2900 5358 Tullius
2948 5306 3004 5358 in
3037 5307 3271 5359 Somnio
3318 5305 3616 5374 Scipionis,

1931 5399 2060 5436 num
2100 5387 2198 5434 aut
2242 5387 2393 5433 tuum.
2435 5384 2531 5431 aut
2579 5378 2904 5445 cujusquam
2949 5384 3193 5431 nostrum
3238 5393 3425 5429 nomen
3470 5377 3619 5428 ultra

1933 5455 2234 5509 Caucasum
2264 5452 2425 5513 hunc,
2459 5465 2614 5513 quem
2657 5453 2853 5513 cernis,
2887 5449 3264 5502 transcendere
3292 5451 3494 5514 potuit,
3535 5448 3620 5500 vel

1932 5527 2086 5578 illum
2125 5525 2360 5588 Gangem
2390 5521 2771 5574 transnatare‘?
2804 5521 2899 5572 Est
2929 5525 3120 5573 autem
3153 5520 3432 5570 Caucasus
3453 5534 3619 5571 mons

1939 5597 2105 5659 Asiae,
2150 5594 2297 5647 inter
2327 5609 2484 5646 mare
2526 5593 2811 5646 Euxinum
2853 5595 2908 5643 et
2939 5590 3225 5659 Caspium,
3267 5589 3437 5658 vulgo
3470 5596 3619 5646 ment

1937 5669 2003 5721 (te
2035 5668 2316 5724 Circassie.
