3982 6182
423 195 522 246 711

1772 191 1886 244 ΑΝ.
1929 191 2132 246 MANL.
2175 191 2324 247 SEV.
2369 191 2597 246 BOETII
3769 205 3856 256 112

420 323 749 378 commercii
780 323 1099 389 insolentia,
1131 338 1246 375 non
1273 321 1443 374 modo
1475 322 1624 375 fama
1655 322 1953 376 hominum
1986 323 2102 374 sin-
2138 327 2182 378 Α
2213 322 2334 375 nim
2392 338 2553 374 mora
2598 322 2892 386 momenti,
2940 322 2987 374 si
3025 322 3221 376 decem
3268 323 3514 378 millibus
3557 326 3848 384 conteratur

421 415 710 486 gulorum,
748 414 844 468 sed
891 429 962 466 ne
1004 412 1233 466 urbium
1282 412 1516 481 quidem
1567 412 1867 482 pervenire
1920 417 2110 483 queat.

421 505 605 558 Etate
653 503 900 573 denique
940 502 1107 555 Marci
1140 501 1325 565 Tullii,
1366 501 1511 554 sicut
1556 502 1676 570 ipse
1710 501 1960 571 quodam
1992 503 2114 555 loco

426 601 451 626 ⁸
495 592 796 663 signiﬁcat,
857 592 1113 645 nondum
1171 591 1480 645 Caucasum
1537 595 1791 643 montem
1847 591 2116 644 Romana

424 681 750 751 reipublicse
809 680 959 733 fama
1018 680 1132 750 (15)
1189 678 1635 743 transcenderat,
1703 685 1762 732 et
1807 684 1928 732 erat
1982 684 2117 733 tunc

425 770 618 824 adulta
650 773 695 838 b,
728 769 949 823 Parthis
977 769 1149 822 etiam
1185 767 1518 838 czeterisque
1547 768 1600 821 id
1635 768 1891 821 locorum
1923 769 2116 838 genti-

422 857 531 912 bus
568 857 961 912 formidolosa.
1018 858 1260 911 Videsne
1311 857 1489 927 igitur
1526 873 1698 927 quam
1751 857 1824 910 sit
1872 861 2118 926 angusta

424 961 598 1018 quam
633 963 956 1017 compressa
1003 947 1205 1017 gloria,
1246 963 1422 1018 quam
1451 955 1472 980 °
1507 961 1828 1017 propagare
1870 962 1933 1000 ac
1965 946 2114 999 dila-

421 1041 543 1091 tare
574 1036 892 1091 laboratis?
947 1039 966 1073 ί
1006 1037 1172 1102 Quid,
1233 1037 1380 1107 quod
1443 1035 1797 1090 diversarum
1857 1035 2113 1104 gentium

421 1141 613 1180 mores
645 1125 795 1178 inter
825 1140 904 1185 se,
951 1130 1120 1194 atque
1161 1123 1416 1178 instituta
1466 1124 1812 1189 discordant,
1860 1130 1921 1178 ut
1961 1125 2111 1194 quod

424 1214 576 1286 apud
607 1215 748 1268 alios
781 1213 970 1279 laude,
996 1213 1143 1283 apud
1183 1214 1322 1266 alios
1357 1214 1640 1282 supplicio
1683 1213 1921 1283 dignum
1949 1214 2112 1283 judi—

421 1307 601 1356 cetur.
635 1303 757 1367 Quo
788 1303 868 1364 tit,
903 1306 967 1356 ut
997 1302 1107 1370 (20)
1147 1301 1192 1353 si
1233 1317 1403 1371 quem
1451 1303 1614 1355 famae
1649 1303 1974 1372 prmdicatio
2008 1302 2114 1356 de-

422 1391 609 1455 lectat,
661 1391 812 1452 huic,
854 1391 913 1443 in
966 1390 1246 1459 plurimos
1281 1391 1524 1459 populos
1563 1407 1773 1444 nomen
1830 1391 2110 1460 proferre,

421 1481 582 1534 nullo
613 1481 784 1533 modo
810 1479 1108 1532 conducat.
1144 1480 1263 1532 Erit
1293 1479 1471 1548 igitur
1491 1485 1797 1549 pervagata
1817 1481 1969 1533 inter
1985 1495 2114 1532 suos

421 1569 604 1640 gloria
633 1569 876 1638 quisque
917 1574 1240 1631 contentus,
1281 1574 1336 1620 et
1366 1568 1517 1620 intra
1559 1569 1726 1620 unius
1767 1567 1952 1635 gentis
1997 1573 2112 1620 ter-

2226 411 2414 473 annis,
2464 410 2740 480 quoniam
2787 417 3100 481 utrumque
3159 412 3404 482 spatium
3461 414 3737 469 deﬁnitum
3776 424 3860 483 est,

2225 500 2525 554 minimam
2570 498 2716 565 licet,
2769 499 2941 554 habet
2991 504 3180 554 tamen
3229 503 3474 572 aliquam
3505 516 3519 556 ι
3556 506 3860 573 portionem.

2224 593 2294 642 At
2314 588 2402 642 hic
2438 588 2557 658 ipse
2589 605 2863 642 numerus
2888 605 3196 655 annorum,
3221 591 3456 660 ejusque
3487 594 3865 660 quantumlibet

2227 678 2547 747 multiplex,
2578 676 2691 746 (10)
2721 678 2788 731 ad
2809 704 2836 743 g
2864 678 3348 731 interminabilem
3380 679 3784 734 diuturnitatem
3810 699 3868 735 ne

2225 767 2549 836 comparari
2583 767 2816 836 quidem
2866 771 3073 836 potest.
3110 766 3332 819 Etenim
3364 767 3536 819 ﬁnitis
3564 769 3628 820 ad
3667 785 3719 821 se
3747 770 3866 822 invi-

2225 872 2348 909 cem
2379 855 2553 909 fuerit
2585 857 2872 925 quaedam,
2920 854 3126 908 infiniti
3161 871 3293 908 vero
3340 861 3510 925 atque
3550 855 3704 923 tiniti,
3739 859 3871 912 nulla

2224 959 2479 1015 unquam
2514 946 2724 1015 poterit
2767 961 2887 998 esse
2920 945 3168 998 collatio.
3204 945 3285 997 Ita
3318 943 3402 1010 ﬁt,
3449 950 3508 998 ut
3540 959 3563 998 ιι
3595 948 3870 1015 quamlibet

2224 1035 2428 1105 prolixi
2461 1034 2735 1103 temporis
2766 1034 2938 1100 fama,
2973 1034 3017 1086 si
3069 1049 3199 1086 cum
3230 1033 3566 1087 inexhausta
3594 1036 3869 1090 aeternitate

2223 1124 2527 1194 cogitetur,
2559 1140 2673 1177 non
2712 1140 2905 1193 parva,
2940 1123 3039 1176 sed
3070 1123 3238 1193 plane
3276 1123 3435 1176 nulla
3473 1139 3591 1176 esse
3629 1125 3867 1178 videatur.

2224 1213 2330 1266 Vos
2361 1219 2575 1278 autem,
2618 1213 2726 1265 nisi
2757 1212 2826 1265 ad
2860 1212 3165 1283 populares
3208 1228 3394 1279 auras,
3440 1212 3738 1281 inanesque
3777 1217 3867 1280 (t5)

2225 1317 2486 1354 rumores
2516 1319 2550 1366 i,
2591 1307 2739 1354 recte
2777 1301 2961 1354 facere
3003 1301 3254 1364 nescitis,
3304 1306 3360 1353 et
3393 1301 3588 1353 relicta
3619 1303 3869 1354 conscien-

2225 1389 2316 1445 tia:
2345 1390 2684 1460 virtutisque
2717 1387 3045 1460 praestantia
3076 1390 3144 1443 de
3163 1389 3364 1442 alienis
3395 1389 3628 1459 praemia
3649 1406 3868 1442 sermun-

2223 1479 2366 1532 culis
2431 1479 2752 1548 postulatis.
2817 1477 3020 1547 Accipe
3068 1478 3127 1530 in
3186 1477 3515 1546 hujusmodi
3572 1479 3867 1543 arrogantiae

2225 1569 2451 1622 levitate
2485 1584 2654 1637 quam
2692 1567 2884 1620 festive
2917 1567 3124 1638 aliquis
3153 1568 3420 1620 illuserit.
3460 1567 3597 1619 Nam
3626 1583 3744 1620 cum
3773 1567 3868 1636 qui-

419 1657 608 1712 minos
639 1657 913 1727 praeclara
942 1655 1041 1708 illa
1078 1655 1241 1708 fama:
1273 1654 1676 1708 immortalitas
1707 1655 2106 1710 coarctabitur.
2152 1632 2190 1684 Β
2222 1657 2352 1710 dam
2380 1671 2394 1722 j
2431 1656 2664 1710 adortus
2695 1661 2841 1708 esset
2885 1655 3180 1709 hominem
3235 1655 3616 1721 contumeliis,
3656 1655 3744 1726 qui
3778 1671 3865 1708 non

430 1752 575 1802 158
609 1746 714 1799 Sed
746 1749 767 1781 ²
795 1761 968 1815 quam
1005 1745 1217 1797 multos
1242 1745 1585 1797 clarissimos
1605 1744 1720 1796 suis
1751 1745 2112 1813 temporibus

418 1839 568 1891 viros
608 1836 950 1906 scriptorum
991 1834 1157 1904 in0ps
1207 1835 1416 1887 delevit
1469 1833 1710 1887 oblivio!
1767 1834 2107 1904 Quanquam

418 1926 555 1998 quid
589 1924 713 1994 ipsa
755 1924 966 1993 scripta
1004 1923 1326 1993 proﬁciant,
1357 1939 1484 1993 quae
1515 1925 1538 1964 ἀ
1573 1938 1701 1975 cum
1752 1923 1868 1974 suis
1914 1927 2106 1976 aucto-

417 2015 574 2068 ribus
625 2012 840 2082 premit
881 2013 1106 2081 longior
1152 2018 1322 2082 atque
1375 2012 1614 2065 obscura
1659 2011 1955 2064 vetustas?
1998 2013 2108 2064 Vos

417 2111 608 2157 autem
666 2101 1160 2154 immortalitatem
1218 2101 1378 2153 vobis
1435 2116 1754 2171 propagare
1808 2101 2104 2167 videmini,

414 2207 542 2246 cum
573 2189 751 2243 futuri
784 2190 995 2242 famam
1024 2189 1298 2259 temporis
1341 2190 1411 2259 (5)
1443 2190 1729 2259 cogitatis.
1758 2189 1919 2252 Quod
1953 2189 2000 2243 si
2032 2189 2105 2242 ad

415 2279 749 2334 aaternilatis
795 2277 1018 2331 infinita
1051 2279 1232 2346 spatia
1266 2288 1286 2311 θ
1338 2284 1667 2347 pertractes,
1719 2279 1854 2348 quid
1907 2278 2104 2340 habes,

415 2370 566 2440 quod
596 2369 666 2421 de
696 2367 780 2420 tui
811 2367 1062 2420 nominis
1093 2368 1468 2421 diuturnitate
1499 2368 1752 2421 laeteris?
1786 2366 1962 2421 Unius
1993 2371 2108 2420 ete-

2219 1746 2290 1799 ad
2320 1761 2467 1798 verm
2523 1744 2746 1798 virtutis
2795 1760 2983 1810 usum,
3033 1744 3130 1797 sed
3181 1743 3248 1797 ad
3301 1743 3605 1814 superbam
3660 1743 3862 1813 gloriam

2220 1835 2424 1888 falsum
2466 1834 2574 1887 sibi
2614 1833 2941 1903 philosophi
2990 1849 3200 1886 nomen
3253 1833 3538 1898 induerat,
3589 1833 3688 1902 (20)
3741 1833 3862 1902 adje-

2218 1925 2497 1994 cissetque
2523 1924 2643 1993 jam
2677 1940 2733 1976 se
2767 1923 3062 1988 sciturum,
3095 1939 3167 1975 an
3200 1923 3294 1975 ille
3339 1923 3705 1993 philosophus
3733 1929 3862 1985 esset,

2219 2013 2502 2083 siquidem
2550 2012 2734 2064 illatas
2777 2011 3016 2081 injurias
3064 2011 3272 2065 leniter
3314 2012 3704 2082 patienterque
3753 2012 3863 2064 tole-

2218 2107 2414 2155 rasset.
2449 2101 2545 2153 Ille
2579 2101 2912 2170 patientiam
2955 2100 3247 2170 paulisper
3277 2100 3604 2182 assumpsit,
3653 2105 3864 2169 accepta-

2219 2207 2331 2261 que
2359 2190 2710 2244 contumelia
2737 2190 2890 2242 velut
2921 2187 3219 2255 insultans,
3245 2185 3366 2258 jam
3406 2189 3652 2256 tandem,
3682 2189 3852 2259 inquit,

2215 2278 2487 2346 intelligis
2517 2293 2605 2331 me
2637 2294 2758 2330 esse
2797 2277 3244 2346 philosophum?
3301 2284 3450 2330 159
3491 2278 3626 2329 Tum
3673 2277 3756 2328 ille
3798 2275 3861 2326 ni-

2217 2367 2398 2420 mium
2435 2366 2799 2433 mordaciter,
2831 2365 3244 2430 intellexeram,
3279 2365 3492 2436 inquit,
3527 2365 3548 2398 ³
3570 2366 3614 2418 si
3642 2364 3862 2416 tacuisses

1869 2491 2447 2546 lNTEltPRETATIO.

482 2643 506 2668 ι
537 2615 596 2667 In
629 2612 853 2667 somnio
883 2611 1164 2682 Scipionis

483 2688 509 2728 δ
537 2686 791 2739 Romana
821 2684 1161 2754 respublica.

483 2782 507 2810 c
541 2757 650 2808 Vos
677 2755 958 2808 homines.

481 2841 506 2881 d
536 2829 657 2882 Non
677 2842 829 2880 secus
856 2843 920 2879 ac
948 2841 1074 2880 suos
1104 2829 1368 2879 auctores.

481 2907 503 2932 ο
531 2900 786 2965 Proferas
816 2897 1182 2952 conferendo.

483 3153 498 3184 ¹
529 3151 674 3216 Quid
711 3151 858 3216 quod
887 3150 1224 3202 diversarum
1260 3154 1502 3215 gentium
1535 3165 1729 3216 mores,
1763 3151 1891 3220 etc.]
1936 3151 2102 3203 Deni-

409 3238 520 3292 que
551 3223 813 3291 quamvis
860 3226 1083 3273 tantum
1133 3221 1282 3273 foret
1334 3222 1575 3288 alicujus
1619 3237 1852 3284 nomen,
1893 3221 2001 3274 hoc
2046 3227 2105 3275 ut

407 3294 708 3361 pervenire
739 3297 928 3360 posset
958 3295 1022 3343 ad
1056 3307 1254 3344 omnes
1283 3292 1483 3344 mundi
1517 3294 1778 3360 populos,
1822 3307 1934 3344 non
1979 3308 2105 3360 pro-

411 3370 609 3431 pterea
649 3362 906 3430 ejusdem
954 3362 1137 3428 gloria
1187 3367 1342 3414 tanta
1385 3369 1533 3414 esset
1570 3376 1582 3415 :
1627 3362 1898 3431 quoniam
1947 3363 2103 3432 quod

405 3433 556 3501 apud
575 3433 716 3484 alios
735 3433 922 3494 laude,
949 3433 1002 3483 id
1032 3432 1183 3498 apud
1209 3432 1350 3483 alios
1382 3432 1664 3500 supplicio
1691 3434 1931 3501 dignum
1950 3434 2101 3501 judi-

407 3509 614 3555 catur:
668 3503 822 3572 quod
865 3502 1140 3554 nimirum
1176 3502 1371 3570 populi
1410 3503 1761 3570 praejudiciis
1813 3503 2001 3572 potius
2047 3509 2102 3558 et

405 3573 884 3643 praecipitatione,
911 3588 1082 3641 quam
1108 3572 1352 3624 evidenti
1380 3573 1598 3625 ratione
1628 3574 1780 3626 ducti
1802 3573 2061 3642 judicent
2086 3591 2098 3628 :

406 3646 486 3698 sic
517 3661 642 3715 quae
671 3644 834 3696 nobis
868 3644 1094 3713 placent
1124 3650 1330 3700 vestes.
1352 3644 1556 3715 epulae,
1580 3652 1869 3698 caeterzeve
1893 3646 2101 3713 agendi

403 3714 779 3786 patiendique
812 3717 1030 3778 formae,
1063 3715 1155 3767 hae
1189 3714 1398 3766 exteris
1429 3714 1756 3768 nationibus
1801 3716 2099 3786 displicent

405 3787 632 3855 saepius.

475 3879 496 3910 ³
529 3875 701 3939 Quam
753 3875 972 3939 multos,
1022 3871 1156 3946 etc.]
1213 3874 1302 3927 IV.
1369 3874 1734 3946 Philosophia
1780 3875 2095 3946 subjungit,

403 3949 735 4017 praedictam
766 3945 976 3998 famam
1012 3945 1175 3998 nihili
1208 3946 1520 4015 putandam
1551 3963 1670 3999 esse
1702 3953 1936 4016 propter
1974 3949 2098 4001 bre-

403 4016 585 4070 viores
615 4017 907 4085 temporis,
934 4033 1049 4084 quo
1073 4018 1276 4069 durare
1303 4018 1496 4086 possit,
1516 4017 1744 4070 limites.
1771 4018 1912 4072 Cum
1935 4020 2091 4072 enim

402 4088 555 4142 fama
603 4087 726 4141 htBC
770 4088 841 4139 ab
890 4088 1077 4139 aliena
1127 4087 1195 4140 de
1242 4089 1353 4140 tuis
1407 4090 1622 4142 meritis
1681 4089 2096 4142 existimatione

404 4160 666 4230 pendeat,
702 4158 902 4230 tandiu
936 4160 1209 4212 duntaxat
1231 4159 1337 4210 ista
1363 4159 1514 4212 fama
1546 4160 1793 4225 durabit,
1838 4160 2093 4230 quandiu

402 4229 460 4282 in
501 4232 626 4282 aliis
659 4229 989 4282 hominibus
1022 4230 1234 4297 vigebit
1267 4230 1599 4282 meritorum
1629 4229 2095 4284 tuorum’memo-

401 4301 488 4354 ria
521 4316 532 4354 :
567 4301 726 4370 atqui
759 4302 880 4354 haec
914 4301 1191 4352 memoria
1227 4302 1494 4367 perennis
1525 4317 1644 4353 esse
1679 4303 1915 4370 nequit:
1958 4319 2093 4356 nam

401 4373 486 4424 vel
519 4371 764 4425 deerunt
793 4374 1118 4438 scriptores,
1151 4371 1360 4439 qutbus
1391 4371 1688 4423 cerebrum
1724 4377 2096 4442 montemque

402 4443 700 4496 hominum
742 4441 1051 4494 identidem
1084 4443 1594 4504 commoventibus,
1640 4443 1918 4511 impressa
1962 4441 2098 4497 tuo-

400 4529 529 4567 rum
565 4515 903 4565 meritorum
929 4512 1163 4581 vestigia
1193 4517 1540 4566 renoventur
1570 4527 1581 4566 :
1622 4515 1703 4564 vel
1727 4515 1987 4568 aderunt.

471 4584 528 4636 Si
578 4584 867 4654 defuerint
920 4585 1244 4654 scriptores,
1301 4591 1376 4646 te,
1430 4600 1548 4636 non
1603 4600 1761 4636 secus
1808 4601 1869 4637 ac
1905 4587 2098 4654 plures

401 4655 519 4705 suis
578 4653 936 4720 temporibus
985 4653 1326 4706 clarissimos
1382 4654 1529 4706 viros
1599 4654 1828 4718 delevit,
1886 4653 2094 4709 Oblivio

400 4723 633 4776 delebit.
673 4723 762 4776 Sic
796 4724 1179 4796 Romanorum
1209 4725 1408 4796 merita
1441 4726 1617 4778 veluti
1643 4727 1864 4794 sepulta
1891 4727 2091 4796 jacue-

399 4801 556 4866 runt,
619 4801 843 4845 auctore
890 4794 1156 4847 Sallustio
1205 4795 1262 4848 in
1326 4796 1472 4848 bello
1532 4794 1904 4860 Catilinario,‘
1941 4798 2095 4866 quod

393 4865 859 4934 prudentissimus
894 4871 1124 4930 quisque
1153 4870 1390 4919 marime
1419 4871 1727 4933 negotiosus
1759 4873 1876 4920 erat
1901 4885 1919 4920 .'
1951 4865 2097 4935 inge-

398 4941 552 4989 nium
581 4951 733 4988 nemo
788 4938 903 4988 sine
954 4953 1176 5005 corpore
1220 4939 1540 4991 emercebut:
1591 4945 1828 5006 optimus
1867 4944 2096 5004 quisque

396 5009 576 5074 facere
607 5022 770 5071 quam
801 5007 995 5071 dicere,
1029 5012 1078 5061 et
1122 5024 1223 5061 sua
1261 5009 1327 5061 ab
1373 5011 1498 5062 aliis
1543 5009 1822 5075 benefacta
1874 5012 2097 5063 laudari

399 5095 561 5144 quam
593 5083 708 5146 ipse
753 5080 987 5131 aliorum
1019 5096 1246 5132 narrare
1279 5081 1533 5135 malebat.
1564 5081 1654 5134 Sic
1686 5098 1937 5134 Virorum
1976 5084 2090 5134 for-

397 5152 558 5210 tium,
594 5149 690 5218 qui
715 5159 846 5222 ante
877 5152 1304 5222 Agamemnona
1340 5155 1621 5216 vixerunt,
1647 5154 1796 5222 quod
1817 5153 1873 5206 hi
1896 5169 2093 5206 carue-

396 5222 516 5274 rint
557 5220 930 5294 scriptoribus
975 5224 1175 5294 poetis,
1233 5221 1411 5294 virtus
1454 5225 1634 5276 celata
1665 5220 1834 5290 latet,
1875 5225 2092 5294 judicio

399 5293 613 5346 Horatii
649 5289 750 5344 lib.
787 5308 836 5344 iv
870 5289 1083 5358 Carm.,
1106 5291 1196 5344 od.
1231 5293 1261 5341 9
1296 5307 1306 5344 :

522 5397 708 5445 Vixere
745 5395 906 5444 fortes
937 5399 1058 5443 ante
1090 5396 1485 5456 Agamemnona

521 5459 671 5506 Multi
706 5474 716 5506 :
751 5459 840 5507 sed
872 5472 1056 5507 omnes
1083 5459 1490 5520 illacrymabiles

585 5521 879 5582 Urgentur;
909 5520 1179 5582 ignotique
1207 5520 1368 5581 longa

645 5581 808 5632 Nocte
846 5593 856 5630 :
886 5586 1065 5630 carent
1094 5581 1219 5645 quia
1247 5588 1362 5631 vato
1389 5597 1554 5632 sacro.

2287 2629 2305 2667 ἰ
2334 2618 2769 2683 Proportionem.

2287 2713 2314 2752 ε
2338 2688 2633 2754 Inﬁnitam.

2287 2769 2317 2810 h
2348 2757 2756 2822 Quantumlibet
2788 2758 2953 2824 longi.

2283 2845 2295 2880 i
2329 2829 2720 2882 Concitandos.

2284 2915 2298 2966 j
2331 2902 2375 2952 A
2385 2900 2635 2967 ffecisset.

2126 3027 2343 3083 NOT/E.

2285 3150 2342 3204 Si
2373 3167 2504 3203 vero
2537 3151 2824 3204 adfuerint
2869 3151 3192 3221 scriptores,
3225 3152 3382 3222 quod
3418 3168 3613 3205 eorum
3649 3150 3762 3204 libri
3786 3156 3858 3222 aut

2213 3222 2428 3292 injuria
2455 3228 2803 3290 temporum,
2834 3227 2930 3275 aut
2954 3220 3258 3276 hominum
3279 3225 3538 3292 ipsorum
3561 3220 3857 3291 negligentia

2212 3295 2421 3362 saepius
2455 3299 2711 3362 pereant,
2740 3295 2998 3346 nondum
3043 3299 3301 3346 constare
3337 3295 3551 3363 poterit
3594 3295 3703 3346 tibi.
3737 3301 3857 3344 tuam

2211 3365 2422 3416 famam
2457 3365 2678 3436 horum
2729 3365 3003 3418 beneficio
3046 3367 3167 3418 fore
3218 3372 3579 3436 perpetuam.
3629 3363 3728 3436 Sed
3763 3377 3857 3414 ma-

2211 3441 2384 3488 neant
2432 3435 2582 3500 libri,
2633 3442 2971 3505 maneatque
3009 3434 3356 3504 scriptorum
3394 3437 3679 3501 memoria,
3719 3434 3856 3505 itaut

2211 3506 2423 3577 dertuis
2450 3499 2666 3558 meritis
2692 3499 3305 3577 dicere-possis,'quod
3343 3508 3575 3562 Ovidius
3605 3499 3782 3559 cecinit
3803 3499 3857 3554 de

2211 3576 2327 3628 suis
2355 3577 2704 3630 carminibus
2727 3594 2796 3631 xv
2827 3579 3050 3631 Metam.
3086 3594 3099 3630 :

2333 3665 2553 3737 Jamque
2587 3679 2719 3737 Opus
2739 3666 2905 3727 exegi.
2937 3666 3078 3727 quod
3107 3679 3202 3737 nec
3232 3666 3381 3737 Jovis
3403 3667 3499 3720 ira,
3529 3665 3788 3737 ncc‘ignes.

2335 3728 2436 3776 Nec
2467 3728 2660 3790 poterit
2694 3730 2909 3788 ferrum,
2948 3743 3043 3776 nec
3073 3729 3204 3776 edax
3234 3729 3450 3776 abolere
3480 3733 3718 3776 vetustas.

2206 3807 2324 3860 Tua
2351 3807 2727 3860 nihilominus
2756 3807 2926 3873 fama,
2974 3808 3082 3877 ipsi
3133 3807 3308 3861 etiam
3363 3809 3579 3862 mundo
3625 3817 3849 3877 aequata.

2205 3877 2433 3930 brevior
2490 3884 2658 3943 esset,
2718 3894 2888 3947 quam
2946 3875 3012 3931 ut
3059 3884 3298 3947 propter
3364 3896 3492 3934 eam
3535 3875 3851 3947 obtinendam

2207 3965 2376 4018 agere
2436 3949 2660 4018 possis:
2721 3945 3131 4018 praisertim’si
3176 3945 3275 4002 illa
3332 3950 3506 4002 fama)
3559 3945 3852 4018 diuturnitas

2207 4016 2537 4072 conferatur
2566 4035 2694 4072 cum
2725 4016 3062 4086 iaeternitate,
3111 4037 3284 4089 quam
3318 4037 3482 4074 mens
3511 4019 3743 4075 humana
3770 4016 3849 4066 du-

2205 4099 2397 4144 ratura
2428 4097 2532 4143 est.
2567 4091 2709 4143 Nam
2751 4091 2796 4142 si
2833 4093 3163 4144 brevissima
3194 4091 3367 4144 unius
3415 4090 3683 4145 momenti
3729 4100 3852 4138 mora

2205 4178 2334 4215 cum
2368 4161 2564 4214 decem
2607 4161 2863 4215 millibus
2896 4163 3060 4214 annis
3091 4162 3317 4229 collata,
3351 4179 3524 4232 parva
3571 4168 3650 4214 est
3676 4157 3851 4233 diutur-

2205 4233 2374 4299 nitas,
2409 4238 2558 4284 certe
2593 4232 2815 4302 integra
2848 4249 2963 4285 non
3004 4234 3173 4286 modo
3203 4235 3328 4286 vitze
3351 4229 3609 4287 hominis
3639 4229 3850 4302 senioriS.

2207 4305 2305 4356 sed
2342 4304 2522 4372 ipsius
2555 4300 2782 4373 quoque
2809 4304 3007 4356 mundi
3038 4305 3391 4357 diuturnitas
3423 4321 3548 4358 cum
3587 4300 3852 4355 aeternitate

2210 4380 2556 4443 comparata,
2603 4375 2864 4439 minima,
2901 4377 3015 4428 imo
3048 4379 3205 4428 nulla
3226 4383 3309 4428 est
3331 4375 3853 4443 diuturnitaszquan-

2209 4440 2520 4515 doquidem
2555 4448 2704 4498 inter
2735 4447 2952 4513 priores
2984 4447 3413 4511 diuturnitates,
3453 4454 3513 4498 ut
3547 4451 3666 4514 pote
3692 4440 3851 4493 ambas

2207 4517 2413 4580 ﬁnitas,
2465 4521 2545 4569 est
2598 4518 2822 4587 aliqua;
2875 4517 2971 4571 sed
3032 4518 3181 4571 inter
3243 4520 3602 4586 posteriores,
3651 4522 3850 4583 quarum

2207 4588 2387 4640 altera
2440 4587 2686 4653 inﬁnita,
2737 4590 2893 4640 nulla
2955 4594 3039 4640 est
3093 4588 3431 4658 proportio;
3486 4589 3597 4639 sive
3640 4592 3697 4636 ut
3735 4593 3850 4634 nunc

2206 4659 2414 4710 dicitur
2437 4663 2618 4726 portio
2649 4677 2664 4712 :
2699 4659 2777 4710 sic
2811 4659 2963 4712 enim
2999 4659 3255 4728 loquitur
3285 4660 3553 4712 Curtius:
3584 4658 3846 4728 Praemium,

2204 4729 2412 4798 inquit,
2463 4735 2566 4783 erit
2605 4733 2654 4782 ei
2697 4735 2793 4794 qui
2819 4734 3032 4798 primus
3059 4726 3335 4798 occuparit
3367 4734 3634 4791 verticem,
3681 4726 3847 4798 talenti!

2204 4795 2401 4874 deerm.
2439 4801 2549 4853 Uno
2596 4807 2777 4874 minus
2819 4795 3052 4869 accipiet
3105 4795 3200 4869 qui
3229 4804 3527 4874 promimus
3581 4803 3626 4852 ei
3653 4795 3845 4874 venerit.

2205 4872 2498 4938 eademque
2539 4871 2613 4923 ad
2662 4873 2838 4924 decem
2881 4865 3130 4926 homines—
3165 4865 3477 4926 servabitur
3521 4873 3705 4939 portio.
3760 4865 3850 4940 V0}

2203 4943 2646 5007 interminabilis,
2682 4959 2854 5012 quam
2897 4961 3009 4996 non
3043 4944 3215 4996 semel
3250 4944 3482 4996 adhibet
3515 4941 3740 5001 Boetius,
3766 4948 3848 4987 ml'

2205 5029 2312 5065 nus
2360 5015 2551 5066 Latina
2599 5013 2868 5068 videtur:
2921 5017 3114 5068 Cicero
3155 5017 3367 5068 diceret
3427 5014 3845 5066 interminatam;

2204 5085 2350 5136 sicut
2381 5101 2393 5136 1
2435 5084 2502 5137 de
2538 5085 2661 5137 Nat.
2708 5085 2862 5138 deor.
2891 5101 2902 5138 :
2937 5088 2999 5140 Si
3036 5091 3368 5149 immensam,
3404 5085 3608 5153 inquit,
3639 5086 3684 5133 et
3717 5081 3849 5130 intor-

2202 5159 2466 5208 minutum
2526 5159 2582 5208 in
2639 5171 2819 5208 omnes
2883 5162 3073 5224 partes
3137 5156 3570 5223 magnitudinem
3612 5154 3844 5218 regionum

2202 5227 2480 5279 videretis.

2275 5298 2296 5328 ³
2329 5299 2388 5351 Si
2418 5294 2728 5368 tacuisses]
2763 5296 2959 5351 Simile
2992 5303 3076 5351 est
3101 5297 3238 5352 illud
3270 5294 3556 5353 Ciceronis
3588 5309 3684 5368 pro
3709 5283 3842 5368 Arcti-

2201 5367 2532 5443 Philosophi,
2585 5362 2795 5438 inquit,
2842 5372 2898 5421 in
2949 5371 3130 5443 libros,
3177 5370 3242 5422 de
3288 5362 3664 5443 contemnendo
3697 5362 3845 5443 .gturiu

2203 5441 2469 5502 scribunt,
2503 5453 2693 5491 nomen
2725 5455 2885 5492 suum
2911 5442 3241 5506 inscribunt,
3274 5447 3322 5493 et
3353 5443 3407 5493 in
3441 5456 3496 5492 eo
3528 5440 3736 5511 ipso.in
3765 5440 3844 5511 91ίο

2195 5497 2640 5578 praedicationem
2681 5511 3125 5578 nobilitatemque
3153 5497 3479 5581 despiciunt,
3503 5497 3771 5579 praedicari
3796 5497 3844 5549 dt

2201 5597 2256 5634 se
2282 5597 2345 5634 ac
2373 5585 2647 5636 nominari
2669 5584 2878 5637 volunt.
3519 5612 3528 5621 -
