3982 6182
156 202 238 255 713
1116 197 1207 251 DE
1249 196 1774 252 CONSOLATIONE
1816 198 2299 254 PHILOSOPHUE
2341 200 2475 257 LIB.
2523 201 2600 255 ll.

156 340 278 388 159
305 331 440 395 Quid
466 333 660 384 autem
690 334 792 400 est,
828 331 981 402 quod
1007 330 1080 384 ad
1109 338 1133 363 α
1163 330 1480 401 praecipuos
1517 327 1663 385 virds
1695 331 1788 400 (de
1828 341 1873 392 Α

149 425 219 478 his
241 421 378 476 enim
409 435 588 473 sermo
609 420 714 486 est)
743 420 840 492 qui
859 420 1066 473 virtute
1113 419 1354 489 gloriam
1375 425 1608 490 petunt;
1635 421 1794 491 quid,

149 527 371 584 inquam,
401 515 496 577 est,
529 510 683 580 quod
731 510 802 564 ad
846 511 950 564 hos
1001 509 1069 563 de
1100 509 1252 563 fama
1305 515 1433 580 post
1481 510 1798 564 resolutum

151 606 300 656 morte
341 615 603 669 suprema
629 615 832 671 corpus
863 599 1141 653 attineat?
1165 603 1304 654 Nam
1341 600 1408 666 si,
1445 601 1599 670 quod
1636 601 1650 634 ¹
1688 616 1797 653 no-

145 699 250 746 strte
281 690 515 744 rationes
549 689 622 759 (ὅ)
651 689 802 742 credi
836 694 1056 750 vetant,
1092 690 1197 743 toti
1247 689 1575 743 moriuntur
1605 689 1794 743 homi-

147 798 242 846 nes,
280 779 426 831 nulla
464 783 546 830 est
598 778 837 832 omnino
878 779 1082 848 gloria,
1120 795 1252 832 cum
1285 779 1350 840 is,
1384 780 1550 848 cujus
1580 794 1646 831 ea
1678 794 1797 832 esse

145 870 335 931 dicitur,
366 883 479 920 non
508 872 686 920 exstet
717 867 979 921 omnino.
1018 867 1118 920 Sin
1154 884 1286 921 vero
1320 867 1464 921 bene
1498 884 1662 921 mens
1686 867 1799 920 sibi

145 957 334 1012 conscia
383 983 425 1022 ιη
474 961 704 1010 terreno
751 973 975 1011 carcere
1025 958 1297 1021 resoluta,
1357 957 1567 1011 coelum
1616 957 1799 1010 libera

146 1047 274 1118 petit,
301 1062 482 1099 nonne
516 1062 686 1100 omne
728 1051 1022 1100 terrenum
1059 1047 1356 1116 negotium
1387 1049 1637 1117 spernet,
1671 1062 1798 1117 quin

143 1153 204 1202 se,
234 1136 360 1189 caelo
393 1135 609 1202 fruens,
651 1136 892 1189 terrenis
923 1135 1133 1206 gaudet
1163 1142 1510 1207 exemptam.

622 1232 759 1279 16]
796 1226 1087 1280 METRUM
1119 1224 1137 1244 ‘
1175 1225 1284 1278 VII.

146 1302 524 1351 Aneuuesrnu.
573 1325 646 1336 —
706 1298 1051 1364 Philosophia
1097 1299 1290 1350 stricta
1348 1298 1590 1350 oratione
1656 1294 1801 1362 quod

197 1370 360 1421 statim
387 1367 608 1421 der-erat
657 1369 836 1421 soluta
879 1375 1144 1435 repetens,
1177 1370 1436 1435 exemplis
1479 1367 1679 1435 probat
1707 1368 1799 1431 fa-

197 1455 339 1502 mam,
369 1455 490 1506 quae
542 1455 640 1507 per
693 1442 863 1492 vitam
900 1456 1007 1492 non
1054 1442 1160 1492 nisi
1214 1443 1418 1506 exigua
1457 1454 1567 1492 esse
1602 1441 1798 1506 potest,

197 1517 343 1565 morte
370 1513 527 1577 ﬁniri
563 1527 575 1563 :
604 1513 682 1563 ita
721 1516 783 1562 ut
813 1513 1007 1578 quibus
1037 1514 1192 1576 fama
1233 1511 1340 1564 haec
1376 1510 1595 1564 videiur
1624 1510 1801 1562 altera

196 1585 312 1646 vita,
340 1581 424 1634 his
451 1585 670 1648 gemina
695 1597 837 1636 mors
860 1583 1143 1636 subeunda
1174 1584 1269 1636 sit.

3497 202 3602 255 714

2041 333 2377 405 Quicunque
2408 335 2587 388 solam
2628 338 2818 388 mente
2857 334 3146 406 praecipiti
3175 336 3322 406 petit

2049 421 2121 475 Su
2133 438 2466 494 mmumque
2499 423 2675 476 credit
2706 423 2972 493 gloriam,

2051 511 2183 566 Late
2209 517 2468 582 patentes
2501 512 2732 567 aetheris
2760 519 2955 568 cernat
2987 513 3204 583 plagas,

2129 608 2274 655 16'!
2304 605 2651 674 Arctumque
2684 607 2968 657 terrarum
3001 603 3175 656 situm
3210 618 3223 656 :

1909 693 1937 741 Ξί
2051 691 2284 744 Brevem
2307 692 2525 762 replere
2558 709 2675 746 non
2701 693 2940 747 valentis
2972 692 3254 747 ambitum

2123 780 2366 834 Pudebit
2394 781 2546 834 aucti
2570 782 2846 836 nominis.

2051 869 2198 932 Quid
2229 886 2261 923 ο
2295 869 2526 940 superbi
2558 871 2703 925 colla
2732 871 2971 926 mortali
2994 872 3140 943 jugo

2122 959 2352 1012 Frustra
2385 959 2571 1012 levare
2603 959 2898 1028 gestiunt?

2050 1045 2204 1100 Licet
2233 1051 2484 1101 remotos
2516 1047 2668 1101 fama
2699 1064 2801 1117 per
2841 1050 3090 1118 populos
3122 1065 3323 1104 means

1912 1136 1974 1188 10
2122 1137 2355 1203 Ditfusa,
2386 1137 2614 1208 linguas
2660 1138 2925 1207 explicet,

2050 1225 2114 1278 Et
2137 1242 2344 1296 magna
2370 1227 2553 1280 titulis
2582 1226 2800 1297 fulgeat
2827 1226 2996 1280 claris
3023 1225 3248 1295 domus,

2123 1315 2268 1367 Mors
2299 1315 2521 1385 spernit
2545 1316 2718 1369 altam
2748 1315 3016 1386 gloriam,

2053 1404 2291 1457 Involvit
2319 1404 2538 1458 humile
2569 1405 2804 1475 pariter,
2839 1409 2895 1460 et
2926 1404 3140 1459 celsum
3173 1411 3363 1476 caput,

2122 1494 2443 1564 £quatque
2475 1495 2716 1548 summis
2745 1494 2964 1548 intima.

1578 1676 2153 1734 INTERPRETATIO.

199 1786 219 1810 ι
248 1778 586 1830 Prwstantes.

199 1875 216 1908 δ
250 1848 483 1903 Suarum
523 1847 958 1919 cogitationum.

1979 1775 2235 1843 Quisquis
2261 1776 2662 1830 inconsiderato
2689 1777 2869 1830 animo
2917 1775 3091 1830 tendit
3132 1781 3343 1831 tantum
3386 1777 3458 1831 ad
3486 1778 3603 1845 glo-

1837 1845 1876 1897 B
1905 1848 2069 1912 riam,
2089 1852 2138 1901 et
2163 1847 2322 1901 illam
2349 1851 2514 1917 putat
2543 1864 2666 1902 esse
2698 1863 2968 1902 summum
2997 1848 3242 1916 bonum;
3277 1849 3324 1903 is
3355 1849 3594 1904 conside-

1735 1943 1942 1999 NOT/E
1957 1984 1970 2000 .

195 2047 208 2082 ¹
243 2046 436 2100 Nostra:
473 2045 723 2099 nationes
762 2045 913 2098 credi
952 2041 1184 2114 vetant]
1222 2044 1420 2097 Plures
1471 2042 1625 2096 enim
1673 2047 1810 2096 sunt

144 2116 377 2178 rationes,
397 2117 611 2184 quibus
627 2117 994 2186 Philosophia
1007 2117 1211 2186 probat
1227 2120 1479 2168 mentem
1496 2115 1809 2186 humanam

142 2204 236 2240 esse
266 2188 666 2252 immortalem,
691 2185 951 2257 adeoque
978 2185 1278 2241 hominem
1311 2192 1498 2240 totum
1518 2202 1633 2239 non
1662 2185 1809 2238 mori

144 2259 333 2312 unicam
353 2259 705 2328 proferimus
726 2275 791 2312 ex
817 2261 939 2327 ipsa
961 2259 1170 2312 mentis
1191 2264 1396 2311 natura
1415 2259 1804 2326 desumptam.

145 2331 304 2383 Omnis
334 2347 422 2383 res
464 2331 589 2384 sive
634 2330 971 2397 substantia,
1007 2331 1169 2398 cujus
1206 2330 1366 2382 nulla
1390 2333 1473 2382 est
1504 2328 1617 2381 nisi
1649 2333 1808 2381 exte-

148 2401 241 2453 rior
267 2418 442 2468 causa,
483 2407 574 2455 est
601 2401 874 2472 perennis
929 2406 983 2454 et
1026 2407 1324 2472 perpetua,
1360 2401 1474 2453 Deo
1508 2399 1806 2472 nimirum,

147 2490 170 2524 a
196 2489 292 2541 quo
321 2477 419 2532 est,
453 2471 629 2526 suum
670 2473 881 2543 agendi
913 2471 1173 2537 modum,
1218 2489 1328 2542 quo
1359 2473 1458 2524 illa
1490 2471 1810 2524 substantia

146 2543 334 2596 condita
364 2550 468 2608 est,
506 2544 881 2598 continuante
913 2561 924 2597 :
953 2544 1032 2596 sic
1063 2543 1262 2613 genios
1296 2548 1411 2595 tam
1433 2543 1611 2595 malos
1633 2558 1808 2612 quam

147 2615 295 2667 bonos
315 2621 629 2685 perpetuos
651 2615 772 2670 fore
801 2615 1120 2669 credimus:
1147 2615 1226 2668 sic
1248 2615 1369 2683 ipsa
1401 2617 1652 2677 materia,
1679 2629 1808 2683 qua:

149 2687 286 2756 vulgo
315 2688 528 2741 dicitur
554 2689 758 2755 prima,
804 2687 872 2741 ab
915 2686 1184 2740 omnibus
1232 2686 1477 2739 habetur
1509 2691 1804 2756 perpetua.

148 2757 286 2826 Atqui
318 2774 474 2812 mens
527 2758 785 2812 humana
819 2759 898 2811 ita
942 2773 999 2810 se
1035 2757 1226 2810 habet.
1270 2758 1360 2810 Est
1391 2756 1622 2826 quidem
1669 2755 1808 2808 sub-

149 2830 340 2894 stantia,
372 2830 510 2900 quia
556 2830 719 2882 alteri
745 2845 856 2882 nou
893 2829 1371 2900 lﬁoinhmrens,
1406 2827 1522 2880 suis
1553 2828 1808 2896 subjacet

151 2899 488 2967 qualitatibus
525 2917 538 2954 :
561 2906 620 2953 at
645 2900 899 2970 ejusdem
920 2901 1078 2953 nulla
1105 2904 1188 2952 est
1218 2899 1328 2952 nisi
1351 2899 1593 2952 exterior
1616 2914 1804 2962 causa,

153 2971 364 3024 alliciens
422 2978 481 3025 et
542 2971 692 3035 linis,
749 2971 1217 3041 quandoquidem
1277 2987 1344 3023 ex
1407 2970 1640 3022 materia
1691 2985 1806 3022 non

145 3043 337 3109 pendet.
367 3043 546 3113 Atqui
572 3043 869 3111 hujussuae
894 3043 1342 3095 immortalitatis
1373 3058 1530 3094 mens
1555 3042 1806 3113 humana

145 3112 202 3163 ita
227 3118 420 3167 conscia
445 3112 560 3175 est,
593 3114 737 3166 hanc
769 3120 829 3167 ut
849 3130 1077 3183 semper
1105 3118 1359 3183 appetat,
1389 3129 1679 3182 quamque
1698 3112 1805 3164 sibi

146 3188 329 3238 tantum
362 3185 606 3239 deberet
655 3185 992 3251 attribuere,
1027 3185 1171 3237 hanc
1207 3185 1513 3237 temeraria
1556 3184 1802 3252 quadam

1925 2046 1984 2095 ut
2011 2058 2177 2117 mens
2210 2047 2402 2117 nostra
2427 2042 2956 2117 imaginandoillud
2989 2044 3167 2117 possit
3187 2045 3446 2100 deﬁnire.
3472 2045 3612 2100 Hinc

1918 2116 2059 2187 caelo
2090 2114 2360 2187 attentius
2396 2115 2773 2181 considerato,
2812 2114 3006 2171 homo'
3038 2117 3248 2187 poterit
3296 2133 3415 2171 sum
3446 2117 3608 2171 infir-

1919 2185 2132 2238 mitatis
2165 2186 2440 2252 convinci,
2468 2187 2712 2241 maxime
2734 2189 2780 2241 si
2811 2205 2942 2242 cum
2971 2185 3111 2242 cuilo
3133 2187 3307 2241 veluti
3328 2187 3611 2242 immenso

1918 2257 2174 2337 conferat
2199 2258 2486 2327 exiguam,
2523 2259 2685 2329 cujus
2735 2259 2829 2313 ille
2874 2261 2948 2315 sit
2979 2259 3218 2314 minima
3248 2259 3457 2330 portio,
3492 2265 3609 2314 ter-

1919 2343 2062 2392 ram,
2097 2343 2213 2382 Sive

1989 2400 2039 2452 4.
2074 2400 2310 2472 Arctum,
2331 2405 2601 2455 terrarum
2639 2400 2851 2472 situm]
2898 2403 2967 2456 Ut
2997 2401 3149 2456 enim
3182 2400 3402 2472 integer
3439 2406 3611 2457 terra;

1918 2474 2170 2544 etaquae
2204 2471 2405 2544 globus
2453 2488 2582 2525 cum
2613 2474 2755 2527 coelo
2815 2471 3054 2528 collatus
3102 2471 3382 2527 rationem
3414 2474 3611 2544 puncti

1917 2541 2112 2610 habet,
2144 2543 2633 2612 quemadmodum
2667 2545 2942 2612 diximus;
2981 2545 3060 2598 sic
3085 2549 3255 2598 terra:
3281 2541 3612 2599 habitabilis

1917 2613 2131 2682 portio,
2160 2615 2217 2666 in
2251 2631 2364 2686 qua
2393 2615 2601 2683 privati
2629 2616 2869 2685 alicujus
2895 2615 3144 2670 hominis
3171 2617 3376 2669 merita
3400 2632 3608 2686 cogno-

1918 2690 2150 2737 scantur
2178 2685 2602 2755 laudenturque
2635 2687 2704 2739 ab
2735 2687 3088 2753 hominibus,
3123 2691 3455 2756 comparata
3479 2685 3610 2740 cum

1917 2756 2142 2828 reliquo
2175 2761 2460 2828 terrarum
2495 2757 2652 2821 orbe,
2684 2757 2742 2810 in
2766 2774 2880 2828 quo
2910 2759 3064 2811 idem
3091 2759 3264 2811 homo
3286 2774 3388 2812 nec
3402 2774 3612 2827 cogno-

1916 2826 1993 2878 sci
2037 2843 2142 2879 nec
2168 2827 2387 2879 laudari
2416 2831 2622 2895 potest,
2657 2826 2928 2898 exiguum
2960 2834 3042 2882 est
3066 2829 3260 2898 puncti
3291 2829 3445 2881 illius
3467 2826 3611 2898 pun-

1916 2902 2067 2950 ctum
2106 2913 2117 2949 :
2143 2913 2318 2966 quare
2342 2898 2494 2950 hunc
2525 2899 2822 2952 hominem
2853 2905 2975 2953 tum
3004 2900 3230 2968 pudebit
3259 2903 3406 2953 aucti
3435 2902 3608 2953 nomi-

1914 2972 2020 3032 nis,
2048 2969 2191 3038 quod
2223 2974 2398 3021 tamen
2430 2985 2535 3022 non
2568 2971 2709 3023 valet
2736 2972 2941 3038 replere
2967 2971 3174 3024 brevem
3206 2970 3487 3024 ambitum.
3521 2971 3611 3025 Sic

1915 3039 2303 3112 Alexandrum
2331 3056 2602 3109 magnum
2619 3041 2825 3109 puduit
2850 3057 2916 3095 ex
2935 3041 3187 3107 mundis,
3212 3057 3354 3112 quos
3383 3043 3610 3111 putavit

1914 3110 2382 3176 innumerabiles,
2417 3127 2485 3163 ne
2521 3112 2748 3165 unicum
2785 3114 3017 3182 quidem
3051 3110 3362 3182 subegisse.

1984 3183 2035 3235 '7.
2071 3182 2303 3250 Superbi
2341 3184 2478 3236 colla
2526 3185 2748 3236 mortali
2778 3185 2912 3251 jugo
2957 3184 3175 3253 levare]
3216 3185 3611 3238 lmmortalita-

143 3259 493 3326 assumptione
560 3255 785 3309 caducis
834 3257 1006 3310 etiam
1058 3256 1248 3320 rebus,
1297 3272 1424 3308 cum
1479 3255 1692 3326 quibus
1745 3270 1802 3326 se
1843 3271 1883 3326 ρ
1914 3257 2015 3326 tem
2037 3255 2123 3326 sui
2154 3256 2386 3326 nominis
2417 3254 2524 3307 sibi
2547 3258 2604 3307 in
2632 3257 2790 3309 terris
2812 3271 3155 3326 comparare;
3189 3255 3296 3308 hoc
3326 3256 3481 3308 enim
3507 3255 3612 3309 de-

145 3325 412 3394 quamdam
446 3333 619 3400 putat
643 3327 851 3381 habere
883 3327 1404 3400 necessitudinem,
1427 3327 1640 3379 tribuat
1677 3341 1689 3378 ε
1726 3325 1804 3400 sic

145 3405 370 3465 parentes
418 3396 478 3453 in
544 3398 760 3464 liberis,
797 3404 1058 3452 auctores
1104 3398 1164 3451 in
1213 3397 1458 3468 scriptis,
1496 3412 1697 3468 omnes
1745 3396 1804 3449 in

143 3470 542 3540 superbioribus
575 3469 846 3540 sepulcris
877 3470 1258 3523 immortalem
1290 3468 1597 3537 quamdam
1634 3467 1810 3520 vitam

145 3538 397 3612 habituros
427 3538 695 3612 sperant;
720 3557 895 3611 quare
927 3541 1167 3607 Tullius,
1203 3541 1270 3594 de
1302 3541 1557 3612 Senect.,
1580 3541 1807 3612 Optimi,

145 3609 317 3681 inquit.
358 3609 628 3682 cujusque
657 3609 872 3668 animus
910 3614 1141 3667 maxime
1188 3612 1261 3666 ad
1287 3611 1646 3665 immortalem
1693 3611 1808 3677 glo-

152 3685 264 3736 riam
293 3687 510 3738 nititur.

198 3773 215 3789 '
243 3772 473 3829 Carmen
505 3779 782 3828 constans
823 3772 1039 3843 duplici
1079 3788 1289 3843 genere
1326 3787 1591 3826 versuum
1634 3771 1810 3824 alter-

145 3857 336 3916 norum,
367 3862 622 3916 quorum
655 3842 1120 3916 priorjiambicus
1143 3860 1256 3916 sex,
1287 3844 1568 3916 posterior
1598 3842 1811 3916 pariter

147 3912 846 3989 iambicus—quatuorhabet
871 3917 1064 3987 pedes,
1088 3912 1303 3986 smpius
1331 3915 1466 3969 locis
1494 3914 1810 3984 imparibus

146 3987 680 4061 spondeos—paribus
712 3987 954 4042 iambos.

209 4079 246 4128 l.
275 4079 438 4132 Mente
469 4081 767 4148 praecipiti.
805 4076 817 4148 1
846 4077 972 4133 Sive
997 4079 1449 4148 praecipitatione.
1483 4076 1595 4148 Est
1618 4079 1810 4148 autem

147 4146 492 4219 praecipitatio
559 4146 1051 4203 inconsideratum
1111 4149 1179 4202 de
1230 4147 1426 4217 ignoto
1471 4146 1809 4216 judicium:

149 4219 309 4287 prima
331 4222 544 4276 erroris
577 4221 836 4292 adeoque
867 4221 992 4274 vitii
1022 4219 1206 4289 origo.

211 4293 252 4344 l.
291 4294 465 4363 Petit]
511 4295 709 4347 Petere
741 4288 970 4362 ‘aliquo,
1028 4288 1258 4363 proprie
1312 4288 1570 4363 corporis
1612 4292 1697 4343 est
1741 4288 1810 4342 ab

150 4375 246 4414 una
271 4363 327 4417 in
354 4361 596 4418 alteram
613 4361 881 4417 viciniam
911 4362 1172 4416 translati
1201 4361 1331 4415 :sed
1359 4365 1592 4431 propter
1615 4376 1812 4430 quani-

153 4433 261 4503 dam
287 4436 722 4490 similitudinem
753 4435 962 4488 dicitur
984 4434 1156 4488 etiam
1182 4433 1251 4486 de
1283 4436 1496 4499 mente,
1529 4439 1810 4503 quatenus

153 4501 252 4558 haec
268 4509 552 4561 voluntate
585 4523 687 4561 sua
719 4507 914 4576 aliquo
945 4505 1204 4559 inclinat.

210 4596 254 4646 ‘2.
301 4597 684 4676 Summumque
727 4571 900 4650 credit
945 4592 1224 4676 gloriam]
1248 4594 1544 4676 Summum
1597 4592 1810 4676 scilicet
1849 4578 1892 4633 Ῑ)
1925 4576 2132 4640 Carm»
2165 4571 2257 4627 Od-
2292 4575 2406 4676 28Πῖ

159 4662 319 4737 bonum
351 4684 512 4722 :cum
545 4662 702 4722 enim
725 4683 894 4721 omne
923 4667 1079 4737 quod
1099 4662 1404 4736 expetitur,
1424 4665 1481 4718 id
1505 4664 1816 4737 quamdam

158 4733 330 4791 habeat
359 4739 492 4793 boni
524 4739 796 4809 speciem,
828 4733 1134 4810 propterea
1161 4733 1391 4810 necesse,
1420 4733 1541 4810 est;
1568 4741 1629 4789 ut
1665 4736 1818 4810 quod

159 4820 253 4928 pra:
282 4807 880 4880 omnibusvexpetitur,
932 4807 1076 4864 illud
1127 4810 1338 4862 summi
1382 4808 1520 4862 boni
1567 4807 1816 4876 speciem

193 4879 335 4928 abeat
369 4897 380 4928 ξ
412 4883 536 4928 ﬁeri
589 4885 776 4928 mitem
831 4897 945 4928 non
986 4885 1174 4928 natast
1225 4884 1284 4928 ut
1324 4879 1505 4928 gloria
1555 4879 1815 4928 mortalis

192 4879 335 4954 abeat
367 4897 380 4936 :
411 4883 537 4936 fieri
589 4879 778 4935 autem
829 4897 946 4934 non
986 4885 1174 4954 potest
1225 4879 1505 4954 utgloria
1555 4879 1815 4954 mortalis

162 4949 387 5025 videatur
417 4969 708 5007 summum
729 4954 964 5025 bonum,
987 4949 1108 5025 nisi
1124 4952 1192 5025 iis
1213 4949 1679 5025 quipraecipites,
1712 4965 1814 5003 no-

163 5022 288 5096 tione
314 5025 551 5078 obscura
580 5029 684 5096 aut
704 5024 942 5078 confusa
970 5024 1041 5078 ad
1065 5024 1440 5092 judicandum
1483 5022 1772 5096 ducuntur
1799 5037 1810 5074 :

163 5093 218 5142 iis
237 5093 518 5163 nimirum,
553 5096 652 5164 qui
674 5095 876 5149 innata
896 5096 1153 5160 notione,
1186 5112 1299 5165 qua
1319 5095 1815 5165 omnesvolumus

163 5175 262 5215 esse
289 5165 495 5232 felices,
526 5167 765 5233 inducti,
792 5167 933 5220 falsa
965 5164 1352 5237 assumptione
1385 5164 1610 5220 homini
1627 5165 1816 5236 potius

164 5246 308 5300 quam
335 5239 448 5292 Deo
480 5238 645 5292 unice
676 5239 989 5292 adhaerent.

219 5324 262 5398 Il.
303 5327 427 5398 Late
474 5332 715 5396 patentes
760 5330 977 5382 atheris
1015 5333 1198 5382 cernat
1231 5324 1469 5398 plagas]
1521 5327 1698 5380 Tanta
1732 5328 1817 5378 est

165 5394 363 5469 {etheris
392 5394 506 5451 sive
535 5400 657 5453 caeli
685 5400 943 5469 undique
970 5399 1160 5453 diffusi
1185 5394 1538 5469 magnitudo,
1573 5398 1719 5451 hanc
1755 5402 1818 5448 ut

165 5466 545 5542 imaginatione
575 5472 798 5542 assequi
823 5466 939 5524 non
968 5466 1422 5540 possimusfquo
1441 5471 1506 5542 tit
1529 5469 1817 5542 titccelum

167 5538 539 5660 agilibusdam
568 5537 926 5613 philosophis
954 5537 1069 5596 non
1106 5537 1375 5610 inﬁnitum
1407 5539 1665 5612 quidem,
1718 5537 1817 5591 sed

167 5620 212 5659 ιη
272 5613 475 5660 ﬁnitum
513 5619 742 5660 vocatur
789 5630 801 5660 :
839 5615 946 5660 hoc
979 5619 1082 5660 est-
1117 5613 1287 5660 latius
1318 5612 1610 5660 diffusum.
1642 5623 1816 5660 uuam

164 5612 475 5678 indeﬁnitum
513 5619 742 5669 vocetur
789 5630 802 5669 :
837 5615 946 5669 hoc
979 5619 1083 5683 est,
1116 5613 1287 5669 latius
1318 5612 1610 5680 diffusum,
1642 5623 1816 5681 quam

492 5720 765 5789 PATROL.
811 5722 1036 5791 LXIII.

1921 3323 2149 3390 siderio,
2186 3330 2246 3376 ut
2276 3324 2488 3397 dictum
2521 3331 2625 3390 est,
2678 3323 2947 3379 tenentur
2988 3325 3074 3380 illi
3105 3327 3204 3397 qui
3244 3327 3414 3380 famae
3456 3327 3610 3396 apud

1920 3400 2182 3464 posteros
2218 3396 2581 3465 acquirendre
2617 3397 2865 3451 student.

1990 3470 2038 3519 9.
2072 3469 2236 3520 Fama
2265 3483 2362 3535 per
2389 3469 2614 3535 populos
2638 3484 2819 3522 means
2868 3470 3084 3535 linguas
3127 3469 3404 3539 explicet]
3441 3470 3614 3524 Fama

1919 3539 2099 3607 poetis
2133 3539 2599 3607 lingiturhaberc
2622 3540 2900 3593 rationem
2939 3555 3222 3610 personae,
3254 3557 3383 3611 quas
3405 3541 3612 3610 pennis

1919 3611 2195 3662 instructa
2230 3626 2330 3678 per
2367 3610 2486 3663 loca
2518 3611 2690 3663 etiam
2743 3612 3123 3665 remotissima
3154 3610 3427 3665 citissime
3458 3612 3610 3666 fera-

1920 3684 2032 3755 tur,
2065 3687 2120 3733 et
2141 3682 2464 3755 solutisgorc
2497 3682 2805 3755 linguaque
2839 3684 3058 3752 populi,
3095 3684 3247 3736 hunc
3269 3684 3338 3738 ad
3369 3684 3612 3755 loquen-

1919 3751 2055 3804 dum
2083 3751 2308 3805 excitet.
2345 3753 2494 3820 Virg.
2530 3769 2545 3804 ι
2578 3753 2818 3806 [Εηθίάη
2843 3751 2922 3806 ίνς
2946 3755 3041 3806 461
3085 3770 3097 3807 :

2044 3839 2288 3901 Bellaque
2308 3839 2417 3901 jam
2446 3840 2584 3887 fama
2617 3843 2786 3889 totum
2820 3841 3033 3904 vulgata
3060 3856 3152 3905 per
3181 3843 3391 3892 orbem.

1997 3940 2075 3990 ll.
2138 3939 2332 3991 Titulis
2386 3937 2640 4009 falgeat.]
2705 3940 2924 3992 Titulus
2983 3940 3134 4010 idem
3179 3941 3333 4010 quod
3381 3941 3611 3995 honor:

1919 4010 2100 4062 oritur
2131 4010 2284 4062 enim
2332 4025 2364 4061 a
2419 4010 2611 4062 Graeco
2635 4007 2812 4070 sub;
2856 4011 2964 4064 hoc
2993 4007 3094 4062 ἀπὸ
3125 4007 3216 4062 τοῧ
3242 4013 3385 4078 τίειν,
3449 4014 3614 4067 hono-

1918 4096 2074 4134 rare:
2135 4080 2284 4133 unde
2322 4084 2467 4150 τιμὴ,
2521 4081 2706 4146 honor,
2761 4082 2898 4134 Hinc
2945 4086 3265 4146 stemmata,
3310 4083 3612 4150 imagines,

1918 4157 2022 4225 aut
2050 4167 2408 4225 qnzeennque
2441 4153 2554 4206 alia
2594 4152 2878 4206 honorum
2911 4153 3074 4222 signa
3115 4156 3266 4208 tituli
3297 4153 3485 4208 solent
3513 4171 3615 4225 ap-

1918 4224 2138 4294 pellari.
2167 4223 2464 4277 Claudian.
2499 4240 2674 4276 carm.
2703 4227 2793 4289 26,
2832 4241 2880 4278 ν.
2922 4226 3016 4277 l-i-i
3053 4241 3063 4278 :

2043 4330 2106 4379 Et
2131 4329 2365 4392 duplices
2394 4330 2569 4393 signat
2592 4330 2773 4380 titulos
2803 4343 3086 4380 commune
3119 4334 3396 4394 tropaeum.

1997 4432 2076 4484 1'2.
2112 4431 2267 4483 Mors
2297 4433 2505 4498 spernit
2530 4431 2700 4483 altam
2743 4431 2996 4499 gloriam,
3031 4433 3135 4484 etc.
3170 4430 3311 4483 Nam
3349 4431 3618 4483 statutum

1920 4507 1997 4556 est
2041 4501 2343 4555 hominibus
2383 4503 2540 4556 semel
2567 4505 2722 4570 mori,
2758 4502 2824 4556 ad
2870 4502 3040 4556 Hebr.
3092 4517 3163 4555 ιχ.
3200 4499 3468 4556 Horatius
3519 4501 3556 4555 Ι.
3595 4515 3612 4554 ι

2361 4660 2463 4709 Sed
2491 4673 2678 4708 omnes
2707 4674 2816 4709 una
2844 4664 3024 4710 manet
3052 4673 3177 4718 nox,

2112 4723 2175 4771 Et
2204 4722 2459 4771 calcanda
2489 4724 2650 4772 semel
2674 4724 2759 4772 via
2785 4723 2932 4771 lethi.

2049 4787 2186 4834 Dant
2212 4785 2342 4848 alios
2374 4785 2522 4834 furiae
2555 4790 2704 4834 torvo
2736 4785 3036 4848 spectacula
3066 4786 3252 4838 Marti:

2111 4847 2282 4896 Exitio
2313 4851 2392 4896 est
2416 4848 2584 4896 avidis
2615 4847 2978 4896 mare’nautis.

2058 4911 2214 4959 Mista
2239 4924 2424 4958 senum
2457 4925 2516 4958 ac
2542 4911 2798 4972 juvenum
2831 4911 3125 4961 densantur
3150 4911 3339 4961 funera
3370 4925 3381 4960 :
3411 4910 3618 4960 nullum

2114 4973 2263 5023 Saeva
2293 4976 2451 5036 caput
2476 4973 2790 5036 Proserpina
2819 4973 2976 5037 fugit.

1926 5057 1991 5110 Et
2019 5055 2223 5109 eodem
2255 5053 2377 5121 lib.,
2412 5054 2504 5108 od.
2541 5055 2572 5106 4
2607 5070 2619 5107 :

2020 5143 2222 5207 Pallida
2247 5155 2389 5190 mors
2422 5155 2575 5204 mquo
2604 5141 2780 5207 pulsat
2809 5143 2946 5207 pede,
2970 5156 3262 5207 pauperum
3289 5143 3542 5193 tarbenas

2113 5206 2424 5268 Regumque
2457 5210 2646 5262 turres,
2680 5219 2710 5254 ο
2745 5206 2898 5255 beate
2931 5206 3094 5263 Sexti,

1925 5286 2087 5352 Quod
2120 5285 2360 5340 feliciter
2386 5285 2551 5338 vertit
2583 5289 2778 5339 noster
2816 5285 3208 5350 Malherbasus,
3232 5284 3331 5338 lib.
3368 5299 3421 5336 vr
3461 5295 3474 5337 :

2050 5376 2128 5424 La
2157 5378 2295 5423 mort
2325 5389 2355 5422 ιι
2384 5374 2475 5422 des
2501 5374 2746 5436 rigueurs
2777 5375 2807 5423 it
2839 5375 2984 5424 nulla
3017 5378 3165 5422 nutre
3197 5371 3443 5436 pareilles
3476 5385 3487 5420 :

2113 5438 2192 5486 On
2219 5452 2248 5484 ο
2275 5438 2412 5500 bean
2443 5437 2494 5484 la
2514 5438 2680 5500 prier,

2051 5501 2119 5549 La
2141 5499 2338 5548 cruelle
2365 5495 2557 5562 qu‘ell'e
2593 5505 2673 5549 est
2702 5513 2755 5548 se
2787 5499 2994 5548 bouche
3021 5498 3098 5547 les
3128 5495 3358 5556 oreilles,

2114 5563 2176 5612 Et
2197 5577 2331 5611 nous
2362 5561 2516 5612 laisse
2548 5563 2698 5611 crier.

2049 5625 2124 5676 Le
2153 5638 2351 5690 pauvre
2375 5639 2444 5676 en
2472 5639 2531 5676 sa
2560 5626 2775 5686 cabane,
2813 5624 2885 5675 ou
2921 5622 2970 5674 le
3004 5622 3230 5672 chaume
3253 5621 3304 5672 le
3338 5635 3535 5674 couvre

3143 5721 3226 5780 23
