3972 6172
93 346 182 394 Ἶ-Γῖ
1097 339 1188 392 DE
1231 335 1758 392 CONSOLATIONE
1801 333 2280 390 PIIlLOSOPHIIE
2319 335 2448 390 LIB.
2493 337 2563 392 II.

93 490 286 528 versam
335 489 505 543 quam
549 489 882 543 prosperam
934 473 1200 542 prodesse
1245 473 1554 527 fortunam.
1593 474 1606 506 ¹
1645 473 1743 525 Illa
1783 472 2102 541 Apopulos,
2161 472 2415 539 conjuges
2470 477 2518 525 et
2568 470 2780 526 sodales
2825 489 3006 527 amore
3043 475 3306 528 contineri
3340 493 3358 529 :

97 568 265 618 “enim
299 580 521 633 semper
543 564 728 632 specie
760 563 1065 628 felicitatis,
1102 580 1231 616 cun
1267 564 1493 616 videtur
1522 563 1752 623 blanda,

101 653 372 716 mentitur;
416 659 561 705 166
590 653 610 684 ²
637 653 754 704 haec
785 654 808 692 b
841 668 1066 721 semper
1103 669 1234 704 vera
1271 659 1376 717 est,
1420 669 1549 706 cum
1582 669 1638 705 se
1672 652 1757 704 in-

100 743 331 797 stabilem
361 743 680 794 mutatione
729 742 1098 794 demonstrat.
1127 742 1226 794 llla
1246 754 1268 782 ο
1298 742 1459 808 failit,
1484 742 1645 795 heecd
1675 741 1759 794 in-

98 834 264 894 struit;
327 831 421 884 illa
473 840 492 862 ε’
551 829 915 883 mendacium
969 832 1157 899 specie
1208 831 1494 884 bonorum
1541 838 1763 884 mentes

102 922 382 977 {ruentium
435 920 592 988 ligat,
627 921 749 972 btec
783 918 799 952 τ
834 920 1158 988 cognitione
1204 921 1423 989 fragilis
1475 920 1761 974 felicitatis

101 1011 330 1065 absolvit.
373 1011 573 1078 Itaque
615 1009 770 1062 illam
797 1018 821 1051 ε
859 1009 1048 1062 videas
1097 1016 1410 1076 ventosam,
1461 1009 1758 1075 fluentem,

99 1102 273 1170 suique
305 1115 530 1169 semper
562 1099 849 1168 ignaram;
883 1098 1026 1152 hanc
1057 1101 1082 1140 ιι
1117 1099 1388 1163 sobriam,
1427 1099 1500 1168 (5)
1535 1099 1760 1152 succin-

99 1198 350 1260 ctamque,
376 1195 430 1241 et
459 1189 636 1258 ipsius
677 1189 1036 1242 adversitatis
1068 1189 1472 1242 exercitatione
1508 1189 1758 1259 pruden-

99 1285 212 1333 tem.
245 1280 532 1332 Postremo
572 1278 584 1311 ¹
620 1278 775 1343 felix,
821 1295 852 1330 a
885 1295 1017 1332 vero
1054 1280 1199 1332 bono
1233 1278 1430 1332 devios
1464 1278 1760 1332 blanditiis

100 1369 270 1432 trahit;
323 1368 553 1420 adversa
603 1368 941 1438 plerumque
990 1369 1056 1421 ad
1107 1385 1238 1421 vera
1290 1368 1440 1420 bona
1478 1383 1490 1432 j
1525 1367 1759 1420 reduces

98 1464 116 1500 ιι
147 1475 273 1511 unco
311 1458 570 1511 retrahit.
601 1458 621 1489 ³
649 1462 732 1510 An
765 1458 871 1510 hoc
904 1458 1053 1511 inter
1083 1457 1319 1510 minima
1346 1457 1756 1510 aestimandum

95 1554 259 1619 putas,
315 1547 468 1618 quod
524 1546 838 1600 amicorum
895 1546 999 1600 tibi
1055 1547 1310 1600 fidelium
1368 1550 1588 1599 mentes
1635 1545 1758 1598 haec

97 1655 284 1707 aspera.
317 1639 435 1690 haec
475 1636 764 1689 horribilis
795 1636 1026 1688 fortuna
1067 1636 1300 1699 detexit,
1351 1636 1469 1689 hmo
1498 1635 1600 1688 tibi
1635 1650 1756 1687 cer-

96 1735 168 1782 tos
211 1727 482 1780 sodalium
541 1727 750 1791 vultus,
794 1725 1272 1795 l;ambiguosque
1319 1725 1434 1793 (10)
1482 1725 1753 1789 secrevit;

99 1818 382 1880 discedens,
444 1832 576 1870 suos
639 1815 890 1878 abstulit,
942 1820 1069 1868 tuos
1143 1815 1375 1884 reliquit
1412 1816 1499 1868 ul?
1551 1814 1761 1878 Quanti

98 1907 185 1958 hoc
209 1919 229 1945 η
261 1905 500 1972 integer,
536 1908 609 1964 et,
640 1907 701 1954 ut
735 1900 1017 1954 videbaris
1048 1899 1171 1963 tibi,
1218 1899 1565 1953 fortunatusi
1587 1899 1758 1952 emis-

99 2012 167 2047 ses
186 1994 208 2045 ἱ)
235 1993 426 2046 Desine
452 2007 604 2044 nunc
635 1996 691 2043 et
717 1990 952 2043 amissas
974 2005 1110 2059 opes
1133 2005 1413 2059 qiimrere,
1443 1987 1597 2059 quod
1627 2003 1758 2057 pre-

100 2084 437 2136 liosissimum
486 2080 814 2134 divitiarum
863 2095 1042 2145 genus
1084 2085 1186 2143 est,
1230 2078 1438 2132 amicos
1467 2077 1755 2132 invenisti.

573 2176 708 2224 I67
750 2170 1034 2223 METRIJM
1062 2173 1079 2190 '
1116 2170 1259 2223 VIII.

101 2271 511 2318 ARGI'MENTITH.
561 2292 628 2299 —
659 2259 1007 2326 Philosophia
1044 2274 1076 2310 a
1122 2259 1412 2310 simulacro
1436 2259 1638 2309 amoris
1687 2255 1761 2308 ad

154 2351 316 2387 rerum
349 2349 607 2392 amorem,
643 2333 943 2384 humanum
971 2333 1231 2398 primum,
1267 2328 1464 2381 deinde
1494 2329 1756 2392 divinum,

151 2421 443 2476 progressa,
475 2402 1012 2466 ostenditmundum,
1045 2403 1321 2465 elementa,
1355 2401 1560 2463 curtum,
1588 2413 1755 2463 mare,

3454 343 3562 396 718

1871 477 2102 539 populos,
2161 477 2415 539 conjuges
2470 477 2518 525 et
2568 477 2780 526 sodales
2825 489 3006 527 amore
3043 477 3358 529 contineri:
3409 477 3552 531 unde

1871 544 2142 597 concludit
2180 545 2368 610 felices
2412 546 2535 610 fore
2595 545 2854 611 homines,
2905 547 2956 598 si
3008 559 3188 599 amore
3236 545 3425 601 divino
3487 564 3571 602 re-

1871 621 2100 682 gantur.

2019 703 2176 767 Quod
2211 703 2459 757 mundus
2493 703 2682 758 stabili
2710 704 2821 758 fide

2012 792 2336 846 Concordes
2369 791 2545 845 variat
2576 791 2745 860 vices,

2011 885 2152 936 ms
2183 881 2347 945 Quod
2374 883 2694 950 pugnantia
2725 882 2948 936 semina

2013 971 2214 1024 Foedus
2242 975 2589 1040 perpetuum
2621 975 2845 1035 tenent,

2010 1060 2167 1123 Quod
2200 1059 2444 1114 Phoabus
2477 1075 2709 1114 roseum
2749 1059 2900 1114 diem

2011 1150 2192 1202 Curru
2226 1149 2495 1218 provehit
2517 1165 2714 1213 aureo,

2013 1237 2080 1291 Ut
2111 1253 2251 1305 quas
2281 1237 2505 1291 duxerit
2540 1239 2820 1309 Hesperus

2013 1327 2222 1380 Phoebe
2250 1325 2514 1380 noctibus
2547 1327 2814 1396 imperet,

2011 1417 2079 1469 Ut
2109 1417 2314 1469 fluctus
2339 1415 2568 1469 avidum
2603 1431 2760 1470 mare

1873 1507 1933 1558 10
2009 1506 2175 1560 Certo
2204 1506 2318 1558 ﬁne
2353 1509 2628 1572 coerceat,

2009 1595 2087 1648 Ne
2122 1594 2287 1647 terris
2319 1593 2488 1648 liceat
2523 1595 2680 1664 vagis

2009 1685 2174 1738 Latos
2214 1683 2450 1737 tendere
2483 1683 2778 1750 terminos,

2014 1774 2166 1826 Hanc
2188 1789 2384 1826 rerum
2417 1773 2623 1828 seriem
2659 1773 2804 1844 ligat

2009 1864 2209 1916 Terras
2239 1879 2303 1916 ac
2331 1863 2570 1932 pelagus
2601 1879 2828 1933 regens,

1880 1955 1938 2004 15
2021 1953 2085 2005 Et
2124 1953 2264 2005 coelo
2297 1951 2636 2022 imperitans
2677 1968 2854 2005 amor.

2013 2041 2110 2094 llic
2140 2041 2186 2093 si
2217 2040 2381 2094 frena
2409 2041 2712 2106 remiserit,

2009 2128 2298 2199 Quidquid
2324 2145 2476 2182 nunc
2507 2133 2661 2182 amat
2690 2129 2932 2183 invicem

2014 2219 2232 2271 Bellum
2257 2217 2530 2271 continuo
2559 2222 2740 2288 geret,

2013 2307 2076 2360 Et
2107 2323 2278 2376 quam
2311 2323 2463 2360 nunc
2493 2307 2646 2362 socia
2671 2306 2779 2360 ﬁde

2015 2396 2270 2449 Pulchris
2303 2397 2553 2450 motibus
2587 2396 2832 2450 incitant

1869 1063 1898 1112 5

1522 2510 2109 2571 INTERPRETATIO.

154 2624 172 2646 ³
204 2617 460 2682 Prospera
492 2614 739 2677 fortuna.

157 2713 175 2745 δ
209 2687 245 2738 Α
258 2687 448 2738 drersa
479 2687 725 2750 fortuna.

154 2767 168 2788 τ’
202 2759 475 2824 Prospera.

152 2843 170 2879 .l
206 2829 467 2881 Adversa.

154 2908 169 2930 "-
198 2902 472 2967 PrOSpcra.

156 2971 166 3002 ¹’
197 2972 456 3024 Adversa.

157 3056 179 3094 ς
211 3045 544 3110 Prosperam.

155 3127 173 3164 t
207 3115 524 3167 Adversum.

157 3203 164 3235 λ
197 3187 472 3253 Prospera.

155 3285 162 3318 ι
191 3257 496 3309 Redeuntes.

157 3326 174 3359 ἰ
207 3329 356 3392 Pedo,
383 3331 498 3381 sive
539 3323 727 3378 baculo
747 3326 965 3375 retorto.

1942 2601 1954 2641 ι
1992 2602 2352 2666 lacertosque.

1938 2698 1974 2724 ω
2016 2672 2364 2724 Familiares.

1937 2756 1963 2783 η
2003 2743 2310 2795 Incolumis.

1937 2830 2134 2883 Amori
2167 2830 2407 2883 debetur
2437 2829 2582 2896 quod
2612 2829 2848 2882 mundus
2873 2835 3181 2884 constanter
3209 2836 3387 2886 mutat
3411 2834 3557 2886 vices

1870 2901 2152 2954 concordes
2177 2920 2191 2963 ;
2221 2901 2366 2967 quod
2392 2901 2649 2952 elementa
2679 2903 2959 2953 contraria
2981 2901 3178 2954 habent
3197 2902 3347 2956 inter
3376 2919 3434 2956 se
3462 2919 3560 2971 pa-

1865 2987 1974 3025 cem
2005 2979 2295 3036 aeternam;
2329 2971 2474 3038 quod
2502 2971 2580 3024 sol
2607 2971 2780 3036 defert
2816 2972 2984 3024 lucem
3013 2972 3356 3040 splendidam
3395 2989 3561 3027 curru

1797 3040 1835 3093 C
1867 3059 2058 3103 aureo;
2112 3043 2253 3106 quod
2301 3043 2431 3094 luna
2461 3042 2774 3113 dominatur
2796 3042 3048 3110 tenebris,
3092 3058 3230 3110 quas
3281 3046 3554 3113 Hesperus

1862 3119 1998 3180 egit;
2046 3113 2189 3182 quod
2231 3129 2380 3165 mare
2421 3112 2679 3180 cupidum
2723 3129 3003 3182 aquarum
3051 3117 3322 3168 contineat
3359 3112 3556 3182 ﬂuctus

1867 3187 2034 3238 limite
2069 3187 2386 3253 praescripto
2414 3199 2426 3236 :
2466 3200 2531 3236 ne
2561 3184 2763 3237 iisdem
2809 3184 3030 3252 diffusis
3081 3187 3240 3239 liceat
3268 3202 3366 3254 per
3386 3193 3559 3241 terras

1867 3258 2032 3310 latius
2083 3255 2320 3309 extendi.
2374 3256 2543 3308 Amor
2576 3257 2849 3324 imperans
2898 3257 3037 3321 ccelo,
3079 3259 3224 3310 mari
3277 3262 3328 3312 et
3386 3262 3556 3317 terrae.

1691 3417 1918 3478 NOTxE.

110 3514 250 3580 alteri,
278 3514 428 3584 quod
461 3511 707 3566 alterum
754 3509 796 3562 si
827 3507 1158 3584 mentipou
1202 3509 1420 3584 noceat,
1469 3506 1575 3558 soli
1610 3507 1755 3584 dum

109 3589 221 3639 taxat
240 3579 470 3656 corpori
507 3585 756 3653 prodest.
808 3581 981 3656 Atqui
1022 3580 1250 3656 fortuna
1297 3579 1528 3630 adversa
1559 3581 1753 3656 menti

110 3651 358 3723 prodest;'
383 3651 662 3726 pros—pera
701 3669 870 3726 ivero,
906 3653 951 3704 si
996 3651 1173 3726 menti
1216 3666 1332 3702 non
1373 3651 1753 3726 noc_eat,_ipsi

113 3720 284 3782 tantum
315 3720 548 3797 corpori
573 3725 805 3795 prodest
838 3743 847 3776 :
883 3723 1033 3797 quod
1069 3723 1336 3797 deinceps
1373 3720 1748 3797 probandum.

160 3792 463 3853 1Illaeme
494 3792 666 3866 Specie
708 3792 1033 3864 felicitatis]
1089 3795 1364 3862 Prospera
1425 3792 1585 3866 enim,
1637 3794 1752 3846 for-

113 3874 214 3922 tuna
241 3874 468 3924 notione
494 3864 732 3922 obscura
756 3867 1126 3935 confusaque,
1159 3881 1272 3934 qua
1303 3869 1547 3916 mentem
1575 3864 1756 3917 infor-

114 3951 213 4006 mat,
242 3945 501 3996 eamdem
554 3946 803 3992 mentem
854 3938 1096 4000 inducit,
1131 3938 1381 4005 primum
1416 3935 1651 4004 quidem
1687 3937 1754 3988 ad

113 4027 334 4078 errorem,
364 4030 484 4084 quo
513 4012 731 4081 jndicet
755 4012 901 4084 bona
928 4009 1147 4084 caduca
1177 4008 1550 4084 summiboui
1584 4009 1756 4059 ratio-

115 4098 210 4136 nem
245 4078 470 4143 habere.
517 4078 725 4136 deinde
767 4082 832 4134 ad
888 4081 1110 4140 vitium,
1154 4095 1266 4148 quo
1316 4078 1517 4132 eadem
1573 4095 1754 4144 mens,

114 4165 387 4226 contempto
428 4158 558 4212 Deo.
599 4154 797 4226 iisdem
835 4153 996 4226 bonis
1028 4156 1192 4204 unice
1239 4149 1542 4226 adlimreat.

164 4223 314 4281 ’Πιξνὲ
359 4243 570 4295 semper
623 4223 796 4294 vera]
848 4224 1094 4277 Adversa
1147 4227 1335 4295 autem
1383 4223 1609 4274 fortuna
1659 4238 1760 4274 no-

114 4297 250 4360 tione,
274 4316 438 4369 quam
463 4293 564 4350 aut
596 4293 830 4358 invenit,
866 4301 960 4347 aut
983 4295 1113 4347 facit
1135 4293 1480 4369 evidentem,
1504 4299 1753 4369 mentem

118 4367 256 4433 ipsam
279 4364 512 4430 inducit,
551 4369 802 4437 primum
837 4367 1068 4436 quidem
1091 4364 1158 4417 ad
1189 4364 1756 4437 veritatem,quaju-

117 4441 224 4492 dicet
255 4445 426 4496 solum
501 4435 680 4494 [lcum
735 4435 943 4492 habere
997 4438 1269 4489 rationem
1322 4436 1530 4488 summi
1586 4435 1751 4501 boni;

118 4508 278 4566 deinde
309 4516 368 4567 ad
403 4514 700 4577 virtutem,
754 4528 882 4580 qua.
918 4509 1139 4580 caeteris
1179 4507 1539 4576 posthabitis,
1578 4508 1753 4559 Deum

120 4583 242 4635 unice
272 4585 468 4655 diligit.
508 4583 596 4636 Sic
629 4579 840 4635 dicitur
871 4579 1141 4634 Proverb.
1177 4593 1300 4631 xm
1329 4594 1340 4630 :
1397 4580 1561 4655 Virga
1587 4583 1758 4655 atque

118 4661 330 4722 ("ms-ptio
359 4651 554 4709 tribuit
583 4655 906 4718 sapientiam
929 4671 942 4704 :
967 4668 1100 4720 puer
1122 4657 1325 4715 autent,
1347 4652 1444 4714 qui
1460 4651 1758 4702 dimittitur

121 4725 335 4794 mluntati
362 4745 493 4794 suae,
526 4725 812 4790 confundit
846 4728 1071 4776 matrem
1102 4737 1276 4774 suam.

177 4791 280 4852 ⁵Αη
309 4801 395 4852 hoc
440 4791 584 4851 inter
623 4799 866 4858 minima,
907 4794 1035 4861 etc.]
1079 4791 1571 4856 Quemadmodum
1608 4791 1758 4844 inter

121 4862 232 4919 bona
259 4873 528 4923 exteriora
571 4867 736 4921 amici
767 4867 1127 4937 praecipuum
1153 4863 1650 4937 locumgobtinent,
1679 4864 1756 4937 sic

123 4939 231 5001 quod
267 4943 571 4994 amicorum
628 4933 869 5005 utentes,
903 4937 1039 4989 alias
1071 4935 1172 4988 tibi
1213 4935 1476 4998 occultas,
1522 4933 1754 5003 detegit,

124 5009 161 5077 id
183 5010 428 5066 bonorum
461 5013 663 5065 saltem
689 5011 1034 5062 exteriorum
1066 5006 1540 5077 pretiosissimum
1571 5011 1758 5074 potest

123 5074 298 5154 haberi;
329 5085 427 5137 hoc
468 5085 682 5154 quippe
711 5082 825 5134 veri
849 5099 895 5154 7a,
918 5074 1083 5132 falsis
1121 5077 1316 5130 amicis
1345 5081 1753 5154 ise-cernuntur.

126 5151 253 5220 atqui
298 5147 516 5208 fortuna
565 5147 800 5206 adversa
848 5153 902 5204 id
933 5154 1164 5220 praestat
1203 5164 1215 5201 :
1261 5147 1752 5220 quandoquidem,

126 5217 303 5275 fortuna
339 5227 578 5291 favente,
614 5225 738 5278 falsi
772 5241 887 5276 una
931 5217 1059 5274 cum
1092 5221 1237 5272 veris
1281 5219 1478 5271 amicis
1519 5219 1756 5285 adsunt;

127 5292 196 5364 Sed
220 5297 390 5350 eadem
424 5300 649 5350 fortuna
682 5295 1039 5362 indignante,
1066 5291 1442 5364 amicis‘vcris
1464 5306 1758 5364 remanen-

128 5360 258 5432 tibus,
285 5369 398 5420 falsi
428 5371 718 5422 recedunt.
755 5360 1125 5419 Notissimum
1155 5361 1294 5416 illud
1345 5361 1500 5418 Ovid.
1528 5378 1538 5414 :

173 5475 315 5526 Donec
340 5483 436 5530 eris
468 5483 612 5538 felix,
644 5481 838 5529 multos
868 5478 1171 5527 numerabis
1201 5477 1397 5524 amicos
1433 5492 1442 5524 :

219 5540 447 5606 Tempora
476 5547 519 5593 si
551 5547 747 5594 fuerint
775 5543 976 5600 nubila,
1004 5542 1148 5589 solus
1177 5539 1300 5588 eris.

183 5651 194 5666 ’
215 5649 352 5710 Quod
379 5660 606 5708 vocatur
636 5655 999 5721 Glyconicum.
1033 5651 1124 5703 Est
1145 5656 1336 5702 auten:
1370 5663 1596 5721 carmen
1627 5662 1754 5699 con-

131 5720 250 5772 Stans
287 5739 346 5776 ex
374 5741 484 5778 uno
529 5718 732 5795 genere
783 5740 1072 5790 versuum,
1119 5737 1363 5795 quorum
1410 5718 1650 5790 quilibet
1681 5735 1746 5772 ex

131 5800 220 5843 uno
241 5795 466 5862 spondeo
493 5791 556 5852 et
563 5797 783 5853 duobus
815 5795 1050 5865 dactylis
1070 5791 1458 5863 componitur.

1937 3511 2242 3568 Occasione
2275 3517 2504 3586 accepta
2535 3528 2607 3586 ex_
2631 3513 2846 3586 ultimis
2863 3513 3071 3586 Averbis
3096 3529 3272 3583 prosae
3301 3515 3562 3586 superio-

1866 3585 1963 3650 ris,
2022 3586 2231 3654 quibus
2278 3584 2647 3654 Philosophia
2699 3583 3060 3654 signiﬁcavit,
3109 3588 3321 3640 amicos
3370 3583 3561 3642 Βορῑῆ

1866 3657 2088 3709 fortuna
2118 3656 2354 3708 adversa
2386 3657 2670 3726 probatos,
2697 3656 2806 3726 ipsi
2828 3657 3022 3710 Boetio
3053 3657 3266 3724 adesse,
3291 3660 3558 3714 eumdem

1869 3729 2125 3801 Iloetium
2160 3728 2362 3780 excitat
2393 3727 2459 3780 ad
2495 3728 2865 3796 spectandum
2900 3744 3176 3794 amorem,
3207 3730 3560 3801 ejusqueef-

1865 3799 2027 3851 fectu.
2078 3803 2251 3850 Amor
2305 3803 2494 3851 autem
2531 3815 2642 3850 non
2691 3815 2851 3851 secus
2888 3815 2951 3851 ac
2993 3801 3264 3869 quaelibet
3308 3799 3560 3855 hominis

1866 3870 2088 3942 all'ectio
2122 3871 2573 3942 spectaripotest
2595 3870 3057 3942 duobusgmodis.
3090 3872 3278 3925 Primo
3300 3875 3554 3942 quidem,

1868 3948 1930 4014 ut
1963 3941 2281 4014 loquuntur
2329 3939 2673 4014 philosophi,
2710 3941 3069 4009 iriaquztate,
3109 3939 3394 4012 quatenus
3425 3939 3560 4014 qui-

1868 4013 1999 4084 dam
2031 4011 2286 4080 corporis
2324 4012 2523 4062 modus
2569 4015 2670 4071 est,
2707 4027 2758 4063 v.
2794 4028 2846 4079 g.
2889 4011 3196 4084 commotio
3239 4011 3559 4084 sanguinis,

1869 4083 2196 4152 spirituum,
2241 4087 2691 4151 ca‘tcrarumque
2733 4083 2990 4150 corporis
3032 4085 3270 4136 humani
3305 4085 3558 4152 partium

1870 4155 1937 4206 ad
2005 4153 2454 4205 conservandam
2503 4153 2830 4204 societatem
2886 4155 3228 4207 naturaliter
3271 4154 3554 4210 instituta.

1871 4225 2148 4287 Secundo,
2179 4230 2241 4276 ut
2268 4224 2427 4276 aiunt
2461 4223 2629 4276 iidem
2664 4223 3004 4292 philosophi,
3027 4225 3330 4293 aquuate,
3367 4231 3561 4294 quate-

1799 4318 1838 4371 ι)
1873 4311 1978 4371 nus
2007 4303 2213 4371 praeter
2260 4295 2598 4371 praedictum
2632 4295 2887 4371 corporis
2921 4296 3175 4371 modum,
3210 4297 3560 4371 versaturin

1872 4369 2159 4419 voluntate
2189 4367 2440 4418 hominis
2469 4365 2814 4418 adhu-rentis
2861 4365 2961 4431 rei,
2997 4367 3152 4420 velut
3181 4367 3344 4421 alteri
3375 4368 3556 4421 socie-

1865 4439 2016 4502 tatis,
2053 4439 2214 4506 cujus
2246 4437 2364 4506 ipse
2413 4437 2586 4490 homo
2633 4438 2853 4506 reliqua
2886 4453 3014 4506 pars
3056 4438 3144 4502 sit,
3203 4437 3371 4507 parti.
3419 4439 3560 4493 Hinc

1868 4525 1970 4579 pro
1998 4508 2208 4578 triplici
2241 4523 2449 4577 genere
2481 4507 2786 4578 opinionis.
2816 4523 2987 4578 quam
3020 4508 3189 4562 homo
3220 4508 3428 4564 habere
3460 4527 3560 4581 po-

1869 4587 1979 4633 test
2009 4581 2076 4633 de
2122 4587 2280 4649 parte
2313 4581 2409 4632 illa
2440 4581 2644 4648 (pluris
2693 4581 2926 4645 scilicet,
2978 4581 3142 4641 tanti,
3175 4582 3262 4633 vel
3295 4582 3557 4648 minoris,

1867 4667 2038 4722 quam
2074 4652 2347 4719 seipsum,
2382 4652 2639 4723 faciendo
2671 4650 2814 4703 hanc
2847 4651 3108 4723 partem),
3135 4668 3296 4704 amor
3318 4652 3560 4723 triplicis

1867 4721 1952 4775 est
1996 4724 2242 4791 generis,
2280 4722 2538 4775 videlicet
2585 4721 2789 4791 pietas,
2835 4722 3084 4776 amicitia
3115 4726 3171 4775 et
3211 4721 3558 4777 amor'sim-

1866 4794 2094 4863 pliciter
2119 4794 2320 4847 dictus.
2357 4793 2787 4866 Incorporibus
2819 4810 2931 4846 non
2959 4799 3047 4866 est
3076 4810 3258 4862 amor,
3287 4795 3396 4849 nisi
3425 4811 3562 4866 qua-

1867 4871 2030 4918 tenus
2067 4866 2156 4918 hic
2196 4872 2278 4917 est
2315 4864 2520 4917 modus
2547 4866 2820 4933 corporis.
2858 4866 2918 4917 In
2953 4865 3066 4918 Deo
3100 4881 3214 4918 non
3245 4872 3333 4920 est
3371 4864 3556 4933 amor,

1868 4936 1976 4988 nisi
2005 4945 2288 5006 quatenus
2321 4941 2404 4988 est
2432 4936 2635 4988 modus
2660 4935 2883 4988 mentis.
2921 4937 2977 4989 In
3005 4937 3238 4991 homine
3269 4942 3353 4991 est
3373 4954 3557 5004 amor,

1868 5013 2147 5077 quatenus
2178 5011 2262 5059 est
2294 5007 2496 5058 modus
2518 5011 2571 5058 et
2601 5008 2851 5079 corporis
2881 5014 2936 5060 et
2967 5008 3196 5061 mentis.
3229 5009 3432 5079 Agitur
3469 5009 3561 5063 hic

1868 5079 2055 5158 primo
2101 5079 2394 5162 deampre
2427 5078 2700 5145 corporis,
2736 5079 2835 5162 qqi
2873 5095 2985 5162 non
3017 5084 3134 5133 tam
3169 5078 3352 5147 amur,
3383 5097 3557 5162 quam

1866 5150 2080 5202 amoris
2139 5149 2540 5212 simulacrum;
2605 5149 2852 5203 secundo
2901 5150 2970 5204 de
3021 5167 3217 5206 amore
3269 5149 3554 5216 hominis;

1868 5222 2036 5274 tertio
2071 5221 2138 5272 de
2171 5236 2362 5272 amore
2392 5221 2510 5272 Dei.

1943 5295 1988 5345 l.
2040 5291 2194 5357 Quod
2236 5291 2472 5344 mundus
2497 5291 2685 5344 stabili
2717 5292 2842 5359 ﬁde,
2896 5291 3028 5363 etc.j
3075 5295 3114 5346 l.
3149 5293 3353 5363 Agitur
3378 5293 3446 5346 de
3479 5292 3558 5346 si-

1869 5365 2124 5416 mulacro
2157 5364 2387 5426 amoris,
2416 5363 2569 5434 quod
2603 5368 2659 5414 in
2688 5365 3027 5432 corporibus
3055 5363 3436 5417 animadverti
3461 5379 3559 5434 po-

1870 5378 2124 5416 mulacro
2157 5378 2387 5426 anI‘tS,
2416 5378 2569 5486 quoa
2603 5378 2659 5414 ιιι
2688 5378 3027 5432 corporibus
3055 5378 3436 5417 animadverti
3461 5379 3556 5434 po-

1870 5440 1979 5505 test
2015 5451 2026 5487 :
2060 5434 2305 5503 huicque
2361 5450 2418 5486 re
2441 5433 2606 5486 'ertur
2651 5441 2967 5504 acceptum,
3009 5440 3060 5488 l0
3088 5435 3238 5505 quod
3285 5434 3556 5502 mundus,

1869 5503 1964 5574 qui
2001 5506 2138 5557 nihil
2176 5512 2259 5558 est
2287 5505 2440 5558 aliud
2470 5522 2641 5574 quam
2668 5503 3006 5559 universitas
3038 5503 3342 5576 corporum
3371 5511 3556 5561 mate-

1868 5578 1953 5650 ria
1986 5578 2217 5650 quidem
2267 5577 2752 5650 convenientium,
2788 5578 2972 5630 forma
3018 5582 3204 5630 autem
3239 5576 3561 5650 discrepan-

1869 5647 2035 5712 tium,
2071 5648 2130 5700 in
2181 5663 2283 5700 sua
2322 5648 2591 5721 varietate
2639 5665 2870 5721 concors
2919 5653 3275 5717 perseveret;
3308 5651 3369 5701 2°
3407 5647 3561 5721 quod

1869 5721 2170 5792 elementa,
2201 5735 2340 5792 qua;
2361 5719 2505 5772 nihil
2545 5725 2677 5772 sunt
2709 5719 2863 5772 aliud
2905 5735 3076 5789 quam
3099 5735 3348 5792 corpora
3370 5719 3562 5792 primo

1853 5791 2115 5860 formata,
2140 5805 2204 5847 ex
2227 5790 2434 5862 quibus
2457 5796 2663 5846 caetera
2689 5794 2975 5862 constent,
3001 5791 3182 5848 foedus
3213 5790 3563 5865 perpetuum
