3982 6182
455 295 558 346 719

596 426 832 482 Certent
855 427 1073 482 solvere
1101 427 1448 482 machinam.

594 515 703 570 Hic
725 520 918 570 sancto
950 517 1194 588 pOpulos
1226 534 1456 589 quoque

593 605 827 660 Junctos
858 605 1072 660 foedere
1099 607 1381 673 continet;

592 695 696 752 IIic
721 701 776 751 et
802 696 1053 767 conjugii
1079 713 1304 750 sacrum

450 783 518 836 25
596 784 775 838 Castis
804 785 980 840 nectit
1009 785 1334 853 amoribus;

2179 473 2222 524 A

1802 299 1911 354 AN.
1953 298 2159 356 MANL.
2202 301 2345 357 SEV.
2391 303 2623 360 BOETII
3789 319 3873 369 720

2396 437 2494 490 Hic
2524 430 2652 491 ﬁdis
2681 437 2854 491 etiam
2887 453 2989 492 sua

2397 525 2577 580 Dictat
2600 526 2732 597 jura
2763 527 3074 581 sodalibus.

2401 621 2548 669 169
2581 617 2622 670 Ο
2656 615 2788 670 felix
2819 615 3120 670 hominum
3149 633 3350 688 genus,

2393 703 2451 757 Si
2477 710 2694 760 vestros
2725 705 2952 760 animos
2985 722 3167 771 amor,

2251 792 2317 843 3O
2393 792 2514 856 Quo
2542 795 2750 849 ccelum
2779 795 3023 866 regitur,
3067 795 3258 866 regat!

1902 885 2484 948 INTERPRETATIO.

455 973 622 1026 nectit
645 972 785 1026 hanc
823 974 1017 1027 seriem
1067 989 1279 1026 rerum:
1320 973 1414 1026 hoc
1459 977 1715 1035 cessante,
1762 988 1879 1036 qua:
1925 989 2148 1028 consen-

449 1045 592 1097 tiunt
620 1059 783 1111 nunc,
815 1049 1001 1098 statim
1049 1046 1390 1110 dissentient,
1436 1049 1483 1097 et
1532 1043 1818 1097 tentabant
1861 1045 2135 1100 destruere

440 1115 770 1184 machinam,
805 1133 967 1184 quam
1013 1133 1152 1170 nunc
1184 1122 1490 1170 constanter
1515 1120 1654 1169 cient
1682 1117 1954 1184 praeclaris
1973 1122 2134 1171 moti-

441 1185 558 1241 bus.
591 1187 762 1242 Amor
803 1191 1037 1242 continet
1082 1189 1308 1257 populos
1350 1188 1500 1241 inter
1545 1203 1602 1240 se
1656 1190 1966 1256 conjunctos
1999 1205 2137 1257 pace

2258 982 2595 1054 incorrupta,
2640 999 2793 1038 amor
2846 986 3127 1052 conﬁrmat
3175 988 3564 1039 sacramentum
3623 987 3880 1054 conjugiate

2242 1053 2475 1125 ﬂammis
2499 1055 2714 1122 pudicis
2746 1072 2757 1108 :
2793 1072 2944 1109 amor
2976 1056 3220 1125 denique
3250 1055 3432 1109 reddit
3469 1053 3879 1124 ﬁdelibus’amicis

2247 1124 2392 1186 quod
2428 1140 2584 1179 suum
2622 1133 2718 1180 est.
2773 1127 2816 1180 Ο
2848 1143 2945 1180 vos
2985 1124 3162 1181 beatos
3209 1127 3464 1193 homines,
3505 1127 3553 1181 si
3593 1129 3720 1183 idem
3757 1147 3880 1185 amor

2247 1193 2370 1264 Dei,
2399 1212 2504 1266 quo
2546 1199 2732 1253 calum
2787 1199 3144 1268 gubernatur,
3174 1199 3430 1265 gubernet
3473 1205 3668 1255 vestras
3694 1207 3874 1258 mentes.

2069 1287 2290 1346 ΝΟΤᾸΞ.

436 1405 690 1470 teneant,
718 1401 834 1456 sive
863 1401 1016 1456 intra
1045 1402 1160 1457 sive
1190 1405 1349 1456 extra
1391 1418 1654 1472 corpora,
1697 1417 1826 1472 qua:
1873 1403 2026 1472 quod
2063 1420 2131 1458 ex

436 1473 735 1527 elementis
768 1479 1051 1540 constent,
1097 1481 1374 1528 vocantur
1403 1476 1602 1538 mista;
1641 1476 1697 1526 3°
1738 1474 1891 1544 quod
1923 1474 2126 1529 cmlum

433 1544 623 1598 sidera
660 1545 775 1599 suis
825 1545 1202 1615 temporibus,
1248 1551 1303 1598 et
1353 1561 1510 1598 mare
1564 1547 1769 1598 tluctus
1823 1545 1938 1598 suis
1991 1547 2128 1600 locis

432 1616 743 1670 contineat.
777 1617 854 1670 De
884 1617 1081 1672 Phoebo
1100 1624 1156 1670 et
1175 1620 1410 1685 Hespero
1431 1617 1551 1686 jam
1583 1616 1851 1670 diximus.

499 1691 588 1740 22.
642 1691 742 1764 {lic
781 1694 966 1764 sancto
995 1689 1282 1764 populos]
1337 1689 1402 1742 II.
1449 1688 1651 1764 Agitur
1688 1688 1985 1764 de‘amore
2015 1688 2126 1742 liu-
2165 1711 2204 1764 Β

427 1774 618 1813 mano.
654 1760 754 1812 Hic
783 1760 1117 1828 multiplicis
1149 1765 1234 1814 est
1264 1760 1490 1830 generis
1525 1775 1536 1812 :
1569 1758 1808 1828 triplicis
1848 1760 2124 1814 duntaxat

426 1846 580 1884 nunc
618 1831 884 1885 meminit
922 1832 1315 1902 Philosophia,
1370 1847 1598 1901 nempe,
1643 1836 1696 1884 l0
1754 1832 1982 1896 amoris,
2022 1832 2122 1901 qui

426 1909 512 1956 est
549 1901 697 1956 inter
731 1904 1001 1974 populos,
1039 1901 1172 1974 quoi
1181 1903 1384 1974 populi
1424 1908 1638 1956 aeterna
1670 1902 1729 1955 in
1758 1919 1897 1972 pace
1929 1903 2120 1956 conti-

422 1979 662 2041 nentur;
683 1978 742 2026 2ο
773 1973 1004 2044 amoris,
1037 1973 1131 2045 qui
1165 1973 1418 2028 estinter
1447 1977 1742 2044 conjuges,
1765 1990 1878 2044 quo
1895 1989 2120 2027 sacrum

421 2045 538 2118 sive
570 2047 1332 2118 sacramentumconjugiale
1363 2047 1766 2110 confirmatur;
1798 2048 1856 2097 3°
1881 2047 2117 2111 amoris,

423 2116 524 2186 qui
579 2121 662 2170 est
701 2117 853 2172 inter
895 2116 1130 2185 amicos,
1179 2134 1292 2186 quo
1335 2118 1574 2182 amicus,
1638 2120 1808 2171 amico
1857 2123 2116 2185 tanquam

420 2187 564 2244 alter
583 2189 744 2257 idem,
775 2189 1069 2244 inducitur
1101 2190 1172 2242 ad
1197 2187 1678 2244 benefaciendum
1719 2188 1922 2254 amico,
1956 2189 2116 2258 cogi-

415 2259 651 2339 tatione,
683 2261 858 2316 verbo
905 2265 962 2316 et
992 2277 1164 2332 opere
1195 2277 1208 2316 :
1243 2261 1367 2316 haec
1423 2260 1640 2332 quippe
1685 2266 1819 2315 sunt
1846 2261 2118 2317 sodalium

409 2345 566 2398 ,τω-α.
1153 2372 1156 2373 ν

2312 1395 2398 1447 28.
2452 1395 2506 1468 Ο
2550 1396 2690 1460 felia:
2737 1396 3011 1449 hominum
3060 1410 3247 1463 genus,
3305 1395 3434 1464 etc.]
3489 1397 3578 1450 Ill.
3616 1397 3797 1468 Agitur
3819 1400 3872 1453 de

2243 1483 2431 1520 amore
2455 1467 2666 1533 divino,
2701 1483 2813 1536 quo
2837 1483 2948 1520 non
2970 1468 3136 1520 modo
3155 1468 3384 1531 coelum,
3416 1469 3512 1521 sed
3536 1469 3714 1521 omnia
3735 1471 3872 1523 etiam

2241 1554 2480 1608 corpora
2515 1539 2592 1591 sic
2633 1544 2932 1608 reguntur,
2966 1544 3028 1592 ut
3069 1538 3192 1592 haec
3223 1555 3255 1592 a
3286 1539 3479 1592 divina
3523 1540 3786 1594 voluntate
3821 1559 3872 1594 ne

2237 1610 2418 1663 latum
2441 1609 2675 1680 quidem
2728 1626 2979 1680 unguem
3003 1610 3316 1664 discedant.
3351 1611 3470 1663 Una
3502 1616 3582 1663 est
3627 1627 3767 1664 mens
3793 1613 3872 1665 hu-

2238 1697 2407 1752 mana
2433 1698 2577 1752 quae,
2606 1681 2758 1751 quod
2791 1683 2860 1734 ab
2901 1680 3025 1752 ipso
3062 1682 3175 1734 Deo
3202 1683 3281 1734 sic
3320 1682 3493 1735 fuerit
3520 1681 3710 1736 dilecta
3744 1687 3794 1736 ut
3818 1683 3869 1737 li-

2232 1751 2468 1806 bertatis
2517 1753 2587 1805 sit
2634 1752 2939 1822 particeps,
2988 1770 3020 1806 a
3060 1753 3247 1823 prima
3299 1753 3530 1806 volendi
3577 1755 3870 1824 amandique

2231 1839 2454 1890 norma,
2507 1824 2801 1877 voluntate
2853 1824 3066 1890 divina,
3118 1824 3359 1878 recedat.
3409 1825 3590 1888 Quare
3637 1826 3687 1877 id
3726 1842 3866 1878 unum

2230 1911 2350 1948 esse
2376 1896 2546 1950 debet
2574 1895 2954 1965 Philosophiae
2984 1902 3202 1964 votum,
3247 1901 3318 1965 λιιι
3361 1897 3557 1950 eadem
3598 1913 3742 1949 mens
3785 1897 3865 1950 hu-

2229 1982 2420 2034 mana,
2492 1972 2820 2037 contempta
2873 1967 3107 2036 propria
3180 1968 3497 2032 voluntate,
3565 1969 3860 2038 proprioque

2229 2055 2445 2107 amore,
2479 2039 2548 2093 ad
2580 2039 2932 2092 voluntatem
2982 2054 3358 2108 amoremque
3391 2040 3491 2092 Dei
3541 2055 3654 2091 sese
3683 2055 3861 2092 accom-

2228 2111 2443 2177 modet,
2470 2116 2548 2172 .ut
2581 2115 2804 2163 sanctos
2837 2110 2988 2162 viros
3018 2110 3261 2175 imitata,
3289 2125 3427 2164 voce
3461 2110 3862 2180 cogitationeque

2227 2182 2533 2250 submissa,
2579 2181 2730 2234 dicat
2759 2196 2888 2234 cum
2939 2183 3221 2251 propheta
3251 2197 3421 2251 rege:
3455 2185 3590 2237 Doce
3624 2198 3697 2236 me
3721 2185 3861 2246 facere

2224 2253 2562 2308 voluntatem
2583 2259 2752 2320 tuam,
2787 2258 2843 2308 et
2871 2268 3002 2307 cum
3033 2252 3303 2324 Apostolo
3339 2269 3352 2306 :
3387 2256 3621 2320 Domine,
3661 2253 3780 2324 quid
3800 2269 3860 2306 me

2223 2327 2308 2380 vis
2313 2327 2510 2394 facere
2529 2325 2556 2378 ?

1665 2663 2033 2757 LIBER
2123 2656 2683 2756 TERTIUS.

913 2817 948 2862 l
964 2815 1062 2864 ’το
1091 2809 1321 2866 PROSA
1362 2809 1602 2864 PRIMA.

406 2883 819 2937 ARGUMENTUM.
852 2912 919 2920 υ
954 2883 1305 2952 Philosophia
1334 2896 1525 2935 rursus
1559 2897 1593 2933 a
1616 2880 1905 2934 levioribus
1922 2880 1996 2952 ad
2010 2896 2101 2933 va-

477 2955 680 3008 lidiora
734 2960 1057 3020 argumenta
1103 2951 1460 3024 progrediens
1523 2955 1764 3006 Boetium
1817 2951 2096 3019 praedictis

474 3026 781 3080 rationibus
821 3025 895 3078 ad
922 3027 1136 3094 majora
1186 3025 1542 3094 percipienda
1585 3028 1899 3077 commotum
1927 3039 2096 3091 para-

478 3103 700 3163 tumque
752 3102 946 3169 monet,
1006 3101 1120 3163 fore
1166 3103 1226 3150 ut
1263 3099 1464 3169 ipsum,
1522 3098 1680 3148 initio
1711 3111 1755 3169 a_
1795 3095 2095 3148 notioribus

477 3174 711 3237 sumpto,
743 3168 817 3220 ad
844 3183 1026 3220 veram
1055 3170 1375 3233 felicitatem
1399 3167 1579 3220 ducat.

469 3247 594 3300 Jam
625 3257 649 3281 ³
674 3250 906 3300 cantum
938 3247 1031 3301 illa
1071 3247 1316 3315 finierat,
1343 3263 1473 3301 cum
1507 3247 1520 3280 ¹
1552 3262 1642 3299 me
1659 3244 1934 3299 audiendi
1967 3245 2090 3298 avi—

398 3334 556 3400 dum,
587 3339 1032 3405 stupentemque
1061 3336 1294 3390 arrectis
1327 3335 1512 3390 adhuc
1550 3335 1786 3389 auribus
1817 3334 2087 3388 carminis

396 3423 659 3478 mulcedo
700 3421 994 3478 deﬁxerat.
1032 3426 1226 3496 Itaque
1270 3424 1440 3495 paulo
1488 3430 1609 3495 post
1645 3425 1740 3487 :0,
1773 3425 2008 3495 inquam
2042 3427 2084 3490 ι),

396 3528 688 3567 summum
711 3514 988 3567 lassorum
1006 3514 1254 3568 solamen
1271 3514 1597 3567 animorum
1614 3526 1656 3580 ο,
1690 3519 1968 3584 quantum
1995 3529 2085 3568 mc

393 3603 481 3656 vel
508 3602 923 3657 sententiarum
959 3603 1234 3672 pondere,
1267 3603 1354 3656 vel
1406 3603 1646 3656 canendi
1680 3602 1851 3656 etiam
1877 3603 2082 3672 jucun-

391 3691 569 3747 ditate
600 3690 882 3746 refovistil
920 3691 996 3762 (ὅ)
1029 3691 1172 3746 adeo
1202 3697 1264 3745 ut
1301 3692 1423 3761 jam
1463 3707 1554 3744 me
1591 3692 1829 3761 posthac
1857 3691 2083 3762 dimpa—

387 3798 513 3836 rem
568 3781 810 3836 fortunae
851 3780 1058 3836 ictibus
1095 3798 1211 3836 non
1255 3781 1518 3836 arbitrer.
1564 3782 1760 3852 Itaque
1801 3782 2078 3848 remedia,

2211 2822 2337 2876 quae
2369 2804 2540 2875 paulo
2573 2801 2797 2856 acriora
2825 2819 2944 2856 esse
2979 2802 3229 2870 dicebas,
3270 2821 3388 2859 non
3426 2805 3594 2860 modo
3628 2821 3728 2859 non
3751 2819 3851 2876 per-

2206 2892 2495 2960 horresco,
2532 2891 2628 2945 sed
2659 2891 2927 2945 audiendi
2973 2891 3169 2946 avidus
3219 2893 3591 2949 vehementer
3622 2894 3847 2963 efﬂagito.

2213 2987 2352 3034 l7]
2393 2982 2536 3035 Tum
2589 2980 2686 3033 illa
2725 3006 2768 3045 e,
2811 2981 2992 3046 Sensi,
3052 2980 3258 3052 inquit,
3307 2999 3442 3037 cum
3489 2983 3652 3037 verba
3692 2987 3848 3035 nostra

2206 3071 2409 3124 tacitus
2466 3074 2834 3140 attentusque
2863 3070 3160 3140 _rapiebas,
3195 3069 3218 3104 ²
3247 3087 3500 3143 eumque
3530 3078 3635 3126 tuae
3680 3070 3845 3126 mentis

2133 3137 2171 3190 ί)
2203 3159 2464 3214 habitum
2509 3160 2596 3212 vel
2650 3159 2989 3229 exspectavi,
3027 3161 3135 3225 vel,
3187 3161 3345 3231 quod
3398 3168 3482 3216 est
3524 3162 3717 3224 verius,
3743 3160 3843 3228 ipsa

2201 3248 2414 3318 perfeci
2451 3265 2462 3302 :
2496 3248 2634 3302 talia
2683 3252 2814 3302 sunt
2846 3248 3059 3319 quippe
3084 3266 3209 3320 quae
3239 3255 3481 3316 restant,
3512 3257 3571 3304 ut
3589 3251 3837 3320 degustata

2200 3338 2434 3409 quidem
2455 3338 2774 3404 mordeant,
2805 3339 3049 3392 interius
3081 3344 3278 3392 autem
3299 3347 3528 3411 recepta
3549 3341 3834 3394 dulcescant.

2197 3427 2303 3481 Sed
2353 3428 2508 3498 quod
2537 3433 2599 3481 tu
2631 3432 2685 3481 te
2717 3427 2991 3482 audiendi
3021 3427 3294 3498 cupidum
3352 3430 3429 3500 (ὅ)
3463 3429 3615 3496 dicis,
3662 3431 3835 3500 quanto

2195 3516 2398 3570 ardore
2428 3518 2720 3586 ﬂagrares,
2773 3516 2821 3569 si
2861 3532 3114 3587 quonam
3151 3522 3214 3589 te
3259 3518 3472 3573 ducere
3519 3518 3835 3589 aggredimur

2194 3621 2547 3674 agnosceres.
2581 3605 2866 3671 Quonam,
2897 3587 3220 3676 inquam"?
3245 3609 3367 3662 ’Λᾶ
3395 3625 3604 3676 veram,
3626 3605 3782 3676 inquit
3798 3615 3832 3666 s,

2191 3693 2542 3760 felicitatem,
2574 3699 2782 3765 ‘quam
2799 3699 2932 3749 tuus
2950 3711 3180 3766 quoque
3203 3698 3459 3751 somniat
3487 3697 3713 3760 animus,
3733 3692 3829 3757 sed,

2191 3791 2464 3854 occupato
2503 3783 2572 3838 ad
2614 3783 2893 3855 imagines
2935 3785 3080 3853 visu,
3131 3784 3317 3856 ipsam
3349 3786 3507 3841 illam
3557 3802 3660 3840 non
3689 3784 3832 3855 potest

1853 3881 2432 3939 INTERPRETATIO.

457 3986 483 4013 α
519 3978 779 4032 Carmen.

455 4052 480 4093 ι)
518 4051 635 4118 Ego
667 4048 914 4103 Boetius.

453 4130 474 4156 ε
513 4120 906 4192 Philosophia.

452 4196 478 4237 d
521 4194 680 4249 Vinci
703 4207 880 4262 posse.

2261 3989 2282 4016 ε
2322 3979 2710 4049 Philosophia.

2256 4051 2274 4085 ί
2316 4053 2429 4119 Ego
2463 4052 2709 4106 Boetius.

2251 4132 2275 4166 ε
2314 4122 2707 4193 Philosophia.

2005 4279 2209 4340 NOTAE
2225 4324 2237 4337 .

451 4388 470 4423 ⁴
515 4391 600 4444 Me
648 4387 915 4442 audiendi
957 4385 1202 4460 auidum,
1257 4386 1390 4455 etc.]
1433 4387 1474 4438 l.
1513 4386 1742 4460 Boetius
1787 4385 2072 4460 prmdictis
2111 4392 2154 4444 D
2182 4385 2393 4460 sensim
2429 4387 2710 4460 tolluntur
2761 4385 3116 4456 prmjudicia,
3160 4391 3402 4456 propter
3444 4381 3823 4460 quze,dicend_a

374 4462 666 4516 rationum
688 4457 1210 4530 philosophicarum
1251 4457 1555 4530 momentis
1585 4463 1900 4510 commotus
1935 4459 2072 4512 dici-

374 4539 471 4588 tur
503 4549 632 4586 cum
665 4528 924 4600 corpore,
950 4535 1073 4583 tum
1092 4529 1264 4581 etiam
1288 4531 1497 4581 mente.
1526 4528 1775 4598 Corpore
1807 4531 2066 4598 quidem:

419 4604 531 4656 uod
563 4619 792 4656 carmen
826 4603 1005 4655 instar
1031 4600 1199 4652 mulsi
1245 4616 1415 4653 suave
1461 4615 1591 4652 eum
1647 4601 1910 4668 deﬂeverat
1952 4608 2068 4656 stu-

417 4678 587 4727 entem
633 4676 860 4727 arrectis
917 4671 1096 4725 adhuc
1141 4672 1384 4736 auribus,
1441 4669 1547 4723 hoc
1598 4677 1679 4724 est
1726 4671 1982 4725 immotis
2016 4678 2071 4727 et

372 4745 596 4815 reliquo
649 4760 882 4814 corpore
911 4748 965 4796 et
1012 4742 1266 4807 auribus,
1295 4744 1391 4815 ad
1430 4741 1659 4815 facilius
1684 4743 2067 4810 audiendum;

378 4813 806 4886 qui'loquendi
857 4815 1058 4869 modus
1091 4831 1120 4867 a
1160 4813 1416 4877 canibus,
1465 4813 1773 4883 leporibus,
1827 4815 2066 4884 aliisque

377 4885 884 4957 hestiisfquarum
936 4903 1102 4940 aures
1142 4892 1341 4957 sponte
1389 4892 1708 4950 moventur,
1762 4887 2066 4940 translatus

375 4963 461 5012 est
493 4958 564 5012 ad
593 4957 908 5024 hominem,
941 4958 1100 5026 cujus
1133 4973 1295 5010 aures
1324 4974 1438 5010 non
1462 4958 1539 5010 ita
1560 4961 1892 5010 moventur:
1920 4974 2064 5026 pra:-

373 5029 536 5084 dictm
573 5030 725 5084 enim
767 5031 960 5084 bestiae.
993 5031 1062 5084 ad
1102 5045 1312 5082 sonum
1344 5028 1547 5081 melius
1573 5027 1970 5096 escipiendum
2013 5033 2068 5082 et

373 5101 577 5155 sistere
612 5106 669 5155 et
699 5118 863 5155 aures
902 5102 1121 5170 erigere
1157 5103 1590 5154 consueverunt.
1633 5100 1816 5152 Mente
1857 5099 2058 5166 etiam;

376 5174 529 5244 quod
556 5173 680 5227 haec
713 5175 792 5226 vel
843 5175 1231 5244 sententiarum
1259 5173 1498 5240 pondere
1534 5172 1616 5225 rel
1642 5171 1872 5244 canendi
1900 5175 2064 5225 etiam

372 5243 717 5312 iucunditate
747 5244 824 5296 ita
863 5248 1112 5296 recreata
1135 5243 1224 5305 sit,
1259 5248 1318 5295 ut
1341 5246 1461 5311 jam
1483 5259 1537 5297 se
1554 5243 1779 5311 posthac
1803 5245 2061 5310 imparem

370 5319 608 5381 fortunae
651 5316 848 5369 ictibus
881 5330 982 5368 non
1005 5313 1339 5367 arbitretur:
1381 5330 1494 5383 quo
1517 5315 1656 5367 titut
1681 5314 1918 5367 remedia
1944 5330 2062 5382 qua

369 5389 723 5459 Philosophia
762 5401 935 5459 supra
985 5386 1133 5459 dixit
1171 5399 1281 5459 esse
1328 5388 1564 5459 acriora,
1591 5401 1719 5459 Anon
1768 5385 1921 5438 modo
1954 5403 2060 5439 non

364 5455 761 5525 perhorrescat,
832 5457 928 5511 sed
981 5455 1247 5510 audiendi
1296 5457 1463 5509 avida
1517 5457 1852 5510 vehementer
1900 5460 2058 5524 efﬂa-

398 5531 514 5583 itet.

361 5545 633 5654 gu’et-Eum
683 5604 786 5654 tuae
828 5601 1021 5653 mentis
1078 5597 1343 5660 habitum,
1373 5594 1506 5667 etc.]
1545 5599 1608 5651 II.
1645 5597 1806 5652 Idem
1831 5597 2056 5652 Boetius

359 5671 647 5741 praedictis
679 5670 1002 5725 rationibus
1023 5668 1602 5741 paratusidiciturnb
1634 5668 1757 5741 ipsa
1797 5671 2053 5723 Philoso-

356 5739 514 5814 phia.
560 5743 800 5798 Paratus
843 5739 1077 5812 quidem
1120 5739 1408 5812 praedictis
1456 5740 1794 5810 rationibus,
1843 5741 2050 5812 quibus

2181 4457 2408 4527 ingrata
2432 4455 2817 4528 displicerent,
2853 4455 2966 4510 non
3000 4455 3247 4511 secusac
3273 4455 3478 4528 palata
3505 4459 3642 4512 male
3661 4455 3822 4510 allecto

2184 4529 2346 4582 cibus
2383 4529 2554 4582 etiam
2587 4529 2956 4582 suavissimus
3002 4529 3267 4598 displicet
3302 4546 3313 4584 :
3346 4533 3485 4584 talia
3512 4537 3630 4584 sunt
3658 4530 3820 4595 quippe

2181 4617 2301 4669 quae
2329 4605 2554 4667 restant,
2600 4606 2659 4654 ut
2703 4601 2991 4668 degustata
3033 4601 3248 4668 quidem
3292 4603 3590 4662 mordeant,
3634 4598 3822 4653 interius

2179 4678 2357 4725 autem
2384 4676 2595 4739 recepta
2638 4671 2967 4727 dulcescant.
3017 4677 3083 4726 At
3121 4673 3190 4726 ab
3220 4673 3342 4743 ipsa
3375 4671 3720 4740 Philosophia
3745 4683 3818 4736 pa-

2178 4749 2335 4796 ratus
2367 4748 2450 4795 est
2476 4743 2776 4814 :cognitio
2819 4745 2970 4796 enim
3021 4743 3439 4814 philosophica,
3492 4748 3676 4814 utpote
3719 4752 3818 4808 qua

2179 4815 2329 4888 clara
2371 4819 2427 4888 et
2465 4813 2752 4888 distincta,
2793 4815 3153 4888 principium
3184 4813 3298 4888 est,
3336 4833 3367 4869 τι
3406 4832 3518 4888 quo
3552 4813 3704 4888 omne
3731 4824 3816 4885 non

2177 4886 2351 4938 modo
2377 4885 2684 4954 judicium,
2714 4885 2809 4939 sed
2839 4887 3011 4939 etiam
3040 4886 3384 4940 desiderium
3421 4885 3724 4956 legitimum
3740 4895 3818 4956 ori-

2176 4961 2310 5009 tur:
2344 4950 2566 5024 eumque
2606 4950 2710 5010 tiae
2754 4960 2946 5012 mentis
2991 4959 3235 5011 habitum
3286 4960 3368 5011 vel
3396 4950 3704 5028 exspectavi,
3737 4950 3814 5008 νει,

2176 5029 2322 5100 quod
2343 5035 2420 5081 est
2446 5031 2644 5093 terius,
2676 5031 2798 5096 ipsa
2817 5032 3042 5097 perfeci,
3071 5029 3258 5099 inquit
3296 5029 3671 5100 Philosophia.

2245 5097 2267 5132 ³
2309 5100 2397 5153 Ad
2443 5115 2626 5153 “veram
2666 5094 3027 5169 felici—tatem]
3054 5094 3543 5170 [IL-Philosophia-
3578 5094 3814 5170 promittit

2172 5170 2294 5224 fore
2326 5177 2389 5223 ut
2423 5164 2679 5223 Boetium
2712 5171 2878 5224 ducat
2910 5172 2976 5224 ad
3011 5164 3378 5236 felicitatem,
3400 5164 3548 5226 'cum
3575 5164 3711 5222 enim
3744 5164 3812 5216 hic

2173 5248 2378 5310 agatur
2409 5242 2477 5295 de
2509 5242 2760 5294 moribus
2790 5241 3188 5308 instituendis;
3221 5260 3465 5313 cumque
3500 5242 3699 5312 optima
3716 5250 3810 5288 m0-

2173 5329 2301 5366 rum
2338 5313 2620 5366 institutio
2666 5330 2694 5364 a
2729 5314 2840 5365 line
2877 5314 3195 5382 prmsertim
3235 5317 3494 5383 pendeat,
3551 5315 3808 5383 propterea

2171 5385 2541 5454 Philosophia
2572 5384 2967 5437 tractationem
3002 5386 3238 5454 suscipit
3284 5387 3351 5440 de
3391 5385 3664 5444 felicitate,
3709 5390 3809 5454 qua!

2170 5447 2578 5528 morum-recte
2600 5455 3035 5528 formandorum
3058 5447 3186 5510 linis
3211 5462 3297 5510 est
3326 5474 3337 5510 :
3364 5458 3528 5526 hujus
3558 5459 3728 5528 autent
3752 5447 3808 5498 fe-

2168 5527 2394 5581 licitatis
2447 5525 2598 5580 notio
2637 5527 2846 5580 animis
2893 5528 3193 5582 hominum
3245 5528 3411 5581 insita
3440 5522 3544 5580 'est
3583 5541 3595 5579 :
3635 5522 3806 5576 idcirco

2169 5599 2367 5653 eadem
2392 5599 2766 5668 Philosophia
2797 5599 2952 5653 addit
3746 5659 3754 5668 ,

2238 5675 2259 5706 ⁴
2285 5671 2459 5736 Quam
2498 5676 2621 5725 tuus
2651 5686 2859 5739 quoque
2897 5674 3130 5726 somniat
3175 5669 3446 5742 animus}
3489 5669 3632 5742 Mens
3679 5671 3803 5715 enim

2159 5745 2284 5799 tum
2313 5742 2521 5800 dicitur
2551 5742 2859 5811 somniare,
2892 5758 3024 5799 cum
3045 5742 3245 5815 sopitis
3277 5739 3638 5799 exterioribus
3663 5745 3801 5801 orga-
