3972 6172
129 283 207 336 7⁸21

129 411 331 470 intueri.
363 411 507 466 Tum
547 425 655 481 ego
686 417 711 443 ⁸
742 424 755 464 ;
790 409 916 474 Fac,
967 407 1222 477 obsecro,
1257 412 1315 462 et
1352 424 1481 478 quae
1526 408 1625 462 illa
1657 422 1790 461 vera

129 503 204 571 sit,
253 503 368 556 sine
412 527 436 562 ι,
485 498 848 554 cunctatione
913 497 1261 552 demonstra.
1314 497 1556 564 Faciam,
1605 496 1796 568 inquit

129 595 206 648 illa
230 601 268 659 ε,
299 588 409 660 (10)
467 588 554 644 tui
585 604 755 644 causa
806 587 1052 644 libenter
1093 603 1106 642 :
1147 592 1294 642 172
1344 587 1442 641 sed
1478 589 1496 625 ι
1533 602 1663 658 quae
1692 585 1794 640 tibi

129 699 275 738 causa
301 679 491 736 notior
517 683 622 746 est,
673 694 801 734 eam
840 677 1002 750 prius
1031 676 1334 748 designare
1365 675 1570 746 verbis,
1621 680 1792 747 atque

131 773 412 828 informare
457 767 743 824 conabor:
779 770 844 822 ut
864 782 931 821 ea
958 770 1274 837 perspecta,
1316 781 1447 820 cum
1473 766 1534 820 in
1568 768 1794 820 contra-

126 862 249 918 riam
277 863 496 931 partem
531 856 754 912 ﬂexeris
788 856 981 912 oculos
1011 858 1058 924 δ,
1088 871 1239 912 vera:
1289 856 1580 928 specimen
1610 854 1792 911 beati-

126 949 314 1008 tudinis
346 947 530 1020 possis
551 962 883 1019 agnoscere.

516 1079 661 1131 173
695 1073 981 1129 METRUM
1020 1070 1044 1096 ⁸
1082 1071 1372 1127 PRIMUM.

123 1190 523 1240 Aacuusnruu.
552 1213 621 1223 -—
641 1181 991 1252 Philosophia
1010 1183 1252 1251 exemplo
1283 1195 1604 1251 corporum;
1625 1183 1787 1236 nimi-

181 1272 288 1310 rum
319 1256 686 1324 agri,.palati,
721 1270 814 1308 nec
845 1269 949 1308 non
965 1256 1128 1319 aeris,
1167 1253 1306 1307 male
1336 1258 1385 1307 et
1403 1253 1529 1307 bene
1561 1254 1787 1308 alternis

180 1329 502 1397 effectarum,
538 1327 760 1396 probat,
789 1325 1032 1397 [mentem
1059 1327 1352 1381 humanam
1377 1327 1534 1394 prius
1586 1339 1786 1379 exuen-

1094 270 1184 324 DE
1223 267 1758 328 CONSOLATIONE
1797 268 2279 328 PHILOSOPHUS
2318 268 2447 325 LIB.
2492 267 2587 323 Ill.

3499 271 3603 329 722

1825 408 1870 462 A
1971 407 2100 460 dam
2138 421 2248 461 esse
2290 406 2461 474 falsa,
2507 419 2672 474 quam
2721 405 2990 461 induatur
3034 421 3165 461 vera
3214 408 3468 478 opinione
3507 406 3598 463 bo-

1971 493 2192 534 norum.

2043 593 2150 658 Qui
2180 609 2368 648 serere
2389 592 2709 663 ingenuum
2739 591 2888 646 volet
2919 607 3141 664 agrum,

2044 683 2272 738 Liberat
2297 699 2431 737 arva
2454 681 2612 752 prius
2642 682 2963 750 fruticibus,

2045 771 2206 826 Falce
2229 771 2426 836 rubos,
2459 770 2786 840 ﬁlicemque
2817 775 3056 838 resecat,

2043 861 2112 915 Ut
2134 876 2278 914 nova
2310 859 2471 930 fruge
2497 858 2686 930 gravis
2717 860 2886 914 Ceres
2919 863 3030 914 eat.

2050 956 2195 1005 174
2231 949 2462 1004 Dulcior
2489 952 2573 1002 est
2600 947 2796 1019 apium
2826 964 2994 1020 mage
3016 949 3201 1019 labor,

2041 1039 2099 1095 Si
2131 1040 2315 1094 malus
2346 1053 2445 1093 ora
2474 1037 2634 1109 prius
2665 1053 2836 1108 sapor
2865 1038 3014 1092 edat.

2044 1129 2268 1185 Gratius
2299 1133 2452 1183 astra
2482 1128 2688 1194 nitent,
2716 1127 2815 1181 ubi
2840 1132 3010 1183 notus

2042 1219 2261 1274 Desinit
2282 1218 2603 1273 imbriferos
2637 1217 2772 1271 dare
2802 1232 2988 1272 sonos.

2045 1309 2266 1364 Lucifer
2294 1313 2359 1364 ut
2386 1307 2649 1362 tenebras
2678 1305 2984 1376 pepulerit,

1902 955 1931 1003 5

1546 1413 2133 1471 INTERPRETATIO.

179 1499 200 1524 ⁸
233 1487 458 1544 Boetius
490 1501 708 1559 repono

181 1588 201 1622 ι,
234 1563 383 1615 Mora
397 1600 410 1613 .

177 1645 195 1672 ε
230 1629 616 1701 Philosophia.

97 1742 106 1753 .
177 1705 198 1745 ἀ
231 1702 444 1756 Mentis.

177 1774 477 1839 Quicunque
504 1776 655 1842 cupit
684 1772 949 1825 seminare
982 1785 1230 1839 campum
1269 1769 1514 1842 liberum,
1550 1770 1646 1824 ille
1682 1771 1784 1824 im-

116 1849 284 1916 primis
344 1841 582 1915 purgat
613 1843 852 1910 fundum
927 1843 1188 1908 arbustis,
1230 1841 1595 1911 rescinditque
1641 1843 1785 1909 falce

1895 1489 2088 1554 spinas
2117 1490 2167 1539 et
2204 1485 2415 1554 ﬁlicem,
2459 1489 2518 1538 ut
2551 1485 2703 1540 Ceres
2733 1498 2913 1538 recens
2932 1482 3213 1552 procedat,
3246 1488 3441 1540 onusta.
3469 1485 3592 1550 fru-

1893 1563 2001 1612 ctu.
2036 1557 2139 1611 Mel
2164 1572 2297 1625 opus
2327 1571 2494 1627 apum
2521 1556 2739 1610 videtur
2769 1557 2936 1609 multo
2976 1558 3221 1622 suavius,
3255 1558 3304 1627 si
3335 1555 3586 1627 palatum

1893 1634 2018 1683 ante
2037 1625 2518 1696 imbuatursapore
2545 1630 2785 1693 ingrato.
2809 1627 3004 1681 Sidera
3023 1628 3236 1694 fulgent
3247 1625 3581 1694 jucundius,

1891 1715 2012 1755 cum
2053 1705 2211 1754 notus
2275 1704 2476 1752 ventus
2520 1698 2873 1752 meridianus
2917 1702 3089 1752 cessat
3134 1698 3287 1752 edere
3333 1699 3585 1764 fragores

1893 1773 2128 1842 pluvios.
2177 1773 2468 1840 Postquam
2520 1772 2677 1842 stella
2725 1771 2964 1835 referens
2996 1769 3173 1842 lucem
3222 1770 3442 1842 fugavit
3488 1783 3584 1822 no-

1825 1842 1864 1895 B
1893 1840 2049 1909 ctem,
2094 1843 2208 1896 dies
2261 1845 2502 1909 formosa
2541 1841 2690 1896 ducit
2729 1856 2888 1909 equos
2917 1840 3167 1895 rubentes
3195 1840 3347 1894 solis.
3385 1840 3475 1896 Sic
3507 1845 3587 1907 tu,

1718 1939 1951 1998 NOTAE.

119 2015 188 2067 nis
232 2028 523 2074 sensuum,
591 2009 884 2082 spiritibus
927 2009 1203 2082 impressa
1245 2009 1486 2082 cerebro
1543 2010 1782 2082 vestigia

117 2085 474 2155 relegentibus
496 2080 908 2147 commovetur,
929 2081 1092 2152 juxta
1121 2080 1260 2136 illud
1281 2081 1576 2136 Claudian.
1603 2080 1777 2138 carm.

117 2160 187 2222 27,
215 2173 265 2210 v.
304 2159 322 2210 l
366 2173 379 2210 :

273 2253 465 2303 Omnia
494 2266 611 2315 qua:
642 2265 801 2300 sensu
823 2251 1114 2315 volvuntur
1143 2252 1266 2315 vota
1290 2249 1500 2307 diurno,

340 2313 560 2378 Pectore
586 2315 756 2378 sopito
777 2313 949 2362 reddit
974 2313 1144 2360 amica
1163 2313 1330 2378 quies.

273 2379 506 2426 Venator
535 2375 740 2425 defessa
771 2381 882 2425 toro
905 2390 1024 2424 cum
1061 2375 1297 2424 membra
1326 2375 1552 2437 reponit,

337 2443 485 2490 Mens
515 2444 691 2489 tamen
718 2439 783 2488 ad
810 2439 969 2487 silvas
993 2441 1045 2487 et
1069 2451 1164 2486 sua
1192 2437 1359 2485 lustra
1382 2437 1534 2486 redit.

116 2533 272 2595 Quare
298 2531 359 2585 in
396 2531 637 2584 somniis
661 2529 985 2595 hominum,
1017 2532 1081 2581 ut
1104 2543 1254 2598 saepe
1283 2531 1366 2580 est
1395 2525 1612 2598 aliquid
1633 2525 1780 2593 falsi,

118 2605 177 2655 ita
203 2619 426 2672 semper
455 2608 538 2656 est
566 2602 784 2671 aliquid
819 2601 952 2653 veri.
991 2601 1052 2652 lu
1083 2598 1188 2663 his,
1224 2597 1503 2672 inquam,
1525 2604 1785 2672 saipegest

115 2674 302 2744 aliquid
322 2669 494 2739 falsi;
534 2669 684 2744 quod
712 2687 1046 2744 saepemens
1078 2669 1371 2744 somnians
1403 2670 1783 2744 exterioribus

116 2741 420 2816 corporibus
455 2741 672 2799 tribuat
698 2741 978 2816 quodillis
991 2757 1104 2794 non
1120 2741 1403 2816 convenit.
1421 2741 1559 2794 Atin
1577 2741 1780 2816 iisdem

115 2811 312 2886 semper
339 2816 559 2886 aliquid
600 2811 731 2868 veri
749 2819 851 2880 est,
885 2829 947 2886 v.7
972 2829 1027 2881 g.
1070 2812 1447 2886 somniantem
1477 2811 1733 2886 cogitare
1765 2830 1776 2866 :

117 2883 232 2940 sicut
260 2905 398 2959 ergo
430 2883 604 2940 homo
626 2903 740 2940 non
766 2885 1014 2959 somniat
1037 2883 1147 2936 nisi
1179 2883 1518 2959 antecaptis
1547 2884 1617 2937 ab
1639 2884 1780 2959 _i_pso

116 2954 354 3029 corpore'
373 2959 704 3029 speciebus,
744 2957 822 3009 sic
881 2971 1206 3029 mensqum
1238 2954 1459 3029 nullum
1492 2955 1779 3029 peculiare

113 3026 293 3083 bonum
327 3026 569 3100 appetit.
601 3027 708 3082 nisi
752 3026 1205 3100 dueeifelicitatis
1246 3026 1499 3100 notione,
1526 3027 1603 3100 ab
1646 3031 1776 3081 ortu

116 3096 380 3156 divinitus'
399 3096 593 3163 insita,
641 3116 758 3152 non
806 3099 953 3152 male
984 3097 1194 3151 dicitur
1248 3096 1393 3149 hanc
1444 3097 1772 3151 felicitatem

114 3175 369 3226 somniare
408 3172 844 3240 :quamobrem,
878 3169 1020 3222 sicut
1052 3184 1440 3240 persomnum
1469 3169 1769 3240 contingit,

114 3189 369 3226 somniare
408 3189 420 3225 :
489 3189 844 3231 uamonrem,
878 3189 1020 3222 sient
1052 3189 1151 3238 per
1177 3189 1440 3222 somnum
1469 3189 1769 3240 contingit,

114 3241 189 3296 illa
215 3245 377 3298 insita
404 3189 691 3297 fdiicitatis
731 3241 887 3295 notio
915 3240 1118 3294 alienis
1163 3239 1513 3309 imaginibus
1564 3240 1642 3293 ita
1673 3241 1773 3293 ob-

116 3321 365 3380 scuratur,
400 3320 468 3368 ut
499 3315 621 3384 ipsa
646 3313 881 3367 felicitas
921 3311 990 3365 ab
1039 3311 1163 3384 ipsa
1212 3316 1423 3384 mente,
1455 3311 1546 3384 cui
1578 3317 1662 3384 est
1692 3312 1774 3384 in-

114 3386 211 3450 sita,
252 3388 399 3440 clare
447 3381 808 3438 et_distincte
852 3399 968 3436 non
1012 3382 1362 3453 percipiatur
1410 3399 1420 3435 :
1456 3381 1588 3436 hinc
1637 3383 1776 3437 falsa

113 3459 473 3527 assumptione
535 3456 591 3509 in
621 3456 869 3523 divitias,
916 3460 1019 3507 aut
1057 3453 1353 3524 quodlibet
1395 3453 1549 3507 aliud
1595 3469 1628 3507 a
1661 3455 1774 3527 Deo

113 3525 386 3593 diversum,
438 3528 594 3580 velut
632 3528 689 3580 in
732 3541 1025 3580 summum
1076 3527 1291 3578 bonum
1329 3540 1610 3595 suumque
1643 3525 1775 3580 ulti-

114 3612 240 3653 mum
272 3601 474 3664 tinem,
509 3598 779 3652 inclinata
809 3596 1012 3651 tendit.
1040 3598 1350 3666 Propterea
1374 3596 1702 3666 quaerenda.

166 3689 177 3720 ¹
215 3689 332 3752 Qua
382 3689 491 3742 tibi
519 3703 685 3742 causa
737 3690 914 3741 notior
955 3685 1076 3755 est.]
1119 3686 1204 3740 IV.
1256 3687 1464 3740 Eadem
1515 3686 1777 3740 Philoso-

111 3757 214 3820 phia
243 3765 442 3813 monet
487 3759 594 3812 sibi
625 3759 854 3812 initium
903 3757 1244 3811 sumendum
1293 3775 1411 3824 esse
1455 3775 1488 3810 a
1533 3757 1776 3812 notiori-

108 3826 226 3882 bus:
260 3831 314 3884 in
343 3831 509 3884 omni
542 3830 752 3900 quippe
776 3829 1044 3883 methodo
1076 3845 1302 3898 semper
1348 3829 1411 3882 tit
1441 3846 1777 3899 progressus

111 3916 132 3950 a
152 3901 458 3956 notioribus
480 3902 552 3954 ad
583 3904 771 3954 minus
801 3907 937 3954 nota
967 3917 979 3953 :
1013 3905 1076 3952 ut
1099 3901 1373 3954 nimirum
1405 3901 1507 3954 hac
1529 3901 1776 3954 evidenti

109 3972 306 4026 notione
337 3974 622 4027 ducamur
656 3978 710 4025 et
739 3972 809 4026 ad
841 3971 1321 4039 investigandum,
1357 3976 1412 4024 et
1451 3971 1521 4025 ad
1563 3972 1774 4026 discer-

108 4043 328 4098 nendum
387 4044 449 4098 id
482 4044 634 4114 quod
665 4043 968 4114 quaeritur,
1016 4043 1086 4096 ab
1135 4060 1200 4096 eo
1252 4043 1319 4096 de
1353 4059 1466 4113 quo
1526 4059 1643 4096 non
1692 4048 1778 4097 est

111 4115 335 4181 quastio.

162 4201 178 4218 ⁸
207 4202 357 4266 Quod
388 4207 626 4256 vocatur
652 4201 980 4254 Phaliscum.
1016 4201 1112 4254 Est
1139 4205 1329 4254 autem
1361 4217 1591 4256 carmen
1634 4218 1778 4255 con-

110 4276 238 4343 stans
261 4291 323 4328 ex
367 4291 485 4327 uno
522 4289 730 4341 genere
784 4288 1074 4337 versuum,
1137 4289 1382 4343 quorum
1434 4273 1679 4343 quilibet
1709 4290 1773 4327 ex

110 4342 260 4415 tribus
301 4345 538 4415 dactylis
570 4350 626 4397 et
678 4359 791 4396 uno
825 4344 1112 4412 pyrricliio
1146 4342 1538 4414 componitur,
1585 4345 1768 4408 Quare

110 4413 366 4469 observari
395 4413 609 4486 poterit
640 4420 896 4486 quartus,
921 4431 1134 4479 versus,
1168 4415 1225 4468 in
1249 4413 1362 4486 quo
1393 4423 1587 4468 contra
1619 4433 1766 4469 eom-

111 4498 312 4539 mnnern
343 4485 514 4540 usum
535 4487 732 4539 ultima
767 4485 979 4555 syllaba
997 4486 1167 4554 hujus
1189 4485 1442 4540 nominis
1464 4489 1616 4543 Ceres
1639 4503 1768 4541 con-

112 4555 345 4625 trahitur,
380 4566 442 4611 ut
471 4559 682 4612 horum
721 4559 893 4622 miles,
923 4572 1091 4624 seges,
1125 4559 1302 4625 pedes.

171 4649 211 4698 l.
242 4648 416 4702 Serere
448 4648 586 4701 volet
612 4646 849 4715 agrum]
892 4648 927 4699 Ι.
968 4647 1334 4715 Philosophia
1370 4647 1548 4700 utitur
1578 4663 1767 4700 exem-

115 4714 189 4780 plo
215 4719 347 4786 agri,
380 4720 479 4789 qui
517 4734 630 4771 non
665 4714 1048 4789 priusfpotest
1087 4714 1212 4770 esse
1240 4719 1415 4783 ferax,
1463 4735 1636 4788 quam
1669 4735 1769 4772 ex-

115 4789 276 4841 tractis
309 4788 571 4859 virgultis
605 4790 791 4841 cultus
822 4788 1012 4844 fuerit.

177 4878 214 4948 l_.
261 4875 612 4948 Ingenuum]
659 4880 928 4942 lngenuus
975 4877 1040 4930 tit
1085 4893 1151 4929 ex
1182 4877 1585 4947 praepositione
1629 4881 1772 4932 inet

117 4946 257 5020 Verbo
285 4964 434 5014 gena,
465 4946 694 5018 quo'usi
728 4954 860 5000 sunt
885 4949 1077 5014 Varro,
1114 4946 1423 5014 Lucretius,
1459 4950 1769 5020 pluresque

118 5016 193 5094 alii
215 5034 302 5094 pro
323 5016 532 5085 gigno:
559 5035 734 5094 quare
757 5023 1022 5094 ingenuus
1054 5020 1204 5073 idem
1229 5016 1598 5094 videturesse
1617 5016 1770 5091 quod

118 5091 390 5152 ingenitus:
426 5091 1205 5160 quemadmodumingenium
1227 5093 1431 5162 smpius
1462 5099 1772 5161 usurpatur

121 5170 201 5231 pro
237 5167 431 5214 natura
477 5164 752 5231 cujusque
794 5163 875 5215 rei
914 5178 926 5215 ε
961 5163 1104 5214 sicut
1155 5163 1304 5226 Virg.
1342 5179 1378 5215 ll
1435 5164 1662 5231 Georg,
1716 5180 1766 5216 v.

125 5229 200 5280 177
230 5246 240 5282 :
275 5234 423 5286 Nunc
455 5234 597 5286 locus
646 5229 899 5286 arvorum
929 5236 1180 5300 ingeniis.
1232 5235 1318 5288 Sic
1354 5235 1538 5286 fontes
1572 5229 1771 5287 dicun-

121 5300 195 5348 tur
220 5304 425 5368 ingenui
455 5303 571 5356 sive
599 5304 774 5356 nativi
808 5322 839 5356 a
863 5305 1118 5357 Lucretio
1151 5305 1186 5357 l.
1227 5322 1263 5356 ῐ.
1302 5306 1390 5358 Sic
1423 5305 1594 5358 homo
1629 5306 1768 5358 dici-

121 5372 196 5420 tur
217 5372 492 5438 ingenuus,
522 5391 648 5428 cum
682 5391 712 5427 a
743 5376 930 5444 primo
963 5382 1110 5441 ortu,
1138 5376 1294 5429 nullo
1323 5377 1769 5445 servitutisjugo

126 5452 318 5516 pressus
349 5446 491 5499 liber
522 5453 619 5499 est.
654 5445 926 5499 Similiter
958 5463 1094 5514 ergo
1141 5463 1271 5512 ager
1315 5449 1408 5500 ille
1443 5448 1553 5500 diei
1587 5455 1773 5516 potest

126 5523 352 5586 mgenuus
383 5517 476 5584 qui
521 5518 692 5570 nullis
743 5518 951 5586 plantis
987 5519 1236 5570 consitus
1280 5520 1355 5571 sic
1403 5519 1544 5571 liber
1575 5525 1678 5580 est,
1714 5523 1772 5570 ut

128 5581 181 5632 ad
226 5581 508 5659 quodlibet
553 5581 756 5641 semen.
795 5589 1232 5659 concipiendum
1273 5591 1530 5643 videatur
1575 5595 1768 5658 aptus;

131 5657 579 5729 quemadmodum
613 5677 644 5712 a
673 5660 860 5729 primo
897 5657 1026 5713 ortu
1071 5660 1245 5714 fuisse
1291 5657 1651 5714 crediderim.
1684 5660 1773 5714 Sic

134 5724 262 5792 gula,
296 5745 460 5802 quam
493 5731 629 5802 nulli
668 5724 898 5800 sapores
945 5739 1506 5802 praeoccupaverunt,
1539 5736 1773 5800 ingenua

134 5803 334 5852 vocatur
362 5800 597 5855 Martiali
636 5802 826 5874 Epigr.
851 5803 888 5856 l.
920 5800 991 5869 vi,
1024 5819 1113 5873 ep.
1153 5800 1237 5858 tl“.

2013 2013 2131 2060 Non
2160 2011 2338 2060 minus
2363 2010 2596 2073 ingenua
2623 2013 2703 2058 est
2727 2012 2779 2058 et
2799 2007 2948 2066 mihi,
2973 2007 3167 2068 Marce,
3189 2010 3331 2072 gula.

1960 2095 2013 2145 2.
2049 2092 2270 2146 Liberat
2317 2089 2494 2162 arvg.]
2554 2092 2784 2156 Arvum,
2842 2089 3033 2160 inquit
3081 2091 3298 2158 Festus,
3353 2089 3585 2146 dicimus

1892 2179 2087 2232 agrum
2115 2163 2355 2217 nondum
2395 2149 2574 2215 satum
2605 2179 2618 2216 :
2661 2162 2720 2215 in
2750 2149 2888 2231 agro
2920 2149 3114 2214 autem
3158 2149 3416 2215 nondum
3462 2167 3586 2218 sato

1891 2235 2046 2290 nasci
2086 2235 2269 2288 solent
2298 2233 2440 2300 ﬁlix,
2486 2233 2616 2288 rubi
2648 2239 2703 2287 et
2749 2232 3000 2297 frutices,
3051 2233 3115 2286 de
3149 2233 3204 2286 la
3224 2234 3469 2301 fouge’re,
3496 2233 3589 2288 des

1891 2321 2074 2361 ronces
2105 2311 2154 2360 et
2186 2311 2352 2360 toutes
2383 2309 2551 2360 sortes
2591 2305 2656 2358 de
2697 2305 3072 2371 broussa-illes;
3107 2319 3235 2375 quae
3277 2309 3584 2376 propterea

1890 2377 2200 2433 resecanda
2231 2381 2385 2431 sunt.

1962 2451 2014 2502 4.
2056 2451 2121 2503 Ut
2150 2464 2288 2502 nova
2314 2450 2475 2515 fruge
2521 2448 2706 2514 gravis
2751 2447 2903 2504 Ceres
2947 2450 3051 2503 eat.
3091 2448 3158 2502 Ut
3205 2451 3352 2502 terra
3395 2449 3470 2502 sit
3484 2447 3583 2516 fe-

1891 2521 2087 2576 cunda.
2119 2522 2285 2574 Ceres
2321 2519 2474 2574 enim
2506 2524 2657 2572 terra
2688 2522 2790 2583 est,
2826 2518 3002 2588 quod,
3044 2523 3105 2572 ut
3133 2535 3334 2574 omnes
3371 2519 3578 2589 sciunt,

1891 2591 2124 2663 frugum
2161 2591 2447 2645 inventrix
2479 2590 2722 2644 habetur
2767 2594 2822 2644 et
2850 2590 3063 2644 nutrix.
3127 2591 3274 2662 Virg.
3301 2608 3319 2645 ι
3351 2592 3578 2662 Georg.,

1892 2679 1942 2718 v.
1976 2666 2070 2718 147
2109 2679 2120 2716 :

2019 2752 2192 2800 Prima
2220 2751 2374 2799 Ceres
2403 2749 2540 2799 ferro
2571 2749 2820 2798 mortales
2850 2753 3054 2799 vertere
3084 2753 3278 2799 terram

2017 2813 2269 2869 Instituit,
2296 2827 2415 2861 cum
2441 2813 2550 2874 jam
2582 2811 2800 2875 glandes
2831 2815 2987 2875 atque
3017 2813 3205 2862 arbuta
3230 2825 3393 2861 sacrae

2015 2876 2307 2925 Deﬁcerent
2327 2875 2491 2931 silvas,
2521 2879 2572 2923 et
2591 2874 2791 2922 Victum
2820 2874 3040 2922 Dodona
3068 2878 3301 2937 negaret.

2050 2959 2266 3011 Dulcior
2309 2960 2385 3009 est
2427 2957 2616 3024 apium
2662 2971 2815 3021 mage
2841 2953 3056 3027 labora]
3095 2955 3162 3027 Il.
3218 2953 3580 3026 Philosophia

1891 3029 2072 3082 utitur
2101 3028 2363 3097 exemplo
2405 3027 2598 3097 palati,
2630 3026 3068 3097 autcujuslibet
3115 3026 3350 3079 alterius
3377 3031 3577 3096 gustus

1815 3083 1854 3138 ί)
1885 3099 2108 3170 organi,
2140 3099 2232 3152 cui
2269 3083 2448 3170 dulce
2484 3113 2551 3170 eo
2587 3083 2786 3170 'magis
2829 3083 3062 3170 arridet,
3113 3097 3267 3170 quod
3313 3083 3576 3170 amarum

1886 3168 2198 3242 gustaverit
2230 3186 2243 3242 ς
2284 3173 2348 3222 ut
2399 3168 3012 3242 nimirumisignilicet,
3048 3168 3346 3242 veritatem
3377 3169 3571 3239 fugato

1885 3239 2076 3295 errore
2123 3240 2246 3294 ﬁeri
2286 3240 2617 3310 gratiorem.
2665 3239 2761 3293 Hic
2811 3245 3002 3293 autem
3062 3239 3212 3293 labor
3255 3244 3442 3308 apium
3491 3247 3577 3294 est

1883 3314 1996 3366 mel
2029 3329 2040 3366 :
2079 3328 2214 3382 apes
2243 3311 2396 3364 enim
2430 3311 2710 3382 liquentia
2739 3310 2910 3364 mella
2934 3311 3166 3382 stipant,
3194 3317 3423 3382 auctore
3454 3312 3572 3365 Vir-

1884 3384 2040 3456 gilio.
2105 3385 2248 3456 Non,
2282 3383 2455 3456 modo
2497 3381 2711 3456 dicitur
2759 3397 2954 3456 apum;
3004 3381 3098 3435 sed
3163 3381 3335 3436 etiam
3385 3385 3574 3456 apium

1885 3453 2349 3527 quandoquidem
2384 3453 2526 3507 illud
2559 3458 2644 3527 est
2677 3469 2743 3506 ex
2778 3454 3282 3527 hoc_contractum
3315 3471 3326 3507 :
3356 3454 3440 3527 isic
3484 3455 3570 3509 di-

1883 3524 2029 3580 citur
2079 3527 2378 3592 Quiritium
2431 3529 2488 3578 et
2539 3525 2843 3590 Quiritum;
2893 3524 3305 3594 loquentiumlet
3349 3526 3578 3594 loquen-

1887 3603 2017 3652 tum.
2039 3598 2145 3652 Sed
2173 3598 2334 3650 labor
2349 3611 2505 3664 mage
2526 3597 2734 3650 dulcior
2753 3595 2961 3650 modus
2983 3600 3067 3668 est
3087 3596 3380 3668 loquendi,
3401 3613 3573 3668 quem

1883 3669 2240 3739 grammatici
2287 3672 2494 3721 vocant
2546 3669 2913 3736 pleonasmum
2960 3683 2972 3720 :
3011 3667 3089 3720 sic
3142 3669 3375 3721 Plautus
3418 3667 3576 3724 dixit

1883 3743 2058 3806 magis
2086 3741 2316 3807 majores
2358 3753 2533 3805 nugas
2565 3755 2740 3806 agere.

1957 3816 2006 3864 6.
2040 3813 2097 3866 Si
2119 3813 2294 3863 malus
2320 3825 2416 3880 ora
2440 3812 2599 3880 prius
2625 3825 2788 3878 sapor
2805 3809 2969 3879 edat]
2992 3809 3191 3864 Forma
3214 3811 3571 3880 elocutionis,

1889 3899 2026 3954 quas
2059 3882 2264 3934 Graecis
2297 3879 2565 3954 ὑπᾳλλᾳγὴ
2600 3885 2875 3954 vocatur_:
2907 3897 3020 3954 qua
3047 3887 3279 3954 propter
3309 3887 3570 3937 mutuam

1886 3952 2154 4026 partium»
2177 3952 2674 4026 necessitudinem,
2708 3952 2858 4026 quod
2894 3953 2963 4026 de
2995 3969 3110 4026 una
3149 3953 3260 4026 dici
3307 3955 3480 4026 solet,
3513 3954 3572 4010 id

1887 4023 2196 4095 aliquando
2232 4024 2300 4076 de
2329 4023 2508 4076 altera
2543 4026 2770 4092 quoque
2797 4023 3022 4095 dicitur.
3043 4024 3132 4077 Sic
3148 4025 3418 4094 Virgilius
3434 4025 3573 4079 dixit

1889 4093 2019 4150 dare
2049 4095 2310 4149 classibus
2340 4098 2554 4148 austros
2589 4109 2600 4146 :
2627 4095 2770 4146 alius
2791 4093 2976 4147 dicere
2997 4093 3271 4164 potuisset
3293 4095 3423 4148 dare
3442 4097 3571 4150 clas-

1887 4183 1968 4223 ses
1996 4169 2221 4220 austris.
2251 4168 2327 4219 Ea
2352 4169 2544 4219 autem
2576 4170 2660 4218 est
2691 4166 3112 4236 intersaporem
3135 4171 3190 4219 et
3215 4183 3313 4219 ora
3330 4167 3572 4219 necessi-

1887 4240 2046 4302 tudo,
2080 4243 2160 4304 ut,
2197 4239 2529 4306 sicutsapor
2553 4241 2744 4306 partes
2780 4236 2892 4288 oris
2925 4242 3248 4306 penetrans,
3276 4238 3375 4290 has
3395 4236 3568 4292 veluti

1890 4310 2156 4380 partitur,
2191 4309 2269 4361 ita
2299 4308 2511 4362 emdem
2546 4307 2661 4380 oris
2691 4313 2885 4380 partes
2913 4323 3172 4380 saporem
3203 4309 3569 4380 admittentes

1811 4376 1852 4428 Ι)
1882 4376 2034 4436 hunc
2073 4381 2330 4434 dividant
2364 4397 2375 4432 :
2412 4381 2496 4432 vel
2537 4379 2621 4449 (ut
2665 4376 2793 4432 eum
2836 4379 3192 4449 philosophis
3244 4379 3484 4448 loquar),
3520 4379 3564 4432 si

1880 4469 2094 4521 organa
2124 4458 2322 4518 gustus
2354 4451 2754 4504 modilicentur
2789 4450 2858 4502 ab
2900 4451 3062 4514 escis,
3097 4452 3176 4503 sic
3206 4467 3343 4503 escae
3374 4451 3442 4502 ab
3474 4467 3564 4503 or-

1877 4525 2040 4594 ganis
2061 4529 2260 4591 gustus
2287 4522 2705 4576 modiﬁcentur.
2727 4521 2954 4594 Optime
2976 4522 3205 4594 tandem
3223 4528 3351 4592 post
3373 4538 3567 4576 amara

1880 4593 1990 4648 inet
2021 4595 2229 4648 dicitur
2258 4595 2479 4647 dulcius
2519 4611 2530 4647 :
2567 4593 3054 4663 quemadmodum
3087 4593 3146 4646 in
3181 4594 3394 4647 musica
3424 4609 3565 4647 con—

1877 4666 2071 4720 cordia
2104 4666 2332 4718 brevem
2356 4665 2697 4718 discordiam
2725 4664 3009 4734 excipiens
3050 4664 3275 4718 videtur
3317 4664 3563 4719 suavior:

1879 4738 2029 4808 quod
2065 4737 2337 4790 nimirum
2392 4737 2616 4805 ingrato
2673 4737 2770 4789 illo
2815 4741 2971 4808 motu
3005 4736 3298 4806 quoddam
3348 4753 3564 4806 organo

1877 4807 2149 4862 sensifero
2199 4809 2496 4877 inlligatur
2551 4808 2775 4872 vulnus,
2827 4807 2980 4878 quod
3035 4808 3348 4878 excipiente
3403 4813 3565 4879 grato

1878 4881 1991 4934 alio
2025 4885 2186 4932 motu
2211 4884 2529 4949 reparatur.

1951 4957 2001 5006 7.
2042 4947 2448 5004 Gratius'astra
2477 4953 2670 5013 nitent,
2705 4947 2836 5020 etc.j
2870 4950 2962 5003 Ill.
2998 4949 3366 5020 Philosophia
3387 4951 3566 5004 utitur

1879 5023 2140 5092 exemplo
2156 5023 2322 5087 aeris,
2339 5026 2618 5092 quatenus
2632 5020 2721 5072 hic
2735 5021 3048 5074 contrarias
3063 5022 3207 5078 vices
3218 5020 3457 5092 duplicis
3475 5039 3567 5092 ge-

1880 5095 2034 5148 neris
2047 5091 2279 5147 alternis
2292 5093 2462 5146 subit.
2481 5091 2735 5144 Primum
2756 5091 2996 5164 quidem
3011 5091 3559 5164 quatenus’pluviam

1879 5165 2090 5232 excipit
2122 5170 2350 5232 tempus
2377 5179 2643 5236 serenum
2669 5179 2680 5216 :
2715 5162 2813 5215 ubi
2844 5170 3019 5236 notus,
3057 5165 3208 5219 idem
3230 5162 3328 5236 qui
3351 5170 3562 5236 auster,

1879 5243 2080 5290 ventus
2120 5242 2203 5289 est
2235 5253 2267 5288 a
2298 5233 2537 5306 meridie
2578 5236 2744 5297 tlans,
2771 5235 2868 5304 qui
2904 5237 3060 5304 quod
3089 5233 3260 5306 cogat
3288 5236 3467 5289 nubes
3502 5235 3562 5287 in

1880 5324 2085 5377 aquam
2121 5307 2395 5371 abituras,
2430 5305 2636 5358 idcirco
2668 5306 2979 5370 imbriferos
3011 5308 3126 5361 sive
3159 5305 3379 5377 pluvios
3407 5321 3563 5359 sonos

1880 5379 2086 5432 dicitur
2135 5378 2416 5430 emittere.
2467 5377 2640 5446 Atqui
2686 5377 2835 5446 quod
2871 5378 3104 5431 cadente
3147 5378 3338 5448 pluvia
3367 5377 3563 5430 lumen

1882 5451 2246 5519 impeditum,
2277 5449 2348 5502 sit
2380 5448 2568 5501 minus
2611 5449 2780 5517 idque
2815 5447 3158 5517 interruptis
3188 5447 3402 5501 vicibus
3429 5464 3564 5502 ocu-

1884 5523 1963 5573 los
1989 5520 2216 5582 feriens,
2247 5519 2494 5572 nativam
2528 5520 2824 5572 oculorum
2852 5522 3186 5588 temperiem
3216 5519 3442 5584 turbet;
3477 5520 3563 5575 id-

1881 5594 2028 5645 circo
2091 5594 2281 5644 lumen
2325 5598 2640 5645 cessantem
2699 5598 2899 5644 notum
2943 5591 3228 5662 excipiens
3279 5591 3566 5646 turbatam

1883 5665 2178 5716 oculorum
2211 5663 2665 5732 complexionem
2702 5662 2779 5714 sic
2806 5669 3052 5732 reparat,
3087 5669 3149 5716 ut
3185 5662 3341 5718 idem
3375 5665 3568 5719 lumen

1885 5735 2100 5804 gratius
2134 5733 2408 5788 videatur.
2428 5735 2640 5789 Deinde
2659 5737 2942 5802 quatenus
2963 5735 3082 5788 dies
3096 5736 3347 5790 succedit
3368 5742 3517 5790 nocti
3547 5751 3560 5787 :

1886 5804 1980 5860 ubi
2011 5807 2235 5872 Lucifer
2265 5810 2350 5860 est
2376 5806 2538 5861 stella
2577 5804 2876 5873 matutina,
2910 5821 3039 5877 qua).
3074 5811 3307 5862 vocatur
3358 5810 3561 5860 Venus.
