3972 6172
385 260 502 314 723
1731 260 1845 313 ΑΝ.
1889 258 2102 313 MANL.

405 394 468 448 ιο
542 389 786 447 Pulchra
810 389 931 444 dies
955 405 1146 444 roseos
1175 389 1292 460 agit
1322 405 1518 461 equos.

554 493 578 536 I
599 487 695 535 75
736 481 819 534 Tu
849 496 1079 551 quoque
1110 479 1252 532 falsa
1282 483 1449 533 tuens
1481 479 1630 534 bona
1663 480 1840 550 prius,

539 569 733 641 Incipe
764 569 908 624 colla
929 569 1072 640 jugo
1101 569 1395 622 retrahere
1419 585 1432 636 ;

541 660 684 714 Vera
713 658 920 712 dehinc
957 657 1225 712 animum
1257 657 1555 711 subierint.

994 771 1026 818 l
1044 770 1139 819 76
1168 765 1396 820 PROSA
1429 766 1492 818 ll.

398 877 850 930 Anccuanrun.
891 900 958 912 —
993 873 1364 941 Philosophia,
1402 875 1688 941 prOposila
1727 875 1924 927 summi
1969 873 2093 926 boni

468 948 700 1010 notione,
770 943 1005 997 ostendit
1061 946 1360 1011 generatim
1415 944 1651 998 homines
1689 945 1908 998 cuilibet
1962 944 2092 998 bono

469 1020 646 1070 creato
675 1016 828 1069 unice
852 1015 1126 1068 studentes
1161 1016 1310 1079 falsa
1343 1017 1710 1084 assumptione
1751 1015 1945 1084 decipi.

466 1107 607 1158 Tum
651 1105 666 1138 ¹
723 1103 909 1158 deﬁxo
959 1103 1257 1174 paululum
1314 1103 1460 1170 visu,
1522 1108 1579 1156 et
1609 1105 1766 1158 velut
1793 1106 1814 1138 ²
1848 1103 1906 1156 in
1938 1114 1962 1138 ιι
1989 1120 2088 1156 au-

397 1197 624 1265 gustant
651 1208 767 1246 suae
799 1191 1006 1246 mentis
1024 1191 1214 1245 sedem
1237 1196 1485 1262 recepta,
1520 1192 1601 1245 sic
1627 1191 1831 1261 coepit:
1858 1195 1878 1226 ⁸
1895 1191 2092 1245 Omnis

396 1281 727 1337 mortalium
759 1295 894 1333 cura
927 1296 1100 1351 quam
1139 1279 1548 1349 multiplicium
1581 1281 1900 1335 studiorum
1933 1281 2091 1334 labor

399 1374 645 1440 exercet,
679 1368 901 1424 diverso
923 1369 1157 1440 quidem
1179 1396 1202 1430 ι,
1223 1371 1360 1424 calle
1380 1370 1656 1441 procedit,
1691 1370 1785 1424 sed
1817 1371 1884 1424 ad
1908 1386 2089 1430 unum

2144 258 2292 314 SEV.
2337 256 2562 313 BOETII

2128 393 2172 442 Λ
2202 394 2394 444 tamen
2433 387 2802 442 beatitudinis
2847 389 3021 441 linem
3051 387 3250 441 nititur
3290 390 3584 458 pervenire.
3615 396 3630 425 ‘
3659 393 3706 445 ld
3733 411 3809 446 au-

2206 484 2322 532 tem
2365 478 2439 549 (5)
2484 484 2567 531 est
2607 479 2816 532 bonum
2869 494 2985 548 quo
3024 477 3151 547 quis
3194 477 3393 547 adepto
3450 478 3576 532 nihil
3622 482 3812 535 ulterius

2205 568 2529 622 desiderare
2552 573 2742 638 queat.
2765 568 2925 631 Quod
2953 567 3184 636 quidem
3206 572 3289 619 est
3310 568 3551 621 omnium
3578 585 3816 626 summum

2205 657 2506 723 bonorum,
2537 660 2851 726 cunctaque
2878 656 3026 708 intra
3057 672 3115 708 se
3159 656 3308 708 bona
3336 659 3638 711 continens:
3680 662 3755 712 cui
3785 662 3818 712 si

2205 746 2344 815 quid
2374 759 2397 787 ο
2452 745 2688 812 abforet,
2741 761 3029 798 summum
3063 761 3182 797 esse
3217 761 3333 798 non
3361 751 3558 815 posset.
3591 751 3819 816 quoniam

2202 834 2625 906 relinqueretur
2673 835 3023 887 extrinsecus
3067 835 3223 904 quod
3275 840 3460 903 posset
3505 837 3686 902 optari.
3748 838 3822 890 Li-

2203 928 2341 994 quet
2397 922 2423 958 ἀ
2476 923 2652 993 igitur
2704 940 2822 976 esse
2885 923 3299 977 beatitudinem
3343 927 3540 976 statum
3591 925 3823 979 bonorum

2200 1012 2460 1067 omnium
2528 1012 2976 1084 congregatione
3034 1013 3370 1082 perfectum.
3429 1019 3556 1066 I77
3607 1012 3627 1045 ⁵
3683 1016 3822 1074 Hunc,

2203 1103 2286 1156 uti
2315 1104 2581 1169 diximus,
2629 1113 2647 1136 ο
2684 1104 2905 1157 diverso
2949 1102 3176 1155 tramite
3227 1104 3487 1155 mortales
3538 1119 3711 1155 omnes
3753 1121 3824 1156 co-

2201 1197 2411 1247 nantur
2437 1193 2694 1262 adipisci.
2720 1191 2743 1225 5
2775 1193 2871 1245 Est
2915 1193 3066 1245 enim
3119 1193 3404 1245 mentibus
3434 1192 3709 1244 hominum
3737 1193 3825 1244 veri

2198 1282 2333 1337 boni
2369 1282 2707 1335 naturaliter
2737 1279 2756 1317 ί
2789 1282 2999 1336 inserta
3049 1281 3348 1352 cupiditas,
3381 1281 3473 1334 sed
3517 1282 3535 1314 τ
3557 1280 3621 1332 ad
3667 1281 3824 1334 falsas

2201 1369 2397 1424 devius
2419 1385 2580 1424 error
2596 1369 2839 1423 abducit.
2873 1369 2897 1402 ⁸
2927 1369 3181 1433 Quorum
3217 1369 3448 1440 quidem
3478 1369 3568 1420 alii
3591 1385 3826 1422 summum

3725 266 3803 316 724

1852 1478 2437 1534 INTERPRETATIO.

400 1584 433 1622 ο
466 1566 649 1622 Boetii
681 1569 778 1637 qui
807 1569 972 1621 antea
1001 1569 1182 1621 animo
1213 1567 1530 1621 attendebas
1558 1567 1632 1621 ad
1657 1567 1792 1622 bona
1815 1571 2092 1632 ementita,

398 1641 634 1709 incipias
653 1638 885 1692 tandem
909 1638 1207 1692 subducere
1229 1642 1468 1692 animum
1485 1639 1552 1693 ab
1582 1655 1760 1694 eorum
1776 1640 2087 1706 tyrannide,

399 1716 516 1766 tum
543 1725 674 1765 vera
697 1711 834 1764 bona
850 1710 1136 1764 intrabunt
1155 1711 1357 1764 saltem
1388 1711 1619 1764 notione
1651 1717 1877 1766 mentem
1909 1715 2089 1763 tuam.

471 1791 497 1817 ⁸
532 1783 777 1850 Regiam.

473 1879 498 1915 ι,
536 1856 764 1908 Diversa
795 1852 1013 1922 quidem
1052 1855 1159 1906 via.

2277 1577 2297 1601 θ
2339 1567 2582 1622 Abesset.

2273 1639 2299 1682 ἀ
2338 1641 2515 1694 Patet.

2277 1736 2299 1764 ο
2343 1711 2528 1764 Variis
2560 1708 2753 1763 modis.

2278 1782 2297 1824 τ
2333 1782 2533 1835 Insita.

2277 1863 2306 1906 ε
2344 1853 2642 1906 Aberrans.

2135 1677 2174 1728 Β

2051 1951 2268 2008 ΝΟΤᾸΞ.

403 2051 606 2105 Intima
653 2053 729 2104 est
780 2051 1019 2118 quinque
1057 2051 1381 2112 errantium,
1429 2048 1618 2120 inquit
1660 2049 1773 2103 Cic.
1808 2066 1844 2102 ιι
1872 2049 1942 2104 de
1969 2050 2090 2103 Nat.

405 2121 586 2176 deor..
631 2124 889 2189 terraeque
930 2124 1195 2190 proxima
1233 2121 1390 2175 stella
1431 2123 1671 2188 Veneris,
1719 2137 1836 2186 qua
1875 2126 2093 2191 Φωσφό-

405 2211 492 2266 ρος
541 2191 737 2254 Graece,
779 2193 1001 2258 Lucifer
1038 2193 1232 2266 Latine
1279 2192 1484 2246 dicitur
1523 2209 1642 2246 cum
1686 2193 2098 2266 antegrediatur

402 2263 587 2329 Solem,
619 2279 741 2318 cum
771 2268 950 2317 autem
981 2263 1349 2332 subsequitur,
1396 2266 1686 2333 HeSperus.
1736 2265 1930 2334 Virgil.
1991 2265 2093 2317 ecl.

410 2351 543 2400 vui,
576 2351 629 2387 v.
672 2337 732 2388 l7
769 2350 780 2387 :
815 2336 1066 2400 Nascere,
1095 2351 1316 2404 praeque
1345 2333 1486 2389 diem
1506 2339 1720 2389 veniens
1751 2333 1857 2403 age
1879 2334 2099 2400 Lucifer

407 2407 631 2462 almum.
675 2405 772 2460 Sol
814 2421 986 2475 porro
1019 2405 1133 2459 diei
1184 2422 1410 2475 parens,
1461 2406 1646 2474 poetis
1683 2406 1922 2476 ﬁngitur
1967 2405 2098 2460 vehi

408 2476 704 2549 quadrigis
724 2477 920 2549 equis,
952 2493 1094 2547 quos
1128 2477 1272 2545 dies,
1297 2483 1500 2548 utpote
1530 2477 1706 2530 solem
1734 2477 2098 2546 antecedens,

408 2547 562 2604 nunc
596 2547 835 2619 ﬁngitur
861 2547 1085 2601 ducere.

483 2622 568 2679 ll.
605 2617 945 2688 Tu'quoque.
1001 2619 1132 2682 Quae
1163 2635 1291 2672 cum
1324 2617 1400 2672 ita
1428 2635 1484 2673 se
1503 2619 1768 2686 habeant,
1806 2635 1934 2672 cum
1966 2635 2101 2673 arva

409 2707 526 2746 non
548 2695 813 2746 serantur
853 2689 1054 2744 uberes
1084 2691 1301 2744 fructus
1339 2691 1601 2758 allatura,
1640 2691 1747 2744 nisi
1782 2691 1942 2761 prius
1979 2691 2098 2744 fru-

410 2762 618 2816 ticibus
650 2761 890 2827 avulsis;
923 2777 1052 2816 cum
1085 2762 1197 2815 mel
1248 2767 1376 2831 post
1426 2776 1689 2832 saporem
1724 2778 1984 2816 amarum
2029 2762 2104 2814 sit

412 2832 666 2897 dulcius;
727 2848 857 2904 cum
913 2833 1100 2886 sidera
1151 2832 1504 2886 cessantibus
1546 2834 1728 2886 ventis
1777 2833 2100 2904 pluviisque

404 2903 724 2975 jucundius
753 2903 1042 2973 fulgeant;
1073 2920 1200 2956 cum
1257 2905 1502 2974 denique
1533 2904 1654 2958 dies
1703 2903 1816 2958 non
1859 2905 2098 2968 oriatur,

411 2974 521 3030 nisi
551 2974 760 3045 fugatis
801 2975 1079 3041 tenebris;
1124 2981 1425 3045 propterea
1453 2981 1532 3040 tu,
1571 2992 1601 3029 o
1634 2976 1812 3044 Boeti,
1846 2992 1957 3028 non
1994 2976 2102 3028 nisi

412 3046 684 3117 depositis
716 3046 1067 3116 praejudiciis
1107 3047 1326 3116 assequi
1365 3047 1578 3116 poteris
1609 3047 1678 3099 de
1712 3047 1862 3100 bono
1901 3047 2103 3100 verita-

415 3122 531 3172 tem
565 3133 577 3170 :
613 3118 707 3170 sed
739 3117 858 3170 haec
898 3134 965 3171 eo
997 3117 1103 3171 tibi
1130 3117 1344 3186 gratior
1373 3119 1500 3180 erit,
1534 3119 1685 3188 quod
1718 3135 1973 3171 errorem
2006 3135 2100 3171 ex-
2142 3119 2181 3174 C

415 3188 589 3259 cipiat
620 3203 632 3240 :
667 3205 804 3258 ergo

494 3281 572 3331 l2.
622 3279 814 3358 Incipe
869 3278 1005 3334 colla
1061 3277 1193 3347 jugo
1235 3276 1565 3358 retrahere.]_
1604 3280 1672 3332 Ut
1704 3277 2104 3358 corporis,_sic

417 3349 587 3404 etiam
637 3347 843 3402 mentis
891 3364 1156 3419 quaenam
1197 3354 1282 3401 est
1339 3347 1638 3419 captivitas
1681 3367 1692 3403 :
1743 3349 1839 3403 sed
1881 3349 1940 3403 in
1998 3349 2105 3404 hoc

417 3435 577 3475 mens
614 3419 804 3474 differt
855 3436 887 3472 a
928 3435 1186 3489 corpore,
1238 3421 1386 3490 quod
1439 3437 1642 3490 corpus
1698 3421 1894 3488 possit,
1944 3437 2104 3474 mens

418 3507 550 3546 vero
575 3507 694 3545 non
717 3491 915 3560 possit,
951 3491 1127 3543 invito
1160 3491 1413 3556 homine,
1434 3493 1594 3560 cujus
1625 3500 1728 3556 est,
1759 3491 2105 3560 quibusdam

416 3562 657 3617 vinculis
696 3561 935 3616 detineri
969 3577 980 3614 :
1025 3566 1329 3632 propterea
1361 3578 1472 3614 non
1511 3563 1612 3614 abs
1645 3579 1701 3615 re
1736 3562 2106 3632 Philosophia

416 3634 677 3689 hortatur
718 3633 1002 3698 Boetium,
1049 3638 1108 3686 ut
1161 3635 1391 3702 incipiat
1440 3634 1574 3687 colla
1614 3635 1750 3703 jugo
1781 3635 2100 3688 retrahere:

415 3707 626 3774 Jugum
661 3705 812 3757 enim
848 3704 988 3758 illud
1025 3705 1232 3758 mentis
1259 3709 1360 3758 est.

489 3775 698 3848 Verum
732 3775 968 3848 duobus
1002 3776 1185 3848 modis
1217 3792 1376 3829 mens
1414 3775 1665 3848 humana
1726 3775 1965 3847 intelligi
2009 3793 2105 3848 po-

419 3850 528 3918 test
552 3845 796 3918 vinculis
839 3845 1100 3918 detineri.
1154 3849 1408 3902 Primum
1459 3847 1689 3918 quidem
1722 3845 1944 3902 ratione
2001 3845 2104 3902 no-

422 3916 614 3980 tionis,
647 3920 931 3986 quatenus
951 3917 1073 3969 haec
1097 3918 1336 3972 obscura
1357 3916 1586 3983 estfaut
1612 3919 1874 3984 confusa;
1900 3920 2106 3974 deinde

421 3987 641 4041 ratione
682 4003 797 4040 suae
837 3987 1168 4060 voluntatis,
1196 4000 1492 4060 quatenus
1529 3992 1887 4060 ignoratione
1941 3993 2108 4044 ducta

420 4059 480 4113 in
504 4073 756 4132 errorem
783 4063 882 4132 aut
907 4058 1108 4132 vitium
1138 4058 1364 4115 labitur.
1401 4058 1660 4114 Nondum
1693 4063 1880 4132 agitur
1905 4063 1972 4115 de
2004 4079 2107 4132 po-

420 4129 648 4185 steriori
681 4131 785 4183 hoc
811 4129 1168 4184 vinculorum
1193 4148 1424 4201 genere,
1449 4134 1543 4186 sed
1569 4129 1791 4186 tantum
1817 4133 1884 4186 de
1904 4129 2104 4202 priori.

419 4203 562 4257 Cum
591 4206 780 4255 autem
807 4202 1004 4254 eadem
1029 4218 1186 4255 mens
1217 4203 1294 4256 ita
1321 4204 1393 4256 sit
1420 4203 1704 4272 particeps
1721 4205 2106 4273 cogitationis,

419 4274 542 4328 haec
567 4278 628 4326 ut
658 4277 904 4344 nequeat
944 4274 1070 4328 exui
1103 4274 1361 4337 obscura,
1396 4276 1536 4344 quin
1569 4275 1720 4327 clara
1754 4276 1986 4328 notione
2027 4277 2111 4330 in-

420 4345 656 4408 duatur,
715 4343 1031 4415 [propterea
1101 4343 1469 4415 Philosophia
1540 4362 1692 4398 nunc
1739 4345 1817 4398 ait
1871 4347 1990 4400 fore
2052 4354 2112 4400 ut

422 4432 582 4470 mens
624 4415 824 4482 Boetii,
859 4415 904 4467 si
936 4416 1055 4468 hac
1088 4417 1240 4468 bona
1286 4415 1426 4469 falsa
1459 4416 1682 4470 desinat
1713 4416 1943 4483 intueri,
1978 4435 2107 4472 vera

421 4485 701 4558 inspiciat.

543 4585 618 4631 Tu
650 4598 859 4646 quoque
889 4583 1022 4632 falsa
1050 4587 1204 4632 tuens
1228 4583 1369 4631 bona
1403 4583 1565 4645 prius.

548 4646 682 4694 Vera
710 4646 901 4696 dehinc
928 4646 1166 4695 animum
1197 4646 1474 4696 subierint.

501 4733 514 4765 ¹
551 4735 731 4802 Βθῂωο
769 4733 936 4806 ι·ἰεα.]
971 4735 1123 4789 Sicut
1171 4734 1320 4788 oculi
1353 4734 1462 4787 huc
1507 4733 1755 4805 illucque
1799 4735 1976 4788 voluti
2026 4735 2111 4789 in-

425 4806 803 4876 constantem,
828 4808 906 4860 sic
929 4807 1022 4859 lixi
1069 4811 1423 4860 constantem
1446 4806 1652 4858 mentis
1687 4807 1755 4859 ad
1789 4807 2003 4876 aliquid
2035 4813 2115 4860 at-

427 4873 713 4927 tendentis
743 4877 1154 4945 cogitationem
1187 4877 1530 4944 signiﬁcant.

499 4947 520 4979 ³
549 4945 621 5018 I_n
649 4953 937 5018 augustam
976 4950 1195 5018 sedem]
1231 4949 1391 5014 Quod
1433 4948 1584 5002 enim
1625 4949 1993 5018 Philosophia
2042 4949 2109 5001 sit

428 5014 691 5090 quaedam
720 5017 945 5090 regina,
973 5014 1194 5090 idcirco'
1211 5021 1355 5073 hanc
1377 5021 1540 5075 decet
1565 5026 1801 5086 augusta
1824 5014 1938 5074 sive
1956 5021 2114 5090 regia

428 5087 610 5161 sedes.
647 5087 855 5161 Verum
891 5088 1255 5158 PhiIOSOphia
1309 5091 1488 5144 instar
1520 5092 1845 5161 philosophi
1878 5087 2114 5157 sivefut

426 5159 760 5233 loquuntur,
782 5159 839 5209 in
870 5163 1107 5233 concreto
1125 5162 1477 5233 considerata
1498 5159 1551 5216 et
1577 5159 1812 5233 corpore
1839 5168 1894 5216 et
1925 5168 2114 5217 mente

425 5227 653 5285 videtur
681 5233 959 5305 constare.
993 5227 1254 5305 Quandiu
1299 5239 1487 5286 autem
1533 5227 1693 5288 mens
1726 5250 1962 5305 corpore
2008 5235 2112 5287 ab-

427 5307 610 5372 repta,
642 5317 748 5372 pro
778 5299 949 5373 hujus
981 5300 1266 5373 suasione,
1307 5305 1536 5373 cogitat,
1572 5306 1768 5359 tandiu
1801 5299 1972 5370 errat,
2019 5310 2117 5358 aut

427 5371 626 5427 saltem
651 5371 887 5447 errandi
927 5371 1181 5447 periculo
1233 5371 1632 5447 subest,quod
1663 5377 2112 5447 praecipitatione

427 5444 900 5517 autprasjudicio
931 5443 1186 5517 ducatur.
1231 5443 1611 5517 Quamobrem
1647 5443 1690 5500 si
1722 5443 1882 5502 mens
1918 5448 2114 5517 philo-

426 5515 660 5584 sophica
691 5516 935 5570 voluerit
963 5514 1178 5585 optime
1209 5515 1483 5583 cogitare,
1517 5534 1741 5572 necesse
1773 5525 1854 5573 est
1883 5514 1943 5572 ut
1966 5520 2106 5586 ipsa,

424 5599 662 5663 corpore
711 5588 887 5642 veluti
935 5588 1122 5663 valere
1162 5587 1360 5663 jusso,
1405 5589 1475 5641 ad
1514 5604 1572 5642 se
1607 5591 1819 5657 redeat,
1861 5606 2105 5663 suasque

424 5655 794 5726 cogitationes
825 5658 1099 5714 attentius
1131 5655 1459 5714 meditetur.

2273 2047 2296 2082 ⁸
2335 2051 2518 2105 Omnis
2575 2051 2889 2105 mortalium
2929 2066 3082 2114 cura,
3121 2049 3252 2121 etc.]
3293 2050 3424 2103 Haec
3469 2054 3549 2102 est
3582 2048 3837 2119 propositio

2206 2137 2378 2193 quam
2409 2122 2779 2191 Philosophia
2805 2138 2958 2175 nunc
2981 2121 3838 2193 suscipitprobandam,videlicet

2205 2192 2402 2246 omnes
2430 2193 2692 2247 homines
2727 2194 2794 2248 ad
2840 2193 3251 2247 beatitudinem
3288 2193 3519 2246 tendere
3551 2192 3636 2244 sed
3668 2192 3838 2244 diversa

2207 2267 2318 2330 via,
2372 2265 2524 2336 quod
2560 2269 2619 2318 ut
2671 2270 3034 2336 exsequatur,
3082 2265 3339 2335 primum
3381 2264 3642 2335 proponit
3675 2263 3838 2316 summi

2207 2336 2342 2389 boni
2373 2335 2685 2389 notionem.

2281 2425 2396 2478 ‘Id
2442 2430 2617 2478 autem
2651 2430 2729 2478 est
2778 2423 3012 2490 bonum]
3076 2427 3298 2478 Bonum
3335 2423 3643 2494 generatim
3706 2438 3834 2474 voca-

2209 2500 2302 2549 tur
2333 2497 2473 2549 illud
2501 2497 2652 2566 quod
2685 2496 2850 2550 beare
2882 2497 3143 2549 videtur:
3180 2497 3401 2549 bonum
3433 2499 3636 2566 quippe
3669 2503 3718 2545 ut
3743 2509 3839 2566 cen-

2209 2573 2290 2620 set
2339 2565 2632 2636 Ulpianus,
2667 2584 2699 2620 a
2739 2567 2942 2620 boando
2985 2567 3193 2620 dicitur
3217 2585 3228 2620 :
3255 2569 3408 2620 unde
3435 2565 3643 2635 antiqui
3670 2582 3756 2632 pro
3782 2565 3842 2614 bo-

2209 2653 2310 2692 nus
2368 2639 2560 2691 dixere
2622 2639 2814 2700 bonus;
2849 2655 2910 2691 ex
2959 2655 3071 2708 quo
3123 2638 3178 2690 in
3217 2655 3323 2690 usu
3367 2638 3633 2690 remansit
3679 2638 3778 2688 bene
3803 2639 3841 2684 et

2211 2709 2398 2762 bellus.
2430 2710 2537 2763 Sed
2572 2711 2725 2780 quod
2762 2711 2932 2762 beare
2977 2707 3223 2770 videtur,
3267 2710 3624 2779 philosophis
3651 2707 3841 2775 duplicis

2212 2786 2294 2834 est
2329 2782 2556 2850 generis
2607 2798 2618 2834 :
2652 2798 2835 2834 unum
2877 2781 3087 2834 dicitur
3117 2797 3220 2845 res,
3256 2781 3503 2833 alterum
3531 2787 3737 2831 vocatur
3763 2792 3839 2827 mo-

2211 2852 2310 2905 dus
2338 2869 2349 2904 :
2381 2853 2538 2922 prius
2563 2851 2838 2904 beatitudo
2866 2853 3148 2919 objecti-va,
3185 2853 3470 2922 posterius
3495 2850 3842 2922 beatitudofar-

2210 2920 2602 2976 matis‘iisdem
2633 2925 2951 2992 appellatur
2983 2940 2993 2976 :
3030 2920 3344 2993 utrumque
3379 2923 3468 2977 hic
3490 2923 3675 2976 deﬁnit
3706 2920 3842 2993 Philo:

2213 2994 2437 3062 sophia.
2511 2989 2825 3060 Prius—sic;
2889 2995 3100 3056 bonum,
3155 2989 3264 3060 qui}
3311 3000 3436 3063 quis
3494 2995 3692 3060 adepto,
3742 2989 3843 3063 nitu!

2214 3067 2443 3120 ulterius
2480 3065 2791 3118 deside-rare
2823 3071 3014 3132 queat;
3038 3072 3206 3136 atque
3239 3062 3347 3119 hoc
3378 3067 3515 3119 dicit
3543 3062 3842 3118 summumbo-

2215 3153 2376 3198 num;
2399 3137 2673 3190 nimirum
2701 3137 2756 3188 in
2799 3153 3007 3204 genere
3049 3139 3146 3189 rei.
3191 3139 3483 3190 Posterius
3515 3153 3636 3187 vero
3666 3136 3842 3185 SlCZSizl-

2214 3214 2324 3261 tum
2345 3208 2601 3261 bonorum
2628 3211 2864 3260 omnium
2897 3211 3314 3273 congregatione
3342 3213 3635 3275 perfectum
3667 3223 3678 3258 ε
3709 3213 3750 3256 et
3770 3205 3844 3253 hoc

2212 3285 2374 3332 vocat
2406 3279 2812 3332 beatitudinem.
2851 3279 3034 3340 Prius,
3072 3279 3235 3331 nobis
3275 3280 3490 3331 dieitur
3525 3281 3842 3344 Deus;poste-

2212 3351 2355 3415 rius,
2397 3350 2666 3415 cogitatio
2723 3350 2929 3402 mentis
2991 3351 3102 3402 Deo
3160 3357 3491 3403 constanter
3530 3345 3838 3402 adlia-rentis.

2216 3421 2321 3475 Sed
2345 3421 2411 3474 de
2436 3421 2523 3474 his
2545 3426 2758 3489 postea.

2285 3507 2496 3581 §Hinc_
2521 3509 2732 3561 diverso
2769 3511 2987 3562 tramite
3033 3509 3338 3581 mortales]

2214 3579 2349 3648 phia
2381 3579 2583 3648 probat
2610 3581 2869 3632 homines
2914 3581 3134 3633 diversa
3169 3581 3259 3633 via
3293 3577 3531 3635 tendere
3554 3582 3616 3633 ad
3653 3577 3843 3631 beatitu-

2213 3649 2436 3774 dinem;
2481 3651 2633 3721 quod
2661 3650 2918 3704 innatam
2953 3653 3163 3705 summi
3183 3652 3319 3705 boni
3347 3654 3634 3706 notionem
3652 3650 3848 3715 maleap-

2214 3738 2249 3774 n
2277 3722 2449 3774 icent.

2214 3738 2449 3791 pneent.

2286 3814 2306 3845 ⁶
2337 3814 2435 3865 Est
2490 3812 2629 3884 enim
2661 3811 2928 3864 mentibus
2961 3812 3252 3870 hominum,
3289 3814 3425 3884 etc.]
3480 3815 3544 3868 Ut
3575 3813 3715 3884 enim
3739 3811 3848 3881 Delli

2215 3888 2467 3935 mentem
2499 3883 2810 3934 humanam
2845 3887 3079 3952 propter
3105 3882 3483 3953 semetipsum
3513 3882 3770 3940 condidit;
3795 3891 3850 3953 sic

2217 3953 2400 4006 eidem
2436 3955 2612 4006 menti
2642 3954 2832 4007 statim
2863 3954 2930 4006 ab
2961 3959 3089 4006 ortu
3124 3956 3333 4008 indidit
3365 3973 3481 4008 non
3511 3957 3681 4008 solum
3714 3959 3850 4023 notia

2218 4039 2372 4091 nem,
2410 4023 2507 4078 sed
2531 4027 2702 4078 etiam
2734 4026 3088 4078 voluntatem
3119 4027 3332 4080 summi
3384 4027 3544 4092 boni,
3576 4025 3712 4096 quod
3744 4019 3848 4074 nihil

2219 4100 2301 4147 est
2331 4096 2480 4148 aliud
2516 4112 2686 4165 quam
2720 4097 2840 4164 ipse
2863 4097 3026 4149 Deus.

2289 4193 2308 4224 ⁷
2349 4193 2446 4268 Ad,
2469 4195 2618 4258 falsa
2644 4194 2834 4246 devius
2859 4209 3016 4268 error
3037 4194 3301 4268 abducit]
3333 4195 3595 4268 Quandiu
3619 4208 3758 4268 mens
3781 4189 3852 4240 hu-

2220 4279 2390 4334 mana
2419 4265 2596 4317 Deum
2631 4272 2684 4317 et
2718 4267 3055 4334 magistrum
3091 4265 3270 4330 audit,
3297 4271 3355 4321 et
3390 4267 3590 4320 ducem
3624 4265 3850 4334 sequitur,

2220 4333 2421 4387 tandiu
2455 4342 2509 4388 et
2549 4337 2760 4388 erroris
2815 4331 2868 4388 et
2901 4336 3021 4389 vitii
3062 4341 3144 4388 est
3173 4354 3374 4407 expers
3410 4355 3421 4390 :
3459 4338 3552 4390 sed
3593 4338 3671 4388 vix
3693 4331 3851 4386 eadem

2147 4421 2189 4473 ί)
2227 4421 2386 4477 mens
2416 4407 2720 4460 divinailla
2751 4409 2874 4477 lege
2908 4409 3092 4461 soluta
3131 4413 3231 4467 cst,
3263 4425 3398 4462 cum
3426 4425 3648 4462 consors
3674 4418 3852 4470 corpus,

2225 4476 2493 4546 imperari
2521 4476 2842 4547 impatiens,
2880 4479 2933 4531 in
2964 4479 3084 4548 ipsa
3117 4486 3306 4532 mente.
3337 4482 3524 4549 plures
3557 4479 3736 4530 excitat
3759 4487 3853 4549 per-

2220 4549 2590 4620 turbationes,
2644 4552 2850 4620 quibus
2882 4547 3192 4604 obseuritas
3236 4547 3489 4620 primum
3524 4558 3576 4604 et
3611 4547 3854 4620 confusio:

2223 4619 2427 4671 deinde
2474 4615 2769 4692 multiplex
2820 4638 2978 4674 error
3009 4615 3263 4689 ejusdem
3319 4625 3528 4676 mentis
3557 4623 3746 4692 oritur.
3780 4615 3855 4692 Isle

2225 4695 2415 4763 autem
2439 4707 2598 4744 error
2631 4686 2839 4744 dicitur
2877 4686 3065 4746 devius
3102 4710 3112 4746 :
3157 4709 3272 4745 non
3306 4696 3493 4747 solum
3526 4691 3668 4763 quod
3698 4686 3856 4763 illam

2223 4762 2491 4829 cogitatio
2524 4764 2732 4816 mentis
2767 4781 2798 4815 ει
2827 4779 2956 4815 vera
2982 4765 3277 4831 judicandi
3311 4782 3515 4818 norma
3543 4762 3852 4834 abet-rantis}

2224 4834 2317 4885 sed
2353 4835 2524 4906 etiam
2557 4835 2705 4904 quod
2743 4835 2887 4888 idem
2918 4829 3086 4888 causa
3127 4838 3217 4899 sit,
3257 4853 3359 4888 cur
3389 4829 3855 4906 aiiiietititi,judlt‘ll

2224 4901 2608 4957 antecedentis
2641 4923 2847 4970 comes,
2901 4923 2930 4957 a
2962 4923 3059 4958 sua
3095 4907 3263 4958 etiam
3299 4901 3439 4974 lege'
3459 4901 3671 4960 aberret
3701 4918 3712 4954 :
3759 4901 3855 4974 tunc

2224 4975 2430 5027 dicitur
2468 4977 2729 5029 abducere
2771 4978 2834 5029 nd
2882 4977 3049 5038 falsa;
3085 4978 3221 5029 falsa
3262 4972 3474 5031 scilicet
3525 4972 3855 5041 assumptione

2227 5051 2288 5096 ut
2327 5048 2438 5113 iam
2477 5048 2832 5116 probandum
2869 5055 2952 5100 est.
2983 5049 3051 5100 de
3081 5049 3314 5113 divitiis,
3351 5048 3676 5106 honoribus,
3703 5049 3858 5112 polen-

2226 5116 2323 5178 tia,
2354 5119 2533 5187 gloria
2556 5125 2610 5171 et
2641 5120 3049 5189 voluptatibus,
3079 5119 3330 5189 primum
3364 5121 3590 5190 quidem
3624 5123 3855 5169 seorsum.

2223 5194 2421 5258 postea
2455 5196 2776 5259 comparate
2811 5191 3092 5260 spectatis.

2295 5276 2585 5350 titulorum
2631 5281 2848 5346 quidem
2898 5281 3015 5344 alii,
3047 5285 3173 5340 etc;
3215 5282 3252 5333 l.
3303 5280 3504 5350 Agitur
3538 5281 3600 5331 de
3643 5271 3854 5328 divitiis:

2225 5349 2322 5422 qui
2357 5349 2442 5401 his
2482 5351 2724 5409 inhiant,
2767 5351 2842 5404 sic
2873 5352 3262 5422 argumentari
3291 5349 3584 5404 videntur:
3612 5355 3854 5400 summum

2225 5421 2441 5474 bonum
2477 5429 2561 5493 est
2587 5421 2754 5475 nihilo
2791 5423 3030 5487 indigere
3062 5439 3073 5475 :
3105 5440 3230 5493 qua)
3267 5423 3574 5492 propositio
3608 5425 3682 5493 est
3712 5428 3854 5493 f’f‘rlsj

2225 5493 2365 5544 simu
2403 5509 2412 5544 :
2468 5492 2558 5544 sed
2604 5493 2700 5561 qui
2731 5485 2941 5546 divitiis
2997 5485 3278 5559 eilia-unt,-
3306 5485 3388 5548 hi‘
3414 5494 3585 5546 nihilo
3639 5485 3851 5561 indigent

2226 5579 2353 5634 quae
2413 5568 2496 5616 est
2527 5564 2841 5633 assumptio
2883 5565 3185 5618 falsissima

2223 5635 2421 5700 homo,
2453 5651 2518 5688 eo
2553 5634 2817 5704 pluribus
2848 5636 3086 5706 indiget.

3397 3510 3604 3564 Deinde
3653 3507 3844 3558 Philoso-

3235 5582 3245 5618 :
3281 5567 3394 5618 imo
3445 5581 3555 5635 quo
3605 5559 3758 5615 ditior
3793 5559 3854 5605 est
