3982 6182
117 282 198 333 7‘25
1078 272 1171 327 DE
1210 271 1736 331 CONSOLATIONE
1775 273 2258 332 PHILOSOPHI/E
2298 276 2428 331 LIB.
2471 277 2563 331 III.

3471 282 3575 335 726

110 434 206 473 esse
247 417 448 471 bonum
481 411 655 467 nihilo
687 410 945 483 indigere
975 412 1293 481 credentes,
1328 418 1388 467 ut
1417 413 1628 468 divitiis
1662 414 1751 468 af—
1790 415 1835 467 A
1866 421 2221 473 numeratur.
2273 414 2583 487 Reliquum
2628 432 2762 471 vero
2809 418 2895 472 vel
2927 419 3201 489 potentiae
3243 432 3432 486 causa,
3478 418 3568 473 vel

109 510 271 567 ﬂuant,
316 502 389 573 (5)
435 502 759 558 elaborant:
796 503 813 538 ί
864 501 961 555 alii
1009 518 1143 555 vero
1194 502 1434 571 bonum,
1488 503 1643 574 quod
1686 504 1756 558 sit

108 595 464 667 dignissimum
495 590 882 659 veneratione,
930 591 1274 662 judicantes,
1310 591 1531 663 adeptis
1568 593 1751 647 hono-

106 686 244 750 ribus,
269 692 291 718 ³
318 680 610 736 reverendi
668 680 887 735 civibus
928 681 1043 735 suis
1073 697 1196 736 esse
1237 681 1517 736 nituntur.
1557 684 1577 715 ²
1611 683 1752 737 Sunt

106 775 181 846 qui
207 788 480 827 summum
505 771 717 825 bonum
750 770 810 824 in
841 787 1067 827 summa
1095 771 1356 843 potentia
1387 788 1507 826 esse
1546 772 1753 826 consti-

104 868 263 918 tuant:
294 861 348 915 hi
396 861 483 914 vel
522 876 762 931 regnare
814 860 925 930 ipsi
964 862 1183 929 volunt,
1244 861 1332 915 vel
1380 862 1753 933 regnantibus

104 954 347 1007 adherere
425 954 725 1005 conantur.
780 956 945 1005 I78.
988 956 1009 986 ³
1082 954 1153 1006 At
1206 951 1416 1023 quibus
1467 952 1753 1022 optimum

104 1042 330 1114 quiddam
363 1039 588 1094 claritas
618 1039 883 1107 videtur;
924 1039 983 1094 hi
1025 1041 1113 1095 vel
1155 1041 1310 1107 belli,
1349 1042 1437 1095 vel
1470 1041 1624 1112 pacis
1657 1058 1753 1095 ar-

102 1134 220 1189 tibus
263 1129 573 1201 gloriosum
620 1145 833 1184 nomen
871 1146 1195 1201 propagare
1238 1130 1529 1185 festinant.
1566 1122 1586 1167 λ
1618 1133 1753 1186 Plu-

103 1222 202 1276 rimi
244 1236 367 1273 vero
417 1218 553 1273 boni
594 1218 843 1273 fructum
890 1220 1124 1289 gaudio,
1164 1220 1479 1291 laetitiaque
1513 1221 1755 1275 metiun-

103 1317 193 1364 tur:
250 1308 303 1362 hi
366 1308 758 1361 felicissimum
832 1314 1037 1378 putant
1107 1309 1396 1377 voluptate
1455 1310 1742 1377 diftluere,

102 1398 464 1464 5Suntetiam,
514 1397 614 1468 qui
642 1396 852 1451 horum
882 1398 1070 1465 tineis,
1112 1414 1425 1469 causasque
1474 1400 1751 1453 alterutro

98 1489 556 1559 {Slbpermutantz
607 1491 689 1553 ut,
744 1486 843 1557 qui
900 1486 1125 1541 divitias
1165 1487 1237 1541 ob
1286 1489 1630 1557 potentiam,
1663 1503 1752 1541 vo-

98 1581 405 1648 luptatesque
446 1576 811 1643 desiderant;
846 1578 932 1631 vel
983 1577 1083 1648 qui
1129 1577 1440 1648 potentiam
1499 1594 1601 1632 seu
1648 1593 1749 1647 pe-

99 1668 240 1723 cunia:
265 1682 445 1734 causa,
481 1682 585 1720 seu
613 1666 942 1736 proferendi
970 1667 1223 1721 nominis
1252 1671 1473 1737 petunt.
1509 1670 1529 1702 ο
1550 1669 1610 1721 ln
1659 1666 1749 1720 his

100 1756 235 1825 igitur
261 1755 590 1825 ueterisque
634 1756 844 1809 talibus
882 1757 1271 1809 humanorum
1304 1762 1554 1821 actuum,
1590 1760 1746 1810 voto-

100 1860 295 1915 rumque
322 1849 582 1897 versatur
610 1853 631 1879 θ
661 1844 942 1912 intentio;
985 1845 1161 1898 veluti
1211 1846 1505 1912 nobilitas,
1554 1845 1749 1898 favor-

103 1950 181 2004 que
202 1934 491 2003 popularis,
522 1950 655 2005 quae
689 1934 954 1989 videntur
982 1934 1292 2006 quamdam
1344 1934 1746 1989 claritudinem

103 2038 414 2093 comparare;
440 2039 592 2077 uxor
622 2039 683 2077 ac
712 2023 904 2093 liberi,
938 2024 1037 2095 qui
1064 2026 1176 2093 (10)
1207 2024 1584 2095 jucunditatis
1616 2041 1745 2094 gra-

104 2112 160 2164 tia
194 2114 462 2180 petuntur.
495 2110 835 2165 Amicorum
877 2128 1035 2180 vero,
1082 2115 1236 2183 quod
1259 2115 1284 2155 ἀ
1322 2112 1747 2167 sanctissimum

104 2199 288 2269 quidem
339 2215 518 2269 genus
578 2205 681 2268 est,
734 2217 849 2255 non
908 2200 967 2255 in
1016 2201 1268 2267 fortuna,
1319 2201 1415 2256 sed
1445 2200 1506 2255 in
1536 2200 1745 2255 virtute

1869 506 2265 562 delectationis
2319 505 2646 561 assumitur.
2695 508 2820 562 Jam
2864 522 2999 562 vero
3051 507 3305 577 corporis
3348 508 3501 563 bona
3544 516 3566 542 °

1862 601 2201 666 promptum
2228 597 2331 662 est,
2390 598 2449 647 ut
2475 594 2543 650 ad
2606 595 2908 665 superiora
2953 596 3298 650 referantur.
3370 594 3566 650 Robur

1865 684 2016 737 enim
2067 681 2521 753 magnitudoque
2548 682 2863 737 videnturr
2900 688 3172 753 praestare
3210 683 3561 737 valentium:

1862 773 2229 843 pulchritudo
2266 771 2567 842 atque(l':i)
2629 772 2895 827 velocitas
2944 772 3370 827 celebritatem:
3407 773 3563 827 salu-

1862 860 2060 926 britas,
2093 861 2465 931 voluptatem.
2520 858 2735 922 Quibus
2784 862 3051 915 omnibus
3091 864 3273 917 solam
3316 862 3565 917 beatitu-

1864 950 2059 1005 dinem
2100 949 2414 1004 desiderari
2446 949 2645 1020 liquet.
2683 950 2823 1004 Nam
2856 951 3013 1021 quod
3044 952 3286 1023 quisque
3317 969 3437 1023 prae
3461 968 3566 1007 cas-

1860 1041 1997 1095 teris
2026 1040 2190 1111 petit,
2225 1039 2283 1093 id
2315 1055 2605 1093 summum
2634 1056 2753 1093 esse
2776 1041 2996 1109 judicat
3012 1042 3248 1095 bonum.
3283 1041 3393 1096 Sed
3414 1058 3564 1096 sum-

1862 1146 2023 1183 murn
2066 1129 2285 1183 bonum
2333 1128 2751 1183 beatitudinem
2804 1146 2924 1184 esse
2967 1130 3351 1185 deﬁnivimus.
3377 1131 3564 1195 Quare

1861 1218 2093 1272 beatum
2118 1234 2237 1271 esse
2264 1216 2486 1287 judicat
2520 1221 2753 1285 statum,
2788 1234 2960 1289 quem
2993 1235 3115 1289 prae
3146 1219 3366 1274 caeteris
3401 1219 3562 1291 quis-

1863 1324 1973 1379 que
2010 1306 2315 1361 desiderat.
2376 1306 2555 1359 Habes
2604 1307 2784 1377 igitur
2831 1312 2962 1361 ante
3007 1309 3199 1363 oculos
3228 1319 3253 1352 ε
3297 1309 3564 1381 proposi-

1862 1400 1982 1450 tam
2014 1395 2131 1448 fere
2165 1396 2276 1467 (20)
2322 1395 2563 1450 formam
2602 1396 2890 1451 felicitatis
2922 1398 3213 1465 humanae,
3267 1414 3427 1468 opes,
3457 1398 3565 1453 ho—

1862 1501 2051 1551 nores,
2094 1484 2433 1555 potentiam,
2487 1485 2750 1555 gloriam,
2803 1487 3139 1557 voluptates.
3183 1494 3329 1541 I79
3359 1488 3380 1521 ⁷
3425 1488 3562 1551 Quae

1862 1573 2097 1645 quidem
2128 1574 2246 1627 sola
2282 1573 2650 1628 considerans
2678 1575 2973 1644 Epicurus,
3009 1581 3423 1647 consequenter
3454 1577 3562 1632 sibi

1860 1679 2152 1717 summum
2190 1663 2406 1716 bonum
2447 1664 2797 1730 voluptatem
2842 1680 2962 1718 esse
3014 1664 3342 1731 constituit;
3408 1667 3563 1737 quod

1790 1735 1828 1789 Β
1861 1759 2065 1807 Caetera
2094 1753 2289 1807 omnia
2323 1753 2744 1823 jucunditatem
2776 1753 2970 1808 animo
3004 1754 3302 1808 videantur
3332 1755 3556 1810 afferre.

1858 1842 1964 1897 Sed
2000 1842 2065 1896 ad
2098 1841 2407 1896 hominum
2458 1842 2651 1897 studia
2700 1849 2989 1898 revertor:
3027 1860 3273 1915 quorum
3312 1843 3561 1912 animus,

1859 1935 1916 1986 et
1947 1931 1994 1985 si
2041 1944 2065 1985 h
2114 1931 2399 2002 caligante
2430 1931 2734 1997 memoria,
2791 1937 2984 1987 tamen
3015 1933 3234 1988 bonum
3268 1949 3561 1990 summum

1857 2022 1935 2093 (5)
1968 2022 2195 2093 repetit,
2255 2022 2353 2075 sed
2382 2019 2405 2054 ⁸
2458 2023 2614 2076 velut
2655 2022 2866 2090 ebrius,
2904 2024 3140 2079 domum
3172 2042 3286 2096 quo
3330 2026 3560 2083 tramite

1857 2115 2194 2180 revertatur,
2227 2111 2479 2182 ignorat.
2515 2110 2538 2144 9
2579 2112 2727 2167 Num
2759 2112 2912 2167 enim
2960 2111 3221 2167 videntur
3270 2129 3458 2169 errare
3496 2114 3559 2170 hi

1857 2202 1957 2272 qui
1990 2201 2171 2256 nihilo
2222 2200 2481 2271 indigere
2532 2202 2840 2257 nituntur?
2878 2205 3062 2274 Atque
3092 2219 3209 2258 non
3252 2209 3336 2259 est
3375 2203 3555 2270 aliud,

1515 2326 1585 2379 IN
1591 2324 2076 2383 TERPRETATIO
2090 2367 2103 2381 .

152 2430 169 2454 ⁸
194 2421 541 2477 Honorabiles.

152 2497 172 2536 δ
194 2494 261 2548 Ex
280 2493 561 2564 pradictis
592 2493 781 2549 bonis.

160 2574 175 2599 °
202 2566 421 2620 Summa.

154 2637 174 2677 ά
210 2637 473 2691 Bonorum
487 2677 502 2692 .

1926 2432 1947 2458 θ
1986 2422 2244 2477 Omnibus
2261 2425 2434 2491 patet.

1930 2492 1949 2530 ἶ
1986 2495 2216 2562 Efﬁcere
2236 2498 2295 2548 ut
2315 2496 2517 2549 valeas.

1928 2591 1956 2630 ε
1996 2564 2215 2619 Mentis.

1931 2639 1959 2680 ιι
1997 2636 2317 2691 Obscurata.

1700 2751 1924 2810 NOTIE.

158 2850 167 2880 ‘
213 2849 315 2901 Alii
336 2849 526 2903 bonum
553 2848 701 2918 quod
732 2852 804 2903 sit
836 2849 1221 2917 dignissimum
1246 2853 1610 2917 veneratione,
1637 2856 1744 2907 etc.

111 2920 154 2971 ll.
178 2919 361 2993 Agitur
381 2921 446 2974 de
490 2920 869 2993 dignitatibus
901 2922 1016 2993 sive
1049 2920 1381 2987 honoribus,
1411 2922 1619 2991 quibus
1647 2923 1745 2993 qui

108 2990 282 3043 student
323 2992 399 3044 sic
447 2992 718 3045 videntur
775 2992 1130 3045 ratiocinari:
1194 2990 1486 3046 summum
1523 2990 1741 3048 bonum

110 3066 169 3113 est
209 3066 521 3117 veneratione
580 3063 1003 3130 dignissimum:
1063 3079 1194 3116 vera
1246 3064 1598 3134 propositio:
1644 3066 1741 3119 sed

109 3133 410 3204 veneratione
450 3134 827 3204 dignissimus
874 3135 1046 3188 homo
1092 3150 1208 3187 non
1256 3133 1364 3200 est,
1402 3136 1512 3188 nisi
1544 3136 1591 3187 is
1632 3153 1748 3190 ma-

108 3201 297 3276 gistratu
320 3201 623 3259 decoretur
649 3220 661 3257 :
693 3205 833 3276 falsa
860 3206 1248 3275 assumption:
1284 3205 1327 3258 si
1360 3206 1596 3276 quidem
1625 3207 1746 3276 ipse

107 3275 411 3351 magistratus
441 3293 564 3330 non
597 3275 824 3343 colitur,
861 3276 971 3330 nisi
1011 3276 1185 3331 fuerit
1216 3293 1346 3331 cum
1379 3275 1584 3331 virtute
1610 3275 1747 3333 cou-

108 3354 289 3408 iunctus

158 3418 171 3448 ²
195 3417 321 3493 Sunt
349 3421 441 3493 qui
468 3434 742 3493 summum
766 3419 961 3472 bonum
998 3421 1056 3473 in
1081 3434 1294 3493 summa
1320 3421 1745 3493 potentia,etc.]

110 3486 156 3539 ll.
180 3488 349 3558 Agitur
373 3489 439 3543 de
470 3490 754 3559 potentia,
790 3506 962 3560 quam
997 3490 1094 3560 qui
1139 3486 1377 3561 appetit,
1410 3491 1489 3545 sic
1520 3486 1748 3545 videtur

112 3562 475 3627 argumentari:
518 3577 751 3614 summa
798 3562 1052 3631 potentia
1094 3566 1177 3614 est
1219 3562 1510 3615 individua
1556 3579 1748 3616 comes

110 3633 267 3683 summi
304 3632 464 3685 boni:
514 3648 653 3685 vera
686 3633 1038 3701 propositio:
1087 3633 1185 3686 sed
1218 3633 1389 3686 homo
1416 3649 1531 3686 non
1571 3634 1744 3689 habet

110 3714 331 3774 summam
360 3703 678 3772 potentiam
714 3704 819 3755 nisi
871 3704 1185 3774 regnando,
1239 3710 1335 3757 aut
1371 3706 1744 3774 regnantibus

111 3770 391 3827 adhmrcndo
418 3790 431 3827 :
462 3774 612 3828 falsa
642 3770 984 3845 assumptio:
1020 3770 1490 3846 quandoquidem
1519 3776 1629 3845 ipsi
1656 3793 1744 3829 re-

112 3858 177 3961 :tges
201 3859 297 3967 ulpn
330 3850 456 3899 sunt
485 3849 772 3916 potentes,
821 3846 931 3899 nisi
977 3846 1092 3900 suis
1124 3846 1410 3917 imperent
1454 3849 1748 3917 perturba-

131 3928 213 3965 mm
252 3932 332 3967 ns.

114 3918 332 3970 tionibus.

162 3988 264 4061 {At
292 3988 476 4061 quibus
521 3991 794 4059 optimum
847 3987 1111 4061 quiddam
1160 3989 1419 4061 claritas,
1458 3988 1607 4061 etc.]
1660 3990 1743 4043 IV.

114 4053 266 4139 2igitur
285 4053 346 4139 de
368 4059 537 4139 fama,
555 4053 871 4139 quamqui
892 4059 1236 4139 desiderant,
1262 4060 1340 4112 sic
1375 4053 1641 4139 videntur
1662 4078 1747 4114 ra-

115 4128 337 4183 tiucinari.
374 4128 599 4184 Summi
632 4128 877 4185 boni'est
906 4147 1026 4184 esse
1068 4131 1283 4183 clarum
1312 4146 1325 4199 ;
1360 4131 1511 4200 quod
1550 4148 1747 4186 verum

115 4200 297 4272 est:_.<ed
349 4203 528 4256 clarus
582 4203 759 4255 homo
820 4218 939 4254 esse
999 4202 1200 4272 nequit
1231 4202 1334 4255 nisi
1369 4202 1453 4255 vel
1492 4202 1629 4256 belli
1659 4204 1746 4256 vel

115 4270 229 4344 pacis
252 4273 662 4349 artib_us;quod
705 4274 909 4349 falsum
948 4278 1064 4327 est:
1094 4270 1241 4325 ﬁcum
1294 4274 1381 4327 hae
1439 4279 1588 4326 artes
1642 4290 1739 4327 sae-

113 4351 204 4402 pius
225 4345 323 4395 sint
348 4345 616 4397 vitiorum
640 4345 926 4398 materies.

164 4414 176 4485 ξ
208 4413 409 4467 Plurimi
433 4417 556 4469 boni
587 4418 831 4480 fructum
864 4415 1085 4481 gaudio,
1130 4420 1236 4467 etc.
1280 4413 1303 4485 ]
1344 4416 1402 4467 V.
1437 4416 1640 4485 Agitur
1672 4416 1740 4469 de

116 4480 461 4552 anuptatibus,
496 4488 705 4558 quibus
743 4488 837 4555 qui
870 4480 1207 4555 indulgent,
1251 4480 1307 4538 hi
1356 4480 1513 4539 vere'
1536 4503 1745 4556 propo-

116 4557 757 4611 mintsummum'bonum
797 4574 909 4611 non
947 4573 1067 4609 esse
1099 4558 1218 4610 sine
1254 4557 1487 4610 laetitia:
1524 4558 1619 4611 sed
1646 4560 1751 4611 fal-

116 4634 158 4697 εξ)
183 4635 444 4697 assumunt
491 4631 636 4682 hanc
677 4629 933 4682 lmtitiam
967 4628 1141 4697 accipi
1176 4644 1341 4697 posse
1387 4646 1419 4681 a
1452 4629 1623 4681 rebus
1667 4646 1753 4683 ca-

119 4690 252 4768 ducis.
302 4697 494 4768 Sicque
530 4705 720 4753 actum
762 4706 845 4753 est
904 4690 1278 4753 seorsum-de
1309 4699 1473 4752 bonis
1504 4701 1747 4754 caducis.

169 4762 185 4794 ⁵
214 4766 329 4841 Sunt
358 4762 514 4824 etiam
541 4774 637 4839 qui
666 4772 859 4824 horum
904 4772 1083 4837 ﬁneis,
1131 4774 1236 4841 etc.
1270 4772 1284 4839 j
1321 4772 1405 4825 Vl.
1455 4773 1653 4841 Agitur
1684 4772 1753 4826 de

122 4836 349 4912 pradictis
374 4836 636 4895 omnibus
669 4843 817 4895 inter
840 4836 1309 4910 secomparatis—z
1336 4836 1544 4912 quibu's
1577 4844 1750 4896 modo

121 4902 344 4981 pluribus,
378 4914 539 4966 modo
595 4913 1002 4981 paucioribus;
1039 4902 1208 4965 modo
1260 4902 1370 4978 his,
1408 4913 1579 4967 modo
1632 4914 1745 4967 illis

126 4972 260 5054 homo
284 4982 538 5049 adhaeret,
570 4972 674 5053 pro
707 4984 929 5038 diversa
954 4972 1544 5054 aSsumptione'quam
1578 4985 1747 5039 facit:

128 5048 243 5119 quod
270 5066 326 5103 ex
348 5057 458 5107 solo
490 5048 765 5109 orationis
812 5060 1076 5109 contextu
1123 5048 1347 5108 videtur
1383 5048 1548 5109 nobis
1592 5056 1758 5109 notis-

128 5130 312 5173 simum.

136 5256 143 5262 .
180 5184 281 5265 f’ln
325 5195 401 5265 his
448 5196 805 5251 humanorum
852 5202 1067 5251 actuum
1112 5201 1460 5265 votorumque
1509 5202 1759 5251 versatur

130 5261 325 5337 intentio.
354 5263 593 5334 §Summa
619 5274 731 5322 sive
762 5268 1036 5337 quidquid
1056 5273 1131 5321 est
1195 5261 1454 5322 desiderii
1479 5268 1761 5337 Operisque

133 5322 515 5409 humauiisicut
537 5340 689 5393 enim
730 5322 871 5408 opus
908 5322 1227 5393 humanum
1262 5322 1523 5409 sequitur
1553 5322 1759 5393 huma-

135 5403 586 5481 ullt11_dtf.e{idei‘iuni
614 5428 626 5475 ;
655 5410 735 5463 sic
764 5403 1115 5464 desiderium
1148 5403 1466 5463 humanum
1500 5411 1761 5480 sequitur

139 5473 413 5552 ltfasdi‘ctain
447 5473 643 5534 mentis
680 5482 1129 5551 assumptionem
1152 5473 1756 5552 propositionenique:

139 5544 371 5623 millideu}
416 5566 525 5604 non
556 5554 776 5621 agimUs
818 5544 1188 5617 extrinsecus,
1234 5544 1339 5605 nisi
1375 5554 1526 5623 quod
1561 5544 1762 5605 infrin-

142 5624 267 5694 fecus
287 5618 543 5689 volumus,
588 5618 688 5678 nec
731 5626 1014 5689 volumus,
1064 5624 1171 5677 nisi
1199 5625 1351 5694 quod
1380 5618 1764 5693 judicavimus

143 5690 389 5754 Praestare;
412 5706 507 5746 nec
530 5694 851 5763 judicamus
881 5696 989 5750 nisi
1015 5695 1167 5766 quod
1201 5690 1278 5749 sic
1315 5690 1500 5750 visum
1534 5700 1619 5749 est
1646 5694 1764 5750 sive

1779 4342 1823 4395 D
1856 4360 2016 4398 mum
2066 4360 2226 4397 suam
2275 4344 2492 4397 caeteris
2543 4344 2790 4412 praefert,

1858 2850 2117 2931 obscure,
2157 2850 2273 2930 sive
2305 2850 2634 2931 evidenter:
2671 2852 2824 2922 quod
2856 2850 3226 2931 Rhilosophia
3246 2852 3555 2931 confirmat

1857 2921 2134 3002 exemplis
2175 2922 2430 3002 primum
2464 2921 2700 3002 quidem
2745 2921 3138 2992 quotidianis‘;
3168 2922 3375 2977 deinde
3404 2922 3551 2977 anti-

1898 2992 2171 3058 uioribus,
2205 2997 2267 3045 ut
2290 2994 2537 3062 Epicuri.

1856 3010 2171 3063 quiorinus,
2205 3010 2267 3045 ui
2290 3010 2537 3062 epicuri.

1782 3038 1821 3093 Ο
1864 3136 1895 3137 ἡ
1928 3066 1955 3137 ⁷Α
1986 3062 2113 3126 Qum
2164 3064 2389 3137 quidem
2437 3066 2552 3137 sola
2628 3064 2975 3137 considerans
3034 3066 3326 3137 Epicurus,
3362 3068 3495 3137 _etc.
3529 3065 3545 3137 ]

1860 3135 2154 3204 Epicurus,
2206 3135 2587 3204 philosophus
2635 3135 2773 3188 satis
2822 3138 3013 3188 notus.
3066 3136 3167 3190 Ille
3207 3136 3268 3189 in
3316 3135 3552 3206 Physica

1859 3206 2093 3276 quidem
2124 3206 2333 3271 docuit,
2363 3222 2603 3275 corpora
2632 3222 2701 3258 ex
2731 3206 2937 3260 atomis
2968 3211 3025 3260 et
3054 3206 3212 3259 inani
3244 3207 3545 3276 componi:

1858 3278 1917 3330 in
1948 3277 2145 3331 Ethica
2184 3292 2336 3339 vero,
2366 3292 2656 3330 summum
2686 3277 2903 3331 bonum
2934 3278 2994 3330 in
3016 3279 3307 3347 voluptate
3337 3277 3550 3331 versari

1858 3348 2072 3415 statuit,
2116 3349 2279 3417 quasi
2310 3348 2388 3400 sic
2419 3353 2894 3417 argumentatus:
2938 3364 3067 3402 cum
3099 3348 3260 3402 nulla
3293 3348 3402 3401 alia
3435 3351 3553 3403 sint

1855 3419 2009 3473 bona
2058 3425 2266 3489 praeter
2311 3434 2451 3488 opes,
2487 3421 2731 3484 honores,
2767 3423 3083 3488 potentium,
3128 3421 3362 3488 gloriam
3391 3424 3441 3473 et
3465 3436 3552 3474 vo-

1858 3492 2113 3559 luptates,
2149 3490 2304 3560 quod
2335 3491 2549 3544 bonum
2580 3491 2731 3543 inter
2759 3492 2883 3545 haec
2915 3492 3109 3545 omnia
3143 3491 3362 3545 caeteris
3397 3506 3549 3561 prae-

1857 3568 1987 3634 stat,
2022 3561 2165 3615 illud
2195 3578 2484 3634 summum
2510 3562 2729 3634 censeri
2756 3563 2938 3617 debet.
2962 3563 3137 3634 Atqui
3170 3564 3430 3632 voluptas
3461 3563 3549 3616 in-

1856 3636 1943 3687 ter
1965 3633 2085 3686 haec
2105 3633 2300 3705 omnia
2338 3633 2563 3705 caeteris
2588 3639 2851 3704 praestat:
2877 3634 3029 3705 quod
3061 3633 3191 3688 haec
3216 3634 3415 3687 omnia
3432 3649 3550 3688 non

1858 3709 2212 3774 quaerantur,
2246 3704 2355 3757 nisi
2386 3703 2520 3775 quia
2546 3703 2964 3774 jucunditate'm
3014 3706 3209 3760 animo
3249 3706 3549 3759 videantur

1857 3775 2079 3828 afferre.
2140 3776 2283 3828 Hinc
2336 3776 2596 3829 homines
2644 3777 2950 3846 voluptarii
2983 3776 3095 3830 dici
3132 3779 3551 3832 consueverunt

1854 3849 2131 3917 Epicurei.

1925 3916 1948 3950 ⁸
1992 3918 2150 3973 Velut
2187 3916 2400 3989 ebrius.
2428 3916 2725 3989 ]A0ptima
2786 3916 3102 3989 similitudo
3148 3919 3217 3973 ad
3268 3934 3549 3989 exponen-

1855 3988 1987 4042 dam
2022 3987 2351 4057 praadictam
2383 3986 2840 4058 uniuscujusque
2869 3988 3120 4041 hominis
3155 3989 3308 4043 bono
3338 3986 3549 4045 caduco

1856 4058 2200 4113 adhaerentis
2244 4058 2762 4112 ratiocinationem.
2823 4059 2978 4112 Sicut
3029 4059 3185 4113 enim
3222 4061 3413 4114 ebrius
3438 4060 3549 4115 ho-

1858 4147 1977 4197 mo,
2020 4134 2069 4182 ιο
2116 4130 2423 4199 quamdam
2455 4130 2627 4183 habet
2685 4146 2799 4182 sua:
2854 4130 3056 4201 domus
3096 4130 3305 4195 ideam,
3349 4147 3547 4201 quam,

1860 4208 2169 4272 antequam
2199 4216 2462 4270 egressus
2501 4201 2700 4254 fuisset
2730 4200 2940 4272 rvinum
2970 4200 3276 4262 bibiturus,
3326 4202 3395 4255 ab
3427 4202 3551 4271 ipsa

1860 4271 2030 4327 domo
2061 4278 2388 4341 acceperat;
2423 4275 2481 4326 2°
2520 4273 2693 4341 hujus
2722 4271 2868 4325 idem
2908 4287 3137 4341 semper
3189 4288 3413 4325 memor
3440 4273 3548 4326 do-

2864 4344 3037 4396 etiam
3086 4345 3341 4411 sepultus
3370 4343 3502 4397 vino
3534 4359 3547 4396 :

1852 4417 1998 4470 unde
2032 4416 2292 4469 eamdem
2324 4420 2581 4484 repetere
2613 4414 2838 4480 studet;
2873 4417 2929 4469 3°
2955 4414 3086 4467 vino
3116 4414 3385 4467 turbante
3433 4431 3552 4467 me-

1860 4487 2126 4547 moriam,
2162 4486 2311 4539 viam
2343 4486 2724 4551 solummodo,
2760 4502 2873 4554 qua
2904 4490 3240 4551 revertatur,
3280 4487 3547 4554 ignorat;

1859 4560 1917 4610 -’i°
1950 4558 2201 4610 tenebris
2249 4557 2462 4611 sensim
2521 4556 2925 4624 crescentibus,
2968 4556 3170 4609 alienis
3214 4556 3453 4622 aedibus,
3493 4560 3554 4610 ut

1860 4629 1997 4696 suis,
2033 4629 2286 4682 adhaeret
2315 4628 2627 4681 immotus:
2663 4628 2741 4681 ita
2775 4644 2934 4681 mens
2955 4627 3225 4692 humana,
3258 4628 3318 4681 1ο
3351 4644 3552 4697 quam-

1863 4701 1992 4754 dam
2024 4700 2196 4752 habet
2243 4698 2327 4752 sui
2375 4700 2647 4769 principii
2696 4698 2897 4767 suique
2928 4699 3080 4763 ﬁnis,
3130 4699 3404 4753 nimirum
3452 4698 3553 4753 Dei

1861 4772 2072 4837 ideam,
2106 4786 2300 4840 quam,
2331 4776 2640 4840 antequam
2674 4771 2743 4824 ab
2774 4786 2840 4824 eo
2863 4769 3208 4837 recessisset,
3250 4786 3554 4841 corporeus

1863 4844 2182 4910 voluptates
2213 4842 2511 4910 haustura,
2552 4842 2622 4895 ab
2649 4842 2773 4911 ipso
2804 4858 2905 4895 suo
2946 4845 3187 4896 Auctore
3220 4847 3552 4912 acceperat;

1862 4916 1921 4966 2ο
1948 4914 2116 4983 hujus
2143 4912 2287 4966 idea:
2310 4928 2607 4982 nunquam
2638 4913 2875 4966 omnino
2900 4912 3226 4979 immemor,
3250 4916 3555 4968 Auctorem

1864 5001 2031 5037 suum
2071 4985 2290 5037 caeteris
2331 4985 2499 5039 rebus
2540 4985 2963 5054 praeferendum
3022 4990 3203 5054 putat,
3250 4986 3425 5039 etiam
3460 5001 3556 5037 vo-

1865 5054 2179 5123 luptatibus
2210 5057 2464 5125 corporis
2495 5056 2836 5124 indulgens:
2871 5056 3024 5110 unde
3064 5056 3133 5110 ad
3166 5056 3432 5111 eumdem
3464 5073 3556 5109 re-

1866 5127 2007 5178 verti
2048 5125 2240 5193 cupit;
2284 5130 2341 5180 3°
2382 5143 2621 5197 corpore
2653 5126 3003 5196 impediente
3036 5127 3333 5181 notionem
3362 5126 3556 5192 officii,

1866 5199 2036 5269 viam,
2071 5212 2183 5266 qua
2214 5197 2282 5250 ad
2324 5199 2503 5251 Deum
2548 5198 2761 5265 redeat,
2796 5199 3012 5263 nescit;
3064 5200 3123 5253 4ο
3154 5199 3559 5269 caliginesen-

1868 5268 1976 5323 sim
2007 5273 2171 5321 aucta
2211 5270 2457 5321 externis
2488 5269 2826 5338 caducisque
2859 5270 3047 5332 rebus,
3094 5274 3154 5323 ut
3194 5267 3298 5323 suo
3340 5267 3558 5338 princi-

1872 5341 1965 5409 pio
2000 5355 2220 5408 suoque
2272 5340 2511 5408 proinde
2559 5341 2661 5393 lini
2686 5341 2939 5395 adhaeret
2976 5341 3252 5395 immota:
3285 5338 3561 5409 quamob-

1871 5428 1992 5464 rem
2027 5415 2087 5462 ut
2117 5409 2327 5469 ebrius,
2355 5411 2433 5464 sic
2462 5428 2620 5465 mens
2643 5412 2897 5466 humana
2918 5429 3035 5465 non
3056 5419 3206 5464 errat
3223 5410 3331 5463 nisi
3350 5425 3564 5463 assum-

1874 5484 2067 5552 ptione
2100 5481 2399 5550 praecipiti.

1942 5555 1965 5585 τ’
1995 5556 2128 5609 Num
2167 5558 2302 5605 enim
2348 5554 2604 5607 viilmztur
2653 5570 2836 5607 errare
2875 5556 2950 5617 Ιιί,
3000 5558 3104 5605 οπο·
3139 5550 3159 5623 ]
3195 5551 3567 5623 Philosophia

1877 5626 2124 5693 denique
2157 5640 2412 5678 seorsum
2441 5626 2710 5695 expendit
2739 5624 3038 5693 praedictas
3057 5623 3477 5695 propositiones
3497 5624 3567 5679 de

1877 5695 2101 5766 opibus,
2151 5696 2485 5765 honoribus,
2516 5694 2816 5766 potentia,
2853 5694 3038 5764 gloria
3067 5702 3124 5751 et
3155 5696 3566 5766 voluptatibus,
