3972 6172
333 308 436 360 7'27

1642 304 1765 361 AN.
1810 303 2018 360 MANL.
2061 304 2216 360 SEV.
2263 302 2518 358 BOETII.

3677 309 3770 361 728

331 445 488 517 quod
518 459 682 516 teque
711 442 985 514 perficere
1021 441 1436 498 beatitudinem
1481 441 1680 511 possit,
1720 457 1892 511 quam
1923 457 2013 494 co-
2056 443 2101 494 A
2131 441 2370 494 credunt
2401 456 2521 494 esse
2552 443 2878 494 venturam.
2922 441 3142 494 Bonum
3173 441 3255 494 est
3305 439 3474 510 igitur
3519 443 3650 513 quod
3677 449 3772 498 tam

326 535 522 606 piosus
569 533 856 588 bonorum
911 533 1171 586 omnium
1202 536 1403 598 status,
1449 546 1555 585 nec
1597 531 1768 585 alieni
1826 545 2019 601 egens,

330 623 426 686 sed
475 622 583 677 sibi
629 623 749 694 ipse
791 619 1096 676 sufﬁciens.
1132 623 1279 676 Num
1310 636 1444 674 vero
1474 620 1748 675 labuntur
1778 634 1802 662 ει
1834 620 1894 674 bi
1926 619 2026 690 qui

330 712 484 786 quod
515 712 587 766 sit
619 710 926 783 optimum,
956 709 1013 765 id
1045 709 1219 764 etiam
1251 709 1583 763 reverentiae
1613 710 1728 779 (l0)
1761 709 1914 763 cultu
1945 708 2024 762 di-

331 801 671 875 gnissimum
704 799 944 872 putant?
983 799 1244 853 minime.
1281 801 1474 870 Neque
1509 798 1662 852 enim
1705 797 1814 852 vile
1858 797 2024 869 quid-

332 893 483 959 dam,
517 889 1120 960 contemnendumque
1154 892 1258 959 est,
1306 888 1458 958 quod
1501 886 1733 958 adipisci
1768 886 2027 941 omnium

332 981 451 1036 fere
481 979 814 1034 mortalium
845 979 1068 1033 laborat
1096 976 1358 1031 intentio.
1383 979 1469 1030 An
1509 976 1569 1030 in
1601 976 1766 1032 bonis
1791 993 1905 1031 non
1945 979 2030 1030 est

334 1068 692 1125 numeranda
718 1067 982 1138 potentia
1007 1067 1032 1120 ?
1067 1066 1211 1130 Quid
1250 1066 1425 1135 igitur
1449 1067 1476 1119 ‘?
1501 1066 1648 1120 Num
1677 1065 2029 1120 imbecillum

334 1177 398 1215 ac
433 1159 555 1213 sine
585 1157 803 1214 viribus
851 1156 1253 1211 testimandum
1294 1159 1393 1221 est,
1440 1156 1592 1225 quod
1636 1155 1901 1210 omnibus
1939 1172 2028 1211 re-

335 1249 442 1305 bus
491 1251 717 1302 constat
761 1263 882 1300 esse
923 1244 1335 1316 praestantius?
1383 1245 1474 1299 An
1529 1245 1806 1299 claritudo
1865 1245 2031 1299 nihili

335 1336 639 1411 pendenda
668 1335 794 1390 est?
837 1335 947 1390 Sed
981 1337 1004 1376 b
1059 1335 1171 1404 (15)
1222 1332 1568 1404 sequestrari
1617 1333 1838 1404 nequit,
1891 1333 2031 1405 quin

337 1443 508 1483 omne
539 1425 693 1498 quod
741 1423 1283 1479 excellentissimum
1334 1422 1426 1489 sit,
1456 1421 1515 1476 id
1558 1421 1730 1477 etiam
1769 1422 2034 1477 videatur

339 1532 461 1572 esse
506 1514 909 1570 clarissimum.
961 1514 1102 1567 Nam
1133 1528 1248 1566 non
1280 1527 1400 1565 esse
1433 1511 1663 1565 anxiam
1695 1511 2034 1583 tristemque

339 1603 775 1671 beatitudinem,
820 1618 924 1656 nec
969 1600 1266 1656 doloribus
1297 1599 1688 1671 molestiisque
1720 1601 2034 1672 subjectam

343 1695 481 1767 quid
507 1693 714 1748 attinet
759 1690 969 1757 dicere,
1017 1690 1248 1762 quando
1294 1689 1353 1743 in
1401 1689 1655 1743 minimis
1689 1705 1918 1761 quoque
1943 1705 2034 1743 re-

341 1784 449 1840 bus
479 1782 540 1837 id
570 1780 880 1852 appetitur,
907 1779 1058 1850 quod
1076 1778 1286 1832 habere
1312 1778 1539 1849 fruique
1569 1779 1854 1834 delectet?
1891 1784 2040 1832 180

341 1871 515 1945 Atqui
546 1871 668 1924 haec
698 1875 850 1932 sunt,
885 1884 1011 1940 quae
1045 1866 1285 1937 adipisci
1316 1867 1578 1921 homines
1607 1868 1824 1930 volunt,
1861 1883 2042 1938 eaque

345 1962 416 2016 de
447 1975 618 2014 causa
648 1958 893 2026 divitias,
929 1956 1258 2028 dignitates,
1290 1972 1490 2027 regna,
1518 1956 1764 2027 gloriam
1789 1956 2045 2026 volupta-

345 2055 546 2122 tesque
597 2048 937 2113 desiderant,
989 2047 1142 2118 quod
1169 2061 1274 2117 per
1318 2046 1444 2100 haec
1469 2045 1575 2100 sibi
1616 2045 2043 2112 sufﬁcientiam,

349 2138 754 2201 reverentiam,
788 2136 1133 2209 potentiam,
1194 2135 1612 2204 celebritatem,
1670 2135 2046 2206 laetitiamque

2133 529 2369 584 diversis
2401 529 2474 599 (ὅ)
2504 538 2522 563 ε
2551 529 2755 584 studiis
2794 529 3057 583 homines
3081 530 3336 600 'petunt:
3371 530 3426 584 in
3454 547 3559 601 quo
3589 539 3773 603 quanta

2133 618 2250 672 sit1
2291 623 2513 673 natura:
2547 618 2651 685 vis,
2705 620 2725 652 ²
2790 619 2952 673 facile
3007 623 3379 688 monstratur,
3433 636 3555 673 cum
3607 619 3626 653 δ
3674 622 3781 674 licet

2131 708 2300 762 variae
2351 707 2804 779 dissidentesque
2852 708 3177 776 sententia},
3207 712 3403 763 tamen
3434 713 3453 744 ι
3485 709 3538 763 in
3568 709 3784 782 deligen-

2136 797 2208 851 do
2239 800 2264 840 ἅ
2292 797 2429 852 boni
2459 797 2572 852 ﬁne
2603 796 2988 852 consentiunt.

2676 928 2813 978 181
2853 924 3142 979 METRUM
3175 922 3193 943 '
3225 923 3296 978 II.

2137 1032 2550 1086 Anouuemuu.
2587 1059 2658 1070 —
2699 1032 2960 1096 Quamvis
3002 1031 3310 1084 naturalem
3349 1030 3573 1097 leonum,
3617 1033 3789 1096 arium,

2203 1103 2633 1172 plantarumque
2662 1103 2897 1156 indolem
2938 1104 3198 1171 erpellas,
3231 1103 3362 1168 haec,
3395 1105 3570 1156 instar
3597 1105 3711 1157 solis
3737 1104 3792 1156 ab

2207 1189 2400 1298 occastu
2431 1173 2504 1227 ad
2524 1179 2701 1228 ortum
2732 1176 3043 1242 remeantis,
3073 1178 3330 1240 recurrit,
3359 1174 3520 1234 ﬁnem
3553 1177 3792 1243 principio

2213 1260 2340 1298 iunc
2360 1261 2492 1298 ura.

2205 1260 2492 1314 yunctura.

2356 1352 2606 1415 Quantas
2634 1368 2831 1407 rerum
2859 1353 3049 1408 ﬂectat
3079 1352 3338 1408 habenas

2357 1424 2570 1477 Natura
2597 1430 2822 1494 potens,
2857 1425 3065 1496 quibus
3095 1424 3446 1478 immensum

2359 1512 2601 1583 Legibus
2634 1514 2833 1568 orbem
2864 1513 3108 1584 provida
3136 1519 3323 1567 servet

2356 1601 2722 1673 Stringatque
2752 1602 2936 1673 ligans
2966 1602 3270 1657 irresoluto

2396 1690 2635 1761 Singula
2658 1707 2829 1757 nexu,
2861 1693 3048 1762 placet
3069 1696 3272 1763 arguto

2367 1779 2596 1834 Fidibus
2628 1781 2791 1834 lentis
2823 1795 3088 1850 promere
3119 1784 3314 1834 cantu.

2370 1874 2510 1922 181
2557 1870 2824 1934 Quamvis
2856 1869 3008 1924 Paeni
3040 1869 3280 1940 pulchra
3304 1869 3503 1923 leones

2363 1959 2601 2014 Vincula
2631 1965 2876 2030 gestent,
2913 1959 3298 2030 manibusque
3331 1959 3491 2013 datas

2370 2047 2610 2118 Captent
2633 2064 2803 2115 escas,
2829 2051 3203 2118 metuantque
3235 2053 3482 2116 trucem,

2164 2137 2224 2188 l0
2369 2137 2535 2191 Soliti
2561 2137 2797 2192 verbera
2827 2138 2994 2205 ferre,
3030 2137 3400 2208 magistrum,

1817 2275 2384 2335 lNTERPRETATIO
2399 2317 2413 2332 .

426 2397 451 2422 ιι
486 2384 800 2442 Judicando
827 2425 843 2455 ,
877 2384 1017 2440 idest
1049 2386 1255 2438 errant.

430 2461 455 2502 Ι)
492 2461 714 2525 Negari.

430 2538 450 2564 ο
486 2526 907 2597 Aﬂectionibus.

433 2604 457 2644 ἀ
496 2602 711 2656 Summo
743 2599 896 2652 bono.

436 2672 568 2728 Volo
598 2674 790 2737 argute
831 2683 1020 2723 canere
1066 2666 1281 2721 chordis
1319 2665 1516 2727 tardis,
1557 2670 1790 2734 quantas
1822 2667 2060 2720 inclina-

2160 2387 2328 2440 tiones
2360 2401 2539 2440 rerum
2565 2389 2768 2440 natura
2793 2391 2982 2454 potens
3010 2391 3208 2453 vertat,
3233 2391 3284 2439 et
3320 2385 3515 2454 quibus
3535 2384 3718 2452 legibus
3743 2396 3809 2436 ελ·

2160 2457 2289 2510 dem
2322 2463 2528 2512 natura
2544 2460 2881 2526 proiniciens
2914 2464 3119 2512 tutetur
3135 2458 3397 2511 mundum
3420 2460 3806 2523 ingentem,con-

2158 2531 2433 2598 tineatque
2467 2531 2648 2582 omnia
2682 2535 2990 2583 connectens
3020 2531 3232 2583 vinculo
3263 2529 3644 2582 indissolubili.
3689 2529 3804 2580 Licet

2163 2601 2333 2654 leones
2376 2602 2638 2667 Africani
2675 2606 2873 2668 gerant
2911 2606 3126 2654 catenas
3164 2600 3507 2668 splendidas,
3547 2605 3594 2651 el
3629 2600 3807 2666 capiant

2169 2671 2310 2726 cibos
2345 2677 2618 2739 por-rectos
2641 2672 2890 2726 manibus
2925 2671 3165 2739 domini,
3197 2676 3245 2725 et
3286 2675 3517 2725 timeant
3545 2671 3711 2740 ipsum
3737 2668 3806 2722 do~

1995 2774 2220 2833 NOTIE.

363 2879 581 2949 hasque
635 2875 841 2949 probat
870 2890 991 2949 esse
1032 2888 1190 2928 veras
1211 2889 1241 2949 :_
1273 2889 1341 2927 ex
1372 2887 1484 2949 quo
1514 2871 1737 2949 conﬁcit
1796 2871 2058 2949 homines

363 2951 454 3006 hic
475 2943 594 3004 non
621 2943 940 3018 errareinisi
968 2945 1378 3016 assumptione.
1416 2945 1494 2998 De
1526 2943 1698 2997 verbo
1728 2946 2059 3012 sequestrari

365 3037 540 3094 supra
571 3020 786 3076 dictum
819 3023 920 3072 est.

2353 2875 2548 2940 Cogere
2577 2881 2885 2926 consuesset
2913 2890 3089 2926 rerum
3121 2879 3318 2926 natura
3348 2875 3584 2926 creatrix.

2240 2977 2292 3028 ‘2.
2345 2976 2546 3041 Quibus
2596 2974 2849 3046 leg-ibus]
2916 2977 2986 3029 Ut
3027 2975 3181 3028 enim
3231 2975 3570 3046 corporibus
3622 2972 3681 3046 ad
3725 2986 3810 3024 mo-

2175 3046 2448 3114 vendum,
2468 3048 2546 3100 sic
2573 3045 2861 3100 mentibus
2879 3048 2949 3101 ad
2980 3045 3351 3117 cogitandum
3383 3063 3501 3100 suae
3531 3052 3650 3098 sunt
3673 3045 3806 3111 leges,

437 3111 451 3145 ¹
661 3106 939 3189 n_atura2._|
1006 3107 1218 3186 Nempe
1299 3105 1435 3159 ideae
1489 3105 1817 3189 naturaliter
1886 3106 2066 3157 insita

2187 3119 2248 3172 ab
2278 3135 2366 3179 eo,
2399 3105 2447 3172 δ’
2463 3135 2576 3189 quo
2600 3135 2689 3171 res
2735 3118 2855 3172 ista)
2896 3105 3107 3171 habent
3152 3117 3411 3186 primum
3445 3124 3504 3171 ut
3532 3105 3810 3189 moveantur

369 3181 660 3236 mentibus
690 3175 992 3234 humanis:
1037 3178 1094 3230 in
1129 3193 1244 3246 qua
1281 3175 1677 3245 unusquisque
1710 3175 1860 3229 videt
1913 3191 2065 3228 com-

372 3253 750 3324 prehensum,
779 3250 930 3320 quod
959 3247 1245 3324 praedictis
1265 3246 1756 3324 propositionibus
1775 3246 2064 3324 asseritur.

439 3327 462 3359 ³
500 3324 680 3378 Facile
733 3317 1116 3388 monstratur.]
1205 3318 1416 3372 Saltem
1465 3333 1496 3370 a
1559 3317 2066 3387 consequentibus,

370 3394 505 3459 sive,
540 3397 603 3446 ut
631 3390 966 3462 philosophi
996 3390 1332 3462 loquuntur,
1372 3405 1405 3442 a
1442 3391 1749 3462 posteriori.

443 3465 464 3497 ³
503 3459 651 3519 Licet
693 3459 873 3515 varia:
918 3461 1348 3525 dissidentesque
1401 3459 1720 3528 sententiae]
1779 3459 2065 3513 Praedicta:

374 3534 649 3590 nimirum
682 3531 1124 3600 assumptiones.

446 3610 468 3642 ⁸
503 3608 567 3661 In
589 3603 870 3670 deligendo
903 3602 1029 3655 boni
1071 3602 1184 3663 fine
1238 3601 1621 3669 consentiunt]
1653 3602 1889 3670 Propter
1926 3617 2070 3670 pra:—

375 3676 586 3732 dictam
622 3673 832 3729 summi
859 3671 998 3726 boni
1019 3671 1205 3724 ideam
1233 3671 1543 3741 unicuique
1563 3671 1819 3740 insitam,
1850 3674 2070 3726 ratione

375 3749 536 3819 cujus
567 3746 854 3819 praedictae
885 3742 1312 3819 propositiones
1333 3743 1511 3819 ﬁunt:
1539 3747 1601 3819 ut
1619 3741 1828 3819 saepius
1849 3743 2071 3819 dictum

379 3814 500 3875 est:
532 3814 713 3890 usque
735 3816 876 3870 adeo
911 3815 1050 3868 utin
1091 3814 1327 3881 caeteris,
1364 3814 1443 3867 sic
1475 3815 1536 3868 in
1576 3814 1810 3868 homine
1841 3815 1970 3868 linis
1999 3815 2070 3869 ad

379 3896 572 3945 ortum
599 3889 765 3944 debet
795 3901 1110 3941 recurrere.

450 3979 476 4008 *
517 3978 678 4044 Quod
699 3975 910 4031 dicitur
939 3975 1313 4029 Pindaricum.
1346 3975 1445 4028 Est
1473 3977 1665 4028 autem
1688 3990 1918 4029 carmen
1945 3991 2076 4029 con-

380 4055 532 4105 stans
564 4066 627 4104 ex
662 4065 775 4102 uno
807 4063 1014 4115 genere
1045 4062 1333 4112 versuum,
1368 4062 1612 4115 quorum
1648 4046 1889 4115 quilibet
1932 4063 2071 4117 qua-

379 4128 512 4177 tuor
541 4121 712 4193 pedes
743 4119 932 4186 habet,
983 4119 1081 4171 sed
1132 4123 1291 4193 tanta
1337 4117 1624 4193 libertate_
1655 4118 1978 4193 dispositos,
2013 4122 2076 4171 ut

383 4189 780 4264 unusquisque
821 4207 972 4243 nunc
1021 4189 1328 4264 spondeus,
1382 4189 1871 4264 nunctdactylus,
1923 4205 2076 4242 nunc

384 4259 728 4336 anapaestus,
762 4277 915 4316 nunc
946 4261 1230 4314 trochaeus
1263 4276 1384 4314 esse
1415 4259 1615 4330 possit.

460 4359 512 4409 1.
561 4349 852 4422 Habcnas.]
906 4350 1152 4404 Habenae
1200 4349 1430 4422 proprie
1489 4348 1758 4422 dicuntur
1785 4347 1854 4401 de
1889 4347 2072 4418 equis,

385 4426 600 4497 quippe
628 4440 770 4494 quos
794 4416 887 4497 his
915 4416 1411 4497 instrumentisad
1435 4424 1638 4497 nutum
1669 4416 2076 4497 habemustra-
2116 4416 2157 4467 Ι)

385 4489 740 4566 (itam-usque.
782 4493 942 4557 Quod
993 4497 1186 4544 autem
1217 4491 1353 4566 equi
1389 4490 1625 4566 habenis
1674 4489 1785 4541 huc
1827 4490 2072 4566 illucque

387 4560 712 4633 ﬂectantur,
745 4566 956 4619 factum
992 4570 1076 4616 est
1122 4570 1186 4616 ut
1213 4562 1452 4615 habenae
1493 4560 1757 4633 dicantur
1802 4561 1972 4633 modo
2005 4561 2074 4614 de

388 4638 633 4707 legibus,
666 4631 874 4707 quibus
908 4651 994 4707 res
1026 4638 1559 4707 caeteraaureguntur
1586 4651 1599 4697 ;
1632 4631 1803 4707 modo
1839 4633 1907 4707 de
1937 4632 2074 4701 ipsis

391 4702 582 4761 rerum
622 4702 1114 4772 inclinationibus,
1167 4702 1374 4775 quibus
1424 4709 1696 4773 tanquam
1745 4703 1946 4775 frenis,
1989 4718 2077 4755 res

389 4779 524 4848 ipsae
557 4779 883 4848 ﬂectuntur.
942 4777 1029 4831 Sic
1075 4774 1312 4841 Tullius,
1345 4775 1414 4828 de
1471 4775 1674 4848 Anile,
1711 4774 2076 4848 commodissi-

389 4845 535 4903 mum
564 4854 662 4914 est,
696 4847 904 4918 inquit,
929 4864 1089 4916 quam
1122 4849 1437 4900 lautissimus
1468 4847 1704 4898 habenas
1736 4845 1930 4898 habere
1950 4848 2082 4918 arni-

389 4924 549 4987 citia’,
597 4934 735 4989 quas
778 4916 864 4972 rel
916 4919 1158 4972 adducas
1205 4934 1324 4972 cum
1373 4919 1527 4985 velis,
1567 4919 1649 4970 vel
1694 4919 1958 4971 remittas.
1993 4916 2082 4970 Sic

391 4991 566 5046 etiam
589 4990 742 5059 Virg.
777 4991 992 5043 Aineid.
1023 5007 1118 5055 x11,
1160 5005 1216 5043 v.
1245 4991 1347 5043 498
1377 5005 1390 5042 :

575 5077 845 5127 Terribilis
875 5090 1066 5124 saivam
1098 5076 1248 5125 nullo
1278 5076 1582 5125 discriminc
1608 5074 1805 5122 credam

577 5141 824 5194 Suscitat,
852 5139 1153 5202 irarumque
1183 5153 1366 5188 omnes
1395 5139 1621 5188 ell‘undit
1648 5137 1899 5185 habenas.

460 5227 513 5279 2.
546 5225 762 5281 Natura
799 5219 1031 5291 potens]
1081 5219 1316 5286 Natuaa,
1370 5221 1522 5290 quod
1579 5219 1807 5291 dicatur
1847 5232 1881 5291 a
1928 5220 2084 5291 nasci

393 5296 543 5351 idem
571 5300 654 5350 est
699 5289 852 5365 quod
884 5291 1231 5365 principium
1259 5307 1270 5344 :
1303 5289 1490 5365 quare
1529 5295 1590 5344 ut
1630 5289 1977 5358 principium
2006 5289 2084 5365 sic

392 5374 596 5421 natura
626 5359 960 5435 multiplicis
1001 5359 1247 5435 generis.
1288 5359 1399 5435 llic
1450 5365 1598 5415 Deus
1622 5366 1785 5435 est,_a
1817 5359 2083 5435 quopri—

391 5455 500 5492 mae
534 5454 724 5493 rerum
756 5430 1025 5490 omnium
1045 5432 1461 5497 inclinationes,
1500 5440 1563 5485 ut
1595 5449 1625 5485 a
1657 5433 1842 5500 primo
1873 5430 2084 5499 princi-

394 5510 488 5577 pio
547 5512 830 5562 oriuntur.
864 5506 952 5560 Sic
1007 5506 1225 5560 Tullius
1270 5522 1326 5568 1|,
1381 5505 1459 5577 de,
1483 5505 1604 5556 Nat.
1640 5505 1808 5556 deor:
1846 5504 2080 5560 Natura.

393 5574 602 5648 inquit,
657 5585 734 5632 est
791 5595 909 5648 quae
961 5581 1230 5631 contineat
1290 5574 1551 5626 mundum
1605 5589 1809 5626 omnem
1861 5590 2085 5642 eumque

397 5652 632 5704 tueatur.
667 5650 758 5703 Sic
798 5649 1021 5703 Lucret.
1056 5649 1096 5702 l.
1127 5663 1180 5702 ιε

549 5737 786 5800 Denique
807 5737 862 5784 ni
888 5735 1134 5784 minimas
1159 5735 1214 5782 in
1226 5736 1400 5797 partes
1423 5736 1612 5780 cuncta
1643 5731 1834 5782 resolvi

2179 3195 2236 3243 et
2267 3187 2537 3259 cogitent,
2573 3190 2876 3244 Conditore
2905 3191 3258 3242 constitutae:
3298 3205 3477 3260 quare
3509 3194 3568 3260 ut
3597 3188 3723 3240 Deus
3749 3187 3809 3235 est

2176 3261 2572 3326 immutabilis,
2629 3261 2708 3314 sic
2739 3263 2894 3330 leges
2920 3261 3040 3313 ista:
3096 3262 3279 3313 ﬁrma),
3324 3259 3475 3325 aunt,
3520 3259 3688 3328 digna)
3716 3271 3809 3330 pro-

2177 3338 2394 3402 pterea,
2429 3349 2555 3402 quae
2589 3327 2861 3402 tanquam
2893 3333 3130 3401 propria
3177 3331 3596 3402 philosophicas
3623 3327 3810 3381 medita-

2178 3401 2349 3457 tionis
2384 3401 2673 3468 materies,
2707 3401 2791 3456 iab
2825 3403 2945 3472 ipsa
2993 3403 3370 3471 Philosophia
3413 3401 3807 3456 considerantur,

2179 3474 2410 3544 suisque
2439 3475 2794 3527 auditoribus
2824 3491 2919 3527 seu
2955 3474 3144 3527 stricta
3184 3491 3282 3526 seu
3329 3473 3500 3526 etiam
3530 3474 3807 3544 solutaora-

2179 3542 2336 3599 tione
2370 3552 2782 3617 proponantur.
2815 3548 3028 3612 Arguto
3055 3552 3247 3617 autem
3281 3546 3393 3598 hoc
3423 3549 3582 3598 cantu
3610 3542 3810 3617 Philoso-

2179 3616 2335 3688 phia,
2372 3616 2438 3670 ad
2471 3617 2828 3687 probandum
2862 3618 2915 3670 id
2949 3617 3104 3686 quod
3127 3616 3236 3669 sibi
3264 3617 3588 3688 proposuit,
3618 3616 3811 3688 quatuor

2180 3681 2413 3742 adhibet
2441 3681 2917 3758 argumentorum
2949 3681 3190 3756 genera:
3244 3681 3502 3757 primum
3529 3704 3559 3739 a
3579 3681 3809 3758 leonibus,

2181 3750 2543 3814 secunduma
2565 3759 2913 3822 volucribus,
2930 3750 3162 3812 tértium
3185 3774 3216 3811 a
3245 3750 3482 3828 plantis,
3507 3762 3741 3828 quartum
3761 3750 3811 3802 ab

2181 3831 2304 3901 ipso
2337 3831 2455 3884 sole
2483 3831 2820 3885 desumitur.

2254 3925 2304 3974 7.
2372 3923 2525 3974 Pas-ni
2563 3918 2783 3990 leones]
2846 3920 2882 3974 l.
2943 3917 3314 3988 Philosophia
3376 3918 3687 3990 probatura,
3722 3925 3814 3981 pcr-

2183 3995 2424 4060 petuum
2473 4007 2594 4045 esse
2639 3985 2942 4062 cujuslibet
2975 3991 3052 4043 rei
3087 3991 3155 4043 ad
3182 3985 3727 4062 suum—principium
3755 3996 3813 4032 re-

2183 4059 2424 4116 meantis
2481 4059 2802 4129 circuitum,
2856 4066 3291 4130 argumentatur
3349 4078 3382 4114 a
3415 4059 3679 4114 leonibus,
3705 4067 3813 4130 quos

2185 4139 2346 4187 vocat
2376 4136 2560 4188 Pamos
2591 4135 2706 4186 sive
2735 4125 3056 4198 Africanos,
3087 4133 3239 4203 quod
3283 4138 3348 4186 ut
3373 4130 3588 4203 populi,
3630 4131 3697 4203 sic
3732 4125 3814 4203 teq-

2185 4221 2287 4258 nes
2337 4206 2541 4260 Africae
2589 4192 2893 4258 ferociores
2925 4192 3054 4257 csse,
3102 4192 3342 4258 soleant.
3373 4192 3593 4272 ’Vi‘rgfi
3639 4192 3810 4253 :Eneid.

2187 4293 2236 4330 v.
2271 4279 2373 4330 306
2400 4294 2411 4331 :

2374 4366 2440 4414 Et
2463 4367 2573 4429 jam
2600 4365 2747 4429 jussu
2772 4365 2917 4422 facit.
2950 4368 3262 4427 ponuntque
3287 4363 3479 4413 ferocia
3508 4359 3641 4410 Ρωηὶ

2374 4428 2559 4482 Corda,
2598 4428 2803 4477 volente
2834 4429 2958 4475 Deo.

2184 4507 2395 4563 Seneca
2425 4510 2482 4561 in
2517 4509 2739 4578 llippol.
2767 4525 2816 4559 v.
2847 4509 2986 4561 347:

2375 4599 2520 4646 Pmni
2552 4598 2798 4659 quatiunt
2822 4596 2958 4644 colla
2984 4595 3179 4659 leones.

2374 4661 2502 4709 Cum
2537 4658 2701 4708 movit
2730 4673 2913 4717 amor;
2948 4664 3055 4706 tum
3089 4658 3220 4705 silva
3249 4658 3413 4720 gemit

2378 4725 2640 4770 Murmure
2672 4735 2831 4770 saevo.

2259 4803 2430 4866 Quasi
2476 4803 2662 4856 dicat:
2717 4800 3202 4872 quemadmodum
3259 4801 3444 4872 leones
3492 4798 3816 4872 feroces,_vm-

2190 4876 2351 4933 culis,
2387 4874 2528 4926 escis
2584 4880 2639 4928 et
2685 4867 3017 4926 verberibus
3065 4871 3435 4924 mansuefacti
3475 4867 3646 4921 statim
3684 4867 3816 4929 atque

2190 4947 2528 5014 sanguinem
2559 4946 2816 5009 missum,
2853 4943 3054 5006 oculis,
3089 4943 3420 5014 praesertim
3451 4938 3680 5014 naribus,
3713 4945 3816 5012 pct-

2191 5011 2486 5086 ceperuut,
2514 5021 2687 5069 veluti
2719 5011 3113 5082 immemores,
3136 5031 3251 5066 suae
3280 5011 3629 5086 captivitatis,
3651 5013 3816 5075 prioris

2191 5079 2325 5143 vero
2371 5079 2487 5141 suie
2537 5088 2744 5140 indolis
2792 5079 3109 5150 memores,
3155 5079 3423 5149 fremunt,
3463 5079 3663 5134 vincula
3698 5085 3817 5127 rum-

2191 5167 2355 5231 punt,
2413 5166 2469 5212 et
2515 5160 2704 5228 ipsum
2734 5157 3081 5231 domitorem.
3131 5156 3411 5231 lacerant:
3441 5153 3513 5206 sic
3541 5153 3694 5204 homo
3728 5155 3816 5231 sai?

2192 5213 2430 5300 briginis
2465 5213 2684 5284 memor
2713 5230 2780 5282 ad
2806 5245 2973 5281 suum
2997 5226 3345 5297 principium
3376 5213 3813 5300 conaturregredi.

2193 5296 2551 5358 Sic'Marlial.
2579 5302 2854 5371 epigram,
2887 5302 2976 5364 75,
3009 5300 3112 5352 lib.
3135 5296 3196 5362 II,
3250 5300 3346 5371 ait,
3380 5298 3586 5349 leonem
3615 5296 3812 5371 cicur‘etn

2195 5375 2471 5441 sanguine
2519 5356 2768 5426 feriiriim
2801 5356 3300 5439 gladiatorumque
3335 5356 3388 5421 in
3423 5380 3594 5441 arena
3629 5356 3814 5441 διῳνω-

2193 5439 2396 5499 theatri
2437 5444 2613 5498 rliuso
2642 5448 2990 5495 commotum
3030 5457 3237 5510 pueros
3260 5439 3520 5492 invasisse
3547 5442 3596 5487 et
3625 5440 3811 5484 misera-

2193 5517 2383 5571 biliter
2406 5518 2463 5569 in
2482 5518 2789 5584 conspectu
2817 5515 3076 5566 omnium
3107 5511 3448 5567 laceravisse.

2381 5603 2609 5653 Verbera
2637 5603 2807 5650 securi
2833 5601 3019 5650 solitus
3050 5601 3131 5649 leo
3159 5599 3292 5647 ferre
3325 5593 3545 5659 magistri

2440 5668 2809 5727 Insertamque
2839 5665 2945 5727 pati
2978 5663 3206 5727 blandus
3244 5663 3297 5710 in
3331 5674 3416 5709 ora
3449 5665 3663 5707 manum.

2378 5728 2638 5779 Dedidicit
2667 5725 2866 5791 pacem]
2898 5725 3072 5775 subito
3098 5725 3301 5774 feritate
3336 5733 3546 5772 reversa.
