3982 6182
153 316 239 367 7‘29
1152 311 1248 367 DE
1285 312 1811 372 CONSOLATIONE
1841 311 2327 372 PHILOSOPHl/E
2361 315 2487 371 LIB.
2521 316 2616 369 Ill.

272 449 324 506 Si
347 465 511 504 cruor
531 447 762 504 horrida
790 448 1026 504 tinxerit
1054 466 1172 520 ora,

271 539 502 596 Resides
531 539 668 593 olim
699 539 944 594 redeunt
973 539 1172 608 animi,

273 627 632 700 Fremituque
662 627 817 699 gravi
845 628 1162 683 meminere
1189 629 1298 692 sui,

269 718 481 774 Laxant
512 717 673 772 nodis
703 718 848 771 colla
879 717 1100 783 solutis,

148 813 200 864 l5
264 807 602 878 Primusque
633 807 784 860 lacer
815 806 985 861 dente
1018 810 1252 862 cruento

265 894 520 952 Domitor
550 895 776 950 rabidas
806 895 1008 950 imbuit
1049 895 1176 950 iras.

269 990 410 1040 183
439 985 576 1049 Quae
607 984 760 1039 canit
789 985 914 1039 altis
945 987 1176 1056 garrula
1198 986 1374 1042 ramis

259 1075 406 1142 Ales,
439 1089 628 1129 cavea:
661 1075 946 1129 clauditur
977 1079 1141 1130 antro
1174 1091 1187 1131 :

259 1163 396 1218 Huic
428 1163 562 1218 licet
590 1163 732 1218 illita
759 1163 963 1234 pocula
989 1165 1181 1231 melle,

137 1257 192 1308 ‘20
257 1253 583 1324 Largasque
616 1253 789 1324 dapes
824 1253 977 1307 dulci
1009 1253 1195 1308 studio

257 1342 478 1396 Ludens
510 1341 811 1396 hominum
851 1358 986 1397 cura
1017 1342 1322 1411 ministret,

251 1432 305 1486 Si
330 1436 548 1499 tamen,
579 1436 734 1486 arcto
770 1431 981 1486 saliens
1012 1437 1186 1501 tecto,

3513 321 3616 375 730

2067 453 2377 508 Nemorum
2399 458 2590 524 gratas
2616 453 2824 509 viderit
2843 455 3099 522 umbras,

2069 543 2300 614 Sparsas
2331 543 2572 613 pedibus
2600 543 2841 614 proterit
2871 560 3046 612 escas,

1921 634 1989 684 25
2067 632 2244 687 Silvas
2271 637 2491 686 tantum
2527 636 2723 687 moesta
2757 632 3021 704 requirit,

2064 720 2242 776 Silvas
2272 721 2422 775 dulci
2455 737 2590 775 voce
2623 726 2900 776 susurrat.

2070 816 2216 864 184
2238 810 2446 864 Validis
2478 811 2767 881 quondam
2798 810 3013 864 viribus
3035 815 3162 866 acta

2061 900 2314 953 Pronum
2336 900 2512 953 flectit
2543 899 2700 969 virga
2722 915 2995 954 cacumen
3029 917 3042 954 :

2064 989 2216 1043 Hanc
2243 988 2288 1042 si
2308 1005 2546 1042 curvans
2569 989 2771 1043 dextra
2798 990 3042 1056 remisit,

1920 1080 1987 1131 30
2062 1079 2235 1133 Recto
2268 1082 2484 1148 spectat
2509 1077 2975 1132 vertice'coelum.

2059 1167 2222 1223 Cadit
2249 1167 2550 1238 Hesperias
2585 1167 2830 1222 Phoebus
2860 1167 2918 1221 in
2951 1167 3174 1236 undas;

2060 1256 2168 1311 Sed
2203 1261 2418 1311 secreto
2451 1256 2680 1310 tramite
2712 1273 2910 1310 rursus

2061 1345 2303 1400 Currum
2337 1345 2531 1399 solitos
2563 1344 2732 1399 vertit
2763 1345 2831 1400 ad
2865 1348 3040 1399 ortus.

1567 1531 2146 1589 INTERPBETATIO.

133 1639 313 1690 minum
344 1635 667 1701 terribilem,
697 1637 843 1691 soliti
875 1635 942 1690 ab
975 1635 1180 1690 eodem
1213 1631 1475 1707 vapulare
1512 1639 1595 1691 :si
1625 1643 1800 1694 tamen

132 1710 348 1774 sanguis,
383 1707 722 1761 verberibus
760 1709 1080 1776 praesertim
1110 1707 1287 1771 fusus,
1312 1709 1568 1763 imbuerit
1603 1711 1804 1778 vultus,

1915 1653 2060 1692 escas
2100 1639 2362 1706 copiosas,
2395 1635 2570 1690 animi
2602 1650 2799 1703 causa;
2839 1635 3035 1690 eadem
3081 1635 3462 1691 nihilominus
3508 1655 3615 1691 vo-

1916 1709 2110 1775 lucris,
2151 1712 2200 1762 si
2247 1713 2482 1774 angusta
2533 1710 2591 1761 in
2637 1707 2790 1761 domo
2845 1724 2946 1760 sua
2989 1709 3218 1774 saltans,
3273 1712 3615 1776 conspemerit

133 1772 305 1833 eorum
333 1772 904 1847 horrendos,spiritus
919 1780 1039 1847 jam
1062 1780 1274 1848 pridem
1302 1784 1460 1835 otiosi
1489 1772 1800 1849 recurrunt,
1848 1772 1886 1825 Β
1916 1772 2134 1835 umbras
2166 1772 2443 1848 jucundas
2473 1781 2756 1845 silvarum,
2799 1779 3073 1833 conculcet
3108 1772 3279 1848 dapes
3311 1772 3610 1848 dispersas,

133 1856 171 1904 et
197 1851 379 1904 leones
406 1865 671 1904 memores
700 1853 807 1914 sui,
840 1865 1116 1922 murmure
1163 1854 1385 1922 ingenti,
1435 1852 1669 1905 liberant
1698 1869 1800 1907 sua

133 1924 264 1988 colla,
290 1923 527 1976 vinculis
556 1925 754 1989 ruptis,
786 1927 834 1975 et
865 1921 984 1990 ipse
1013 1921 1283 1988 dominus,
1323 1925 1536 1992 primus
1591 1925 1801 1979 discer-

129 2000 235 2062 ptus
274 2008 360 2046 ore
401 1993 639 2055 crudeli,
673 1995 842 2046 satiat
884 1994 1100 2059 furores
1131 2008 1293 2048 saevos
1338 1995 1696 2048 eorumdem.
1737 1997 1802 2049 Si

131 2065 353 2127 volucris,
385 2080 512 2132 quae
533 2065 735 2132 loquare
756 2069 977 2118 cantare
993 2065 1137 2118 solet
1158 2067 1214 2118 in
1243 2069 1467 2120 summis
1490 2067 1796 2134 arboribus,

129 2136 402 2189 includitur
434 2151 624 2201 cavea,
678 2135 851 2189 veluti
882 2151 1092 2189 carcere
1121 2151 1140 2187 .'
1172 2141 1422 2205 quamvis
1472 2138 1622 2191 homo
1669 2138 1796 2192 dili-

130 2223 234 2274 gens
268 2207 380 2261 illic
417 2206 736 2276 suppeditet
776 2206 962 2262 eidem
989 2212 1181 2277 potum
1227 2209 1379 2262 melle
1417 2209 1693 2264 conditum
1749 2215 1799 2263 et

1912 1855 2089 1906 tristis
2121 1855 2318 1920 repetit
2347 1852 2518 1904 solum
2537 1851 2727 1914 silvas,
2757 1855 2814 1903 et
2846 1852 3007 1903 suavi
3025 1852 3614 1917 garrulitatemurmu-

1908 1929 1998 1978 rat
2027 1923 2193 1977 silvas
2221 1922 2470 1976 easdem.
2505 1924 2610 1986 Qui
2636 1937 2821 1974 ramus
2849 1923 2976 1976 olim
2994 1927 3207 1976 coactus
3237 1923 3378 1987 forti
3401 1923 3608 1990 robore,

1909 1995 2148 2048 demittit
2177 1995 2251 2047 ad
2273 1999 2446 2047 terras
2475 1997 2723 2047 verticem
2754 1998 3058 2058 curvatum,
3087 1993 3200 2058 hic,
3232 1995 3422 2046 statim
3445 1999 3612 2062 atque

1907 2081 2102 2120 manus
2147 2068 2358 2131 ﬂectens
2392 2067 2609 2120 laxavit
2641 2066 2818 2126 illum,
2861 2067 3084 2131 respicit
3116 2066 3302 2118 caelum
3334 2068 3612 2119 cacumine

1909 2142 2098 2192 erecto.
2132 2138 2222 2191 Sol
2252 2136 2460 2190 labitur
2489 2138 2548 2189 in
2579 2151 2752 2204 aquas
2782 2138 3118 2204 vespertinas
3152 2152 3169 2189 :
3201 2141 3259 2188 at
3291 2138 3488 2190 iterum
3521 2137 3612 2190 de-

1911 2213 2121 2277 torquet
2146 2209 2458 2276 plaustrum
2489 2207 2562 2260 ad
2608 2209 2865 2260 orientem
2901 2212 3208 2261 consuetum
3239 2209 3450 2261 occulta
3479 2209 3601 2262 via.

1744 2337 1963 2394 NOTAE.

290 2435 505 2493 Quanta
536 2447 635 2483 nec
663 2435 716 2482 in
739 2433 946 2497 Libycis
971 2433 1157 2497 debuit
1186 2446 1298 2482 esse
1327 2433 1469 2497 jugis
1507 2449 1518 2482 :

257 2499 382 2546 Nam
415 2497 533 2546 duo
559 2497 624 2545 de
653 2496 1087 2559 tenera’puerilia
1123 2496 1343 2559 corpora
1370 2496 1523 2559 turba

287 2559 653 2622 Sanguineam
684 2558 878 2607 rastris
897 2573 1015 2622 qua:
1046 2558 1350 2622 renovabat,
1372 2558 1613 2616 humum,

261 2621 441 2672 Saevus
474 2627 536 2671 et.
560 2621 742 2670 infelix
775 2621 948 2669 furiali
975 2621 1133 2669 dente
1159 2621 1382 2684 peremit
1415 2637 1426 2670 :

289 2686 478 2734 Martia
509 2698 620 2733 non
650 2684 782 2732 vidit
806 2683 978 2746 majus
1008 2683 1172 2732 arena
1199 2685 1364 2732 nefas.

195 2767 262 2817 l2.
301 2765 529 2819 Resides
577 2765 706 2818 olim
736 2764 959 2818 redeunt
987 2767 1178 2818 animi.
1214 2763 1228 2835 ]
1289 2765 1390 2817 Illa
1430 2763 1643 2819 scilicet
1687 2781 1804 2819 cor-

133 2836 360 2908 puscula,
394 2852 537 2907 quae
571 2840 703 2888 sunt
733 2851 864 2905 pars
894 2835 1192 2908 sanguinis
1237 2836 1525 2908 subtilior,
1559 2852 1806 2908 quaeque

133 2907 402 2960 cerebrum
442 2908 710 2977 ingressa
763 2923 965 2960 nervos
1014 2907 1146 2960 hinc
1177 2911 1399 2960 exortus
1444 2907 1720 2973 subeunt,
1746 2913 1806 2962 ut

1981 2435 2068 2488 22.
2106 2435 2272 2486 Arcto
2324 2431 2524 2484 saliens
2556 2435 2708 2484 tecto.
2741 2427 2765 2501 ]
2817 2431 2876 2484 ln
2908 2433 3074 2497 tecto,
3112 2429 3350 2501 inquam
3378 2472 3390 2496 ,
3424 2446 3540 2484 non
3579 2447 3609 2484 e

1916 2510 2066 2559 tecto
2100 2504 2309 2556 saliens
2345 2518 2357 2555 :
2392 2501 2648 2573 alioquin
2682 2517 2785 2554 nec
2822 2516 3046 2570 sparsas
3075 2502 3308 2571 pedibus
3336 2507 3614 2572 proterere

1913 2591 2080 2640 escas,
2113 2591 2206 2629 nec
2245 2580 2453 2640 maesta,
2486 2589 2578 2626 nec
2616 2575 2785 2628 silvas
2815 2589 2938 2627 voce
2958 2574 3265 2641 susurrare,
3300 2574 3396 2627 sed
3421 2574 3614 2643 potius

1914 2646 2233 2702 deseruisse
2290 2661 2465 2710 escas,
2527 2645 2674 2710 la>ta,
2727 2649 2782 2698 et
2840 2643 2993 2697 silvis
3052 2645 3249 2699 adesse
3307 2644 3610 2700 diceretur.

1915 2719 2198 2772 Nimirum
2246 2732 2414 2770 cavea
2445 2721 2764 2786 caeteraque
2814 2731 3076 2784 corpora,
3121 2716 3329 2786 quibus
3359 2717 3474 2770 ales
3524 2717 3614 2768 in-

1913 2791 2069 2843 clusa
2126 2787 2532 2854 circumdatur,
2598 2787 2676 2839 sic
2721 2791 2946 2839 mutant
2989 2787 3124 2852 vias,
3175 2787 3384 2857 quibus
3431 2787 3612 2840 animi

1915 2860 2030 2914 sive
2084 2859 2319 2930 spiritus
2344 2857 2596 2930 diffundi
2636 2858 2938 2930 solent,_ut
2969 2857 3028 2910 hi
3061 2857 3298 2927 spiritus
3327 2857 3496 2911 otiosi
3524 2857 3614 2930 _vi-

1924 2927 2182 2985 deantur.
2207 2933 2277 2983 At
2302 2929 2398 2982 ubi
2423 2943 2620 2981 recens
2651 2933 2749 2981 aut
2779 2928 2953 2988 color,
2989 2933 3087 2980 aut
3117 2943 3310 2994 sonus,
3345 2934 3440 2981 aut
3471 2927 3615 2982 odor

134 2985 566 3067 t’gnlllfsersfmf
1666 2995 1803 3067 Pr?”
1845 2975 1884 3031 Ο
1924 2975 2182 3056 umbrosi
2214 2999 2468 3054 nemoris
2497 2999 2566 3052 ad
2596 2999 2893 3052 cerebrum
2918 2975 3100 3067 usque
3132 2975 3371 3052 diffusus
3403 3003 3500 3052 aut
3525 3015 3612 3052 ra-

135 3054 240 3118 pter
254 3051 574 3120 quamdam
595 3048 1052 3112 similitudinem,
1074 3065 1247 3120 quam
1266 3049 1479 3103 habent
1500 3065 1626 3103 cum
1644 3055 1810 3105 vento

135 3121 340 3191 ejusque
381 3127 576 3184 motu,
629 3123 805 3174 animi
846 3125 1121 3174 vocantur
1151 3125 1208 3174 et
1251 3123 1502 3189 spiritus.
1559 3122 1752 3192 Virgil.
1790 3137 1806 3176 ι

137 3192 338 3262 Georg,
371 3209 424 3246 v.
460 3194 574 3246 415
606 3211 623 3246 :

268 3282 412 3330 Haud
444 3280 701 3343 equidem
724 3280 901 3335 credo,
932 3280 1054 3343 quia
1083 3280 1151 3328 sit
1179 3279 1434 3329 divinitus
1459 3280 1564 3328 illis

266 3345 573 3405 Ingenium,
601 3347 692 3391 aut
730 3357 903 3391 rerum
947 3343 1050 3390 fato
1081 3343 1357 3405 prudentia
1382 3343 1550 3403 major
1581 3357 1592 3390 :

269 3407 457 3454 Verum
488 3407 584 3455 ubi
607 3410 886 3468 tempestas
916 3409 968 3468 et
993 3405 1112 3468 coeli
1138 3405 1347 3468 mobilis
1372 3405 1565 3453 humor

268 3469 542 3530 Mutavere
568 3468 678 3516 vias
711 3467 728 3514 Ξ
747 3474 794 3516 et
816 3467 1056 3530 Juppiter
1085 3467 1335 3530 humidus
1357 3468 1548 3516 austris

272 3529 486 3601 genset,
517 3534 670 3578 erant
699 3543 817 3601 quae
840 3529 956 3601 rara
977 3529 1154 3588 modo;
1186 3533 1237 3601 et
1260 3543 1379 3601 qua:
1399 3529 1814 3601 deusa,relaxat

269 3593 568 3642 \‘ertuntur
592 3593 793 3654 species
818 3593 1136 3651 animorum,
1173 3596 1225 3640 et
1249 3596 1460 3654 pectora
1490 3597 1666 3641 motus

269 3656 416 3703 Nunc
441 3656 596 3710 alios,
635 3654 766 3717 alios
801 3654 925 3702 dum
957 3654 1142 3703 nubila
1170 3659 1359 3703 ventus
1390 3655 1593 3717 agebat,

269 3717 626 3779 Concipiunt:
656 3716 783 3766 hinc
812 3717 899 3765 ille
929 3717 1107 3764 avium
1138 3716 1510 3765 concentus’in
1541 3717 1697 3779 agris,

267 3780 327 3829 Et
349 3781 490 3830 taetre
528 3781 773 3843 pecudes,
806 3783 858 3828 et
891 3783 1109 3828 ovantes
1138 3783 1351 3842 gutture
1378 3780 1544 3828 corvi.

137 3859 387 3916 Similiter
423 3878 567 3933 ergo
598 3860 681 3914 illi
716 3860 950 3933 spiritus
979 3859 1038 3914 in
1072 3859 1332 3933 leonibus
1356 3859 1647 3933 cicuribus
1677 3875 1811 3933 pro-

139 3935 246 3996 pter
270 3930 523 3998 vincula,
559 3948 716 3985 escas
747 3937 801 3985 et
827 3931 1065 3984 verbera
1097 3948 1128 3984 a
1156 3931 1318 3984 solito
1351 3931 1557 3984 itinere
1604 3930 1682 3984 ita
1711 3931 1814 3985 de-

139 4002 446 4071 llectuntur,
507 4008 572 4056 ut
599 4003 770 4056 otiosi
820 4007 877 4056 et
920 4002 1084 4072 quasi
1124 4002 1340 4055 resides
1384 4002 1705 4056 videantur.
1748 4005 1818 4056 At

139 4088 264 4126 novo
294 4075 600 4144 sanguinis
633 4074 743 4127 fusi
778 4089 878 4127 seu
901 4074 1107 4139 colore,
1147 4089 1248 4144 seu
1278 4074 1470 4137 odore,
1511 4089 1609 4126 seu
1653 4081 1816 4126 utro—

140 4159 234 4211 que
263 4147 362 4198 via:
391 4143 675 4199 hactenus
707 4145 1008 4198 obstructa:
1034 4143 1371 4214 aperiuntur
1403 4161 1414 4196 :
1448 4144 1599 4196 unde
1626 4143 1682 4197 hi
1706 4144 1817 4214 spi-

143 4216 278 4287 ritus.
311 4234 426 4287 qua
452 4218 591 4270 data
628 4221 793 4286 porta
824 4221 1055 4287 ruentes
1085 4216 1195 4269 iter
1221 4232 1251 4268 a
1293 4221 1496 4268 natura
1525 4215 1631 4268 sibi
1663 4231 1815 4284 pras-

140 4286 390 4355 scriptu’m
416 4292 640 4353 tenent,
664 4288 1009 4357 leonemque
1032 4286 1262 4340 insolito
1294 4287 1548 4356 quidem,
1584 4288 1677 4338 sed
1703 4303 1817 4339 non

143 4356 312 4411 minus
344 4360 598 4412 naturali
654 4363 814 4411 motu
863 4356 1224 4411 commovent
1259 4374 1270 4410 :
1309 4357 1438 4411 hinc
1468 4359 1662 4410 leones
1698 4357 1817 4410 fre—

143 4435 303 4493 munt,
335 4433 623 4499 rumpunt
668 4429 911 4492 vincula,
960 4435 1016 4482 et
1063 4431 1248 4499 ipsum
1287 4429 1627 4482 domitorem
1673 4429 1816 4483 lace-

143 4505 251 4552 rant
280 4516 297 4552 :
323 4501 401 4553 ita
442 4505 510 4554 ut
541 4501 633 4554 hic
665 4500 884 4554 dicatur
908 4501 1139 4554 illorum
1181 4504 1294 4554 iras
1341 4501 1578 4554 imbuere
1613 4515 1625 4553 :
1663 4500 1818 4554 Sicut

145 4568 319 4640 Virgil.
346 4573 426 4626 ait
457 4588 536 4625 vri
569 4572 814 4626 iEueid”
848 4587 900 4623 v.
937 4572 1030 4624 541
1067 4586 1080 4624 :

251 4659 500 4708 Promissi
534 4660 632 4708 dea
661 4659 796 4708 facta
822 4664 1025 4722 potens,
1065 4659 1154 4707 ubi
1182 4661 1442 4722 sanguine
1467 4661 1666 4710 bellum

251 4722 444 4770 lmbuit
468 4728 523 4770 et
551 4722 733 4786 prima:
761 4723 1025 4771 commisit
1044 4725 1232 4770 funera
1263 4737 1472 4785 pugnas.

213 4805 279 4874 l7.
325 4804 451 4868 Quae
493 4807 641 4858 canit
681 4845 692 4857 .
734 4845 744 4854 .
784 4803 1002 4874 .ales.]
1047 4805 1115 4856 ll.
1169 4803 1533 4874 Philosophia
1590 4807 1825 4874 propter

148 4873 465 4938 praedictum
518 4876 689 4928 linem
737 4873 1173 4944 argumentatur
1222 4892 1252 4927 a
1299 4873 1644 4940 volucribus,
1693 4891 1820 4944 qua!

147 4944 309 5017 caveis
349 4945 605 5012 inclusae,
660 4946 919 5017 quamvis
969 4945 1047 4998 ibi
1080 4962 1305 4999 summa
1330 4945 1654 5017 hominuui
1687 4961 1823 5000 cura

150 5016 475 5087 nutriantur,
507 5017 663 5070 omni
686 5016 800 5087 quo
829 5022 1070 5087 possunt
1097 5018 1266 5069 modo
1301 5017 1468 5070 silvas
1496 5016 1817 5087 requirunt.

151 5086 258 5158 Ales
295 5103 429 5157 ergo
469 5088 581 5151 hic,
623 5095 683 5141 ut
707 5086 853 5158 pote
887 5104 1015 5158 quae
1049 5087 1118 5140 ab
1149 5088 1251 5140 alis
1291 5094 1546 5152 vocatur,
1581 5086 1673 5142 test
1705 5088 1821 5141 avis

152 5156 238 5229 alis
261 5156 446 5224 utens;
479 5159 693 5229 quippe
723 5156 854 5229 quae
874 5156 942 5212 ad
967 5159 1242 5212 altissima
1270 5175 1448 5228 usque
1479 5161 1600 5212 loca
1633 5175 1824 5213 ascen-

153 5225 266 5280 dere
295 5225 796 5296 solitafdiﬁi‘cilius
827 5231 1045 5283 caeteris
1079 5246 1265 5283 mores
1297 5225 1511 5284 alienos
1541 5230 1745 5284 induit.

219 5301 289 5352 l8.
332 5301 514 5354 Cavea
558 5302 838 5356 clauditur
870 5302 1091 5370 antro.]
1124 5302 1303 5354 Cavea
1361 5302 1678 5369 generatim
1739 5306 1823 5355 est

155 5370 373 5435 quilibet
404 5374 559 5424 locus
603 5378 827 5426 cavatus
859 5373 1273 5444 obscurusque,
1307 5372 1398 5425 hic
1431 5379 1622 5425 autem
1651 5389 1822 5427 caveae

155 5446 268 5513 sunt
297 5457 566 5508 carceres,
605 5445 815 5513 quibus
859 5460 988 5496 aves
1019 5444 1334 5512 praisertim
1389 5444 1679 5497 includere
1729 5460 1819 5497 so-

157 5505 341 5584 leuius,
375 5505 561 5583 vulgo.
592 5505 681 5568 (les
709 5531 891 5581 cages:
926 5505 1105 5568 voluit
1149 5531 1279 5568 vero
1333 5515 1701 5584 Philosophia
1732 5532 1820 5568 ra-

158 5583 244 5632 mis
273 5585 493 5648 allis,in
527 5586 728 5655 quibus
759 5588 872 5639 ales
905 5589 1122 5654 garrire
1150 5587 1311 5648 solet,
1339 5583 1628 5657 opponere
1651 5602 1822 5639 caveae

159 5657 354 5706 antrum
365 5694 378 5718 ,

472 5672 545 5727 uo
592 5659 703 5710 ales
753 5658 1086 5719 includitur,
1155 5663 1218 5712 ut
1266 5659 1448 5727 magis
1495 5658 1820 5726 denotaret,

161 5729 420 5790 quantum

487 5726 539 5780 ie
561 5728 709 5783 alitis
732 5733 911 5783 status
935 5745 968 5782 a
991 5728 1243 5784 naturali
1273 5726 1462 5784 distet.

1920 3091 2051 3127 rum
2103 3072 2379 3140 deusavit,
2423 3075 2520 3124 aut
2566 3068 2839 3123 relaxavit
2886 3070 3149 3136 densum,
3203 3074 3338 3122 tunc
3379 3069 3614 3122 mutatis

1921 3145 2203 3198 meatibus
2233 3146 2533 3196 vertuntur
2560 3157 2758 3194 cursus
2798 3141 3140 3204 animorum,
3193 3140 3274 3193 ita
3308 3145 3371 3194 ut
3427 3141 3515 3193 his
3557 3145 3614 3193 et

1921 3217 2025 3269 ala:
2061 3215 2129 3268 ad
2153 3214 2496 3279 saltandum,
2534 3218 2590 3265 et
2616 3211 2786 3282 pedes
2811 3211 2876 3264 ad
2920 3211 3290 3281 proterendas
3337 3227 3512 3276 escas,
3560 3217 3616 3264 et

1921 3288 2100 3340 fames
2134 3286 2204 3339 ad
2235 3283 2612 3338 susurrandas
2655 3283 2822 3336 silvas
2851 3288 3342 3336 commoveantur.
3377 3283 3538 3337 Ovid.
3575 3283 3611 3336 l.

1922 3374 1965 3412 II
2001 3357 2070 3410 de
2097 3359 2296 3424 Ponto,
2331 3356 2475 3425 eleg.
2501 3356 2533 3406 4
2561 3370 2573 3407 :

2048 3482 2176 3530 Cum
2209 3481 2340 3529 bene
2372 3479 2439 3527 sit
2467 3479 2660 3527 clauem
2683 3492 2842 3526 cavea
2867 3477 3139 3526 Pandione
3166 3481 3322 3533 natas,

2109 3543 2304 3591 Nititur
2334 3542 2387 3589 in
2419 3541 2576 3590 silvas
2604 3554 2827 3604 quaeque
2849 3540 3019 3588 redire
3049 3554 3190 3588 suas.

1993 3663 2082 3713 27.
2144 3658 2354 3712 Validis
2400 3657 2610 3711 viribus
2659 3661 2784 3710 acta
2821 3653 3047 3725 virga.]
3101 3657 3197 3709 lll.
3252 3653 3619 3725 Philosophia

1925 3731 2262 3812 praedic-turn
2287 3729 2360 3783 ob
2401 3729 2574 3782 linem
2597 3732 3110 3812 argumentatura
3143 3727 3373 3798 plantis,
3401 3726 3618 3812 quibus

1924 3798 2072 3856 inest
2100 3801 2178 3853 vis
2203 3801 2316 3866 illa,
2351 3815 2522 3870 quam
2559 3798 2883 3870 philosophi
2903 3800 3179 3852 elasticam
3212 3803 3438 3870 vocant,
3463 3803 3618 3850 vertu

1925 3874 1990 3927 de
2013 3878 2246 3940 ressort;
2297 3868 2654 3942 qu'mque‘iu
2709 3870 2815 3942 hoc
2872 3875 3146 3942 versatur,
3206 3868 3382 3942 quod
3414 3884 3620 3939 corpus

1925 3940 2329 4014 compressum'
2352 3947 2644 4014 tensumve
2677 3941 2839 4014 ultro»
2868 3941 3126 4014 citroque
3152 3956 3267 4014 qua
3309 3940 3499 3993 minus
3528 3956 3619 4014 re-

1926 4010 2164 4079 sistitur,
2206 4013 2352 4066 facta
2394 4012 2654 4066 libertate
2691 4011 2924 4064 resiliat.
2971 4012 3101 4065 Haec
3150 4011 3328 4065 virtus
3375 4010 3621 4063 occurrit

1925 4103 2041 4140 non
2074 4086 2258 4138 solum
2310 4085 2367 4138 in
2399 4083 2742 4154 quibusdam
2801 4083 3306 4154 metallis,gverum
3339 4082 3511 4154 etiam
3559 4081 3619 4134 in

1928 4157 2188 4228 pluribus
2229 4153 2438 4225 plantis
2471 4172 2485 4208 :
2518 4171 2696 4228 quare
2727 4155 2771 4228 si
2806 4155 2966 4223 virga
2997 4153 3168 4228 hujus
3204 4153 3434 4228 generis
3478 4157 3620 4228 recto

1926 4223 2174 4297 spectans
2203 4223 2401 4279 vertice
2431 4223 2640 4292 crelum,
2674 4226 2744 4279 ad
2779 4231 2986 4297 terram
3012 4223 3486 4297 maj_ori_dezvterz
3505 4223 3618 4297 vir:

1928 4294 2048 4353 tute
2093 4303 2377 4362 curvetur,
2413 4297 2635 4364 eadem,
2686 4298 2832 4352 facta
2880 4295 3163 4349 redeundi
3211 4295 3502 4360 facultate,
3551 4294 3620 4347 ad

1928 4371 2133 4424 caelum
2168 4371 2425 4422 recurrit.

1998 4453 2083 4504 3|.
2159 4449 2316 4506 leit
2360 4450 2633 4516 hesperias
2686 4448 2908 4502 thbus
2951 4449 3008 4500 in
3067 4447 3265 4513 undas,
3336 4442 3476 4516 etc.]
3522 4445 3612 4499 IV.

1933 4521 2301 4591 Philosophia
2349 4521 2495 4574 hanc
2541 4520 2613 4573 ob
2654 4535 2879 4573 causam
2926 4521 3360 4591 argumentatur
3413 4534 3450 4591 a
3479 4517 3619 4578 sole,

1931 4609 2103 4662 quem
2137 4588 2320 4661 poetae
2352 4591 2684 4644 fabulantur
2715 4591 3068 4644 occidentem
3101 4607 3220 4643 sese
3250 4589 3308 4642 in
3341 4588 3520 4662 undas
3549 4607 3624 4641 ze-

1931 4659 2173 4734 quoreas
2227 4663 2488 4729 condere,
2553 4666 2616 4716 ut
2662 4662 2896 4734 pulvere
2952 4662 3283 4732 caeterisque
3339 4659 3621 4734 sordibus,

1931 4731 2072 4804 quas
2119 4750 2222 4803 per
2267 4735 2419 4788 diem
2468 4733 2832 4799 contraxerit,
2875 4738 3167 4802 purgatus,
3203 4731 3376 4785 mane
3423 4731 3624 4800 purior

1930 4805 2164 4858 oriatur.
2199 4804 2480 4873 Hesperiae
2514 4804 2681 4857 unda:
2717 4804 2831 4856 sive
2869 4807 3207 4872 vespertinae
3252 4804 3522 4857 dicuntur
3552 4805 3622 4858 ab

1931 4878 2202 4946 Hespero,
2237 4875 2352 4928 sive
2397 4875 2578 4946 stella,
2618 4891 2746 4944 quae
2791 4874 2978 4942 prima
3029 4880 3152 4944 post
3184 4890 3445 4928 occasum
3489 4876 3622 4931 solis

1929 4945 2095 5001 nobis
2143 4951 2403 5016 apparet.
2450 4945 2696 4999 Phaabus
2744 4961 2899 5016 vero,
2947 4946 3029 4997 sol
3098 4946 3308 4999 dicitur
3354 4963 3385 4998 a
3429 4946 3646 5004 Graeco

1931 5017 2132 5090 φοῖβος,
2167 5015 2505 5086 splendidus,
2540 5023 2600 5090 ut
2625 5015 2833 5090 smpius
2861 5015 3127 5090 dirimus.

1999 5083 2086 5141 3'2.
2120 5083 2338 5144 Secreto
2385 5089 2621 5142 tramite.
2656 5085 2669 5156 l
2705 5083 2800 5138 Via
2849 5086 3084 5155 quippe,
3121 5101 3241 5156 qua?
3284 5086 3367 5138 sol
3400 5083 3478 5156 ab,
3509 5097 3624 5156 _oc-

1929 5177 2059 5213 casu
2095 5160 2161 5213 ad
2191 5165 2380 5213 ortum
2429 5154 2668 5224 remeat,
2702 5154 2898 5226 ignota
2929 5154 3032 5224 est,
3070 5154 3336 5211 omnibus
3387 5154 3622 5226 quidem

1928 5231 2281 5298 hominibus,
2337 5246 2478 5300 quos
2529 5227 2636 5300 sibi
2678 5224 2749 5282 ei
2796 5229 3030 5282 adverso
3064 5232 3277 5300 stantes
3324 5224 3625 5300 antipodas

1929 5303 2120 5356 caeteri
2169 5295 2429 5354 homines
2475 5299 2688 5354 habent
2723 5316 2734 5352 :
2767 5301 2918 5374 quod
2954 5301 3036 5353 sol
3073 5299 3160 5374 his
3205 5299 3316 5352 illis
3346 5295 3623 5374 hominis

1928 5375 2036 5428 bus
2065 5374 2232 5426 simul
2264 5389 2380 5426 non
2413 5377 2703 5442 appareat,
2735 5371 2828 5425 sed
2862 5370 3179 5442 praesertim
3207 5369 3421 5442 poetis,
3442 5369 3541 5438 qui
3571 5371 3627 5420 et

1930 5445 2284 5499 occidentem
2314 5439 2503 5497 solem'
2528 5444 2585 5496 in
2619 5460 2792 5513 aquas
2825 5439 3224 5514 principitare,‘
3253 5446 3310 5495 et
3340 5439 3620 5495 orientem

1929 5516 1998 5570 ab
2039 5516 2237 5568 iisdem
2269 5516 2432 5585 aquis
2463 5531 2810 5584 consurgere
2843 5515 3224 5585 mentiuntur.

2001 5590 2087 5640 33.
2136 5581 2365 5642 Currum
2415 5588 2596 5640 solitos
2651 5581 2812 5640 vertit
2867 5587 2941 5639 ad
2985 5584 3198 5654 ortus.]
3248 5585 3388 5637 Nam
3427 5583 3508 5637 sol
3556 5581 3626 5637 ab

1928 5657 2129 5711 iisdem
2149 5658 2331 5728 poetis
2359 5658 2484 5712 vehi
2511 5657 2748 5728 fingitur
2768 5673 2958 5723 curru,
2983 5657 3144 5728 cujus
3160 5656 3276 5710 sint
3292 5656 3433 5722 axis,
3457 5661 3624 5720 rotae,

1929 5728 2082 5800 equi.
2117 5729 2278 5784 Ovid.
2320 5745 2362 5783 ιι
2397 5730 2640 5795 Metam,
2669 5744 2717 5782 v.
2757 5731 2862 5783 63:
