3982 6182
320 269 416 321 731

472 403 615 455 185
647 398 933 469 Repetunt
964 397 1228 469 proprios
1268 412 1512 468 quaeque
1543 412 1829 465 recursus,

324 490 391 541 35
468 486 792 558 Redituque
824 504 928 541 suo
960 487 1189 558 singula
1218 486 1491 557 gaudent.

468 578 581 632 Nec
610 580 805 631 manet
827 576 929 630 ulli
960 576 1205 630 traditus
1238 576 1397 639 ordo,

467 665 585 720 Nisi
617 666 767 738 quod
795 665 897 721 ﬁni
925 667 1185 736 junxerit
1214 673 1427 731 ortum,

466 756 857 828 Stabilemque
882 756 967 810 sui
997 756 1196 810 fecerit
1228 756 1444 810 orbem.

896 850 1041 900 186
1072 846 1301 901 PROSA
1340 845 1437 901 lll.

321 936 723 990 Aneuuenrnu.
756 964 825 975 —
857 935 1223 1003 Philosophia,
1250 935 1395 1000 quod
1434 934 1689 988 hactenus
1721 937 2018 1000 generatim

393 1007 662 1075 probavit,
692 1007 753 1060 id
773 1006 1023 1075 deinceps
1053 1008 1338 1074 speciatim
1363 1007 1670 1075 probatura
1692 1006 1756 1060 de
1781 1008 2016 1073 divitiis,

395 1078 780 1144 dignitatibus,
826 1093 1012 1145 regno,
1044 1079 1221 1145 gloria
1257 1082 1308 1131 et
1345 1079 1889 1145 voluptatibus,‘tam
1932 1092 2017 1133 so-

397 1151 513 1204 luta
568 1165 732 1218 quam
777 1153 971 1204 stricta
1014 1154 1273 1214 oratione,
1325 1149 1391 1202 de
1433 1150 1518 1202 his
1566 1151 1790 1215 scilicet,
1833 1165 2017 1203 veram

389 1224 835 1290 propositionem,
874 1226 931 1274 at
968 1222 1171 1285 falsum
1198 1223 1619 1289 assumptionem
1645 1222 1785 1288 fieri,
1820 1222 2018 1288 incipit

393 1309 428 1345 a
452 1293 686 1357 divitiis,
719 1307 854 1359 quas
886 1292 1217 1345 demonstrat
1245 1308 1353 1345 non
1377 1306 1487 1345 esse
1505 1306 1771 1346 summum
1794 1291 2011 1359 bonum,

392 1369 613 1432 propter
637 1366 990 1428 anmietatem,
1011 1366 1274 1430 timorem,
1306 1368 1629 1431 caeterasque
1644 1363 2015 1431 perturbatio-

394 1450 484 1489 nes
516 1436 713 1503 quibus
744 1438 1092 1488 comitantur.

394 1524 503 1577 Vos
535 1539 763 1595 quoque
799 1540 831 1577 ο
864 1524 877 1557 ί
911 1535 936 1563 ε
971 1528 1196 1576 terrena
1241 1521 1538 1590 animalia,
1569 1523 1588 1556 ²
1624 1525 1648 1565 b
1686 1520 1845 1576 tenui
1882 1520 2017 1576 licet

322 1611 599 1682 imagine,
632 1617 653 1647 ³
691 1616 945 1666 vestrum
974 1612 1186 1682 ﬂamen
1233 1610 1585 1682 principium
1632 1622 1654 1647 °
1697 1609 2011 1677 somniatis,

324 1699 349 1736 ³
372 1718 688 1772 verumque
717 1702 881 1756 illum
914 1700 1284 1756 beatitudinis
1318 1700 1514 1767 ﬁnem,
1560 1700 1582 1733 ⁸
1612 1699 1745 1753 licet
1778 1699 2019 1752 minime

322 1789 658 1861 perspicaci,
682 1790 1068 1861 qualicunque
1091 1794 1282 1844 tamen
1300 1788 1645 1860 cogitatione
1664 1786 2015 1860 prospicitis,

324 1895 509 1951 eoque
538 1896 655 1945 vos,
679 1885 735 1933 et
754 1880 778 1913 δ
799 1881 867 1934 ad
891 1896 1089 1934 verum
1115 1880 1329 1935 bonum
1352 1878 1629 1934 naturalis
1649 1879 1806 1933 ducit
1826 1877 2015 1931 inten-

323 1969 417 2031 tio,
456 1974 596 2024 181
632 1971 729 2023 et"
761 1969 830 2024 ab
862 1970 1062 2024 eodem
1080 1969 1379 2041 multiplex
1410 1985 1570 2023 error
1597 1969 1845 2023 abducit.
1875 1968 2017 2021 Con-

324 2058 513 2113 sidera
542 2074 793 2130 namque
817 2076 887 2114 an
915 2076 1018 2130 per
1031 2076 1097 2114 ea
1110 2059 1318 2128 quibus
1347 2059 1680 2116 sehomines
1705 2059 2017 2128 adepturos

323 2148 734 2203 beatitudinem
792 2153 1016 2219 putant,
1059 2149 1130 2204 ad
1177 2148 1524 2204 destinatum
1575 2149 1752 2204 ﬁnem
1790 2148 2017 2202 valeant

1649 266 1763 320 ΑΝ.
1804 266 1993 321 MANL
2006 306 2019 321 .

2069 265 2217 323 SEV.
2262 265 2491 321 BOETII
3686 267 3774 318 73‘2

2046 403 2091 455 Α
2119 397 2456 469 pervenire?
2480 396 2537 453 Si
2563 396 2720 451 enim
2752 396 2840 450 vel
2869 394 3134 466 pecunia,
3170 394 3257 449 vel
3283 394 3545 460 honores,
3568 399 3776 449 caetera-

2130 503 2242 558 que
2272 487 2384 540 tale
2410 486 2549 557 quid
2590 485 2858 552 atl'erunt,
2894 484 2986 539 cui
3017 483 3160 538 nihil
3190 483 3468 537 bonorum
3511 483 3692 539 abesse
3714 484 3781 537 vi.

2128 577 2351 643 deatur,
2386 592 2491 631 nos
2524 591 2754 647 quoque
2786 577 2853 645 (5)
2885 575 3168 629 fateamur
3199 573 3318 629 ﬁeri
3354 574 3570 644 aliquos
3598 574 3780 627 horum

2127 666 2431 736 adeptione
2466 664 2677 719 felices.
2738 665 2901 729 Quod
2958 664 3005 718 si
3046 679 3231 734 neque
3275 663 3331 717 id
3364 663 3548 716 valent
3586 662 3783 716 efﬁcere

2129 755 2281 827 quod
2316 753 2680 826 promittunt,
2723 754 3004 825 bonisque
3051 752 3313 824 pluribus
3361 758 3569 817 carent,
3620 768 3783 806 nonne

2124 842 2153 881 δ
2176 845 2395 915 liquido
2424 845 2564 899 falsa
2596 843 2653 897 in
2689 843 2770 897 eis
2808 842 3181 898 beatitudinis
3224 841 3441 913 species
3486 839 3783 911 deprehen-

2128 934 2320 987 ditur?
2350 932 2373 965 ⁸
2390 933 2651 987 Primum
2671 932 2850 1003 igitur
2878 936 2934 986 te
2956 932 3169 1002 ipsum,
3195 930 3294 1001 qui
3326 930 3498 1000 paulo
3523 936 3645 983 ante
3666 929 3785 982 divi-

2126 1023 2220 1078 tiis
2250 1022 2542 1089 afﬂuebas,
2576 1022 2889 1092 interrogo.
2919 1019 2942 1054 9
2964 1023 3120 1074 Inter
3140 1020 3265 1076 illas
3293 1018 3788 1073 abundantissimas

2127 1129 2265 1183 opes
2298 1126 2695 1182 numquamne
2743 1111 3003 1164 animum
3032 1114 3196 1164 tuum
3240 1114 3515 1179 concepta
3556 1124 3620 1162 ex
3666 1124 3786 1177 qua-

2127 1204 2266 1257 libet
2294 1202 2407 1273 (10)
2455 1201 2667 1271 injuria
2704 1200 2967 1255 confudit
3008 1199 3297 1254 anxietas?
3326 1198 3521 1269 Atqui,
3556 1198 3787 1266 inquam,

2126 1296 2243 1345 tam
2284 1290 2468 1345 libero
2512 1306 2605 1345 me
2650 1290 2824 1345 fuisse
2870 1290 3086 1354 animo,
3137 1288 3277 1357 quin
3335 1286 3550 1357 aliquid
3591 1302 3790 1355 semper

2123 1406 2146 1433 θ
2177 1384 2430 1449 angeret,
2463 1378 2753 1433 reminisci
2784 1394 3031 1449 nequeo.
3074 1380 3274 1432 Nonne
3299 1376 3438 1446 quia
3467 1376 3551 1428 vel
3595 1376 3788 1437 aberat,

2125 1469 2274 1540 quod
2306 1469 2501 1523 abesse
2533 1484 2648 1521 non
2680 1468 2881 1534 velles;
2922 1468 3009 1520 vel
3043 1468 3259 1535 aderat,
3292 1466 3449 1536 quod
3479 1465 3668 1518 adesse
3700 1481 3787 1517 no-

2127 1558 2368 1614 luisses?
2422 1559 2506 1613 Ita
2541 1562 2646 1623 est,
2692 1557 2950 1629 inquam.
3012 1556 3170 1610 lllius
3206 1555 3385 1627 igitur
3434 1553 3790 1627 praesentiam,

2128 1648 2299 1718 hujus
2350 1647 2670 1702 absentiam
2726 1646 3107 1701 desiderabas.
3189 1644 3496 1711 Conﬁteor,
3560 1643 3790 1714 inquam.

2128 1737 2268 1807 Eget
2312 1752 2469 1803 vero,
2523 1735 2731 1807 inquit,
2781 1751 2848 1789 eo
2886 1735 3038 1807 quod
3069 1734 3314 1805 quisque
3368 1734 3481 1800 (15)
3514 1731 3790 1787 desiderat.

2128 1828 2284 1898 Eget,
2315 1826 2575 1897 inquam.
2613 1825 2720 1890 Qui
2752 1841 2885 1879 vero
2910 1828 3039 1895 eget
3060 1825 3277 1895 aliquo,
3312 1839 3458 1876 num
3490 1826 3574 1875 est
3601 1836 3786 1891 usque-

2127 1932 2354 1987 quaque
2398 1915 2505 1969 sibi
2553 1915 2673 1986 ipse
2731 1913 3056 1969 sufﬁciens?
3106 1913 3358 1981 Minime,
3412 1912 3663 1983 inquam.
3715 1912 3785 1965 Tu

2125 2004 2319 2075 itaque
2378 2006 2526 2059 hanc
2568 2002 3033 2059 insufﬁcientiam
3070 2002 3297 2073 plenus,
3343 1999 3555 2072 inquit,
3609 1998 3789 2070 opibus

2127 2093 2487 2149 sustinebas?
2517 2093 2665 2158 Quid
2707 2093 2804 2147 ni?
2834 2093 3091 2164 inquam.
3126 2092 3274 2163 Opes
3313 2090 3493 2161 igitur
3521 2088 3689 2143 nihilo
3717 2089 3787 2141 in-

2060 1689 2099 1742 Β

1770 2266 1929 2322 INTE
1939 2264 2363 2321 RPRETATIO.

326 2388 520 2443 Omnia
550 2389 838 2457 requirunt
875 2403 1149 2456 regressus
1182 2404 1328 2457 suos,
1359 2394 1410 2443 et
1451 2394 1643 2444 cuncta
1683 2390 2022 2444 delectantur

324 2474 548 2514 recursu
565 2474 680 2515 suo.
707 2459 849 2515 Ordo
878 2462 1168 2526 unicuique
1210 2463 1289 2513 rei
1316 2462 1671 2529 prwscriptus
1701 2476 1808 2515 non
1839 2476 2021 2515 serva-

326 2535 437 2594 tur,
461 2532 573 2584 nisi
603 2531 712 2585 haec
750 2533 1093 2598 coniunxerit
1139 2547 1307 2584 suum
1332 2532 1497 2598 ﬁnem
1521 2546 1641 2586 cum
1680 2547 1784 2587 suo
1810 2534 2018 2602 princi-

320 2603 416 2670 pio
434 2606 486 2655 et
504 2602 695 2665 fecerit
721 2602 981 2655 circulum
1008 2603 1097 2656 sui
1125 2606 1478 2657 constantem.

395 2680 421 2707 ⁸
456 2673 735 2727 Homines.

2203 2416 2225 2451 ι,
2267 2389 2510 2447 Obscura
2536 2390 2786 2459 quamvis
2817 2388 3162 2455 cogitatione.

2200 2473 2223 2502 ο
2262 2461 2549 2527 Cogitatis.

2200 2534 2225 2575 ἀ
2265 2532 2576 2587 Evidenter.

2194 2610 2216 2637 °
2256 2602 2559 2659 Cruciaret.

1958 2746 2154 2802 NOTAE
2168 2787 2178 2799 .

447 2892 625 2957 Ardua
658 2894 829 2957 prima
858 2893 941 2957 via
970 2896 1067 2957 est,
1098 2898 1151 2943 et
1174 2893 1391 2957 quaqvix
1422 2907 1577 2943 mane
1601 2898 1838 2943 recentes

450 2955 738 3005 Enituntur
766 2956 919 3018 equi;
952 2956 1127 3005 medio
1156 2955 1236 3005 est
1254 2955 1511 3005 altissima
1539 2957 1732 3005 caelo...

452 3018 832 3091 yltima‘prona
865 3019 946 3066 via
966 3021 1062 3078 est,
1094 3024 1146 3091 et
1169 3022 1289 3091 eget
1319 3020 1691 3091 moderamine.
1711 3024 1871 3069 certo.

449 3082 595 3145 Tunc
623 3081 781 3130 etiam
809 3095 925 3143 qua:
952 3094 1034 3130 me
1062 3081 1316 3145 subjectis
1346 3082 1540 3145 excipit
1566 3082 1723 3131 undis

451 3144 524 3193 Ne
551 3144 688 3192 ferar
710 3144 763 3192 in
796 3157 1027 3207 praeceps
1060 3143 1254 3207 Tethys
1284 3144 1417 3193 solet
1442 3143 1554 3207 ipsa
1579 3144 1765 3193 vereri.

398 3252 484 3305 34.
522 3254 785 3321 Repetunt
807 3256 1063 3320 proprios
1090 3267 1312 3321 quaeque
1352 3268 1624 3317 recursus,
1676 3258 1779 3305 etc.
1818 3251 1835 3323 ]
1889 3254 2015 3306 Sin-

330 3323 466 3393 gula
510 3328 790 3377 conantur
837 3324 903 3376 ad
933 3339 1086 3390 eum,
1120 3323 1272 3376 unde
1322 3323 1577 3393 digressa
1607 3330 1760 3387 sunt,
1804 3328 2018 3377 statum

327 3408 644 3464 recurrere,
678 3394 897 3464 hocque
922 3399 1074 3447 statu
1090 3400 1422 3462 recuperato
1437 3395 1607 3447 veluti
1625 3394 1880 3463 gaudent
1902 3411 1915 3447 :
1941 3394 2019 3447 sic

330 3462 524 3517 bestia!
563 3463 785 3534 priores
804 3462 1033 3527 “mores,
1070 3466 1281 3532 plantae.
1326 3462 1750 3535 prioressitus,
1783 3466 1865 3517 sol
1900 3467 2020 3535 ipse

328 3535 581 3604 priorem
630 3535 815 3587 locum
856 3540 1123 3604 appetere
1154 3540 1208 3587 et
1240 3541 1518 3603 quantum
1564 3534 1620 3587 in
1652 3551 1711 3588 se
1752 3542 1837 3589 est
1864 3534 2023 3606 repe-

330 3609 450 3659 tere
481 3606 724 3660 videtur.
764 3606 1030 3660 Horatius
1063 3605 1245 3674 Epist.
1284 3606 1320 3659 l.
1356 3621 1399 3671 ι,
1428 3622 1517 3676 ep.
1558 3608 1619 3659 lO
1648 3621 1660 3659 :

455 3690 711 3760 Naturam,
735 3710 969 3773 expelles
992 3710 1158 3767 furca,
1186 3713 1363 3759 tamen
1393 3724 1561 3775 usque
1587 3715 1839 3761 recurret.

403 3822 489 3891 38.
539 3819 904 3891 Stabilemque
931 3821 1017 3873 sui
1052 3820 1245 3891 fecerit
1275 3819 1498 3891 orbem]
1532 3821 1603 3874 Ut
1634 3836 1781 3873 unus
1823 3820 1897 3874 sit
1923 3836 2021 3875 cu-

323 3889 563 3959 juslibet
597 3890 677 3942 rei
706 3890 766 3943 in
796 3906 960 3944 suum
994 3890 1341 3961 principium
1386 3889 1694 3945 remeantis
1731 3892 2021 3946 circuitus.

334 3960 424 4016 Sic
467 3961 849 4015 Ecclesiastaei
883 3978 895 4014 :
946 3963 1136 4018 Oritur
1168 3964 1250 4017 sol
1283 3966 1334 4016 et
1374 3963 1590 4029 occidit,
1636 3967 1686 4015 et
1736 3964 1811 4016 ad
1849 3964 2022 4017 locum

330 4047 487 4086 suum
506 4034 796 4085 revertitur
826 4048 838 4085 :
874 4033 1057 4101 ibique
1075 4048 1358 4088 renascens
1388 4039 1550 4101 gyrat
1578 4050 1678 4102 per
1703 4035 2005 4097 meridiem,

331 4108 381 4157 et
407 4105 641 4169 ﬂectitur
671 4103 744 4156 ad
773 4106 1097 4168 aquilonem.
1130 4106 1391 4159 Lustrans
1418 4105 1676 4161 universa
1704 4103 1763 4157 in
1789 4108 2024 4158 circuitu

326 4176 510 4243 pergit
536 4176 786 4242 spiritus,
812 4181 861 4228 et
882 4177 938 4228 in
965 4177 1193 4230 circulos
1214 4191 1337 4229 suos
1363 4180 1673 4229 revertitur.
1708 4176 1903 4231 Omnia
1922 4178 2023 4243 ﬂu-

331 4249 480 4299 mina
508 4247 721 4299 intrant
750 4247 807 4299 in
836 4262 984 4300 mare
1016 4252 1066 4300 et
1095 4263 1245 4301 mare
1274 4262 1379 4300 non
1405 4247 1698 4311 redundat,
1730 4247 1804 4300 ad
1830 4248 2019 4312 locum,

329 4315 473 4370 unde
508 4322 725 4382 exeunt,
756 4320 983 4385 ﬂumina
1009 4323 1376 4382 revertuntur,
1404 4324 1463 4370 ut
1494 4321 1687 4370 iterum
1707 4321 1899 4385 ﬂuant.

404 4388 587 4458 Atque
618 4404 682 4441 ex
714 4389 800 4441 his
838 4390 1107 4442 omnibus
1155 4388 1519 4457 Philosophia
1563 4389 2022 4442 concludendum

332 4457 608 4529 relinquit
636 4458 898 4513 homines
929 4477 961 4513 a
994 4461 1104 4513 Deo
1154 4466 1428 4530 tanquam
1461 4475 1493 4511 a
1525 4459 1811 4529 principio
1846 4466 2020 4525 ortos,

336 4531 643 4598 quemdam
677 4530 763 4583 sui
796 4532 993 4585 orbem
1029 4531 1298 4595 facturos,
1348 4530 1527 4583 instar
1556 4538 1916 4595 czeterorum,
1954 4531 2023 4582 ad

336 4600 516 4653 Deum
555 4605 831 4671 tanquam
863 4604 929 4654 ad
962 4618 1131 4654 suum
1162 4601 1336 4655 ﬁnem
1368 4617 1681 4654 recurrere.

336 4672 708 4795 (ru-Terrena
747 4673 1030 4727 animalia.
1060 4672 1078 4741 ]
1113 4674 1362 4727 Homines
1418 4673 1575 4727 rebus
1636 4678 1861 4726 terrenis
1919 4673 2023 4725 ad-

376 4756 424 4795 u:
452 4757 491 4794 i.

376 4742 491 4795 icti.

408 4815 431 4847 ⁸
474 4814 639 4885 Tenui
684 4812 993 4885 imagine.]
1036 4814 1220 4884 Specie
1253 4817 1366 4869 sive
1414 4815 1539 4868 idea
1586 4817 1849 4884 ingenita,
1900 4830 2029 4885 quae

335 4884 594 4952 corporis
623 4886 899 4939 consortis
931 4884 1406 4955 impressiouibus
1433 4886 1791 4940 obscuratur.

406 4955 429 4987 ³
494 4956 748 5028 Vestrum
784 4959 1123 5028 principium
1164 4956 1497 5028 somniatis.]
1550 4960 1713 5011 Deum
1762 4958 2025 5023 obscure,

339 5025 520 5079 instar
566 5025 1000 5093 somniantium,
1051 5029 1368 5099 percipitis,
1414 5025 1557 5081 sicut
1593 5028 1715 5097 jam
1747 5028 2030 5098 explicui-

337 5112 485 5151 mus.

408 5172 441 5241 δέ
460 5171 761 5239 Verumque
781 5167 988 5241 ﬁnem]
1012 5170 1078 5223 Ut
1096 5170 1461 5225 homoinstar
1474 5175 1811 5225 caaterarum
1837 5186 2029 5241 rerum

336 5240 584 5312 stabilem
612 5242 701 5294 sui
719 5243 895 5307 faciat
924 5240 1120 5312 orbem,
1155 5257 1382 5295 necesse
1423 5246 1506 5295 est
1527 5247 1590 5295 ut
1618 5242 1773 5312 quod
1798 5241 1906 5295 fuit
1948 5240 2031 5295 illi

337 5311 711 5436 principium,
744 5312 895 5366 idem
931 5311 1004 5365 sit
1034 5310 1164 5364 finis
1194 5311 1483 5382 cogitandi
1520 5330 1531 5366 :
1565 5310 1944 5384 quamobrem
1988 5313 2034 5366 si

381 5399 531 5436 omo.
580 5384 817 5436 obscure
862 5383 1086 5436 saltem.
1132 5398 1301 5435 suum
1347 5390 1617 5436 agnoscat
1659 5383 2029 5436 principium.

381 5399 531 5454 omo,
580 5384 817 5437 obscure
862 5383 1086 5449 saltem,
1132 5398 1301 5454 suum
1347 5383 1617 5453 agnoscat
1659 5383 2029 5454 principium,

340 5452 495 5507 idem
535 5454 728 5521 homo,
770 5454 1009 5508 obscure
1042 5453 1275 5523 pariter,
1312 5452 1481 5508 suum
1515 5452 1689 5508 ﬁnem
1726 5452 2035 5524 cognoscat

344 5538 576 5578 necesse
606 5530 707 5578 est.

414 5592 436 5627 ⁵
484 5596 631 5649 Licet
658 5597 881 5649 minime
922 5597 1249 5665 prespicaci,
1283 5595 1647 5664 qualicunque
1676 5602 1853 5651 tamen
1889 5598 2033 5665 cogi-

349 5666 593 5736 tatione]
626 5667 902 5721 Praedicta
924 5666 1134 5721 scilicet
1158 5667 1512 5737 obscuraque
1535 5668 1719 5738 specie
1747 5668 1867 5723 sive
1886 5668 2033 5735 idea,

2121 2912 2250 2967 quin
2285 2896 2441 2962 quod
2474 2896 2547 2950 sit
2576 2896 2635 2950 in
2664 2895 2827 2951 nobis
2871 2899 2928 2950 et
2971 2895 3141 2966 hujus
3172 2895 3436 2965 proxime
3464 2892 3661 2948 conscii
3709 2908 3786 2943 su-

2124 2983 2271 3034 mus,
2306 2967 2510 3021 merito
2546 2973 2782 3021 vocatur
2808 2969 3081 3034 cogitatio.

2056 3012 2096 3066 C
2196 3042 2218 3074 ⁸
2250 3012 2339 3093 λά
2377 3055 2561 3093 verum
2597 3039 2791 3092 bonum
2832 3012 3108 3092 naturalis
3147 3037 3300 3092 ducit
3344 3036 3611 3107 intentio.)
3653 3032 3784 3098 Quod

2128 3110 2282 3164 enim
2315 3126 2474 3163 mens
2505 3116 2698 3163 nostra
2732 3108 3002 3163 divinitus
3030 3108 3379 3163 informatur
3404 3108 3663 3178 praedicta
3688 3120 3789 3174 spe-

2128 3184 2231 3247 cie,
2258 3182 2317 3235 in
2391 3198 2461 3235 ua
2493 3182 2755 3251 quaedam
2781 3181 3055 3235 attributa
3096 3181 3438 3233 naturaliter
3467 3179 3614 3233 videt
3656 3192 3780 3230 com-

2131 3198 2432 3307 prehendi.
2486 3257 2789 3307 nronterea
2832 3252 3031 3305 eadem
3075 3256 3269 3305 nostra
3313 3267 3478 3304 mens
3514 3248 3780 3307 iudicando

2131 3248 2432 3324 prehendi,
2486 3248 2789 3324 propterea
2832 3252 3031 3324 eadem
3075 3256 3269 3305 nostra
3299 3267 3478 3324 rmens
3513 3248 3786 3324 judicando

2130 3320 2289 3377 veras
2324 3320 2661 3378 natur-aliter
2690 3323 2898 3376 format
2927 3323 2996 3376 de
3033 3338 3257 3376 summo
3296 3323 3452 3376 bono
3480 3320 3785 3391 propositio-

2133 3412 2254 3460 nes,
2311 3398 2743 3465 quas'propter
2802 3393 3309 3458 necessitudinem,
3369 3390 3497 3463 quae
3544 3396 3621 3444 est
3664 3390 3787 3443 inter

2123 3465 2409 3535 judicium
2450 3466 2882 3536 appetitumque
2935 3465 3091 3531 boni,
3138 3466 3415 3519 naturalis
3455 3465 3669 3517 intentio
3716 3476 3785 3512 se-

2173 3539 2347 3591 uitur.

2132 3555 2350 3662 (largiri;
2383 3607 2562 3662 eodem
2593 3609 3035 3679 multiplemerror
3072 3604 3647 3679 abducit-1.1%")imm
3676 3602 3787 3679 dum

2136 3679 2559 3750 eademimens
2628 3675 2913 3750 praedictis
2982 3675 3472 3749 propositionibus
3547 3675 3787 3750 convicta.

2133 3745 2997 3832 praijudiciis_ita_:detlectitur,'
3028 3745 3107 3832 ut
3142 3749 3296 3832 falsis
3337 3745 3790 3832 assumptionib‘us

2130 3821 2409 3892 judicium
2434 3822 2930 3890 intentionemque
2953 3821 3161 3875 habeat
3177 3821 3245 3874 de
3270 3836 3353 3892 eo
3371 3821 3463 3873 cui
3494 3824 3618 3892 ante
3637 3822 3788 3892 captaa

2134 3885 2346 3947 summi
2374 3894 2505 3947 boni
2549 3885 2923 3963 proprietates
2954 3908 3071 3945 non
3121 3891 3518 3964 conveniunt;
3561 3885 3786 3964 sicut’de

2135 3980 2485 4034 unoquoque
2517 3956 2774 4018 seorsum
2813 3964 3176 4033 probandum
3209 3969 3313 4028 est,
3348 3963 3608 4017 videlicet
3633 3959 3692 4034 de
3719 3956 3785 4010 di-

2136 4030 2311 4105 vitiis,
2359 4030 2757 4103 dignitatibus,
2809 4030 3008 4105 regno,
3067 4034 3252 4105 gloria
3299 4038 3357 4087 et
3406 4030 3783 4102 voluptatibus;

2136 4104 2414 4175 acprimo
2445 4105 2679 4175 quidem
2710 4107 2779 4160 de
2802 4104 3033 4160 divitiis.

2208 4170 2249 4208 θ’
2262 4170 2505 4230 Primum
2536 4182 2584 4229 te
2614 4179 2792 4245 ipsum
2825 4179 2920 4244 qui
2945 4178 3113 4245 paulo
3133 4181 3257 4230 ante
3286 4176 3501 4229 divitiis
3533 4170 3783 4245 afﬂuebﬂs.

2134 4249 2424 4315 interrogo.
2443 4247 2459 4315 ]
2477 4247 2700 4301 Boetius
2713 4244 3308 4317 quippe,’priusquam
3340 4247 3494 4316 apud
3515 4244 3783 4299 Theotim-

2053 4303 2094 4354 θ
2126 4334 2253 4372 cum
2305 4303 2458 4371 male
2502 4303 2749 4383 audiret:
2791 4303 3109 4372 ditissimus
3152 4303 3301 4372 iuit:
3348 4303 3499 4371 u‘nde
3548 4317 3779 4385 expertus

2133 4390 2309 4453 novit,
2344 4389 2633 4458 quomodo
2682 4390 2854 4443 homo
2886 4390 3166 4443 afficiatur
3206 4405 3335 4459 erga
3369 4390 3619 4445 amissas.
3650 4386 3787 4436 amit-

2136 4460 2334 4514 tendas
2368 4467 2424 4513 et
2456 4466 2767 4531 praesentes
2799 4476 3030 4530 quoque
3066 4459 3311 4523 divitias,
3347 4464 3790 4531 potestquepw-

2135 4537 2330 4602 pterea
2362 4527 2737 4602 interroganti
2793 4527 3171 4601 Philosophiae
3217 4527 3578 4600 respondere,
3619 4527 3789 4602 divites

2135 4596 2241 4656 nec
2289 4596 2829 4665 anxietate'animi,
2878 4618 2984 4656 nec
3025 4596 3205 4670 metu,
3250 4596 3354 4655 nec
3398 4602 3647 4671 pluribus
3686 4596 3790 4649 aliis

2136 4672 2433 4727 affectibus
2475 4688 2690 4727 vacare.

2205 4742 2228 4777 9
2261 4746 2408 4798 Inter
2437 4745 2583 4809 illas,
2632 4743 2761 4816 etc.]
2808 4745 2848 4797 Ι.
2902 4745 3049 4816 Ergo
3097 4747 3533 4814 argumentatur
3576 4739 3788 4816 Philoso-

2140 4815 2272 4886 phia
2305 4816 2376 4869 ab
2425 4816 2706 4869 anxietate
2746 4810 2951 4870 animi.
2984 4810 3252 4869 Anxietas
3283 4818 3445 4884 quasi
3496 4810 3734 4886 anctietas
3762 4820 3787 4855 a

2138 4885 2345 4954 Supino
2375 4891 2626 4949 anetum;
2684 4886 2792 4940 hoc
2828 4892 3017 4939 autem
3061 4887 3129 4940 ab
3174 4902 3337 4953 ango,
3392 4885 3541 4955 quod
3586 4885 3661 4955 est
3687 4891 3789 4955 conj

2138 4953 2366 5025 stringo.
2409 4958 2791 5020 Quamobrem
2838 4961 3089 5011 anxietas
3138 4957 3229 5010 hic
3282 4953 3432 5010 idem
3469 4954 3612 5027 quod
3642 4953 3789 5005 animi

2139 5044 2309 5095 angor
2342 5044 2354 5082 :
2387 5028 2503 5103 sed
2552 5044 2753 5103 angor,
2805 5034 2945 5103 teste
2990 5028 3195 5092 Tullio,
3224 5033 3331 5103 est
3374 5025 3642 5103 ergritudo
3683 5033 3786 5090 pre-

2140 5116 2303 5154 mens
2336 5115 2347 5152 :
2384 5099 2459 5153 ita
2494 5105 2554 5151 ut
2582 5100 2830 5165 animus,
2880 5100 3059 5153 instar
3087 5100 3343 5170 partium
3390 5099 3633 5170 corporis
3661 5104 3783 5170 com-

2141 5170 2341 5241 pressi.
2386 5170 2643 5224 videatur
2672 5171 2937 5235 confundi
2970 5166 3201 5241 propter
3244 5166 3784 5241 aliquamrinjtljjitlmf

2142 5232 2293 5296 unde
2352 5240 2431 5294 sic
2487 5232 2875 5312 argumentari
2917 5232 3139 5296 videtur
3191 5232 3578 5311 philo-sophia.
3604 5233 3695 5290 Ubi
3722 5232 3791 5308 est

2142 5312 2321 5366 animi
2360 5311 2631 5377 anxietas,
2671 5312 2750 5366 ibi
2780 5312 3019 5366 felicitas
3050 5330 3165 5366 non
3217 5317 3297 5365 est
3328 5329 3341 5365 :
3379 5311 3620 5365 anxietas
3656 5313 3784 5379 enim

2142 5384 2261 5447 illa,
2300 5391 2364 5457 ut
2394 5390 2537 5457 pote
2557 5384 2738 5457 animi
2770 5383 3070 5453 segritudo,
3106 5389 3190 5457 est
3240 5380 3491 5437 felicitati
3516 5381 3785 5457 contraria.

2142 5455 2312 5525 Atqui
2344 5456 2401 5508 in
2428 5454 2699 5508 divitibus
2739 5452 2968 5524 semper
3015 5456 3278 5524 quaedam
3322 5461 3407 5508 est
3436 5452 3605 5505 animi
3633 5456 3791 5525 anxie-

2146 5517 2265 5579 tas':
2315 5527 2465 5595 quod
2518 5524 2608 5579 his
2660 5525 2744 5578 vel
2784 5517 2950 5591 absit,
3000 5517 3152 5595 q-uod
3202 5526 3395 5579 abesse
3441 5540 3551 5578 non
3594 5517 3787 5595 vellent,

2145 5598 2231 5650 vel
2254 5590 2400 5651 adsit
2429 5598 2579 5665 quod
2612 5596 2805 5650 adesse
2846 5590 3100 5650 nollent:
3137 5596 3278 5648 sicut
3310 5596 3532 5651 Boetius
3558 5590 3787 5657 expertus

2146 5667 2373 5722 fatetur.
2406 5668 2477 5721 In
2503 5669 2825 5735 sufficientia
2850 5684 2954 5722 vox
2988 5668 3186 5721 Latina
3210 5683 3324 5720 non
3353 5666 3584 5720 videtur.
