3972 6172
148 272 230 323 733
1140 263 1228 316 DE
1268 260 1788 319 CONSOLATIONE
1829 261 2301 319 PHILOSOPHLE
2340 262 2469 317 LIB.
2513 260 2608 314 IIl.

3512 259 3616 314 734

140 407 421 476 digentem,
482 399 978 470 sufficientemque
1022 399 1126 453 sibi
1157 400 1340 454 facere
1374 403 1689 470 nequeunt,
1739 403 1794 453 et
1829 401 1876 453 A
1906 416 2098 453 sorum
2149 399 2406 454 membra
2460 414 2577 452 non
2635 395 2931 451 sentiunt?
2990 395 3087 450 sed
3134 395 3316 464 adest,
3346 396 3596 469 inquies,

140 495 229 548 hoc
259 498 374 546 erat.
428 492 579 561 quod
636 490 963 560 promittere
1009 489 1366 542 videbantur.
1424 495 1566 542 188
1625 489 1800 560 Atqui

138 586 149 617 ί
179 585 274 636 hoc
294 597 516 652 quoque
537 579 782 632 maxime
800 578 1276 632 considerandum
1299 584 1458 648 puto,
1477 578 1629 649 quod
1654 578 1796 632 nihil

135 673 315 726 habeat
347 675 541 738 suapte
576 674 774 721 natura
810 667 1074 736 pecunia,
1109 670 1170 719 ut
1198 667 1308 731 his,
1354 684 1386 720 a
1417 668 1625 738 quibus
1665 683 1794 737 pos-

134 761 345 824 sidetur,
403 757 592 810 invitis
649 761 899 827 nequeat
966 756 1199 809 auferri.
1280 758 1482 809 Fateor
1535 757 1794 826 inquam.

133 848 314 913 Quidni
335 848 565 910 fateare,
591 862 721 898 cum
752 861 875 898 eam
901 844 1156 914 quotidie
1175 845 1455 898 valentior
1473 845 1679 909 aliquis
1695 845 1801 898 eri-

131 939 230 1009 piat
261 936 473 990 invito?
509 935 666 989 [Inde
707 934 858 987 enim
894 949 915 976 τι
941 933 1196 986 forenses
1228 933 1628 1004 querimoniae,
1688 934 1798 987 nisi

131 1026 262 1096 quod
286 1026 355 1090 {'3‘}
383 1025 464 1076 vel
491 1024 561 1090 vi,
595 1025 681 1076 vel
710 1023 908 1076 fraude
941 1040 972 1074 a
1000 1022 1325 1076 nolentibus
1358 1024 1614 1092 pecuniae
1639 1039 1802 1094 repe-

131 1121 306 1169 tuntur
337 1115 587 1183 ereptm?
617 1114 693 1166 lta
726 1117 828 1172 est,
863 1113 1116 1182 inquam.
1147 1112 1345 1182 Egebit
1367 1112 1562 1182 igitur,
1583 1113 1794 1182 inquit,

131 1205 471 1266 extrinsecus,
505 1203 679 1272 petito
701 1201 1118 1272 przpsidio,quo
1136 1218 1295 1255 suam
1326 1202 1629 1272 pecuniam
1652 1202 1801 1272 quis-

133 1310 221 1363 que.
249 1296 491 1344 tueatur.
530 1292 686 1354 Quis,
716 1292 972 1361 inquam,
1011 1293 1226 1357 neget?
1255 1291 1426 1360 Atqui
1456 1307 1570 1343 non
1608 1296 1802 1361 egeret

133 1399 200 1447 eo,
227 1381 328 1433 nisi
364 1380 1038 1450 possideratzpecuniam,
1070 1396 1242 1449 quam
1271 1386 1464 1450 posset
1513 1380 1798 1435 amittere.

131 1471 379 1534 Dubitari,
419 1470 680 1541 inquam,
715 1468 934 1540 nequit.
973 1470 1034 1522 In
1087 1469 1441 1522 contrarium
1503 1470 1674 1539 igitur
1712 1486 1800 1522 re-

132 1565 264 1632 lapsa
293 1578 378 1614 res
422 1566 544 1615 est:
578 1577 706 1613 nam
731 1577 856 1629 quin
893 1559 1238 1613 sufficientes
1270 1561 1422 1627 (lim)
1457 1560 1559 1613 sibi
1617 1562 1798 1614 facere

131 1652 452 1720 putabantur
493 1666 652 1719 opes,
685 1649 874 1702 alieno
898 1650 1088 1718 potius
1120 1649 1386 1719 praisidio
1419 1650 1636 1702 faciunt
1661 1650 1802 1703 indi-

130 1745 318 1810 gentes.
361 1743 381 1774 ³
411 1739 551 1803 Quis
570 1743 760 1792 autem
795 1739 998 1791 modus
1034 1742 1132 1801 est,
1173 1754 1286 1808 quo
1317 1739 1561 1808 pellatur
1581 1737 1794 1791 divitiis

130 1827 467 1898 indigentia?
496 1829 644 1880 Num
667 1827 821 1880 enim
849 1827 1052 1880 divites
1069 1827 1283 1880 esurire
1308 1824 1802 1898 nequeuntﬂnum

130 1917 260 1971 sitire
298 1933 411 1970 non
437 1915 718 1987 possunt?
753 1933 892 1970 num
948 1916 1126 1985 frigus
1175 1916 1481 1971 hibernum
1524 1917 1802 1987 pecunio-

1910 490 2214 559 opulentis,
2269 506 2382 560 quo
2415 489 2626 542 famem
2675 487 2909 550 satient;
2940 501 3055 556 quo
3101 485 3252 540 sitim
3304 487 3602 559 frigusque

1911 579 2216 648 depellant.
2254 579 2360 633 Sed
2395 576 2864 644 (lii)hoc'modo'
2885 573 3164 629 consolari
3211 575 3446 646 quidem
3518 577 3602 632 di-

1909 668 2063 721 vitiis
2095 667 2410 738 indigentia
2441 670 2647 738 potest,
2694 664 2907 720 auferri
2937 664 3164 735 penitus
3223 681 3337 719 non
3395 670 3602 736 potest.

1914 760 2054 812 Nam
2087 757 2130 811 si
2171 758 2292 811 haec
2345 757 2554 810 chians
2604 771 2852 826 semper,
2895 758 3066 825 atque
3095 753 3316 824 aliquid
3349 771 3605 825 poscens,

1911 848 2114 912 Opibus
2136 864 2248 901 non
2283 848 2559 918 expletur,
2598 848 2828 898 maneat
2861 859 3086 898 necesse
3119 846 3221 911 est,
3257 860 3384 915 quin
3416 845 3600 914 possit

1913 937 2149 1008 expleri.
2183 938 2359 990 Taceo
2374 935 2527 1006 quod
2547 940 2566 970 ‘
2590 939 2808 988 natura:
2830 933 3155 998 minimum,
3171 933 3328 1004 quod
3353 933 3610 988 avaritia

1912 1027 2054 1080 nihil
2079 1026 2211 1080 satis
2235 1030 2338 1079 est.
2383 1029 2526 1079 189
2560 1025 2743 1088 Quare
2776 1023 2822 1075 si
2854 1039 2990 1092 opes
3021 1037 3126 1076 nec
3155 1021 3498 1076 submovere
3527 1023 3612 1076 in-

1912 1116 2224 1186 digentiam
2268 1118 2523 1185 possunt,
2573 1119 2624 1167 et
2658 1113 2796 1182 ipsae
2829 1127 2991 1164 suam
3023 1111 3260 1178 faciunt,
3285 1110 3308 1144 ⁵
3340 1111 3480 1184 quid
3527 1115 3612 1166 est

1913 1205 2064 1276 quod
2098 1221 2189 1259 eas
2221 1203 2621 1258 sufficientiam
2646 1205 2916 1273 pri-astare
2947 1200 3230 1254 credatis?

2455 1317 2603 1365 I90
2634 1309 2946 1363 METRUM'
2977 1309 3072 1363 Ill.

1911 1417 2576 1485 ARGUMENTII!.—00pia
2591 1418 2847 1485 pecunia},
2876 1429 3210 1482 gemmarum
3241 1419 3288 1468 et
3321 1429 3606 1481 agrorum,

1983 1493 2163 1557 inquit
2215 1489 2580 1556 Philosophia,
2634 1489 2870 1541 homines
2922 1501 3014 1540 nec
3070 1488 3389 1556 superstites
3459 1490 3608 1541 curis

1983 1561 2199 1627 eximit,
2223 1577 2314 1614 nec
2337 1561 2619 1625 defunctos
2645 1559 2874 1612 solatur.

2125 1649 2392 1713 Quamvis
2422 1650 2636 1702 fluente
2657 1648 2812 1701 dives
2842 1646 2966 1700 auri
2989 1646 3217 1716 gurgite

2057 1739 2176 1791 Non
2211 1739 2534 1808 expleturas
2571 1741 2734 1807 cogat
2760 1752 2962 1789 avarus
2993 1752 3148 1805 opes,

2055 1829 2381 1898 Oneretque
2413 1826 2594 1882 baccis
2623 1827 2770 1881 colla
2802 1825 2980 1880 Rubri
3011 1823 3245 1892 littoris,

1991 1924 2128 1971 19]
2170 1918 2437 1987 [turaque
2469 1921 2708 1970 centeno
2738 1916 2954 1970 scindat
2985 1915 3181 1985 opima
3209 1914 3373 1979 bove,

1580 2031 2158 2088 lNTERPRETATlO

188 2168 207 2189 δ
227 2159 380 2211 Lites.

188 2231 207 2270 δ
224 2229 580 2281 Hominibus.

189 2309 204 2334 τ
231 2300 572 2369 lndigentia.

187 2373 402 2426 Etiamsi
431 2371 591 2424 dives
618 2372 744 2422 auri
765 2371 983 2436 ﬂumine
1004 2375 1259 2422 manante
1289 2369 1485 2424 avidus
1512 2373 1794 2437 congreget

1912 2156 2137 2209 divitias
2186 2171 2291 2209 non
2344 2157 2646 2208 satiaturas
2695 2154 2912 2224 ipsum;
2966 2155 3181 2207 etiamsi
3230 2152 3382 2206 idem
3417 2156 3606 2220 gravet

1906 2243 2074 2280 suum
2105 2228 2297 2281 collum
2316 2228 2606 2281 unionibus
2628 2228 2796 2280 maris
2819 2226 3018 2291 Rubri;
3034 2227 3197 2278 etiam
3217 2225 3421 2278 sicolat
3439 2238 3598 2291 agros

1887 2301 2116 2368 pingues
2138 2299 2299 2353 bobus
2325 2301 2655 2360 innumeris;
2696 2297 2782 2352 hae
2815 2297 3026 2352 divitia
3057 2301 3120 2350 ut
3159 2295 3449 2350 mordaces
3481 2309 3583 2348 an-

1746 2494 1970 2550 NOT/E.

196 2609 338 2663 ‘Hoc
386 2626 608 2678 quoque
677 2612 915 2661 maxime
986 2608 1440 2662 conside-randum
1497 2608 1679 2677 puto]
1735 2610 1804 2662 ll.

138 2681 314 2734 Eadem
341 2679 717 2751 philosophia
748 2687 1183 2744 argumentatur
1212 2696 1244 2731 a
1273 2681 1500 2744 timore,
1524 2681 1684 2749 cujus
1718 2679 1808 2751 di—

137 2755 248 2805 vites
278 2750 577 2822 nunquam
605 2758 737 2803 sunt
769 2758 1048 2820 expertes,
1084 2752 1187 2803 hac
1223 2751 1339 2803 fere
1385 2751 1640 2822 ratione.
1667 2750 1804 2804 Ubi-

137 2840 328 2892 cunque
379 2831 465 2876 est
504 2824 694 2886 timor,
734 2822 809 2873 ibi
849 2838 962 2874 non
998 2828 1080 2874 est
1118 2822 1358 2892 felicrlas
1413 2822 1566 2892 quod
1606 2821 1807 2874 timere

140 2896 193 2947 sit
222 2891 446 2957 malum;
494 2894 732 2945 felicitas
767 2899 955 2945 autem
989 2910 1158 2945 omne
1184 2891 1394 2945 malum
1416 2891 1680 2962 expellat.
1708 2896 1804 2945 At-

140 2967 213 3034 qui
240 2966 293 3018 in
326 2965 604 3017 divitibus
649 2980 873 3032 semper
903 2969 987 3016 est
1021 2965 1222 3027 timor;
1275 2966 1473 3016 saltem
1509 2980 1578 3016 ne
1609 2964 1719 3032 ipsi
1769 2979 1802 3015 (ι

138 3039 502 3104 potentioribus
523 3036 825 3101 spolientur
854 3037 1016 3088 inviti
1052 3052 1063 3088 :

139 3109 304 3168 fraude
334 3107 738 3161 invitmlomino
758 3107 1001 3176 quotidie
1023 3109 1312 3174 eripiatur,
1340 3109 1651 3170 ut/‘orenses
1683 3121 1810 3173 que-

142 3181 350 3232 rimoniae
368 3179 629 3246 probant,
667 3182 724 3230 et
754 3179 875 3244 ipse
907 3177 1133 3230 Boetius
1164 3183 1430 3246 expertus
1457 3182 1540 3230 est
1575 3191 1585 3229 :
1636 3192 1813 3246 quare

141 3255 328 3302 tantum
383 3251 571 3312 abest,
639 3252 699 3300 ut
768 3249 980 3302 divitiae
1056 3249 1379 3301 satisfacere
1453 3247 1694 3317 possint,
1752 3253 1812 3300 ut

141 3321 284 3373 alieno
305 3325 492 3389 potius
524 3319 780 3387 praesidio
819 3321 1031 3389 faciant
1082 3320 1400 3385 indigentes.

196 3388 357 3456 'Quis
411 3399 601 3444 autem
625 3391 832 3450 modus,
886 3388 1021 3460 etc._]
1056 3391 1148 3443 lll.
1202 3389 1574 3458 Philosophia
1631 3405 1809 3457 argu-

144 3470 394 3515 mentatur
423 3480 454 3515 a
498 3462 758 3530 pluribus
790 3461 914 3512 aliis
944 3461 1258 3525 affectibus,
1295 3478 1438 3530 quos
1461 3477 1596 3531 opes
1629 3461 1806 3529 impe-

145 3532 240 3584 dire
263 3542 572 3603 nequeunt,
603 3534 714 3583 imo
739 3533 945 3600 saepius
965 3533 1232 3596 excitant,
1258 3538 1585 3602 augentque
1613 3549 1624 3586 :
1652 3531 1811 3602 quod

147 3610 300 3670 potest
326 3608 397 3657 sic
433 3604 720 3657 contrahi.
760 3603 859 3655 Ubi
895 3608 977 3655 est
1017 3603 1214 3669 fames,
1269 3603 1411 3667 sitis,
1480 3603 1678 3672 frigus,
1713 3618 1814 3655 caa-

149 3677 363 3744 lerieque
395 3675 684 3744 ejusmodi
726 3673 1054 3726 affectiones
1089 3675 1265 3726 menti
1300 3674 1698 3737 incommodae,
1733 3673 1813 3726 ibi

147 3761 236 3798 non
259 3753 335 3798 est
361 3747 603 3799 felicitas
639 3761 649 3797 :
681 3745 834 3814 quod
883 3745 1099 3798 bonum
1135 3746 1222 3798 his
1259 3746 1420 3798 malis
1448 3745 1804 3798 contrarium

147 3815 280 3869 absit.
316 3819 483 3888 Atqui
508 3818 572 3869 in
603 3817 891 3880 divitibus,
926 3832 1039 3868 non
1065 3833 1224 3868 secus
1255 3834 1317 3868 ac
1342 3818 1399 3869 in
1431 3816 1808 3888 pauperibus,

148 3892 212 3938 est
234 3889 416 3956 fames,
470 3889 620 3951 sitis,
671 3888 871 3952 frigus,
901 3891 956 3940 et
1009 3892 1215 3940 czetera
1256 3888 1608 3957 hujusmodi,
1685 3903 1812 3957 qum

150 3960 380 4034 quamvis
428 3960 639 4034 opibus
675 3960 893 4027 possint
927 3958 1161 4023 differri,
1198 3959 1406 4029 opibus
1437 3965 1632 4012 tamen
1685 3975 1815 4010 om-

149 4031 258 4081 nino
288 4031 495 4084 auferri
535 4046 648 4082 non
679 4034 937 4100 possunt.

202 4119 558 4187 3Consolari.]
624 4119 869 4172 Verbum
942 4117 1049 4171 hoc
1119 4119 1330 4188 saepius
1397 4119 1679 4171 actionem
1739 4117 1814 4169 si-

148 4189 288 4255 gnific
311 4197 344 4244 .t
372 4208 383 4243 :
415 4192 510 4243 sed
551 4193 607 4242 in
640 4191 986 4242 contrariam
1011 4189 1184 4243 etiam
1215 4193 1438 4259 partem
1466 4190 1679 4243 dictum
1717 4188 1806 4241 in-

153 4262 309 4313 venies
340 4263 489 4331 apud
523 4263 770 4330 optimos
805 4266 1080 4313 auctores.
1121 4261 1350 4314 Asinius
1373 4261 1431 4314 in
1477 4261 1640 4330 epist.
1675 4260 1812 4326 (Iic.,

153 4331 444 4386 I_?onsolabar
465 4334 529 4386 ob
557 4350 618 4385 ea
651 4349 767 4398 qua:
789 4333 966 4386 timui.

206 4401 462 4457 “Natura:
542 4408 846 4468 minimum,
903 4405 1151 4456 avaritia?
1182 4405 1323 4456 nihil
1371 4401 1547 4473 satis]
1605 4403 1816 4456 Natura

153 4471 225 4523 hic
244 4491 437 4543 corpus
480 4479 589 4538 est,
624 4475 858 4526 avaritia
891 4480 973 4526 est
1003 4491 1166 4527 mens
1196 4481 1472 4543 appetens
1509 4471 1546 4526 ε’
1586 4473 1814 4543 corpori

156 4549 313 4616 autem
337 4548 646 4599 minimum
663 4547 921 4599 sufficere
942 4551 1124 4616 potest
1156 4562 1166 4598 :
1202 4547 1348 4598 sicut
1367 4545 1636 4598 minimus
1659 4546 1818 4598 cibus

155 4613 353 4679 famem,
387 4619 661 4670 minimus
687 4624 853 4686 potus
912 4613 1099 4678 sitim;
1137 4617 1411 4668 minimus
1439 4618 1591 4669 calor
1640 4617 1819 4684 frigus

155 4689 400 4754 expellere
425 4693 614 4756 potest
643 4705 654 4741 :
708 4694 763 4740 at
795 4688 971 4741 menti
1003 4687 1293 4758 appetenti
1319 4688 1461 4741 nihil
1509 4687 1642 4741 satis
1688 4693 1772 4741 est
1802 4704 1813 4740 :

158 4769 284 4823 nam,
318 4765 376 4811 ut
407 4762 484 4812 ait
515 4759 822 4824 Juvenalis,

256 4846 438 4896 Crescit
466 4862 614 4896 amor
659 4847 880 4907 nummi,
909 4851 1166 4910 quantum
1219 4848 1331 4911 ipsa
1357 4847 1583 4911 pecunia
1612 4847 1815 4896 crescit.

209 4922 380 4998 j‘Quid
432 4935 531 4992 est,
588 4929 732 4998 quod
797 4944 906 4993 eas,
971 4930 1099 4998 etc]
1156 4930 1362 4992 Quare,
1425 4946 1455 4982 ο
1526 4929 1811 4992 homines,

160 4995 480 5068 arbitramini
531 4995 754 5053 divitias
788 5000 966 5052 instar
1013 4995 1224 5055 suinmi
1279 5001 1413 5054 boni
1456 5000 1614 5053 vobis
1656 5016 1818 5068 posse

158 5067 417 5123 sufﬁcere:
453 5087 581 5124 vere
615 5072 848 5141 quidem
901 5072 1246 5140 proponitis,
1306 5072 1448 5125 illud
1498 5087 1616 5123 esse
1651 5067 1813 5124 suni-

162 5141 528 5214 munitionum
562 5142 715 5212 quod
767 5142 1026 5195 sufficere
1070 5149 1255 5213 potest
1291 5160 1301 5195 :
1338 5143 1431 5196 sed
1467 5143 1609 5195 falso
1655 5157 1812 5194 assu-

161 5211 284 5260 mitis
313 5211 528 5266 divitias
566 5211 724 5283 posse
751 5214 1036 5266 sufﬁcere.

217 5297 475 5353 '(larmen
535 5309 794 5354 constans
843 5317 911 5355 ex
998 5303 1213 5372 duplici
1274 5319 1481 5372 genere
1549 5318 1811 5356 versuum

163 5366 496 5441 alteruorum,
536 5390 774 5440 quorum
828 5374 987 5439 prior
1048 5366 1322 5426 iambicus
1356 5374 1504 5424 senis
1547 5374 1808 5441 pedibus,

163 5434 456 5514 dominante
486 5434 678 5497 tamen
721 5434 930 5509 iam-bo,
959 5451 1179 5498 constat
1214 5461 1225 5498 :
1263 5434 1637 5514 posterior-est
1672 5434 1811 5514 pen¥

168 5513 369 5563 tameter
397 5515 690 5583 elegiacus.

214 5600 264 5671 .l.
294 5601 495 5654 Fluente
520 5604 662 5658 dives
689 5609 813 5658 auri
841 5606 1158 5672 gurgite.]l.
1195 5604 1398 5672 Agitur
1437 5604 1505 5657 de
1546 5604 1806 5672 pecunia.

171 5663 252 5718 llic
270 5676 447 5725 autem
468 5674 684 5743 primus
706 5663 900 5731 versus
929 5663 1099 5731 tanta"
1131 5676 1225 5729 ind
1238 5663 1413 5729 iistria
1458 5663 1809 5744 compositus

1931 2616 2016 2691 Est
2041 2627 2054 2663 :
2090 2614 2153 2665 ut
2182 2610 2386 2691 duplex
2419 2626 2540 2691 esse
2568 2610 2750 2691 possit
2780 2607 3036 2691 legitima
3063 2607 3607 2691 illius-significatio:

1927 2683 2183 2736 Primum
2216 2681 2368 2735 enim
2395 2688 2544 2735 recte
2571 2680 2912 2752 intelligitur
2928 2680 3077 2734 dices
3107 2681 3235 2752 auri
3259 2695 3273 2735 :
3296 2681 3441 2734 sicut
3460 2680 3610 2751 apud

1929 2752 2226 2822 Virgilium
2253 2753 2460 2806 dicitur
2487 2753 2636 2807 dives
2663 2751 2889 2822 pecOris,
2913 2757 2969 2804 et
3000 2751 3152 2822 apud
3185 2752 3611 2822 Horatium,re-

1927 2821 2052 2876 rum
2085 2825 2393 2877 multarum
2437 2825 2604 2878 dives.
2658 2821 2874 2877 Deinde
2907 2821 3209 2876 non’male
3266 2821 3612 2889 intelligitur

1923 2898 2118 2962 ﬂuente
2152 2898 2278 2948 auri
2323 2894 2558 2961 gurgite,
2588 2897 2834 2964 cogitato
2877 2893 3127 2964 quodam
3161 2893 3284 2964 auri
3346 2893 3605 2957 flumine,

1927 2967 2412 3036 quemadmodum
2472 2963 2732 3019 Pactolus
2782 2970 2836 3017 et
2891 2963 3074 3034 Tagus
3131 2963 3398 3036 dicuntur
3472 2979 3611 3016 auro

1109 3052 1238 3117 cum
1265 3039 1496 3118 pecunia
1530 3037 1609 3087 vel
1636 3037 1691 3087 ei
1719 3035 1802 3088 vel
1851 3065 1890 3118 ρ
1927 3034 2101 3118 fluere
2135 3053 2147 3090 :
2176 3053 2383 3106 gurges
2405 3037 2555 3118 enim
2588 3053 2778 3118 asono
2812 3036 3123 3116 sic'dictus,
3160 3034 3608 3118 sigiiilicat'pro-

1926 3104 2247 3161 fundiorem
2283 3104 2586 3178 quemdam
2639 3108 2847 3172 locum,
2898 3107 2957 3159 in
2983 3122 3153 3176 quem
3178 3121 3348 3178 aqua,
3372 3104 3606 3158 alliusve

1924 3180 2124 3232 similis
2143 3176 2329 3249 liquor
2358 3180 2599 3233 affluens
2629 3179 2905 3232 volvendo
2933 3182 3270 3230 murmurat.
3295 3176 3386 3230 Sic
3411 3191 3610 3249 supre-

1923 3267 2016 3304 ma
2044 3247 2291 3303 faucium
2341 3252 2668 3304 extremitas
2699 3250 2885 3303 vocari
2929 3250 3072 3302 solet
3124 3250 3410 3316 gurgulio:
3459 3247 3612 3300 unde

1923 3322 2020 3391 qui
2056 3322 2346 3374 abdomini
2382 3329 2548 3375 natus
2575 3321 3021 3374 helluationibus
3047 3320 3324 3391 indulget,
3351 3318 3460 3391 hic
3482 3333 3613 3391 gur-

1920 3389 2009 3461 ges
2033 3398 2086 3446 et
2115 3409 2312 3459 vorago
2333 3393 2664 3463 patrimonii
2692 3393 2901 3444 dicitur
2934 3391 3043 3461 ipsi
3073 3390 3282 3463 Tullio.
3307 3389 3395 3463 Sic
3417 3389 3610 3463 etiam

1920 3459 2077 3517 mare,
2110 3473 2164 3517 et
2194 3459 2408 3518 flumen
2441 3464 2591 3533 apud
2619 3469 2818 3533 poetas
2853 3459 3087 3516 nomine
3113 3461 3358 3532 gurgitis
3385 3459 3612 3530 signifi-

1921 3542 2099 3588 catur.
2133 3536 2326 3606 Virgil.
2362 3553 2377 3588 1
2408 3535 2653 3600 zEneid.,
2688 3551 2736 3587 v.
2779 3536 2875 3586 l‘22
2911 3550 2923 3587 :

2045 3634 2313 3698 Apparent
2343 3635 2444 3684 rari
2472 3638 2662 3682 nantes
2688 3633 2740 3682 in
2772 3633 2978 3696 gurgite
3007 3635 3176 3681 vasto.

1992 3727 2043 3776 2.
2070 3721 2340 3795 Avarus]
2374 3729 2591 3778 Avarus
2619 3722 2781 3792 quasi
2813 3722 3012 3795 avidus
3051 3720 3180 3775 teris
3205 3737 3218 3786 ;
3242 3736 3323 3795 ex
3351 3735 3464 3792 quo
3511 3735 3611 3795 an:

1923 3795 2162 3864 tiquitus
2214 3791 2454 3864 pecunia
2499 3791 2694 3859 fiebat,
2735 3810 2850 3864 non
2890 3793 3128 3864 satiatur
3159 3792 3365 3860 opibus
3398 3807 3410 3844 :
3461 3791 3613 3861 quod

1923 3863 2560 3935 expertus’pracsentes
2612 3865 2772 3934 parvi
2828 3863 3026 3929 faciat;
3085 3863 3416 3934 inexpertus
3483 3876 3616 3916 vero

1924 3937 2185 3990 absentes
2213 3937 2406 4005 magni
2429 3936 2614 3988 ducat.

1999 4011 2047 4061 3.
2083 4002 2379 4074 Oneretque
2419 4007 2598 4059 baccis
2653 4006 2834 4074 colla]
2867 4005 2927 4058 ll.
2962 4005 3168 4074 Agitur
3216 4004 3285 4058 de
3317 4002 3604 4074 gemmis:

1926 4079 2088 4131 bacca
2121 4073 2552 4146 enim’primum
2585 4082 2671 4129 est
2701 4073 3374 4146 niin’utuertundusque
3391 4073 3612 4127 arboris

1923 4149 2161 4214 fructus,
2197 4144 2514 4217 cujusmodi
2539 4153 2670 4200 sunt
2693 4148 2876 4212 olivm,
2909 4152 2973 4199 ut
3005 4146 3215 4217 baccae,
3249 4144 3613 4217 distinguan-

1924 4226 2018 4272 tur
2049 4238 2082 4274 a
2111 4213 2315 4290 pernis,
2337 4235 2466 4285 quas
2489 4219 2727 4288 majores
2746 4223 2880 4271 sunt
2901 4217 3171 4270 arborum
3194 4216 3429 4269 fructus.
3459 4213 3612 4282 Virg.

1926 4292 2102 4360 eclog.
2146 4294 2228 4356 10,
2258 4307 2310 4345 v.
2337 4293 2403 4344 27
2440 4306 2452 4344 :

2051 4389 2369 4451 Sanguineis
2403 4387 2545 4436 ebuli
2576 4387 2751 4436 buccis
2781 4385 3051 4448 minioque
3080 4384 3376 4433 rubentem.

1933 4478 2145 4533 Deinde
2176 4480 2344 4533 bacca
2377 4483 2462 4532 est
2495 4493 2723 4548 gemma
2753 4475 3016 4548 rotunda,
3045 4474 3175 4548 sive
3196 4473 3351 4535 unio,
3407 4471 3492 4548 sic
3517 4487 3616 4525 vo-

1928 4556 2052 4604 cata
2083 4551 2232 4622 quod
2260 4550 2438 4603 instar
2459 4543 2659 4622 baccae
2688 4547 2940 4622 arborea:
2973 4544 3218 4622 rotunda
3274 4548 3376 4622 aut
3416 4543 3614 4598 saltem

1928 4615 2118 4687 ovata,
2167 4622 2366 4691 figurze
2426 4621 2498 4674 sit
2532 4618 2860 4674 uniusmodi
2896 4635 2906 4671 :
2940 4621 3243 4691 propterea
3272 4615 3424 4669 enim
3478 4630 3618 4685 cepa

1926 4693 2091 4763 gallis
2111 4688 2341 4746 vocatur
2369 4707 2562 4759 ognon.
2595 4691 2859 4747 Horatius
2878 4689 3059 4759 Epod.
3097 4688 3189 4742 od.
3224 4690 3254 4742 8
3287 4703 3300 4741 :

2113 4783 2215 4830 Nec
2239 4782 2308 4830 sit
2337 4780 2525 4829 marita
2550 4794 2668 4843 quae
2699 4777 3101 4843 rotundioribus

2175 4844 2378 4892 Onusta
2405 4841 2580 4891 baccis
2611 4841 2861 4890 ambulet.

1926 4945 2071 4997 Mare
2103 4949 2292 4996 autem
2320 4942 2598 5006 Rubrum,
2632 4939 2791 5012 quod,
2816 4937 3024 5012 Graecis
3053 4937 3262 4992 dicitur
3309 4939 3612 5012 Ἐρυθραῖον,

1924 5015 2201 5084 ejusmodi
2237 5013 2479 5066 uniones
2504 5009 2916 5084 magnitudine,
2952 5011 3139 5084 figura
3170 5009 3612 5084 eticolore‘prae-

1925 5080 2300 5138 stantissimos
2349 5085 2497 5137 ferre
2548 5080 2807 5136 asserunt
2847 5080 3016 5136 inter
3047 5080 3190 5134 alios
3220 5081 3440 5135 Plinius
3471 5080 3507 5133 Ι.
3542 5093 3612 5146 lx,

1923 5173 2043 5226 cap.
2077 5159 2164 5218 35,
2200 5161 2252 5209 et
2287 5155 2540 5211 Tibullus
2570 5155 2609 5209 l.
2646 5171 2720 5220 iv,
2757 5169 2931 5206 carm.
2967 5156 2999 5205 '2
3035 5169 3046 5205 :

2110 5244 2462 5306 Quascunque
2489 5245 2638 5306 niger
2669 5242 2944 5306 llllbl‘oidt‘:
2969 5239 3405 5306 littoregconchas

2174 5304 2445 5355 Proximus
2475 5304 2596 5354 Eois
2624 5305 2826 5367 colligit
2854 5304 3015 5352 ludus
3046 5304 3213 5366 aquis.

2003 5390 2043 5439 ἱ.
2079 5390 2334 5454 Raraque
2384 5388 2641 5456 centena]
2679 5388 2769 5440 lll.
2822 5387 3027 5454 Agitur
3053 5385 3120 5456 de
3161 5383 3333 5451 agris,
3367 5395 3611 5456 quorum

1924 5460 2133 5513 eximia
2155 5452 2270 5511 tum
2288 5461 2591 5524 quantitas,
2617 5452 2740 5512 tum
2761 5452 2932 5510 etiam
2957 5455 3204 5526 qualitas
3221 5452 3564 5526 exprimitur
3599 5469 3610 5526 ς

1924 5535 2201 5598 quantitas
2231 5530 2463 5600 quidem
2495 5535 2734 5583 centeno
2771 5524 3010 5581 numero
3052 5527 3224 5580 boum
3248 5524 3458 5594 quibus
3491 5524 3614 5594 agri

1920 5603 2181 5655 colantur
2211 5618 2222 5654 :
2253 5607 2481 5654 centum
2516 5603 2669 5655 enim
2716 5600 2866 5670 apud
2897 5602 3160 5670 auctores
3190 5611 3466 5650 numerus
3489 5611 3615 5650 ma-

1923 5690 2067 5744 gnus
2107 5678 2207 5726 est.
2236 5674 2424 5726 Horat.
2450 5673 2486 5726 l.
2524 5689 2561 5728 ii
2593 5674 2804 5737 Carm.,
2838 5669 2930 5723 od.
2963 5671 3024 5722 16
3057 5683 3070 5722 :
