3982 6182
355 309 457 363 735

353 442 383 493 5
415 440 527 494 Nec
549 453 686 495 cura
717 437 957 492 mordax
986 437 1199 492 deserit
1228 437 1616 508 superstitem,

427 528 887 598 Deluuctumque
905 526 1054 582 leves
1081 543 1196 581 non
1227 525 1573 582 comitantur
1601 543 1759 598 opes.

955 632 984 679 l
998 630 1099 680 92
1131 624 1357 680 PROSA
1387 626 1454 679 IV

353 719 760 772 Aneuunuruu.
801 742 872 754 —
928 716 1110 768 Honor
1135 715 1448 781 'dignitates
1491 729 1831 782 consequens,
1866 717 2048 784 inquit

423 788 794 856 Philosophia,
819 788 897 841 sic
918 787 984 840 ab
1019 789 1268 854 opinione
1291 787 1444 852 vulgi
1470 787 1685 855 pendet,
1720 792 1781 840 ut
1801 802 1894 841 nec
1917 787 2039 840 ubi-

424 874 528 928 que
556 873 648 912 nec
665 873 873 927 semper
903 859 1317 923 magistratibus
1345 859 1670 912 emliibeatur
1701 859 1874 912 :unde
1901 860 2051 924 falsa

422 935 635 1000 par-iter
679 932 1047 999 assumptione
1077 929 1393 994 credideris,
1442 944 1730 995 summum,
1765 930 1911 999 quod
1940 945 2049 984 na—

424 1003 680 1085 turaliter
734 1003 1009 1070 cognoscis
1051 1006 1100 1055 et
1145 1016 1316 1067 amas,
1345 1002 1540 1055 bonum
1584 1005 1642 1056 in
1682 1000 2048 1069 dignitatibus

423 1088 633 1127 versari
647 1113 658 1125 .

428 1163 536 1218 Sed
568 1165 584 1199 ¹
617 1161 929 1232 dignitates
959 1170 983 1195 ⁸
1031 1160 1446 1230 honorabilem,
1524 1162 2047 1234 reverendumque,

350 1253 442 1308 cui
502 1251 892 1322 provenerint,
944 1249 1253 1305 reddunt.”
1281 1253 1427 1306 Num
1475 1251 1559 1305 vis
1605 1268 1672 1306 ea
1701 1251 2044 1322 magistrati-

350 1343 456 1398 bus
487 1345 513 1384 b
543 1347 605 1395 ut
639 1340 924 1395 utentium
967 1339 1256 1394 mentibus
1304 1340 1540 1395 virtutes
1585 1340 1859 1409 inserant,
1909 1341 2048 1394 vitia

351 1431 677 1503 depellant?
701 1457 721 1484 c
746 1430 921 1500 Atqui
978 1446 1094 1484 non
1123 1431 1342 1500 fugare,
1397 1431 1492 1485 sed
1545 1430 1829 1485 illustrare
1851 1431 2045 1502 potius

353 1520 669 1591 nequitiam
721 1519 923 1588 solent,
955 1534 1067 1590 quo
1115 1519 1199 1582 tit,
1235 1523 1296 1573 ut
1320 1519 1692 1590 indignemur
1740 1537 1833 1574 eas
1892 1536 2046 1590 saepe

1657 305 1776 361 AN.
1825 306 2038 362 MANL.
2089 303 2241 362 SEV.
2289 305 2549 362 BOETII.
3697 315 3782 368 736

2081 441 2128 493 A
2157 437 2520 510 nequissimis
2542 437 2876 492 hominibus
2907 440 2980 509 (5)
3015 438 3321 510 contigisse
3350 456 3363 494 :
3391 445 3410 475 ³
3455 442 3592 497 unde
3630 445 3790 500 Catul-

2158 529 2245 582 lus
2283 533 2453 584 198‘
2470 528 2602 582 licet
2621 531 2646 572 ἀ
2674 528 2735 583 in
2755 529 2936 584 curuli
2965 528 3211 584 Nonium
3235 531 3533 600 sedentem,
3558 538 3796 590 strumam

2157 622 2351 672 tamen
2395 619 2670 690 appellat.
2732 620 2973 674 Videsne
3030 624 3311 690 quantum
3383 621 3539 674 malis
3585 623 3796 678 dedecus

2159 708 2425 779 adjiciaut
2482 708 2823 780 dignitates?
2869 707 3043 780 Atqui
3123 709 3312 764 minus
3378 727 3566 764 eorum
3612 712 3795 782 patebit

2155 797 2487 868 indignitas,
2513 798 2560 852 si
2589 798 2762 853 nullis
2791 798 3106 854 honoribus
3136 799 3522 855 iuclarescant.
3563 803 3634 855 Tu
3684 820 3800 874 quo-

2157 903 2268 958 que
2312 903 2452 940 num
2483 888 2714 942 tandem
2764 891 2844 944 tot
2907 887 3174 958 periculis
3221 889 3425 944 adduci
3480 891 3716 961 potuisti,
3749 899 3802 947 ut

2157 981 2178 1014 ⁵
2207 994 2335 1032 cum
2366 979 2640 1032 Decorato
2664 994 2864 1048 gerere
2890 979 2969 1049 (ὅ)
3002 979 3403 1050 magistratum
3431 985 3664 1052 putares,
3694 998 3800 1036 cum

2154 1067 2214 1122 in
2245 1084 2310 1122 eo
2341 1072 2595 1122 mentem
2619 1068 2966 1140 nequissimi
2995 1077 3016 1101 ε
3057 1085 3286 1134 scurrae,
3329 1069 3696 1141 delatorisque
3723 1087 3797 1125 re-

2155 1157 2401 1228 spiceres
2424 1160 2450 1214 ’ἲ
2472 1161 2593 1214 Non
2625 1159 2778 1213 enim
2810 1175 3115 1230 possumus
3144 1159 3215 1214 ob
3247 1160 3490 1214 honores
3518 1160 3799 1214 reverentia

2159 1247 2361 1318 dignos
2385 1249 2666 1319 judicare,
2701 1265 2844 1320 quos
2874 1249 3011 1319 ipsis
3048 1249 3362 1304 honoribus
3400 1249 3702 1320 judicamus
3729 1250 3799 1303 iu-

2156 1337 2380 1409 dignos.
2413 1341 2484 1394 At
2513 1339 2560 1392 si
2591 1355 2762 1410 quem
2783 1339 3065 1410 sapientia
3095 1339 3398 1411 praeditum
3429 1338 3657 1406 videres,
3686 1355 3800 1392 num

2156 1443 2349 1498 posses
2389 1445 2521 1482 eum
2568 1428 2908 1494 reverentia,
2956 1429 3043 1483 vel
3112 1446 3199 1496 ea,
3251 1445 3364 1500 qua
3409 1429 3671 1499 praeditus
3718 1432 3800 1491 est,

2155 1518 2458 1590 sapientia,
2506 1535 2626 1573 non
2677 1518 2920 1590 dignum
2952 1518 3194 1590 putare?
3241 1518 3493 1574 Minime.
3551 1519 3691 1572 Inest
3713 1517 3804 1588 (10)

1807 1617 2394 1676 INTERPRETATIO.

351 1711 485 1775 gunt
534 1708 816 1772 viventem,
875 1706 952 1760 sic
1007 1710 1309 1762 constantes
1366 1723 1472 1762 non
1525 1712 1855 1762 comitantur
1895 1725 2042 1764 mor-

352 1785 524 1834 tuum.

423 1860 445 1885 ²
477 1847 682 1917 Objicit
704 1847 952 1901 Boetius.

423 1924 449 1964 β
478 1919 722 1990 Reponit
753 1918 1138 1991 Philosophia.

2227 1715 2247 1741 ε
2274 1708 2400 1761 Non
2418 1710 2592 1761 certe.

2227 1782 2251 1822 ἀ
2273 1782 2677 1846 Magistratum.

2221 1859 2243 1886 °
2274 1851 2590 1919 Sannionis,
2635 1852 2732 1920 qui
2750 1849 2998 1906 videlicet
3045 1849 3292 1906 omnibus
3328 1847 3506 1904 modis
3532 1849 3691 1903 risum
3717 1861 3804 1901 mo-

2158 1937 2280 1976 vere
2309 1924 2528 1978 nititur.

1979 2045 2200 2102 NOT/E.

472 2133 541 2198 '_I‘e
571 2145 754 2198 greges
784 2136 994 2181 centum
1023 2133 1319 2198 Siculaeque
1352 2134 1550 2184 circum

474 2195 722 2258 Mugiunt
751 2209 942 2245 vacem.

350 2275 597 2342 Qualitas
627 2293 760 2330 vero
787 2277 941 2347 agris
966 2279 1180 2345 opimis.

421 2368 471 2419 5.
505 2368 612 2437 Nec
647 2381 778 2420 cura
805 2366 1057 2430 mordax,
1101 2365 1230 2434 etc.l
1272 2366 1561 2432 Quamvis,
1615 2365 1807 2437 inquit
1850 2367 2038 2421 Philo-

351 2436 570 2517 sophia,
606 2437 759 2490 dives
782 2436 1321 2517 abundetApecunia,
1355 2437 1599 2507 gemmis
1630 2436 1868 2517 etgagris
1917 2439 2040 2509 Opi-

351 2509 480 2580 mis,
537 2524 656 2562 non
687 2513 991 2578 propterea
1037 2509 1169 2580 felix
1227 2509 1383 2562 erit:
1431 2524 1564 2562 nam
1624 2509 1708 2562 vel
1749 2519 2037 2580 superstes

353 2579 529 2633 vitam
562 2582 709 2649 aget,
755 2580 840 2632 vel
891 2579 1002 2632 vita
1061 2579 1362 2649 defunctus
1394 2580 1690 2632 morietur.
1753 2579 1832 2634 Si
1871 2581 2039 2647 vivat,

354 2647 624 2705 anxiferis
653 2649 1000 2703 cruciabitur
1031 2652 1200 2716 curis,
1247 2647 1363 2703 s’ive
1390 2651 1462 2704 ad
1492 2651 1909 2704 conservandas
1956 2668 2044 2705 ve-

354 2727 521 2783 teres,
554 2721 670 2774 sive
702 2721 774 2775 ad
807 2722 1220 2790 comparandas
1254 2738 1426 2775 novas
1462 2738 1618 2791 opes.
1653 2722 1709 2776 Si
1733 2738 1865 2776 vero
1915 2739 2039 2777 mo-

355 2791 552 2873 riatur,
577 2791 957 2873 quidquidex
987 2793 1102 2846 suis
1137 2792 1338 2863 opibus
1365 2809 1592 2873 sperare
1634 2798 1854 2862 poterat
1900 2810 2042 2873 con-

355 2863 666 2930 solationis,
702 2863 842 2917 illud
871 2863 1060 2934 ipsum
1089 2880 1195 2918 non
1243 2865 1590 2918 comitabitur
1620 2881 1638 2918 :
1686 2881 1822 2935 opes
1861 2865 2037 2932 enim,

355 2940 417 2989 ut
442 2941 574 3004 pote
599 2935 986 3004 caduczevitee
1017 2936 1376 3002 famulantes,
1410 2938 1514 2990 hac
1545 2936 1847 2990 recedente
1877 2953 2039 2990 rece-

2160 2138 2258 2205 qui
2287 2141 2551 2190 strumam
2565 2150 2673 2190 non
2701 2149 2990 2200 cognomen
3018 2135 3177 2191 Nonii
3201 2138 3384 2204 putat,
3405 2133 3500 2189 sed
3524 2134 3810 2205 convicium-

2162 2203 2316 2261 Uude
2353 2208 2675 2262 Sitzmanus
2718 2207 2855 2260 hic:
2909 2207 3183 2272 Notanda,
3231 2206 3333 2270 ait,
3375 2207 3471 2260 hoc
3491 2206 3596 2259 loco
3630 2203 3804 2255 ἀνιστο-

2154 2284 2316 2351 ρησία
2337 2283 2510 2332 nostri
2538 2281 2732 2343 Boetii,
2766 2281 2823 2332 in
2857 2293 2913 2332 eo
2937 2278 3377 2351 quodgstrumam
3427 2293 3534 2332 non
3560 2292 3807 2351 cognomen

2154 2348 2316 2406 Nonii
2368 2354 2550 2419 putat.
2606 2351 2670 2403 Et
2721 2349 3047 2402 Bernartius
3092 2348 3185 2402 hic
3231 2364 3468 2419 quoque
3501 2364 3514 2402 :
3545 2349 3806 2412 videamus,

2152 2420 2361 2491 inquit,
2391 2437 2456 2474 ne
2501 2422 2773 2487 guttulam
2827 2421 3071 2474 hauserit
3099 2436 3125 2473 e
3161 2423 3387 2488 ﬂumine
3418 2421 3577 2474 lethes
3596 2421 3674 2472 vir
3714 2434 3812 2472 ma-

2151 2496 2355 2546 :cimus.
2400 2492 2556 2545 Idem
2585 2496 2746 2562 putat
2773 2491 3126 2545 Murmelius.
3161 2493 3233 2546 At
3266 2492 3516 2554 Boetius,
3547 2506 3674 2560 pace
3710 2495 3808 2543 tau-

2152 2568 2341 2616 torum
2371 2563 2649 2630 virorum,
2687 2563 3035 2616 accusandus
3067 2578 3183 2616 non
3205 2568 3289 2616 est
3319 2563 3416 2616 hic
3447 2569 3546 2616 aut
3576 2565 3811 2630 ignorau-

2152 2635 2247 2688 tiee
2262 2639 2359 2688 aut
2380 2650 2506 2687 erro
2516 2635 2590 2686 ris
2627 2651 2638 2687 :
2659 2633 2919 2704 quamvis
2932 2634 3086 2687 enim
3108 2639 3319 2688 struma
3331 2649 3647 2704 cognomen
3669 2632 3814 2686 fuerit

2152 2706 2338 2772 Nonii,
2372 2705 2590 2759 Nonius
2620 2709 2813 2758 tamen
2852 2722 2883 2758 a
2911 2705 3132 2758 Catullo
3164 2705 3341 2759 instar
3369 2705 3611 2758 Convicii
3636 2709 3812 2759 struma

2150 2778 2336 2830 vocari
2367 2777 2572 2846 potuit.
2608 2775 2832 2830 Scilicet
2857 2775 3017 2846 quod
3044 2793 3366 2846 cognomen
3397 2777 3468 2830 ab
3502 2777 3683 2846 aliquo
3716 2775 3810 2827 sive

2149 2849 2405 2918 corporis
2438 2849 2554 2901 sive
2587 2848 2795 2902 mentis
2816 2847 2953 2901 vitio
2987 2847 3327 2915 desumitur,
3361 2847 3502 2902 illud
3532 2851 3703 2917 potest
3723 2846 3813 2918 vel-

2150 2920 2232 2972 uti
2252 2917 2590 2973 convicium
2635 2919 2902 2989 proponi,
2938 2918 3006 2972 iis
3046 2919 3366 2989 praesertim
3399 2920 3602 2990 quibus
3654 2917 3810 2990 primo

355 2987 517 3078 dunt,
548 2997 872 3078 transitura:
897 3008 964 3060 ad
989 3007 1298 3068 lueredem,
1333 2987 1505 3078 quem
1564 3007 1846 3062 similibus
1892 3007 2040 3061 curis

2164 2990 2486 3061 impositum
2523 2987 2651 3078 :‘ut'
2675 2987 2882 3078 ein'qui
2910 2987 3166 3060 primum
3192 2987 3512 3078 dictus—est
3540 2987 3756 3078 Sieriiusl
3787 3004 3811 3039 a

354 3077 736 3148 itaafticient,
770 3083 833 3131 ut
863 3077 909 3131 si
937 3083 990 3130 te
1026 3083 1224 3148 tangat
1248 3077 1402 3132 illius
1433 3095 1614 3145 amor,
1650 3095 1786 3148 opes
1830 3095 2042 3132 novum

354 3147 460 3203 tibi
489 3164 609 3202 esse
639 3149 885 3203 debeant
927 3147 1149 3202 doloris,
1185 3155 1590 3218 argumentum
1623 3166 1636 3202 ι
1682 3147 1822 3204 falso
1869 3151 2047 3219 igitur

356 3235 610 3292 assumes
639 3236 786 3292 eam,
829 3235 1002 3292 quam
1024 3221 1377 3292 naturaliter
1396 3220 1692 3292 cognoscis
1708 3221 2044 3292 appetisque

355 3290 704 3356 felicitatem,
766 3289 1088 3344 iu’divitiis
1146 3291 1404 3362 reperiri.
1477 3289 1802 3346 Videamus
1853 3289 2009 3362 digni

359 3363 518 3414 tates.

428 3429 446 3463 ⁴
479 3433 785 3505 Dignitates
799 3503 807 3505 ν
821 3432 1199 3505 ΔΙιςηιρναὸξιειεντι
1227 3432 1720 3505 reverendumque
1747 3432 2044 3505 _reddunt.]

357 3501 435 3582 Id.
453 3502 702 3582 quidem.
719 3501 914 3582 objicit
939 3503 1166 3582 Boetius
1183 3503 1565 3582 Philosophiae
1600 3504 1727 3582 :hsed
1747 3503 1868 3557 haec
1887 3501 2048 3582 repo:

357 3572 462 3644 nit,
496 3573 597 3626 has
649 3572 958 3644 dignitates
990 3589 1106 3626 non
1145 3578 1259 3626 tam
1293 3572 1516 3628 ratione
1547 3575 1656 3639 sui,
1704 3591 1876 3644 quam
1927 3572 2044 3644 opi-

358 3643 528 3716 nioue
551 3643 707 3713 vulgi
731 3644 1122 3698 honorabilem
1139 3646 1631 3716 reverendumque
1647 3643 1981 3716 magistratu
1993 3663 2046 3700 m

358 3714 636 3788 reddere;
671 3731 738 3768 ex
769 3732 882 3785 quo
908 3717 990 3788 tit,
1017 3721 1080 3770 ut
1109 3733 1215 3770 nec
1243 3717 1457 3787 ubique
1482 3714 1584 3771 nec
1605 3714 1833 3787 semper
1864 3717 2046 3788 magi-

359 3789 570 3840 stratus
600 3786 829 3840 honore
847 3787 1185 3842 afﬁciantur.

429 3859 744 3929 ’Numrvis
801 3873 864 3911 ea
922 3858 1357 3925 magistratibus,
1408 3861 1539 3928 etc.l
1588 3862 1626 3913 l.
1678 3860 2048 3929 Philosophia

357 3929 586 3998 reponit
612 3928 918 3999 dignitates
948 3929 1164 3982 ratione
1189 3929 1277 3982 sui
1310 3947 1423 3984 non
1456 3931 1693 3985 reddere
1750 3928 2044 3985 hominem

358 3999 754 4053 honorabilem
813 4003 868 4052 et
916 4001 1314 4054 reverendum.
1369 4003 1510 4056 Cum
1554 4003 1708 4056 enim
1749 4004 1934 4056 honor
1994 4007 2050 4057 et

360 4071 674 4124 reverentia
701 4071 773 4152 sit
802 4069 1141 4150 intrinsecus
1171 4073 1406 4152 quidem
1437 4073 1728 4152 cogitatio,
1763 4074 2048 4152 extrinse-

359 4157 457 4196 cus
477 4157 609 4194 vero
647 4146 778 4195 nota
815 4143 1031 4212 optima
1062 4143 1250 4196 meriti
1281 4144 1477 4209 alieni,
1511 4143 1718 4197 idcirco
1766 4145 1950 4198 honor
1988 4149 2046 4198 et

357 4212 676 4286 reverentia
704 4213 1478 4286 itacomitanturivirtutem,
1532 4221 1593 4268 ut
1623 4216 1905 4286 quidquid
1952 4232 2044 4268 ra-

359 4282 516 4338 tione
545 4283 941 4338 suihominem
955 4285 1146 4339 reddit
1169 4285 1566 4339 honorabilem
1595 4282 2046 4340 etreverendum

1482 3291 1800 3346 Videamus,
1853 3293 2043 3362 digni-

357 4354 501 4409 illud
533 4354 580 4408 si
598 4355 775 4409 virtus
807 4355 926 4421 ipsa
949 4372 1063 4409 non
1091 4357 1183 4420 sit,
1205 4359 1462 4410 virtutem
1514 4358 1779 4410 mentibus
1812 4361 2042 4412 inserere
2082 4368 2128 4422 D

357 4426 563 4499 debeat
591 4427 853 4496 adeoque
886 4429 1021 4499 vitia
1049 4427 1325 4499 depellere.
1376 4428 1549 4499 Atqui
1587 4428 1897 4499 dignitates
1929 4430 2042 4482 sive

357 4498 724 4568 magistratus
761 4514 878 4550 non
905 4498 982 4550 ita
1011 4514 1069 4551 se
1096 4498 1340 4552 habent:
1414 4498 1881 4568 quandoquidem
1914 4501 2047 4553 illu-

359 4573 536 4640 strare
561 4572 746 4636 potius
775 4572 1074 4636 nequitiam
1101 4570 1268 4622 solent
1296 4586 1460 4637 quam
1499 4571 1717 4636 fugare,
1745 4586 1848 4635 quo
1879 4570 1943 4640 ﬁt
1990 4575 2050 4624 ut

358 4639 705 4707 indignemur
726 4655 814 4693 eas
835 4656 974 4708 saepe
1007 4642 1352 4710 nequissimis
1376 4643 1664 4707 contigisse
1696 4659 1707 4695 :
1765 4639 1911 4694 sicut
1951 4643 2050 4695 Ca-

359 4711 536 4784 tullus
568 4713 819 4775 Nonium,
855 4717 910 4764 et
948 4709 1328 4780 ipse’Boetius
1381 4715 1698 4767 Decoratum
1738 4729 1889 4784 agre
1918 4712 2051 4766 tulit

362 4780 764 4852 magistratum
799 4798 1016 4852 gerere.

432 4855 452 4885 ³
479 4851 648 4925 ζζηάεΔ
696 4853 984 4925 catullus]
1034 4855 1207 4907 Poeta
1239 4852 1588 4920 notissimus,
1637 4854 1756 4925 qui,
1793 4855 1947 4925 quod
1991 4854 2051 4908 in

362 4921 614 4995 versibus
636 4921 714 4975 ita
741 4923 912 4977 fuerit
952 4921 1208 4988 mordax,
1239 4930 1301 4978 ut
1324 4941 1393 4978 ne
1421 4925 1625 4980 Caesari
1653 4921 1913 4995 quidem
1949 4943 2046 4995 pe-

359 4993 767 5066 perceri_t,gnon
797 4995 1078 5048 dubitavit
1099 4996 1341 5050 Nonium
1368 4993 1786 5066 magistratum,
1825 4993 1964 5063 sive,
1988 5001 2052 5050 ut

357 5080 511 5138 nunc
541 5064 767 5132 dicitur,
801 5068 858 5138 in
879 5068 1067 5138 curuli
1099 5067 1378 5133 sedentem,
1422 5064 1677 5135 ejusdem
1713 5064 2048 5138 cognomini

360 5136 640 5202 alludens,
673 5136 929 5190 convicio
962 5137 1290 5191 consectari.
1325 5139 1510 5192 Carm.
1547 5142 1610 5191 53
1637 5155 1648 5192 :

485 5223 625 5281 Quid
648 5228 750 5288 est,
784 5225 1007 5282 Catulle,
1039 5226 1164 5288 quid
1197 5227 1420 5274 moraris
1450 5228 1616 5276 emori
1640 5229 1666 5276 ‘i

485 5288 624 5336 Sella
643 5287 698 5336 in
729 5288 900 5336 curuli
931 5287 1131 5336 struma
1157 5289 1358 5336 Nonius
1394 5289 1542 5339 sedet
1578 5305 1589 5338 :

485 5351 580 5399 Per
612 5350 945 5398 consulatum
973 5350 1170 5412 pejerat
1199 5350 1458 5400 Vatinius.

484 5412 620 5469 Quid
645 5416 741 5471 est,
769 5411 989 5469 Catulle,
1013 5411 1138 5474 quid
1163 5413 1385 5460 moraris
1410 5414 1617 5462 emori?

431 5523 451 5553 ι
479 5519 624 5574 Licet
666 5522 722 5572 in
758 5521 936 5574 curuli
967 5520 1201 5575 Nonium
1222 5519 1513 5584 sedentem,
1547 5526 1813 5576 strumam
1868 5526 2050 5576 tamen

361 5589 659 5660 appellat]
697 5591 892 5644 Plures
922 5590 1013 5643 hic
1043 5596 1250 5660 putant
1284 5590 1544 5644 Boetium
1581 5592 1873 5661 ignorasse
1906 5599 2056 5647 stru-

363 5675 520 5730 mam
549 5677 669 5714 esse
701 5667 1152 5730 cognomentum
1207 5661 1376 5715 Nonii
1412 5663 1663 5717 :Boetius
1693 5663 2051 5730 allucinatur,

362 5729 554 5800 inquit
578 5732 859 5800 losephus
890 5731 1140 5802 Scaliger
1169 5733 1238 5788 ad
1268 5732 1567 5804 prmdictos
1598 5749 1794 5787 versus
1824 5729 2050 5802 Catulli,

2155 3078 2333 3128 servo,
2367 3078 2442 3115 un
2458 3063 2689 3126 esclave;
2717 3061 2956 3132 Spurius
2986 3078 3019 3114 a
3048 3061 3262 3132 spurio,
3281 3077 3357 3116 un
3383 3062 3607 3124 bdtard;
3641 3062 3813 3114 Brutus

2153 3149 2185 3186 a
2218 3134 2408 3198 bruto,
2438 3150 2512 3186 un
2542 3131 2776 3202 stupide,
2826 3131 3146 3202 cognomen
3212 3137 3490 3202 tanquam
3532 3131 3812 3202 convicium

2154 3204 2323 3274 objici
2355 3209 2559 3275 potest.
2607 3201 2723 3257 Imo
2755 3204 2809 3258 id
2853 3201 3208 3273 cognominis
3255 3201 3558 3274 nunquam
3600 3201 3813 3273 reperias

2155 3277 2307 3346 apud
2337 3283 2555 3330 veteres
2591 3275 2878 3328 Romanos
2906 3291 3032 3329 cum
3083 3275 3318 3329 nomine
3342 3293 3545 3330 eorum
3601 3275 3654 3328 in
3696 3287 3814 3346 quos

2156 3343 2516 3400 invehuntur
2589 3348 2980 3421 conjunctum,
3039 3347 3149 3421 nisi
3223 3343 3814 3421 convicii‘causa.’_Sit_:

2155 3421 2496 3474 Marrucinus
2536 3434 2649 3488 quo
2695 3414 3047 3487 cognomine
3091 3419 3340 3474 donatur
3407 3417 3638 3473 Asinius
3680 3414 3810 3488 Asini

2155 3491 2424 3544 Pollionis
2443 3485 2638 3554 frater,
2664 3485 2852 3556 judice
2887 3489 3158 3559 praedicto
3187 3489 3505 3560 Scaligero,
3551 3496 3612 3542 ut
3652 3485 3810 3541 convi-

2157 3563 2306 3615 cium
2331 3561 2518 3614 eidem
2546 3560 2742 3614 Asinio
2778 3561 3048 3630 objicitur
3069 3578 3101 3612 a
3120 3561 3340 3617 Catullo
3377 3563 3564 3616 Carm.
3602 3561 3658 3612 l2
3685 3575 3696 3612 :

2281 3650 2595 3706 Marrucine,
2626 3649 2771 3698 Asini
2803 3663 2965 3697 manu
2995 3649 3208 3698 sinistra

2280 3713 2396 3761 Non
2416 3712 2552 3761 belle
2579 3713 2743 3760 uteris
2774 3712 2827 3760 iu
2853 3712 2973 3774 joco
3005 3716 3162 3774 atque
3191 3711 3336 3762 vino.

2156 3793 2244 3847 Sic
2275 3794 2572 3862 Superbus,
2599 3808 2918 3864 cognomen
2944 3792 3262 3862 Tarquinii,
3288 3796 3353 3845 ut
3394 3791 3705 3846 convicium
3730 3787 3818 3858 ipsi

2156 3865 2464 3935 Tarquinio
2494 3864 2834 3934 proponitur
2864 3881 2896 3917 a
2925 3864 3223 3936 Propertio
3245 3864 3278 3918 l.
3311 3879 3394 3928 ιιι,
3421 3865 3568 3934 eleg.
3598 3866 3656 3916 10
3687 3878 3698 3916 :

2283 3953 2422 4010 Quid
2447 3966 2591 4001 nunc
2620 3952 2889 4014 Tarquinii
2920 3952 3110 4000 fractas
3145 3951 3291 4012 juvat
3314 3965 3430 3999 esse
3456 3965 3678 4005 secures.

2341 4015 2562 4064 Nomine
2588 4028 2744 4078 quem
2770 4014 2927 4062 simili
2951 4015 3057 4062 vita
3083 4015 3312 4076 superba
3338 4018 3436 4063 not
3457 4019 3542 4062 at?

2155 4096 2329 4166 Atqui
2381 4099 2593 4150 struma
2641 4110 2967 4166 cognomen
3017 4097 3098 4146 est
3146 4093 3338 4166 Nonii,
3377 4098 3433 4147 et
3472 4093 3698 4166 quidem
3733 4087 3821 4158 ipsi

2158 4165 2343 4237 primo
2373 4167 2592 4233 datum,
2624 4165 2772 4236 quod
2791 4181 3114 4232 cognomen
3147 4182 3211 4218 ex
3244 4165 3379 4218 vitio
3399 4165 3676 4235 corporis,
3700 4167 3821 4237 _st_r_u-

2159 4230 2265 4292 mis
2296 4230 2588 4301 videlicet,
2609 4230 2817 4292 G'allice
2850 4230 2940 4290 des
2971 4238 3273 4299 e'crouelles,
3307 4230 3646 4291 desuniitur.
3681 4230 3820 4289 Adde

2157 4310 2309 4379 quod
2360 4309 2428 4363 ad
2478 4314 2744 4374 strumas,
2795 4309 2967 4376 hujus
3032 4307 3392 4377 cognominis
3443 4309 3732 4376 orignem,
3767 4318 3822 4353 eo

2158 4381 2347 4450 potius
2375 4379 2627 4433 alludere
2652 4380 2802 4432 visus
2829 4383 2914 4432 est
2941 4381 3217 4444 Catullus,
3261 4379 3415 4448 quod
3470 4379 3674 4450 Nonio,
3705 4390 3823 4450 pra-

2157 4448 2268 4506 tori
2293 4453 2351 4504 in
2385 4452 2659 4520 praedicto
2685 4451 2939 4504 carmine
2952 4450 3207 4522 Catullus
3227 4450 3546 4519 conjungat
3566 4448 3821 4522 Vatini-uin

2159 4518 2475 4586 consulem,
2510 4525 2630 4590 qui,
2656 4523 2809 4595 quod
2858 4522 3092 4575 strumis
3116 4521 3422 4580 laboraret.
3459 4518 3527 4573 ab
3575 4522 3691 4595 ejus
3733 4518 3823 4595 ini-

2161 4596 2306 4647 mico
2346 4595 2616 4648 Cicerone
2676 4593 2885 4666 saepius
2911 4598 3160 4666 ‘strumw
3183 4599 3282 4666 aut
3319 4594 3581 4666 slrumosi
3619 4593 3824 4666 tumoris

2160 4665 2394 4718 nomine
2429 4666 2747 4718 denotatur.
2775 4665 2882 4716 Pro
2903 4663 3118 4717 Sestio:
3153 4663 3442 4717 Medentur
3471 4665 3697 4722 civitati,
3745 4663 3824 4722 qui

2161 4741 2410 4789 cmsecant
2441 4740 2644 4803 pestem
2663 4736 2905 4799 aliquam
2937 4740 3194 4803 tanquam
3221 4740 3488 4788 strumam
3525 4750 3536 4787 :
3563 4735 3618 4786 in
3641 4733 3823 4803 Vatia,

2159 4813 2377 4860 strumae
2398 4801 2625 4874 denique
2653 4807 2805 4860 ebore
2841 4801 3080 4874 improbo
3103 4806 3512 4873 demigrarunt;
3560 4811 3616 4858 et
3657 4801 3780 4856 alibi
3809 4814 3818 4850 :

2165 4878 2453 4932 Tumidum
2480 4877 2734 4931 habemus
2765 4881 3051 4931 oratorem.
3078 4879 3205 4930 Haec
3231 4878 3300 4931 de
3333 4876 3531 4930 Nonio.

2231 4951 2403 5005 l5Cum
2455 4949 2752 5018 Decorato.]
2798 4949 3103 5002 Decoratus
3148 4948 3238 5000 hic
3288 4954 3374 5001 est
3422 4949 3517 5000 ille
3567 4946 3633 5000 ad
3679 4956 3826 5018 quem

2158 5021 2539 5074 Theodericus
2571 5016 3177 5089 apudVCassiodorum
3233 5019 3357 5072 Var.
3415 5020 3452 5072 l.
3511 5035 3560 5078 ν,
3613 5033 3696 5085 ep.
3751 5016 3824 5074 3t,

2161 5093 2376 5156 scribit,
2409 5097 2473 5144 ut
2502 5091 2808 5160 compellat
2843 5091 3120 5160 quosdam
3151 5091 3455 5160 pecuniam
3499 5090 3708 5160 solvere
3749 5099 3828 5152 p0-

2162 5165 2448 5228 stulatam,
2481 5163 2527 5215 si
2573 5159 2765 5215 revera
2813 5159 2910 5215 eos
2968 5161 3110 5214 forte
3156 5159 3487 5214 constiterit
3521 5159 3823 5212 debitores:

2161 5235 2316 5302 quod
2347 5234 2576 5302 adjutor
2608 5234 2882 5302 magistro
2917 5231 3241 5285 officiorum
3268 5231 3551 5302 judicanti
3585 5230 3824 5302 adesset:

2162 5301 2218 5358 et
2261 5301 2584 5374 propterea,
2631 5305 2794 5357 solito
2843 5304 3011 5356 oflicii
3065 5301 3320 5370 nomine,
3363 5303 3574 5374 ibidem
3621 5301 3828 5353 vocatur

2162 5373 2401 5449 devotus,
2438 5375 2644 5428 devotio
2671 5381 2764 5428 tua
2791 5391 2802 5428 :
2838 5375 2991 5445 quod
3018 5391 3132 5449 non
3167 5375 3361 5449 rohstat
3384 5373 3523 5449 quin
3555 5389 3680 5424 vere
3697 5383 3827 5449 nunc

2161 5439 2764 5514 dicaturnequissimus
2790 5439 2981 5500 scurra
3001 5451 3057 5498 et
3089 5446 3314 5499 delator.
3355 5439 3575 5513 (Scurra
3616 5439 3825 5514 quidem

2165 5519 2315 5590 quod
2347 5506 2607 5590 potentes
2632 5522 2878 5581 secutus,
2911 5517 3162 5590 dicteriis
3202 5517 3306 5590 sibi
3332 5509 3544 5568 victum
3569 5506 3664 5567 aut
3691 5506 3825 5564 aliud

2162 5587 2529 5645 commodum
2554 5594 2951 5659 aucuparctur.
2993 5587 3250 5641 Juvenal.

2767 5677 2983 5726 Minium
3015 5678 3122 5740 agit
3143 5677 3247 5732 ille,

2288 5742 2486 5790 Urbani
2515 5739 2723 5803 qualem
2753 5740 3014 5789 facundus
3039 5738 3220 5788 scurra
3254 5738 3456 5787 Catulli.
