3972 6172
152 250 241 311 737
1144 252 1237 306 DE
1281 251 1799 308 CONSOLATIONE
1840 252 2326 309 PHILOSOPHUS
2363 253 2494 307 LIB.
2532 254 2625 310 IlI.

3520 260 3622 311 738

149 387 285 442 enim
314 382 551 454 dignitas
582 381 815 453 propria
853 382 1071 451 virtuti,
1108 399 1281 454 quam
1311 382 1573 454 protinus
1617 385 1677 438 in
1708 401 1805 440 eos
1842 388 1887 442 Α
1917 401 2011 440 eas
2062 402 2183 439 esse
2232 386 2342 455 (15)
2393 401 2511 440 non
2558 386 2866 440 aestimant.
2910 386 3021 441 Sed
3068 388 3176 441 hoc
3207 389 3358 458 apud
3391 393 3612 443 exteras

148 476 336 548 quibus
364 472 529 528 fuerit
551 472 840 542 adjuncta,
862 472 1229 527 transfundit.
1264 480 1407 528 I94
1442 473 1459 506 ί
1491 474 1653 538 Quod
1677 474 1812 546 quia

150 576 169 601 ³
190 566 477 637 populares
506 562 691 617 facere
722 568 1020 634 nequeunt
1045 564 1311 631 honores,
1346 564 1526 635 liquet
1556 580 1650 619 eos
1675 581 1811 635 pro-

146 655 308 726 priam
351 653 640 724 dignitatis
670 652 1161 723 pulchritudinem
1192 669 1307 707 non
1339 653 1568 707 habere.
1603 654 1665 707 In
1698 670 1811 724 quo

142 744 263 799 illud
294 746 374 796 est
402 742 974 797 animadvertendum
1007 742 1189 813 magis
1224 760 1235 797 :
1274 759 1408 797 nam
1440 743 1486 796 si
1518 759 1585 797 eo
1618 742 1805 813 abjec-

144 834 238 888 tior
276 838 378 899 est,
425 848 537 903 quo
569 832 751 903 magis
783 849 813 885 a
840 832 1102 903 pluribus
1134 831 1377 903 quisque
1403 833 1812 899 contemnitur,

145 938 255 978 cum
297 924 321 964 ι)
352 923 692 977 reverendos
722 922 905 975 facere
947 926 1216 993 nequeat,
1255 939 1397 993 quos
1427 922 1684 993 pluribus
1718 939 1814 976 os-

143 1017 304 1067 tentat
332 1012 424 1081 (5),
476 1014 498 1045 ²
550 1012 931 1082 despectiores
962 1012 1154 1082 potius
1184 1012 1478 1082 improbos
1514 1021 1533 1046 ο
1566 1011 1813 1081 dignitas

143 1102 273 1156 facit.
313 1102 519 1155 Verum
562 1117 679 1154 non
708 1101 734 1142 ά
766 1100 1004 1171 impune
1057 1117 1069 1154 :
1116 1101 1361 1155 reddunt
1403 1117 1653 1171 namque
1699 1102 1815 1155 im-

144 1190 284 1262 probi
319 1206 518 1261 parem
550 1189 923 1261 dignitatibus
953 1190 1155 1257 vicem,
1184 1206 1325 1261 quas
1347 1207 1448 1243 sua
1477 1189 1814 1260 contagione

144 1282 557 1334 commaculant.
593 1284 614 1315 ³
642 1283 828 1351 Atque
859 1284 921 1332 ut
943 1295 1218 1349 agnoscas
1249 1296 1441 1333 veram
1472 1278 1631 1333 illam
1663 1296 1816 1333 reve-

143 1371 361 1425 rentiam
389 1387 496 1441 per
524 1371 628 1424 has
656 1370 992 1423 umbratiles
1020 1369 1326 1438 dignitates
1358 1385 1471 1422 non
1501 1385 1664 1438 posse
1693 1385 1816 1422 con-

141 1461 374 1529 tingere;
433 1460 479 1512 si
512 1459 639 1529 quis
671 1458 971 1529 multiplici
1010 1459 1310 1512 consulatu
1343 1458 1569 1511 functus
1600 1458 1659 1511 in
1690 1458 1815 1511 bar-

138 1549 282 1603 baras
328 1549 595 1602 nationes
640 1548 783 1601 forte
831 1548 1143 1613 devenerit,
1194 1548 1663 1602 venerandumne
1707 1547 1814 1617 (10)

139 1638 371 1693 barbaris
403 1638 593 1692 honor
624 1637 791 1691 faciet
815 1639 874 1691 οἳ
900 1638 1070 1708 Atqui
1103 1637 1147 1690 si
1177 1637 1285 1691 hoc
1313 1637 1574 1691 naturale
1602 1652 1814 1690 munus

139 1728 497 1799 dignitatibus
529 1728 694 1793 foret,
728 1727 797 1780 ab
830 1726 1017 1781 ofﬁcio
1047 1743 1171 1792 suo,
1203 1724 1221 1761 ί
1249 1743 1482 1797 quoquo
1527 1726 1809 1797 gentium,

138 1819 277 1872 nullo
323 1818 501 1871 modo
536 1820 822 1870 cessarent
855 1833 867 1869 :
903 1817 1050 1869 sicut
1082 1816 1231 1886 ignis
1260 1816 1473 1887 ubique
1503 1821 1808 1883 terrarum,

139 1924 412 1979 nunquam
467 1912 658 1961 tamen
698 1908 881 1960 calere
914 1905 1150 1960 desistit.
1187 1906 1299 1961 Sed
1331 1906 1604 1977 quoniam
1642 1906 1700 1959 id
1732 1906 1813 1959 eis

139 2015 234 2052 non
264 1996 505 2069 propria
535 1997 634 2062 vis,
667 1996 762 2049 sed
793 1995 1094 2049 hominum
1120 1995 1288 2049 fallax
1312 1995 1563 2049 adnectit
1595 1994 1814 2065 opinio,

138 2091 426 2142 vanescunt
453 2086 633 2153 illico,
675 2102 806 2140 cum
839 2086 907 2139 ad
940 2102 1035 2139 eos
1067 2086 1346 2153 venerint,
1379 2085 1479 2156 qui
1508 2084 1818 2155 dignitates

1920 476 2181 530 nationes
2216 492 2227 529 :
2262 476 2412 529 inter
2442 493 2539 529 eos
2566 492 2719 539 vero,
2753 477 2904 546 apud
2937 493 3081 547 quos
3112 483 3253 531 ortae
3287 484 3441 544 sunt,
3477 495 3617 533 num

1921 571 2198 636 perpetuo
2231 566 2548 635 perdurant
2579 566 2647 631 εἳ
2686 572 2829 619 I95
2876 567 3050 636 Atqui
3081 565 3103 601 ⁸
3135 568 3161 608 ιι
3192 573 3461 637 praetura,
3496 584 3618 623 ma-

1922 671 2035 726 gna
2066 655 2202 708 olim
2236 660 2504 725 potestas,
2539 671 2691 708 nunc
2722 655 2891 709 inane
2923 672 3138 710 nomen
3173 662 3278 722 est,
3311 662 3367 711 et
3394 663 3617 712 senato-

1922 744 1994 798 rii
2043 760 2243 798 census
2274 745 2459 814 gravis
2511 744 2523 777 ί
2566 744 2803 798 sarcina.
2851 743 2873 777 ⁵
2909 745 2964 799 Si
2997 745 3121 816 quis
3154 746 3440 816 quondam
3474 762 3484 813 ί
3520 763 3619 817 po-

1922 834 2045 904 puli
2088 838 2338 887 curasset
2374 850 2687 899 annonam,
2725 850 2968 904 magnus
3000 835 3333 902 habebatur,
3370 851 3523 888 nunc
3554 852 3619 888 ea

1923 924 2262 995 praefectura
2308 924 2443 995 quid
2478 923 2794 994 abjectius?
2832 925 2898 977 Ut
2924 924 3079 977 enim
3110 924 3283 994 paulo
3312 929 3440 977 ante
3474 925 3615 977 dixi-

1923 1030 2069 1080 mus,
2132 1014 2288 1085 quod
2355 1014 2498 1067 nihil
2560 1013 2731 1067 habet
2780 1012 2997 1082 proprii
3047 1014 3288 1079 decoris,
3348 1014 3619 1083 opinione

1924 1103 1999 1173 (5)
2032 1104 2319 1157 utentium
2366 1119 2515 1156 nunc
2545 1103 2909 1173 splendorem
2939 1102 3162 1172 accipit,
3199 1118 3350 1155 nunc
3381 1102 3613 1155 amittit.

1923 1191 1977 1246 Si
2033 1192 2211 1261 igitur
2258 1192 2598 1246 reverendos
2646 1192 2829 1245 facere
2866 1196 3160 1262 nequeunt
3204 1191 3530 1261 dignitates,
3575 1191 3622 1244 si

1922 1282 2076 1335 ultro
2129 1282 2521 1352 improborum
2570 1281 2911 1351 contagione
2957 1279 3314 1347 sordescunt,
3350 1280 3395 1333 si
3434 1284 3620 1333 muta-

1924 1371 2081 1425 tione
2116 1376 2440 1441 temporum
2474 1372 2768 1441 splendere
2795 1371 3084 1437 desinunt,
3119 1370 3165 1422 si
3187 1370 3447 1440 gentium
3479 1369 3623 1423 resti-

1924 1460 2176 1513 matione
2227 1460 2525 1527 vilescunt,
2578 1460 2714 1530 quid
2755 1465 2839 1513 est
2882 1460 3035 1529 quod
3079 1459 3138 1511 in
3180 1475 3238 1512 se
3288 1458 3622 1529 expetendae

1925 1549 2368 1621 pulchritudinis
2398 1548 2665 1615 habeant,
2700 1549 2911 1602 nedum
2942 1548 3069 1601 aliis
3102 1550 3407 1619 praastent?

2447 1700 2591 1747 I96
2632 1694 2924 1749 METRUM
2962 1694 2983 1715 *
3022 1695 3109 1749 IV.

1922 1828 2324 1880 Anauuenrw.
2375 1854 2443 1863 -—
2492 1824 2841 1893 Philosophia
2885 1824 3125 1893 exemplo
3160 1824 3349 1877 miseri
3390 1824 3623 1879 Neronis

1994 1898 2291 1963 dignitates
2351 1898 2694 1964 conferentis,
2758 1898 3039 1965 conﬁrmat
3108 1895 3407 1963 dignitates
3458 1896 3624 1948 nemi-

1996 1984 2114 2023 nem
2140 1984 2296 2036 posse
2327 1968 2500 2021 beare.

2068 2080 2336 2145 Quamvis
2366 2096 2423 2135 se
2455 2081 2620 2151 Tyrio
2649 2080 2928 2151 superbus
2959 2086 3132 2147 ostro,

1590 2197 2169 2256 INTERPRETATIO.

196 2338 217 2363 ³
239 2330 494 2383 Exhibiti
522 2345 555 2383 a
578 2330 795 2399 populo.

196 2403 217 2443 ιδ
242 2404 524 2469 Dignitas.

195 2481 213 2505 ε
239 2474 465 2527 Eadem.

194 2544 219 2585 ἀ
247 2545 367 2599 Sine
396 2560 585 2613 pcena.

195 2622 214 2648 °
241 2616 358 2669 Non
387 2631 555 2669 sane.

197 2685 211 2720 ί
240 2687 465 2757 Ubique.

1995 2334 2020 2369 Β
2045 2323 2275 2378 Minime
2306 2339 2459 2377 vero.

1996 2398 2024 2472 ii
2056 2399 2310 2472 pignitas
2336 2397 2609 2464 pratoris.

1993 2470 2006 2502 ί
2040 2470 2208 2525 Onus.

1990 2554 2004 2605 j
2039 2540 2331 2604 Praefectus
2362 2552 2605 2592 annona.

1996 2612 2234 2664 Etiamsi
2262 2612 2401 2666 Nero
2439 2624 2493 2663 se
2535 2607 2849 2671 adornaret,
2884 2607 3117 2673 insignis
3143 2618 3399 2674 purpura
3434 2604 3617 2669 Tyria,

1922 2684 2250 2750 gemmisque
2279 2680 2554 2747 candidis,
2582 2679 2733 2733 idem
2752 2678 3108 2731 nihilominus
3128 2677 3436 2746 imperator
3458 2676 3619 2728 luxus

1750 2806 1982 2862 NOTIE.

142 2903 322 2958 delator
362 2918 534 2965 vero,
584 2899 736 2970 quod
780 2898 923 2951 alios
966 2896 1343 2970 calumniatus
1375 2895 1608 2970 occulte
1630 2911 1821 2970 _accu_-

142 2981 305 3041 saret),
358 2966 655 3042 ejusmodi
702 2971 856 3042 enim
894 2968 1165 3042 homines
1194 2967 1388 3038 puniri
1418 2967 1588 3037 jussit
1628 2966 1822 3042 Domi-

2005 2898 2025 2929 ‘
2054 2895 2303 2946 Przetura
2347 2908 2549 2960 magna
2588 2893 2713 2945 olim
2749 2895 3012 2960 potestas,
3042 2905 3182 2942 nunc
3216 2891 3376 2942 inane
3409 2901 3616 2960 nomen.

1933 2967 2207 3019 Praetores
2268 2958 2530 3029 Romani,
2579 2968 2643 3015 ut
2685 2958 2889 3015 do'cent
2930 2960 3268 3031 jurisperiti,
3319 2960 3388 3012 ab
3420 2958 3615 3031 finitio,

144 3028 325 3100 tiamis.
362 3028 657 3112 ﬁrinceps,
690 3041 990 3111 inquiebat
1027 3040 1118 3092 hic
1154 3028 1467 3109 imperator
1497 3038 1647 3112 apud
1679 3038 1823 3091 Sue-
1861 3058 1899 3109 ρ
1929 3036 2057 3112 jure
2089 3036 2455 3112 magistratus
2488 3028 2672 3112 edicta
2703 3028 3374 3112 tantum'proponebant,
3403 3030 3471 3083 de
3501 3028 3622 3098 qui-

144 3119 359 3183 tonium,
410 3119 517 3185 qui
549 3116 811 3168 delatores
842 3128 946 3165 non
991 3114 1243 3179 castigat,
1276 3114 1479 3185 irritat.
1515 3111 1823 3185 Propterea

146 3181 353 3242 Boetius
377 3181 681 3242 convictus
709 3186 1107 3253 magistratum
1141 3199 1250 3235 non
1278 3182 1502 3236 eflicere
1534 3181 1817 3239 meliores,

144 3260 335 3326 adduci,
380 3260 566 3313 etiam
599 3258 880 3325 periculis,
922 3270 1027 3308 non
1066 3257 1263 3323 potuit,
1298 3258 1358 3307 ut
1396 3270 1514 3307 cum
1542 3254 1635 3306 illo
1667 3255 1823 3306 Deco-

143 3338 243 3385 rato
260 3330 655 3399 magistratum
682 3332 910 3394 gereret.

204 3405 217 3438 ¹
270 3394 419 3467 Quod
478 3404 617 3470 quia
667 3401 958 3468 populares
1004 3400 1183 3470 facere
1233 3394 1820 3470 nequeunthonoresj

146 3474 201 3527 ll.
248 3466 453 3528 Eadem
487 3466 869 3541 Thilo—sophia
908 3470 1119 3535 innuit,
1158 3468 1442 3522 honorem
1476 3466 1822 3536 dignitatum

145 3545 200 3597 ab
228 3547 503 3615 Opinione
536 3542 692 3612 vulgi
723 3542 971 3615 pendere
997 3558 1008 3595 :
1036 3541 1373 3615 undenunc
1403 3545 1632 3615 vocatur
1656 3552 1826 3606 popu-

145 3611 398 3671 laris—sive
432 3635 465 3671 a
500 3611 1051 3685 populo’exhibitus.
1087 3612 1316 3685 Scilicet
1344 3611 1531 3685 honor
1569 3613 1634 3685 et_
1664 3624 1821 3685 reve-

144 3690 320 3756 rentia,
353 3694 414 3741 ut
441 3679 952 3757 jam—monuimus,
979 3684 1119 3757 nihil
1142 3682 1404 3735 estaliud
1427 3697 1599 3751 quam
1621 3679 1824 3757 intrin-

146 3775 277 3812 secus
308 3752 555 3831 quid'em
581 3756 879 3831 cogitatio;
912 3756 1261 3831 estrinsecus
1292 3758 1581 3831 vero-nota
1608 3752 1824 3831 optima

146 3824 525 3885 meriti-alieni
560 3846 572 3882 :
610 3824 760 3882 unde
795 3827 909 3881 sive
942 3828 1040 3879 illa
1073 3824 1367 3895 cogitatio,
1398 3824 1512 3877 sive
1540 3824 1825 3895 hircinota

145 3902 207 3955 ita
249 3901 591 3956 honoraritis
636 3905 741 3964 est,
790 3902 855 3952 ut
901 3894 1250 3951 honoratum
1291 3900 1541 3966 nequeat
1588 3894 1823 3966 reddere

146 3973 494 4027 honorabilem
527 3977 577 4025 et
610 3969 959 4024 reverendam
1008 3986 1021 4022 :
1066 3968 1241 4022 solius
1273 3964 1496 4021 virtutis
1526 3969 1611 4018 est
1648 3964 1827 4018 hono-

145 4051 307 4099 ratum
353 4043 607 4099 reddere
658 4041 1054 4095 honorabilem
1105 4056 1117 4094 :

144 4122 345 4185 propria
366 4116 664 4183 dignitatis
691 4112 1063 4185 pulchritudo.

204 4180 617 4257 "Despectiores
656 4180 926 4257 improbos
956 4184 1201 4257 dignitas
1224 4180 1419 4257 facit.]
1455 4180 1828 4257 Contemptus

148 4258 301 4325 enim,
342 4250 407 4313 iit
438 4264 576 4329 pote
606 4250 815 4329 honori
846 4253 1185 4320 contrarius,
1220 4253 1561 4329 intrinsecus
1594 4250 1825 4329 quidem

149 4335 216 4401 est
257 4320 555 4401 cogita-tio,
608 4328 959 4401 extrinsecus
1004 4340 1136 4379 vero
1182 4329 1329 4401 nota
1352 4323 1609 4401 pessima
1634 4320 1826 4374 meriti

148 4400 296 4455 alieni
327 4394 355 4455 ἷ
378 4394 563 4472 quare
591 4415 719 4452 cum
742 4398 1040 4472 improbus
1064 4413 1128 4450 eo
1149 4396 1404 4472 vitiosior
1425 4394 1691 4472 Avideatur
1712 4408 1825 4472 quo

149 4464 452 4526 sublimiori
500 4472 779 4542 dignitate
827 4464 1073 4523 affectus
1124 4472 1231 4542 est,
1295 4466 1439 4520 sicut
1490 4464 1726 4542 dictum-
1750 4468 1830 4542 est

151 4558 280 4611 pros.
332 4547 385 4612 6,
440 4561 478 4597 ιι
528 4537 629 4597 lib.
685 4558 696 4595 :
750 4546 1055 4611 propterea
1101 4539 1344 4605 dignitas
1384 4537 1655 4607 improbos
1693 4537 1832 4603 facit

152 4614 447 4681 abjectiorcs
477 4616 955 4682 despectioresque.

212 4678 230 4717 ³
260 4689 442 4755 Atque
474 4692 537 4740 ut
574 4678 857 4751 agnoscas,
909 4680 1044 4753 etc.]
1092 4682 1183 4736 Ill.
1218 4680 1411 4751 Inquit
1440 4678 1829 4755 Philosophia,

153 4756 191 4828 si
234 4750 536 4828 dignitates
567 4750 785 4810 ratione
816 4755 904 4828 sui
944 4750 1344 4828 potiusquam
1376 4753 1530 4821 vulgi
1563 4750 1831 4828 opinione

154 4822 428 4883 hominem
493 4829 798 4882 redderent
855 4822 1255 4880 honorabile'm
1310 4829 1367 4877 et
1418 4822 1830 4882 venerandum,

153 4899 277 4952 sicut
306 4904 451 4967 ignis
480 4915 690 4968 semper
718 4904 766 4952 et
792 4898 991 4966 ubique
1012 4903 1283 4952 terrarum
1302 4896 1458 4961 calet,
1492 4895 1569 4947 sic
1592 4893 1834 4968 quicun-

154 4984 247 5037 que
288 4964 671 5041 dignitatibus
714 4964 1095 5035 afﬁcerentur,
1148 4968 1208 5041 hi
1250 4983 1476 5041 semper
1521 4968 1578 5018 et
1622 4964 1835 5041 ubique

155 5035 319 5097 essent
348 5035 737 5097 honorabiles.
769 5042 873 5095 Sed
899 5058 987 5093 res
1010 5056 1125 5093 non
1154 5040 1231 5094 ita
1254 5056 1310 5091 se
1334 5035 1503 5091 habet
1536 5053 1547 5089 :
1582 5035 1835 5107 primum

156 5114 286 5185 fenim
320 5118 419 5185 qui
448 5114 825 5185 dignitatibus
856 5112 1205 5185 afﬁciuntur,
1235 5110 1294 5185 hi
1316 5126 1430 5163 non
1460 5113 1590 5185 sunt
1624 5107 1836 5185 ubique

156 5180 551 5240 honora-biles?
588 5202 717 5238 nam
749 5187 797 5237 si
827 5188 949 5253 quis
988 5184 1281 5251 multiplici
1311 5182 1593 5235 consulatu
1616 5182 1837 5253 functus

158 5255 203 5305 in
233 5257 493 5312 barbaras
526 5259 768 5311 nationes
793 5250 935 5321 forte
966 5250 1258 5318 devenerit,
1284 5268 1401 5306 non
1424 5256 1727 5322 propterea
1749 5250 1837 5303 his

157 5324 421 5402 Videbitur
444 5327 800 5383 honorabilis
825 5344 837 5381 :
864 5327 961 5402 sed
982 5327 1051 5380 iis
1074 5327 1260 5402 solum
1288 5324 1385 5395 qui
1413 5324 1662 5402 quodam
1685 5338 1839 5402 pras-

156 5396 348 5463 judicio
433 5402 793 5453 consulatum
873 5399 1090 5452 honore
1166 5394 1407 5466 dignum
1487 5394 1834 5448 existimant.

161 5466 354 5541 Deinde
396 5473 499 5541 qui
548 5470 921 5541 dignitatibus
976 5466 1433 5541 decorantur,ghi
1466 5483 1583 5541 non
1614 5480 1842 5533 semper

162 5538 805 5597 videntur—honorabiles
840 5558 851 5594 :
886 5541 929 5593 si
954 5541 1186 5611 quidem
1213 5539 1367 5609 apud
1390 5538 1619 5611 easdem
1644 5542 1841 5611 gentes

165 5624 276 5687 quin
298 5630 420 5687 uno
456 5620 712 5685 tempore
762 5609 988 5683 magni,
1029 5613 1120 5666 hae
1161 5611 1272 5665 alio
1317 5610 1479 5681 parvi
1509 5609 1842 5679 penduntur

170 5682 459 5751 dignitates
492 5702 505 5739 :
535 5682 661 5739 nam

1170 4038 1320 4093 unde
1370 4038 1487 4092 sola
1530 4036 1711 4090 virtus
1742 4041 1827 4090 est

1972 3123 2037 3160 us
2077 3103 2267 3173 rebus,
2300 3111 2355 3159 et
2385 3106 2675 3175 quomodo
2703 3105 2795 3173 jus
2822 3103 3025 3157 dicturi
3054 3108 3241 3175 essent
3275 3114 3619 3175 :progressu

1931 3183 2125 3232 autem
2175 3170 2472 3247 temporis,
2525 3192 2641 3228 non
2678 3170 2970 3247 obnitente
3020 3174 3254 3247 populo,
3302 3170 3408 3247 hoc
3450 3170 3621 3247 simul

1930 3244 2314 3318 usurparunt,
2361 3256 2425 3302 ut
2480 3247 2754 3301 edicendo
2813 3246 2986 3299 etiam
3026 3246 3117 3315 jus
3161 3244 3616 3318 constituerent:

1931 3321 2029 3374 sed
2076 3314 2317 3373 tandem
2375 3319 2491 3372 suis
2548 3318 2870 3388 sumptibus
2932 3314 3209 3370 cirCenses
3269 3320 3324 3369 et
3376 3314 3623 3388 scenicos

1932 3393 2211 3446 duntaxat
2269 3392 2433 3444 ludos
2486 3386 2830 3443 exhibebant
2876 3404 2889 3441 :
2943 3389 3093 3441 unde
3141 3392 3301 3441 inane
3342 3402 3530 3440 nomen
3575 3386 3625 3434 et

1931 3466 2117 3532 gravis
2147 3465 2368 3519 sarcina
2406 3468 2542 3516 tunc
2582 3465 2702 3515 erat
2731 3462 2829 3513 illa
2858 3460 3117 3529 primoris
3146 3458 3411 3529 dignitas.
3452 3458 3627 3512 Simi-

1932 3536 2063 3590 liter

2004 3612 2026 3646 ⁵
2060 3616 2121 3669 Si
2161 3615 2284 3682 quis
2318 3612 2514 3683 populi
2549 3616 2789 3665 curasset
2832 3626 3120 3678 annonam,
3153 3608 3287 3680 etc.]
3321 3610 3625 3665 Praefectus

1934 3701 2180 3739 annonae
2205 3690 2394 3738 tantus
2427 3684 2561 3737 olim
2594 3690 2716 3735 erat
2736 3684 2887 3752 apud
2916 3684 3226 3746 Romanos,
3254 3686 3316 3733 ut
3335 3684 3624 3751 Augustus

1932 3756 2054 3826 ipse
2100 3761 2388 3826 acceptam
2428 3771 2460 3807 a
2499 3756 2711 3824 populo
2743 3770 2985 3826 annona;
3026 3754 3442 3823 prmfecturam,
3476 3772 3624 3823 quo-

1933 3824 2005 3881 ad
2036 3827 2189 3894 vixit,
2223 3824 2492 3892 tenuerit,
2534 3831 2634 3877 aut
2663 3831 2814 3877 certe
2845 3824 3017 3893 paulo
3056 3829 3186 3877 ante
3220 3829 3461 3877 mortem
3493 3826 3623 3877 sub-

1936 3897 2185 3951 stitucrit
2241 3897 2345 3950 sibi
2400 3898 2458 3949 C.
2517 3895 2881 3960 Turrianum,
2938 3894 3037 3965 qui
3094 3896 3245 3947 inter
3301 3894 3519 3964 primos
3568 3897 3624 3949 in

1934 3970 2106 4024 verba
2152 3967 2364 4022 Tiberii
2404 3968 2632 4038 juravit,
2683 3967 2847 4037 quasi
2895 3966 3044 4019 inter
3087 3966 3402 4038 prrpcipuos
3442 3969 3624 4035 magi-

1936 4045 2143 4094 stratus
2194 4054 2205 4093 :
2258 4041 2353 4093 sed
2410 4038 2589 4091 Boetii
2638 4038 2994 4106 temporibus
3038 4037 3337 4104 praefectus
3379 4053 3625 4091 annona

1935 4112 2153 4166 nullam
2184 4110 2292 4164 nisi
2322 4111 2382 4163 in
2413 4109 2657 4179 pistores
2688 4108 2844 4161 urbis
2882 4106 3379 4179 negotiatoresque
3411 4109 3627 4179 suarios

1935 4198 2237 4237 censuram
2268 4186 2324 4235 et
2355 4177 2908 4234 animadversionem
2938 4177 3221 4231 habebat:
3247 4184 3310 4231 ut
3342 4178 3628 4247 colligitur

1937 4271 2006 4309 ex
2036 4255 2283 4308 formula
2311 4253 2483 4323 hujus
2514 4251 2871 4322 praefectum
2918 4265 3091 4320 quam
3129 4249 3303 4303 refert
3333 4249 3628 4303 Cassiodo-

1942 4342 2037 4379 rus
2068 4326 2105 4379 l.
2142 4324 2459 4392 v1Variar.,
2495 4324 2662 4377 form.
2708 4325 2785 4376 l8.

2018 4424 2316 4479 Falluntur
2346 4439 2482 4493 ergo
2514 4439 2615 4475 sua
2642 4418 3034 4493 assumptione
3066 4417 3166 4493 qui
3208 4418 3627 4493 summum_bo-

1941 4512 2081 4551 num
2103 4501 2308 4566 putant
2334 4489 2545 4549 versari
2566 4494 2624 4546 in
2644 4489 3020 4563 dignitatibus
3043 4492 3157 4543 sive
3183 4489 3629 4559 magistratibus.

1958 4642 1969 4647 _
2015 4588 2031 4607 “
2079 4588 2321 4639 Carmen
2358 4590 2627 4638 constans
2672 4599 2738 4635 ex
2774 4580 2985 4650 duplici
3012 4594 3221 4649 genere
3247 4594 3518 4632 versuum
3553 4580 3633 4631 al-

1944 4663 2262 4723 ternorum,
2315 4672 2563 4725 quorum
2606 4655 2763 4725 prior
2792 4653 3123 4725 iPhaleucius
3166 4650 3635 4725 quinquepedes

1944 4730 2135 4795 habet,
2165 4722 2374 4798 nempe
2398 4722 2739 4798 sponde—um,
2774 4723 3061 4798 dactylum
3094 4726 3150 4775 et
3175 4728 3287 4798 tres
3314 4722 3593 4775 trochmos
3620 4737 3632 4773 :

1945 4793 2231 4871 posterior
2268 4793 2645 4855 Α’νεΙιὶἰοεΙιὶῑιε
2690 4796 2830 4849 duos
2861 4795 3113 4863 dactylos
3146 4793 3499 4863 totidemque
3530 4799 3640 4847 tro-

1945 4874 2152 4927 chaaos.

2026 4965 2071 5014 l.
2113 4962 2277 5027 Tyrio
2304 4957 2565 5027 superbus
2598 4956 2786 5023 ostra]
2822 4954 3051 5008 Ostrum
3082 4953 3151 5007 ab
3182 4958 3373 5027 ostreo,
3409 4953 3633 5027 dicitur.

1948 5026 2193 5089 Ostreum
2220 5026 2435 5094 autem,
2464 5029 2669 5082 Graecis
2700 5031 2928 5099 ὄστρεον,
2946 5026 3273 5099 generatim
3300 5026 3443 5078 illud
3467 5040 3635 5099 omne

1949 5104 2216 5158 animalis
2264 5118 2444 5171 genus
2492 5100 2773 5169 significat
2799 5098 2961 5167 quod
2994 5102 3137 5171 testa
3167 5098 3451 5171 inclusum
3480 5098 3633 5148 latet.

1949 5179 2021 5230 At
2052 5175 2198 5229 inter
2229 5168 2335 5226 ista
2366 5172 2660 5241 conchylia
2711 5186 2890 5222 unum
2925 5174 3029 5234 est,
3063 5169 3253 5237 inquit
3300 5168 3540 5241 Plinius,
3574 5182 3635 5241 ex

1949 5248 2110 5316 cujus
2143 5245 2358 5298 concha
2387 5238 2883 5316 incisacolligitur
2908 5256 3122 5316 succus
3146 5238 3437 5316 tingendis
3468 5238 3636 5316 vesti-

1949 5307 2055 5372 bu's
2105 5317 2418 5386 expetitus;
2466 5319 2521 5367 et
2569 5314 2693 5386 hoc,
2722 5307 2956 5383 proprie
2996 5311 3204 5386 dicitur
3242 5307 3464 5386 ostrum.
3502 5307 3639 5359 Hinc

1950 5395 2153 5444 ostrum
2176 5379 2451 5457 accipitur
2471 5401 2588 5439 non
2619 5379 2805 5457 solum
2833 5379 2941 5457 pro
2962 5382 3193 5457 concha,
3218 5379 3314 5432 sed
3338 5379 3509 5457 etiam
3531 5394 3639 5457 pro

1952 5462 2141 5514 colore
2177 5449 2491 5528 purpureo,
2543 5456 2641 5525 qui
2681 5472 2743 5509 ex
2779 5449 3011 5528 conchae
3042 5453 3201 5528 istius
3234 5450 3389 5528 sanie
3417 5449 3642 5528 contici-

1951 5537 2067 5596 tur,
2118 5520 2233 5584 imo
2280 5520 2386 5596 pro
2416 5520 2690 5593 restibus,
2743 5544 2870 5597 qua:
2909 5525 3016 5597 hoc
3053 5522 3238 5597 colore
3282 5520 3638 5597 imbuuntur.

1952 5592 2129 5673 Tyrus
2170 5592 2363 5655 autem
2400 5600 2559 5673 urbs
2586 5592 2885 5673 Phtenicite
2929 5592 3535 5673 ejusmodiconchzlii.
3562 5592 3645 5661 pi-

1952 5663 2107 5729 scatu
2138 5672 2511 5728 celeberrima
2534 5670 2646 5725 fuit
2677 5687 2689 5724 :
2724 5683 2899 5740 quare
2928 5670 3146 5721 ostrum
3175 5663 3385 5718 dicitur
3411 5663 3643 5735 Tyrium
