3982 6182
361 289 465 340 739
1694 290 1810 344 AN.
1852 292 2059 348 MANL.

647 421 908 476 Comeret
939 426 994 476 et
1020 422 1196 476 niveis
1225 423 1453 493 lapillis,

584 516 725 564 197
762 511 981 565 lnvisus
1004 515 1201 565 tamen
1231 513 1498 568 omnibus
1525 515 1753 585 vigebat

647 601 910 654 Luxurias
943 601 1088 655 Nero
1120 601 1422 656 sazvientis.

363 694 392 744 5
574 689 682 743 Sed
718 690 1011 760 quondam
1045 690 1214 745 dabat
1244 692 1541 762 improbus
1571 693 1831 749 verendis

643 779 905 832 Patribus
937 780 1233 834 indecores
1265 784 1506 838 curules.

571 868 709 932 Quis
742 869 867 922 illos
897 869 1076 939 igitur
1106 875 1263 941 putet
1294 871 1512 936 beatos,

643 957 795 1021 Quos
823 957 1016 1012 miseri
1049 960 1333 1026 tribuunt,
1365 961 1656 1016 honores?

955 1096 1098 1150 198
1142 1092 1372 1148 PROSA
1411 1095 1470 1147 V.

355 1225 750 1278 Aacunauruu.
796 1253 866 1263 —
907 1226 1110 1292 Regna,
1154 1229 1331 1294 inquit
1363 1227 1730 1296 Philosogohia,
1766 1244 2057 1296 regumque

424 1296 806 1362 familiaritas,
840 1300 1044 1365 utpote
1068 1312 1186 1366 quae
1218 1313 1310 1352 nec
1335 1305 1620 1368 perpetua,
1643 1315 1735 1354 nec
1765 1302 2046 1365 immensa,

2099 291 2250 348 SEV.
2297 293 2521 348 BOE'l‘ll
3706 303 3789 355 7&0

2239 445 2333 482 nec
2364 445 2574 495 secura,
2604 433 2922 498 potentiam,
2955 445 3119 496 quam
3150 431 3391 483 naturali
3417 437 3610 486 notione
3636 435 3798 490 ductus

2238 502 2567 554 naturaliter
2599 505 2828 569 appetis,
2865 507 3125 569 praestare
3157 518 3257 554 non
3282 509 3516 570 possunt.

2243 591 2254 621 ¹
2307 594 2392 643 Au
2428 607 2558 644 vero
2611 607 2789 660 regna
2836 607 3152 661 regumque
3197 591 3537 645 familiaritas
3565 593 3586 625 ²
3615 595 3806 650 efficere

2166 684 2462 748 potentem
2512 678 2740 733 valent?
2789 680 3000 743 Quidni
3032 690 3074 745 ει,
3118 681 3344 751 quando
3377 699 3562 735 eorum
3605 682 3806 738 felicitas

2167 773 2448 837 perpetuo
2497 769 2788 838 perdurat.
2845 769 3014 839 Atqui
3063 775 3082 803 ³
3128 772 3292 839 plena
3336 776 3416 822 est
3458 773 3808 840 exemplorum

2166 861 2417 910 vetustas
2463 860 2513 922 ti;
2569 857 2738 928 plena
2786 859 2954 911 etiam
3000 875 3249 928 praesens
3299 865 3431 911 mtas
3477 872 3517 925 ο,
3559 862 3646 930 qui
3675 878 3810 931 reges

2166 945 2496 999 felicitatem
2563 948 2883 1000 calamitate
2935 949 3296 1002 mutaverint.
3348 949 3389 1001 Ο
3439 951 3687 1018 ρταιριειιει
3729 968 3809 1021 po-

2166 1034 2365 1100 tentia,
2398 1052 2525 1106 qum
2562 1051 2633 1089 ne
2668 1036 2742 1106 (εἰ)
2774 1036 2845 1088 ad
2873 1038 3360 1090 conservationem
3396 1037 3613 1108 quidem
3643 1039 3717 1090 sui
3746 1057 3811 1090 sa-

2165 1122 2236 1176 tis
2286 1124 2480 1177 efticax
2531 1123 2852 1178 invenitur!
2915 1133 3058 1179 I99
3108 1125 3270 1190 Quod
3308 1127 3350 1178 si
3383 1127 3500 1180 haec
3545 1143 3811 1196 regnorum

2164 1211 2190 1244 ⁴
2219 1217 2468 1282 potestas
2490 1213 2861 1268 beatitudinis
2887 1215 2912 1256 ἀ
2942 1221 3140 1269 auctor
3163 1222 3263 1281 est,
3288 1232 3472 1268 nonne
3495 1215 3536 1267 si
3560 1232 3662 1285 qua
3681 1223 3812 1284 parte

2159 1302 2425 1368 defuerit,
2463 1302 2786 1358 felicitatem
2819 1304 3063 1369 minuat,
3099 1306 3384 1358 miseriam
3412 1305 3708 1375 importet?
3726 1306 3810 1358 Sed

2094 442 2140 494 A

1812 1398 2395 1454 INTERPRETATIO.

349 1466 611 1532 furentis,
658 1465 877 1520 vivebat
907 1466 1125 1520 odiosus
1169 1471 1396 1522 cunctis.
1443 1469 1520 1522 At
1559 1468 1713 1522 idem
1745 1469 2058 1538 imperator

350 1539 641 1610 sceleratus
689 1539 817 1610 olim
881 1539 1154 1591 tribuebat
1211 1541 1388 1604 fasces
1445 1541 1671 1610 infames
1718 1541 2058 1594 senatoribus

347 1609 693 1681 venerandis.
741 1609 882 1681 Quis
905 1625 1030 1675 ergo
1062 1610 1266 1674 credat,
1302 1609 1599 1677 dignitates
1623 1614 1748 1666 illas
1790 1628 1925 1681 quas
1956 1613 2058 1666 ho-

350 1678 536 1733 mines
570 1681 815 1746 infelices
849 1680 1004 1747 dant,
1042 1681 1240 1748 aﬂ'erre
1268 1682 1628 1747 felicitatem?

2238 1479 2260 1502 τι
2295 1470 2447 1523 Dicet
2478 1471 2706 1541 aliquis.

2241 1544 2263 1582 ι)
2295 1542 2482 1612 lnquit
2515 1543 2898 1613 Philosophia.

2238 1625 2261 1653 ο
2295 1614 2501 1666 Eorum
2531 1615 2854 1669 hominum.

2234 1684 2259 1725 ἀ
2291 1685 2486 1740 Causa.

1983 1773 2220 1833 NOT/E.

351 1837 422 1892 ab
452 1836 614 1914 urbe,
666 1841 721 1890 et
772 1837 1141 1914 Phoeniceum
1171 1855 1202 1914 a
1233 1839 1876 1914 provinciaqutporro
1903 1860 2048 1914 pur-

346 1925 493 2034 ξὸιὲιι
541 1909 652 1962 alia
701 1909 894 1974 rubra,
939 1910 1050 1964 alia
1091 1909 1360 1964 violacea.
1415 1911 1610 1982 Virgil.
1653 1909 1854 1984 Georg.
1903 1909 1961 1982 ii,
1995 1933 2048 1970 v.

473 2068 536 2117 Ut
561 2081 769 2131 gemma
799 2069 941 2117 bibat
970 2073 1022 2118 et
1052 2069 1278 2119 Sarrano
1305 2071 1532 2120 dormiat
1564 2077 1723 2123 ostro.

349 2151 420 2206 Et
451 2166 509 2202 ιιι
542 2150 771 2218 Georg.,
808 2166 858 2203 ν.
898 2155 996 2204 t7:

473 2237 551 2286 Illi
583 2238 751 2286 victor
780 2251 877 2300 ego
909 2251 959 2286 et
988 2239 1149 2302 Tyrio
1175 2245 1490 2304 conspectus
1522 2242 1575 2290 in
1605 2247 1767 2291 ostro.

349 2319 414 2373 Et
446 2318 662 2372 Aineid.
702 2335 738 2384 ι,
775 2335 826 2372 v.
861 2321 961 2372 643
997 2337 1008 2372 :

473 2408 593 2455 Arte
624 2406 876 2455 laboratae
905 2411 1078 2456 vestes
1103 2411 1350 2471 ostroque
1381 2411 1629 2474 superbo.

415 2488 468 2540 2.
525 2486 787 2558 Comeretj
827 2487 1037 2562 Comere
1067 2505 1272 2543 ornare
1305 2495 1410 2559 est,
1443 2491 1761 2562 generatim
1811 2493 2046 2562 quidem

345 2573 578 2631 corpus;
639 2559 934 2627 spectatim
994 2575 1126 2613 vero
1181 2562 1415 2631 capillos
1451 2559 1489 2616 ἐ
1545 2563 1752 2616 dicitur
1810 2559 1961 2617 enim
2015 2585 2046 2620 a

349 2629 542 2706 Greece
577 2635 790 2706 mantia
820 2631 969 2706 unde
997 2637 1218 2698 comtus,
1249 2629 1506 2706 ornatus,
1547 2641 1611 2706 et
1649 2651 1818 2697 coma,
1854 2637 2046 2706 capilli

343 2699 534 2753 studio
587 2699 815 2753 exculti.
865 2701 919 2756 ld
970 2708 1159 2756 autem
1202 2704 1406 2757 merito
1448 2705 1659 2758 dicitur
1699 2707 1768 2759 de
1802 2699 2040 2769 Nerone,

347 2771 560 2847 quippe
594 2774 803 2847 qui,_ut
825 2773 901 2824 ait
933 2771 1257 2837 Suetonius,
1291 2778 1437 2829 circa
1470 2777 1674 2830 cultum
1697 2778 2045 2847 habitumque

341 2841 474 2896 adeo
501 2843 810 2911 pudendus,
845 2849 904 2896 ut
935 2859 1137 2898 comam
1166 2861 1374 2914 semper
1402 2851 1457 2900 in
1487 2851 1694 2914 gradus
1723 2841 2040 2916 formatam,

334 2917 773 2982 peregrinatione
796 2916 1038 2969 Achaica
1074 2919 1237 2971 etiam
1265 2934 1401 2986 pone
1422 2922 1670 2973 verticem
1693 2921 2001 2974 submiserit
2023 2939 2040 2975 :

339 3000 402 3038 ac
427 2988 1147 3058 plerumquesynthesinam
1179 2991 1427 3055 indutus,
1461 2993 1628 3058 ligato
1659 2994 1801 3045 circa
1849 2995 2038 3046 collum

338 3055 564 3111 sudario
603 3057 878 3126 prodierit
920 3062 978 3112 in
1018 3061 1300 3129 publicum
1350 3065 1464 3115 sine
1505 3055 1709 3130 cinctu,
1756 3069 1805 3117 et
1849 3064 2040 3118 discal-

337 3133 536 3181 ceatus.

407 3200 461 3251 2.
507 3201 693 3272 Niveis
736 3199 991 3272 lapillis]
1044 3202 1162 3255 Hoc
1200 3207 1303 3266 est,
1337 3206 1560 3269 gemmis
1596 3206 2030 3272 pretiosissimis.

338 3267 398 3341 Si
427 3269 604 3335 enim,
634 3275 698 3323 ut
726 3267 802 3324 de,
826 3288 893 3324 eo
927 3267 1186 3341 loquitur
1215 3267 1544 3340 Suetonius,
1591 3267 1798 3329 nullam
1841 3283 2035 3330 vestem

338 3339 419 3392 bis
471 3341 682 3415 induit;
729 3342 774 3392 si
819 3339 1060 3415 piscatus
1094 3349 1172 3396 est
1214 3351 1325 3397 rete
1357 3351 1551 3398 aurato
1585 3363 1832 3415 purpura
1867 3365 2034 3402 cocco-

336 3426 438 3478 que
466 3411 693 3475 funibus
740 3416 928 3473 nexis;
976 3414 1021 3465 si
1068 3429 1349 3482 nunquam
1389 3411 1628 3470 carrucis
1676 3411 1853 3470 minus
1891 3421 2036 3472 mille

333 3483 526 3546 fecisse
575 3485 680 3534 iter
724 3484 982 3548 traditur,
1023 3486 1177 3536 soleis
1209 3487 1480 3539 mularum
1508 3492 1808 3554 argenteis;
1853 3489 1898 3541 si
1945 3490 2034 3541 di—

333 3554 598 3627 vitiarum
634 3558 685 3605 et
711 3559 951 3622 pecunia:
980 3559 1221 3619 fructum
1253 3572 1358 3609 non
1389 3559 1558 3610 alium
1586 3561 1838 3626 putabat,
1873 3575 2036 3627 quam

332 3624 737 3698 profusionem;
797 3632 948 3678 certe
1005 3626 1272 3679 credibile
1323 3635 1428 3693 est,
1481 3624 1669 3698 ipsum
1733 3624 2032 3684 oneratum

333 3695 506 3766 fuisse
545 3699 769 3762 gemmis
809 3702 859 3748 et
898 3701 1219 3763 margaritis
1263 3695 1522 3766 quarum,
1561 3707 1790 3754 auctore
1833 3704 2034 3756 eodem

335 3765 632 3843 Suetonio,
659 3782 755 3834 per
776 3783 955 3822 omnes
985 3769 1098 3822 dies
1129 3765 1347 3836 singula
1375 3772 1618 3838 quotidie
1639 3775 1814 3827 millia
1832 3777 2033 3843 populo

333 3837 649 3905 spargebat.

404 3908 454 3984 _3.
500 3908 712 3961 Invisus
767 3913 946 3984 tamen
991 3911 1253 3984 omnibus
1285 3911 1551 3984 vigebat]
1604 3915 1660 3968 ld
1707 3921 1867 3984 patet
1914 3933 2030 3970 non

332 3978 516 4055 solum
553 3995 618 4055 ex
667 3980 986 4055 maledictis
1021 3978 1426 4053 conviciisque,
1468 3978 1595 4055 qua:
1629 3978 1763 4039 duiu
1797 3989 2030 4053 viveret,

332 4049 637 4118 patientius
688 4050 842 4125 tulit,
895 4052 1006 4125 sed,
1039 4056 1210 4107 etiam
1257 4049 1328 4108 ei
1370 4072 1435 4108 eo
1481 4049 1634 4125 quod
1687 4074 1838 4111 mors
1878 4049 2030 4112 illius

332 4125 565 4199 tantum
599 4122 874 4199 gaudium
917 4124 1140 4192 publice
1191 4128 1457 4196 praebuit,
1503 4122 1566 4180 ut
1613 4129 1774 4198 plebs
1820 4131 2030 4199 pileata

331 4197 448 4244 tota
483 4209 512 4244 u
525 4193 622 4245 rbe
655 4193 1020 4248 discurreret.

402 4263 450 4316 4.
503 4266 760 4338 Luxuria:
806 4267 961 4338 Nero
994 4269 1308 4338 saevientis]
1353 4270 1591 4322 Summa
1634 4270 1740 4322 fuit
1790 4272 2027 4325 Neronis

329 4333 576 4408 luxuria,
612 4342 673 4387 ut
697 4335 816 4404 jam
847 4337 1099 4408 diximus
1128 4354 1140 4390 :
1173 4341 1268 4392 sed
1294 4333 1416 4392 'non
1451 4340 1639 4392 minor
1671 4342 1791 4408 ejus
1822 4345 2024 4395 crude-

329 4405 455 4457 litas
488 4421 500 4458 :
538 4423 670 4459 nam
704 4406 1010 4475 parricidia
1041 4416 1098 4462 et
1123 4410 1304 4462 caedes
1334 4427 1366 4462 a
1396 4412 1628 4464 Claudio
1655 4405 1888 4466 exorsus
1915 4422 2020 4467 est.

328 4475 721 4553 Britannicum
776 4495 902 4553 non
945 4479 1134 4531 minus
1175 4482 1541 4534 inmutatione
1577 4486 1746 4545 vocis,
1783 4501 1909 4553 qua:
1940 4486 2025 4539 illi
2066 4488 2108 4539 Ι)

321 4545 1005 4626 jucundiorsuppetebat,
1028 4567 1198 4618 quam
1226 4559 1400 4614 metu,
1428 4569 1496 4626 ne
1514 4545 1855 4624 quandoque
1877 4559 2025 4626 apud

327 4617 629 4672 hominum
681 4621 922 4688 gratiam
953 4617 1192 4690 paterna
1223 4625 1502 4676 memoria
1532 4617 1888 4692 praevaleret,
1910 4617 2022 4681 ive-

327 4702 478 4768 neno
520 4706 821 4769 aggressus
871 4697 965 4769 est.
1079 4699 1342 4760 matrem,
1395 4695 1646 4760 amitam,
1695 4714 1916 4765 uxores,
1971 4704 2025 4752 et

325 4761 829 4829 conjunctissimos
852 4761 1075 4817 occidit.

397 4831 426 4882 5
458 4836 514 4882 et
544 4833 594 4884 6.
651 4832 826 4908 Dabat
867 4834 1122 4900 patribus
1174 4835 1426 4908 curules]
1474 4839 1697 4892 Curulis
1734 4846 1854 4894 erat
1886 4841 2025 4895 sella

325 4899 582 4982 eburnea
611 4899 972 4982 caelataque,_
998 4907 1209 4982 currui,
1243 4924 1356 4982 quo
1390 4899 1811 4982 praestantiores
1848 4913 2024 4982 magi-

322 4975 532 5054 stratus
567 4972 625 5024 in
648 4973 866 5054 curiam
891 4975 1017 5029 vehi
1041 4972 1320 5054 solebant,
1346 4972 1630 5054 imposita,
1659 4999 1828 5052 supra
1847 4972 2021 5054 quavm

321 5042 496 5096 iidem
533 5044 900 5115 magistratus
932 5042 1314 5103 considerent.
1349 5042 1488 5104 Hinc
1509 5042 1640 5106 ebur
1661 5042 2022 5115 curulefsella

319 5117 544 5183 curulis,
592 5124 646 5172 et
692 5118 919 5195 curulis,
941 5121 1290 5195 substantive
1313 5193 1319 5195 _
1342 5139 1512 5195 saepe,
1549 5130 1609 5176 ut
1641 5140 1811 5190 nunc,
1844 5126 2020 5195 majo-

320 5201 441 5268 rem
475 5189 756 5268 senatoris
792 5189 1136 5260 dignitatem
1178 5189 1520 5262 signiﬁcant.
1558 5189 1818 5250 Horatius
1847 5189 2014 5268 epist.

318 5256 429 5327 1.1,
464 5275 555 5329 ep.
589 5263 668 5314 6:

439 5348 666 5415 Quilibet
693 5349 780 5415 hic
807 5351 973 5398 fasces
999 5349 1189 5415 dabit:
1216 5351 1505 5415 eripietque
1536 5355 1736 5414 curule,
1863 5397 1878 5402 _

439 5411 534 5460 Cui
565 5412 726 5468 volet,
754 5413 1091 5475 importunus
1120 5413 1268 5471 ebur,
1296 5411 1478 5475 frater,
1512 5422 1675 5479 pater,
1703 5411 1855 5467 adde.

315 5490 474 5545 Ovid.
510 5492 546 5545 l.
581 5508 633 5546 IV
676 5492 746 5546 de
774 5494 960 5552 Pont..
992 5493 1062 5545 el.
1097 5495 1126 5544 9
1161 5510 1172 5546 :

437 5559 599 5626 Signa
625 5577 834 5626 quoque
866 5564 920 5611 in
952 5563 1081 5626 sella
1109 5577 1318 5626 nossem
1344 5565 1570 5615 formata
1590 5570 1760 5618 curuli

540 5628 560 5672 t
593 5627 760 5673 totum
790 5625 1032 5674 Numida:
1063 5625 1306 5689 sculptile
1333 5627 1505 5676 dentis
1537 5643 1685 5692 Opus.

355 5719 570 5758 ucanus
598 5701 636 5758 l.
675 5721 751 5758 ιιι.

397 5719 570 5758 canus
598 5703 636 5758 l.
675 5721 751 5758 ιιι.

312 5703 389 5760 Lu
433 5775 634 5824 Pretor
662 5773 807 5824 adest
831 5789 1114 5839 vacuasque
1139 5777 1254 5828 loco
1286 5793 1487 5830 cessere
1520 5781 1745 5830 curules.

2235 1849 2342 1901 llas
2371 1851 2560 1900 autem
2593 1849 2918 1899 senatorum
2953 1845 3258 1916 dignitates
3290 1846 3435 1898 Nero
3460 1845 3525 1898 iis
3546 1844 3637 1915 qui
3660 1846 3809 1915 magis

2162 1919 2474 1989 placerent,
2524 1919 2780 1988 patribus
2817 1917 3166 1978 conferebat,
3207 1922 3471 1969 causatus
3502 1933 3806 1986 quemquam

2162 1991 2487 2060 principum
2525 2006 2639 2042 non
2686 1991 2854 2041 scisse
2903 1990 3038 2059 quid
3080 1989 3188 2040 sibi
3238 1989 3428 2040 liceret
3465 2005 3477 2042 :
3511 1989 3601 2041 sed
3632 1991 3707 2041 ha~
3747 1990 3809 2041 di-

2161 2063 2408 2131 gnitates
2438 2060 2775 2131 nequissimi
2805 2060 3168 2130 imperatoris
3201 2060 3438 2113 arbitrio
3470 2062 3645 2128 potius
3666 2077 3807 2130 quam

2161 2132 2380 2186 meritis
2411 2133 2612 2186 delatae
2649 2133 2780 2202 ipsis
2815 2131 3237 2201 magistratibus
3269 2137 3433 2184 erant
3466 2132 3732 2184 ἱιιιίεςιξονσδ.

2090 1852 2128 1903 Β

2239 2208 2260 2255 7
2315 2210 2370 2256 et
2423 2208 2472 2257 8.
2539 2207 2667 2269 Quis
2716 2209 2867 2271 putet
2927 2205 3125 2267 beatos,
3173 2218 3310 2270 quos
3353 2207 3536 2255 misi-ri
3578 2204 3804 2264 tribuunt,

2158 2275 2440 2344 honores?]
2498 2273 2729 2326 Beatum
2777 2291 2925 2326 nunc
2981 2275 3189 2327 dicitur
3233 2275 3384 2342 quod
3436 2273 3805 2327 beatitudinem

2157 2347 2360 2399 atferre
2404 2351 2590 2415 potest
2634 2362 2645 2398 :
2691 2346 3176 2413 quemadmodum
3212 2361 3304 2397 rus
3347 2354 3396 2397 et
3429 2362 3561 2397 arra
3593 2347 3727 2396 beata
3753 2346 3807 2396 ab

2157 2418 2420 2482 Horatio;
2481 2419 2756 2470 commoda
2807 2419 2961 2469 beata
3018 2434 3049 2468 a
3099 2418 3349 2480 Catullo;
3402 2423 3544 2468 terra
3593 2417 3728 2467 beata
3752 2416 3806 2467 ab

2155 2490 2386 2551 Ovidio;
2440 2495 2495 2540 et
2538 2504 2658 2555 Opes
2703 2489 2868 2540 beata:
2899 2505 2931 2539 a
2961 2489 3136 2540 Statio
3182 2497 3470 2540 vocantur.
3507 2492 3667 2556 Atqui
3695 2488 3806 2539 tales

2155 2576 2271 2612 non
2304 2565 2435 2611 sunt
2473 2559 2858 2626 magistratus,
2903 2576 3044 2628 quos
3079 2560 3444 2628 Philosophia
3480 2575 3620 2610 nunc
3650 2559 3807 2626 appel-

2153 2631 2233 2682 lat
2281 2633 2534 2690 honores;
2569 2632 2884 2700 praesertim
2927 2634 2973 2682 si
3015 2633 3106 2683 nos
3137 2633 3318 2682 miseri
3356 2631 3593 2682 tribuant
3624 2647 3640 2681 :
3669 2644 3807 2681 causa

2153 2703 2305 2754 enim
2339 2718 2449 2754 non
2474 2702 2589 2764 dat,
2623 2701 2731 2753 nisi
2763 2701 2915 2771 quod
2941 2702 3061 2769 ipsa
3091 2702 3276 2770 aliqua
3305 2703 3521 2753 ratione
3553 2703 3602 2753 in
3626 2719 3676 2752 se
3703 2717 3806 2751 cou-

2153 2774 2332 2825 tineat
2363 2789 2374 2824 :
2410 2774 2626 2825 fallitur
2655 2788 2791 2840 ergo
2823 2771 3080 2842 quisquis
3105 2773 3412 2824 temeraria
3433 2775 3801 2840 assumptione,

2152 2861 2324 2913 quam
2359 2845 2698 2895 naturaliter
2733 2844 2839 2896 sibi
2873 2845 3141 2912 proponit
3171 2850 3439 2913 amatque
3473 2845 3667 2896 summi
3694 2842 3802 2894 boni

2150 2916 2582 2983 proprietatem,
2635 2914 2775 2966 hanc
2830 2915 3254 2982 magistratibus
3306 2917 3422 2968 sive
3473 2914 3802 2982 dignitatibus

2150 2986 2427 3039 attribuit.
2459 2985 2763 3038 Videamus
2792 2991 2983 3037 utrum
3013 2987 3598 3054 meliusjtidiccturde
3621 2985 3802 3052 regno"?

2223 3059 2236 3092 ί
2291 3059 2379 3110 An
2429 3073 2596 3124 regna
2646 3072 2937 3123 regumque
2983 3059 3396 3125 familiaritas.)
3451 3059 3593 3110 luter
3638 3071 3800 3109 omnes

2078 3139 2116 3193 (ζ
2147 3128 2372 3199 imperii
2442 3129 2654 3181 formas
2716 3129 3184 3196 prmstantissima
3228 3135 3282 3181 et
3332 3130 3711 3198 potentissima
3749 3142 3800 3177 ea

2148 3207 2231 3253 est
2279 3217 2408 3270 quae
2455 3199 2808 3268 principatus
2849 3199 2962 3251 sive
3002 3216 3224 3264 regnum
3267 3201 3621 3268 appellatur:
3652 3213 3798 3269 quau-

2147 3271 2455 3340 doquidem
2489 3277 2708 3323 czcterm
2743 3272 3015 3345 plurium,
3055 3273 3171 3323 hinc
3207 3274 3378 3324 unius
3411 3272 3669 3324 duntaxat
3696 3275 3797 3345 est",

2145 3347 2199 3395 et
2244 3343 2326 3395 vis
2372 3344 2603 3395 collecta
2652 3343 2838 3411 seipsa
2885 3343 3140 3411 dispersa
3179 3345 3365 3416 major
3397 3350 3479 3395 est
3527 3358 3537 3395 :
3589 3343 3800 3416 quare

2145 3430 2271 3482 quae
2339 3415 2674 3466 naturaliter
2735 3416 3096 3480 cognoscitur
3166 3415 3570 3484 appetiturque
3627 3415 3798 3463 summi

2143 3484 2278 3537 boni
2310 3485 2561 3552 potentia
2593 3485 2860 3553 cuiquam
2894 3486 3194 3537 hominum
3243 3485 3505 3561 imperio
3527 3487 3708 3561 merito
3736 3487 3799 3561 at-

2144 3556 2316 3609 tribui
2367 3557 2563 3625 possit,
2615 3556 2860 3608 maxime
2893 3573 3069 3626 regno
3107 3563 3276 3626 atque
3308 3558 3379 3608 iis
3413 3557 3508 3626 qui
3547 3555 3690 3623 regni
3717 3553 3797 3603 ali-

2143 3633 2423 3696 quatenus
2473 3632 2604 3678 sunt
2646 3628 2967 3695 participes.
3024 3629 3127 3680 Sed
3183 3645 3368 3696 neque.
3434 3644 3601 3696 regno
3643 3640 3798 3693 neque

2143 3699 2305 3765 regni
2338 3698 2710 3767 participibus
2739 3698 2790 3750 id
2824 3703 3087 3750 convenit
3121 3715 3132 3751 :
3167 3700 3299 3768 quia
3337 3700 3653 3750 nullatenus

2212 3764 2231 3803 ε
2284 3764 2512 3835 Efﬁcere
2544 3764 2822 3836 potentem
2855 3769 3078 3840 rident]
3128 3764 3201 3843 lio
3245 3770 3461 3843 scilicet
3495 3769 3674 3826 modo,
3706 3781 3798 3843 quo

2141 3843 2385 3892 naturali
2422 3842 2628 3893 summi
2662 3840 2794 3892 boni
2829 3842 3063 3892 notione
3096 3841 3500 3909 ctjudicamus
3535 3847 3587 3892 et
3617 3840 3801 3906 appeti-

2141 3927 2268 3964 mus
2316 3917 2628 3982 potentiam
2666 3927 2677 3964 :
2715 3912 2833 3963 hinc
2880 3911 3032 3964 enim
3068 3919 3315 3980 potestas
3354 3913 3410 3965 et.
3455 3916 3728 3982 perpetua,
3756 3910 3799 3957 et

2139 3979 2440 4047 immensa,
2487 3987 2541 4034 et
2587 3999 2782 4035 secura
2830 3999 2948 4034 esse
2998 3979 3214 4036 debet:
3263 3979 3796 4053 perpetua—quidem,

2140 4070 2211 4106 ne
2241 4053 2549 4123 aliquando
2574 4054 2836 4105 fatiscens
2857 4055 3188 4107 inﬁrmitate
3214 4062 3468 4108 mutetur
3492 4072 3502 4107 :
3530 4055 3794 4108 immensa,

2140 4141 2211 4177 ne
2269 4126 2480 4178 limbus
2537 4126 2962 4194 circumscripta
3021 4126 3329 4195 majoribus
3404 4127 3669 4185 vincatur,
3715 4125 3798 4195 aut

2139 4196 2488 4264 impediatur
2539 4197 2880 4268 aequalibus;
2935 4194 3134 4250 secura
3188 4199 3460 4268 denique,
3512 4194 3795 4268 nequibas

2138 4274 2363 4336 praeest,
2392 4268 2623 4319 mutatis
2654 4267 2890 4330 vicibus,
2916 4276 3134 4322 metuat
3165 4267 3416 4322 subesse.
3445 4267 3610 4337 Atqui
3640 4277 3796 4331 neque

2138 4355 2316 4408 regno
2346 4354 2530 4408 neque
2564 4339 2724 4408 regni
2758 4339 3133 4408 participibus
3161 4341 3214 4393 id
3244 4341 3510 4394 convenit
3543 4356 3554 4393 :
3589 4344 3644 4390 ut
3673 4349 3792 4387 seor-

2136 4426 2261 4462 sum
2293 4409 2654 4477 probandum
2687 4418 2787 4462 est.

2207 4486 2227 4514 ³
2285 4484 2447 4553 Plena
2495 4488 2572 4534 est
2635 4483 2996 4549 ea‘eniplorum
3059 4486 3318 4548 vetustas,
3380 4484 3538 4552 pfcna
3589 4489 3794 4553 presens

2135 4552 2307 4623 aetas]
2363 4556 2399 4607 Ι.
2437 4554 2695 4620 Regnum
2728 4560 3070 4622 perpetuum
3105 4571 3219 4606 non
3247 4572 3366 4607 esse
3403 4562 3457 4607 et
3490 4552 3797 4625 antiquiori-

2135 4624 2238 4677 bus
2293 4630 2347 4677 et
2394 4625 2802 4678 recentioribus
2847 4626 3270 4677 demonstratur
3317 4625 3608 4694 exemplis.
3658 4624 3792 4694 Anti-

2137 4697 2432 4765 quioribus
2455 4697 2684 4765 quidem
2721 4711 2732 4747 2
2769 4711 2898 4748 nam
2926 4696 3226 4749 Diomedes
3256 4714 3350 4749 rex
3384 4692 3646 4769 'l‘liracizr,
3677 4692 3790 4769 diu!)

2135 4760 2313 4836 e—quos
2361 4760 2492 4820 suos
2531 4767 2784 4819 humana
2830 4783 2999 4820 carne
3052 4769 3229 4820 aleret
3267 4769 3325 4820 in
3356 4767 3560 4834 Tyrida
3609 4760 3792 4836 oppido

2133 4835 2510 4900 truculentus,
2565 4839 2635 4890 ab
2682 4837 2921 4890 llerculc
2965 4839 3127 4908 equis
3158 4839 3294 4908 ipsis
3338 4840 3404 4891 ad
3439 4835 3792 4891 devorandum

2133 4908 2383 4976 objectus
2440 4914 2542 4986 est.
2590 4908 2723 4977 Agis
2775 4909 3336 4962 Laceda-moniorum
3376 4926 3503 4986 rex,
3551 4908 3642 4986 qui
3684 4916 3792 4986 Cum

2133 4979 2575 5051 Atheniensibus
2619 4982 3017 5034 eruentissima
3064 4983 3210 5035 bella
3241 4983 3434 5051 gessit,
3480 4997 3511 5033 a
3559 4979 3665 5051 suis
3695 4985 3794 5051 tan-

2131 5050 2260 5104 dem
2303 5050 2518 5104 civibus
2563 5051 2624 5102 in
2669 5066 2894 5104 carcere
2945 5059 3176 5105 necatus
3209 5046 3310 5106 est.
3355 5057 3546 5106 l’erses
3578 5046 3794 5121 Macedo-

2131 5137 2267 5175 num
2315 5137 2410 5174 rex
2441 5121 2511 5174 ab
2561 5123 2998 5196 Aimilioivictus
3031 5125 3384 5194 Romamque
3426 5123 3622 5196 ductus
3650 5117 3793 5196 periit

2128 5192 2189 5244 in
2239 5209 2481 5266 carcere.
2531 5194 2754 5246 Croesus
2801 5195 3085 5264 Lydorum
3118 5213 3210 5248 rex
3257 5192 3463 5266 a11er
3497 5194 3552 5246 in
3587 5192 3792 5263 servitu-

2128 5268 2240 5338 tem
2290 5265 2548 5317 redactus
2598 5271 2700 5330 est,
2748 5269 2852 5318 etc.
2915 5267 3341 5320 Recentioribus
3383 5282 3514 5318 vero
3564 5273 3790 5338 (λωβω-

2127 5335 2340 5388 mirum
2391 5338 2538 5389 circa
2583 5341 2842 5407 tempora
2897 5339 3079 5390 Boetii
3127 5340 3510 5407 contigerunt.
3565 5335 3788 5387 Alaricus

2126 5407 2520 5460 Tolosensium
2570 5423 2664 5460 rex
2711 5426 2742 5461 a
2788 5409 3017 5483 Francis
3061 5426 3072 5461 :
3119 5409 3786 5483 SyagriusRomanprunl

2124 5493 2219 5530 rex
2253 5495 2284 5531 a
2316 5479 2630 5532 Clodowa‘o
2669 5495 2680 5531 :
2717 5480 2928 5549 aliique
2970 5481 3039 5534 ab
3088 5476 3212 5534 aliis
3236 5476 3409 5533 occisi
3440 5483 3585 5530 sunt.
3614 5476 3692 5529 Sic
3721 5476 3788 5522 ni-

2121 5552 2340 5616 mirum,
2398 5551 2587 5620 inquit
2617 5550 2871 5603 Vallinus
2905 5552 3016 5614 hic,
3057 5555 3310 5605 mortales
3359 5553 3449 5617 agi
3478 5550 3618 5620 sinit
3648 5549 3784 5620 Dens.

2119 5625 2169 5692 et
2208 5613 2445 5675 moribus
2474 5613 2786 5690 principum
2816 5613 3244 5692 populorumque
3274 5613 3504 5692 offensus
3534 5617 3679 5672 urbes
3714 5613 3787 5676 af‘

2104 5690 2284 5759 ﬂigit,
2319 5695 2635 5761 provincias
2661 5690 2998 5762 pessumdat,
3033 5690 3201 5762 regna
3234 5690 3434 5750 evertit.

2186 5786 2208 5817 ‘
2256 5784 2494 5839 Potestas
2539 5783 2897 5840 beatitudinis
2943 5785 3174 5854 auctora]
3226 5785 3286 5840 ld
3334 5787 3435 5852 est,
3487 5794 3663 5837 causa.
3708 5772 3782 5828 Sic
