3982 6182
164 295 251 349 741

1132 290 1225 345 DE
1265 289 1792 347 CONSOLATIONE
1829 290 2309 347 PHILOSOPHUE
2345 290 2487 348 LIB.
2537 292 2643 349 III.

3540 301 3643 353 742

166 429 178 461 ¹
211 424 457 496 quamvis
498 424 607 476 late
647 422 902 476 humana
926 430 951 455 ⁸
979 421 1294 476 tendantur
1331 423 1592 492 imperia,
1635 424 1829 494 plures
1866 431 1913 483 Α
1935 427 2044 490 ret,
2077 424 2197 494 ipse
2228 425 2357 494 plus
2388 425 2612 495 metuit,
2645 426 2745 496 qui
2776 430 2840 480 ut
2875 431 3079 497 potens
3109 444 3230 483 esse
3261 430 3544 500 videatur,
3580 433 3641 486 in

162 530 377 569 necesse
407 516 484 567 est
523 516 720 581 gentes
764 510 1034 582 relinqui.
1086 511 1295 582 quibus
1341 528 1544 582 regum
1588 515 1830 584 quisque

160 620 261 659 non
289 603 547 671 imperet.
582 599 704 664 Qua
747 614 879 655 vero
910 606 1075 671 parte
1106 600 1302 655 beatos
1334 601 1410 671 (5)
1442 601 1654 655 faciens
1686 602 1835 655 desi-

158 694 233 747 nit
261 695 525 762 potestas,
556 690 662 744 hac
705 688 1049 759 impotentia
1091 689 1399 755 subintrat,
1435 706 1563 760 quae
1596 690 1833 745 miseros

157 782 276 836 facit
309 795 322 834 :
364 780 471 833 hoc
510 779 685 849 igitur
713 778 885 833 modo
917 778 1193 849 majorem
1234 780 1467 848 regibus
1494 779 1681 834 inesse
1724 795 1829 834 ne-

156 885 293 925 cesse
323 874 409 923 est
449 868 697 922 miserias
736 868 1082 938 portionem.
1120 869 1141 901 ²
1180 868 1457 939 Expertus
1498 869 1662 922 sortis
1712 885 1830 924 suae

155 957 522 1029 periculorum
568 960 847 1026 tyrannus
878 959 922 1022 b,
966 956 1131 1025 regni
1169 960 1355 1010 metus
1398 957 1702 1026 pendentis
1735 974 1829 1011 su-

154 1063 245 1119 pra
273 1046 543 1099 verticem
573 1056 596 1086 ο
628 1045 804 1115 gladii
842 1050 1059 1099 terrore
1091 1045 1401 1099 simulavit.
1436 1045 1574 1110 Quae
1606 1051 1688 1100 est
1718 1046 1831 1117 igi-

154 1146 237 1192 tur
264 1138 379 1190 haec
410 1139 684 1207 potestas,
716 1150 843 1204 quae
889 1134 1339 1189 sollicitudinum
1373 1151 1599 1189 morsus
1630 1136 1829 1206 expel-

154 1230 273 1295 lere,
320 1244 448 1298 quaa
497 1225 874 1281 formidinum
925 1222 1034 1293 (10)
1080 1223 1305 1276 aculeos
1352 1224 1531 1277 vitare
1579 1222 1827 1295 nequit?

154 1317 305 1389 Atqui
334 1317 548 1370 vellent
577 1314 687 1385 ipsi
731 1313 939 1367 vixisse
970 1313 1174 1379 securi,
1208 1312 1307 1365 sed
1347 1318 1644 1382 nequeunt
1677 1330 1689 1366 :
1736 1314 1829 1367 de-

153 1408 266 1461 hinc
286 1406 355 1459 de
384 1409 664 1475 potestate
694 1405 1033 1475 gloriantur.
1069 1407 1157 1456 An
1183 1405 1247 1455 tu
1278 1406 1576 1471 potentem
1607 1418 1823 1469 censes,

152 1511 304 1568 quem
330 1495 523 1549 videas
548 1494 713 1558 velle,
748 1493 899 1564 quod
936 1508 1054 1545 non
1095 1491 1274 1562 possit
1304 1490 1567 1545 efﬁcere?
1618 1493 1824 1546 Poten-

148 1590 249 1639 tem
277 1598 497 1649 censes,
542 1581 641 1654 qui
690 1580 934 1635 satellite
967 1580 1115 1633 latus
1146 1577 1357 1645 ambit;
1396 1578 1495 1649 qui
1536 1594 1678 1650 quos
1708 1584 1820 1632 ter-

1940 513 2311 567 servientium
2345 530 2518 568 manu
2559 516 2732 568 situm
2764 516 2890 570 est?
2940 521 3095 570 τοο
3132 517 3273 572 Nam
3300 523 3320 553 ³
3362 520 3496 589 quid
3533 538 3639 592 ego

1943 602 2011 658 de
2040 620 2239 674 regum
2268 605 2645 659 familiaribus
2662 605 2937 660 disseram
2962 623 3092 660 cum
3119 623 3298 678 regna
3317 609 3441 678 ipsa
3466 616 3639 666 tanta:

1944 693 2351 748 imbecillitatis
2378 694 2548 764 plena
2580 695 3006 751 demonstrem?
3038 713 3184 767 quos
3215 698 3450 768 quidem
3480 701 3641 771 regia

1940 786 2193 852 potestas
2228 799 2376 854 saepe
2408 783 2731 849 incolumis,
2780 800 2929 855 saepe
2966 791 3158 839 autem
3198 787 3357 857 lapsa
3384 795 3638 857 proster-

1939 871 2064 925 nit?
2094 876 2115 908 ‘
2157 874 2303 926 Nero
2353 872 2625 926 Senecam
2682 873 3047 941 familiarem,
3099 881 3628 949 praeceptoremque

1940 976 2109 1014 suum
2158 961 2230 1016 ad
2270 961 2549 1032 eligendae
2595 962 2795 1016 mortis
2840 964 3026 1032 coegit
3063 964 3384 1020 arbitrium.
3417 964 3439 999 ³
3468 969 3631 1039 Papi-

1938 1050 2179 1104 nianum
2212 1052 2287 1120 (5)
2323 1051 2420 1105 diu
2453 1052 2604 1105 inter
2636 1052 2849 1105 aulicos
2884 1058 3196 1123 potentem,
3232 1055 3481 1110 militum
3512 1059 3632 1128 gla-

1940 1138 2047 1192 diis
2080 1140 2401 1193 Antoninus
2437 1140 2665 1211 objecit.
2707 1141 2879 1211 Atqui
2920 1146 3160 1213 uterque
3202 1146 3473 1213 potentia:
3518 1163 3634 1201 suae

1937 1229 2267 1285 renuntiare
2298 1230 2621 1297 voluerunt,
2662 1233 2687 1272 ἀ
2728 1246 2975 1301 quorum
3020 1231 3232 1286 Seneca
3276 1249 3413 1304 opes
3462 1236 3634 1291 etiam

1938 1333 2068 1370 suas
2098 1319 2321 1372 tradere
2354 1318 2580 1385 Neroni,
2624 1335 2798 1391 seque
2831 1320 2890 1373 in
2939 1321 3123 1375 otium
3155 1322 3412 1377 conferre
3457 1341 3632 1380 cona—

1935 1411 2028 1459 tus
2058 1411 2161 1460 est.
2199 1412 2343 1462 201
2394 1408 2502 1462 Sed
2543 1408 2679 1461 dum
2721 1408 2973 1463 ruituros
3007 1408 3030 1442 ⁶
3070 1411 3252 1464 moles
3290 1419 3309 1445 θ
3354 1413 3478 1483 ipsa
3517 1419 3631 1468 tra-

1935 1494 2042 1561 hit,
2088 1501 2307 1560 neuter,
2341 1497 2496 1567 quod
2526 1497 2725 1565 voluit,
2760 1496 2963 1552 effecit.
3002 1498 3140 1563 Quae
3174 1505 3257 1554 est
3303 1501 3483 1572 igitur
3522 1503 3632 1558 ista

1934 1584 2196 1654 potentia
2245 1600 2419 1656 quam
2458 1586 2871 1656 pertimescunt
2915 1587 3211 1657 habentes,
3265 1605 3457 1660 quam,
3502 1607 3627 1661 nec,

1620 1687 1825 1741 INTER
1836 1688 2206 1748 PRETATIO.

208 1792 230 1815 ⁸
256 1783 633 1847 Proferantur.

207 1856 228 1896 ί)
257 1857 546 1922 Dionysius
574 1852 774 1922 Sicilia
796 1865 915 1903 rem.

208 1939 227 1967 ε
254 1921 540 1979 Damoclis
572 1939 640 1978 ex
670 1921 793 1992 ejus
823 1923 1242 1975 assentatorum
1268 1934 1532 1973 numero.

2006 1779 2032 1817 ά
2056 1783 2205 1836 Inter
2235 1798 2367 1851 quos
2399 1784 2623 1838 aulicos.

2003 1856 2027 1883 °
2061 1853 2399 1909 Divitiarum
2431 1860 2487 1909 et
2509 1855 2828 1926 potestatis.

1772 1990 1996 2048 NOT/E.

148 2097 357 2151 Plautus
402 2093 550 2149 dixit
580 2095 851 2145 auctorem
895 2088 1088 2142 habere
1116 2104 1265 2141 rem:
1300 2086 1562 2161 quamvis
1596 2086 1822 2161 Servius
1863 2094 1902 2147 Β
1933 2094 2065 2161 tum,
2099 2088 2188 2161 cui
2226 2100 2431 2161 semper
2470 2086 2679 2161 aliquis
2719 2089 2891 2161 terror
2936 2083 3290 2161 impendeat?
3333 2085 3394 2140 Id
3446 2088 3625 2161 respi-

148 2168 289 2223 malit
318 2167 512 2221 dicere
559 2164 868 2219 auctricem.
904 2162 1059 2215 Hanc
1106 2159 1552 2212 controversiam
1598 2158 1824 2213 videtur

148 2240 393 2294 dirimere
426 2235 696 2290 Valerius
728 2233 944 2287 Probus
977 2247 991 2285 :
1025 2232 1250 2295 Auctor,
1283 2229 1492 2300 inquit,
1534 2231 1585 2283 si
1613 2233 1685 2283 sit
1714 2236 1825 2285 tra-

146 2319 266 2365 ctum
297 2328 327 2365 a
354 2309 523 2363 verbo
549 2322 738 2373 augeo,
772 2306 991 2358 auctria:
1019 2305 1188 2370 faczt:
1218 2303 1269 2355 si
1295 2317 1398 2355 non
1418 2303 1563 2355 venit
1588 2316 1622 2354 a
1642 2302 1824 2371 verba,

146 2384 224 2437 sed
245 2385 520 2451 signiﬁcat
542 2381 867 2449 principem,
902 2375 1047 2444 quod
1069 2389 1259 2451 nomen
1284 2388 1390 2451 non
1401 2375 1559 2451 uenit
1584 2374 1819 2451 auerbo.

147 2445 583 2520 eﬁam'fMinin—o
612 2464 800 2517 genere
834 2452 1021 2501 auctor
1054 2447 1234 2520 facit:
1267 2448 1411 2520 sicut
1453 2445 1728 2520 ‘Virgilius
1759 2461 1825 2499 ea:

146 2516 346 2595 persona
389 2516 646 2578 lunonis.
686 2522 894 2595 Auctor
947 2533 1040 2595 ego
1086 2516 1668 2595 audendiprinceps:
1717 2532 1825 2595 non

147 2587 245 2663 eum
269 2601 489 2664 augeat,
537 2610 666 2648 nam
709 2592 929 2664 auctr-ia:
973 2591 1191 2664 diceret.
1243 2587 1703 2664 Scilicettriplex
1738 2593 1825 2642 est

147 2658 401 2723 sententia
430 2658 508 2721 de
538 2664 761 2735 origine
791 2663 964 2735 hujus
1004 2660 1178 2727 vocis,
1214 2664 1421 2735 auctor.
1465 2658 1825 2735 Aliitputant

146 2740 271 2794 hanc
309 2739 447 2794 oriri
497 2754 530 2791 a
568 2728 760 2792 Graeco
812 2728 987 2797 ab'rdg,
1032 2737 1099 2785 ut
1144 2736 1304 2785 autor
1351 2730 1503 2783 idem
1556 2728 1626 2783 sit
1670 2730 1823 2800 quod

146 2812 399 2885 ωὶτοῡργος
436 2829 449 2864 :
493 2810 592 2863 alii
623 2808 693 2862 ab
724 2805 995 2885 inusitato
1030 2802 1234 2885 supino
1261 2802 1437 2885 verbi‘
1462 2815 1617 2885 aveo;
1647 2807 1738 2885 ut.
1754 2801 1823 2855 ab

146 2872 306 2938 autum
321 2872 561 2937 'dicatur
592 2884 782 2943 autor;
814 2878 957 2930 sicut
987 2892 1019 2929 a
1042 2872 1283 2939 cautum,
1315 2878 1523 2937 cautor,
1557 2876 1613 2925 et
1641 2887 1673 2925 a
1700 2872 1826 2936 fau-

148 2960 256 3019 tum,
290 2958 483 3020 fautor
508 2971 526 3006 :
550 2950 835 3024 quomodo
854 2954 1029 3024 autor
1065 2946 1118 3024 is
1131 2947 1251 3024 erit
1280 2944 1378 3024 qui
1404 2948 1530 3024 avet
1570 2958 1633 2996 ac
1665 2944 1823 3024 cupit

148 3014 334 3096 aliquid
362 3026 493 3080 fieri
529 3014 645 3096 sive
679 3041 708 3075 a
738 3037 796 3074 se
822 3020 937 3096 sive
965 3020 1040 3096 ab
1070 3018 1182 3096 alio
1212 3033 1231 3096 ,ε
1261 3014 1359 3068 alii
1388 3014 1637 3096 denique
1655 3014 1818 3096 arbi-

148 3085 341 3152 trantur
370 3097 520 3152 oriri
548 3095 617 3149 ab
645 3091 927 3161 augendo:
962 3090 1040 3143 ita
1064 3094 1123 3142 ut
1140 3088 1392 3158 primum
1422 3091 1612 3139 auctor
1640 3085 1822 3139 dictus

148 3169 294 3223 fuerit
343 3170 441 3223 ille
508 3167 609 3238 qui
668 3181 790 3218 rem
840 3162 938 3238 ab_
970 3161 1080 3238 alio
1131 3164 1375 3238 coeptam
1433 3162 1817 3238 promoveret,

1934 2160 2091 2214 ciens
2116 2156 2383 2211 Horatius
2414 2156 2452 2209 l.
2483 2172 2540 2209 ιιι
2568 2156 2778 2223 Carm.,
2810 2155 2900 2209 od.
2942 2158 2991 2221 1,
3015 2155 3198 2210 canit:

2122 2245 2401 2307 Districtus
2429 2245 2571 2293 ensis
2602 2244 2685 2292 cui
2717 2257 2877 2307 super
2906 2244 3067 2307 impia

2122 2306 2330 2357 Cervice
2356 2306 2568 2369 pendet,
2599 2320 2707 2355 non
2739 2306 2929 2356 Siculae
2960 2306 3121 2369 dapes

2185 2368 2403 2418 Dulcem
2433 2368 2781 2432 elaborabunt
2805 2368 3067 2432 saporem,

2246 2433 2361 2480 Non
2386 2433 2562 2480 avium
2593 2431 2913 2494 citharaeque
2943 2435 3129 2481 cantus

2183 2495 2439 2544 Somnum
2466 2494 2738 2543 reducent.

2008 2577 2167 2631 Falsa
2210 2576 2390 2647 igitur
2426 2576 2525 2647 illa
2555 2575 3036 2647 assumptio,qua
3059 2574 3283 2645 judicas
3332 2592 3624 2632 summum

1933 2648 2148 2702 bonum
2180 2647 2392 2700 versari
2422 2646 2480 2699 in
2511 2662 2713 2717 regno.
2755 2647 2865 2701 Sed
2894 2646 3113 2701 felicior
3144 2663 3261 2700 non
3305 2654 3392 2702 est
3421 2665 3621 2718 regum

1934 2718 2308 2773 familiaritas.

2006 2796 2026 2825 ³
2057 2790 2203 2856 Quid
2246 2790 2311 2843 de
2358 2805 2544 2857 regum
2585 2789 2962 2855 familiaribus
3001 2788 3289 2856 disseram,
3339 2790 3468 2860 etc.]
3523 2792 3624 2846 Re-

1934 2879 2071 2933 gum
2104 2861 2413 2933 familiares
2439 2862 2717 2933 majorem
2747 2860 3095 2933 haberenon
3116 2866 3352 2933 possunt
3381 2868 3623 2931 potesta-

1933 2931 2049 2988 tem
2084 2935 2342 3002 adeoque
2389 2932 2720 2985 felicitatem
2752 2947 2925 3000 quam
2957 2931 2995 2983 ii
3029 2947 3274 3001 quorum
3313 2932 3622 2986 familiares

1931 3010 2084 3072 sunt,
2118 3020 2304 3073 reges,
2339 3018 2587 3073 quorum
2618 3007 2834 3067 tamen,
2860 3008 2920 3055 ut
2950 3002 3338 3072 probavimus,
3370 3010 3622 3073 potestas

1932 3076 2164 3130 infirma
2193 3079 2292 3129 est.
2327 3075 2448 3128 Imo
2493 3074 2675 3126 multo
2710 3073 2994 3126 minorem
3036 3073 3248 3127 habent
3281 3090 3293 3126 :
3344 3075 3427 3128 vel
3466 3076 3619 3128 enim

1932 3148 2090 3218 regia
2142 3152 2391 3218 potestas
2432 3145 3126 3218 incolumisperseverat,
3167 3144 3255 3197 vel
3298 3145 3527 3218 labitur,
3576 3149 3619 3200 si

147 3215 483 3295 uitiatae
512 3215 870 3305 1ctiam—qui
925 3215 1315 3305 inciperct‘ac
1376 3215 1683 3305 su‘aderet;
1729 3215 1821 3305 cui
1861 3235 1901 3291 c
1930 3215 2342 3305 labaturghaec
2372 3232 2574 3305 regum
2607 3215 2916 3305 familiares
2947 3231 3056 3305 gua
3088 3216 3485 3305 sepcurqruina
3530 3218 3621 3271 in—

146 3313 330 3366 ultimzr
406 3308 712 3366 sententia
786 3298 986 3359 favent
1043 3298 1413 3379 antiquiores
1495 3298 1815 3379 inscriptio-

146 3398 243 3449 nes,
308 3384 362 3437 in
431 3382 647 3454 quibus
713 3394 830 3432 non
887 3381 1063 3454 auter,
1133 3371 1233 3426 sed
1282 3377 1472 3454 auctor
1527 3371 1810 3454 scribitur.

145 3443 395 3527 Quidquid
428 3443 509 3508 sit
543 3456 839 3527 {potestas
862 3447 1022 3518 regia
1051 3461 1165 3526 non
1199 3449 1388 3527 potest
1417 3443 1813 3527 essebeatitu-

145 3514 496 3581 dinis'auctor
540 3514 655 3577 sive
689 3521 882 3576 efﬁcax
918 3514 1237 3589 {quoniam
1265 3515 1386 3568 haec
1426 3514 1595 3568 certis
1633 3514 1814 3567 conti-

143 3602 287 3651 netur
312 3598 527 3652 tinibns
560 3612 572 3649 :
602 3610 735 3649 nam

200 3705 214 3738 ¹
243 3706 500 3768 Quamuis
538 3703 662 3766 late,
699 3695 832 3768 etc.]
876 3697 942 3750 ll.
977 3696 1236 3770 Regnum
1262 3688 1539 3770 hominis
1568 3688 1815 3770 immen-

147 3762 386 3829 sum'non
414 3780 527 3836 est,
566 3762 737 3842 quod,
771 3762 1031 3842 quamvis
1063 3762 1158 3818 rex
1191 3763 1278 3817 vel
1310 3762 1592 3841 maximus
1621 3762 1816 3842 multis

147 3848 383 3914 gentibus
442 3832 733 3914 imperet,
782 3832 1041 3914 pluribus
1089 3842 1311 3914 tam_en_
1344 3849 1479 3914 non_
1522 3832 1815 3914 imperat:

146 3903 295 3985 quare
342 3920 385 3971 si
427 3903 764 3987 felicitatem
783 3903 1364 3987 -imperionietiaris,
1424 3904 1553 3975 plus
1601 3903 1663 3957 in
1712 3903 1819 3956 hoc

149 3980 256 4058 rege
286 3990 534 4043 miseriae
567 3986 736 4051 inest,
770 3998 943 4053 quam
975 3980 1281 4034 fclicitatis.

203 4099 222 4130 ²
248 4099 518 4166 Expertus
549 4090 899 4167 sortissun]
1084 4088 1342 4167 Regnum
1384 4081 1818 4167 h'ominissenc‘u-

150 4181 253 4220 rum
304 4152 415 4223 non
457 4182 583 4221 esse
633 4164 766 4218 satis
813 4152 1019 4216 evincit
1066 4152 1365 4211 notissima
1418 4152 1673 4222 Dionysii
1710 4152 1817 4222 Ty-

150 4240 291 4292 ranni
333 4238 622 4294 historia:
684 4237 840 4300 Nam,
894 4232 1086 4302 inquit
1133 4230 1392 4302 Cicerov
1449 4227 1637 4289 Tusc.,
1700 4239 1819 4276 cum

151 4312 345 4375 quidam
374 4328 441 4365 ea:
473 4311 597 4378 ejus
636 4300 1081 4381 assentatoribus,
1118 4300 1423 4381 Damocles,_
1446 4310 1818 4381 commemora-

150 4366 213 4433 ret
239 4385 291 4436 in
319 4366 560 4437 sermone
594 4382 776 4448 copias
816 4377 955 4444 eius,
994 4366 1145 4451 opes,
1170 4371 1530 4451 maiestatem,
1572 4366 1818 4449 domina-

153 4458 238 4519 tus,
260 4471 430 4508 rerum
469 4439 890 4514 abundantiam,
924 4439 1381 4513 magniﬁcentiam
1410 4439 1817 4519 zedium_regia-

150 4510 269 4587 rum,
297 4531 624 4591 negaretque
648 4510 887 4590 unquam
926 4510 1564 4591 beatiorem-quemquam
1597 4510 1768 4591 fuisse
1800 4525 1811 4561 :
1857 4527 1898 4581 Ι)

160 4580 295 4649 Visne
318 4580 515 4665 igitur,
536 4580 750 4664 inquit;
779 4589 1043 4665 Damocle,
1069 4588 1323 4665 quoniam
1344 4584 1461 4665 lhaec
1492 4586 1540 4634 te
1575 4583 1692 4632 vita
1723 4580 1818 4663 de:

154 4664 306 4733 lactat,
342 4658 463 4737 ipse
502 4658 755 4722 eamdem
791 4664 1118 4737 degustare,_
1142 4660 1193 4737 et
1242 4658 1521 4737 fortunam
1576 4658 1817 4737 emperiri

153 4725 335 4792 meum"?
369 4725 527 4793 ‘Cum
576 4754 630 4792 se
684 4737 775 4789 ille
827 4725 1018 4802 cupere
1058 4730 1316 4806 dixisset,
1352 4725 1603 4806 collocari

155 4807 386 4864 hominem
440 4814 501 4865 in
558 4824 718 4862 aureo
779 4795 927 4869 lecto,
990 4806 1163 4857 strato
1218 4797 1580 4869 pulcherrimo
1637 4795 1817 4847 textili

154 4884 388 4947 stragulo,
436 4881 740 4949 magniﬁcis
785 4868 1034 4946 operibus
1070 4874 1222 4949 picto
1250 4885 1279 4949 :_
1311 4868 1631 4949 abl-reosque,
1669 4880 1817 4919 com-

154 4935 308 5015 pluries
338 4935 553 5006 ornavit
592 4935 830 5017 argento.
858 4935 1099 5020 auroque
1128 4942 1349 5020 caelato;
1391 4941 1529 5020 Tum
1558 4935 1631 5020 ᾳά
1667 4950 1817 4989 πιθη-

157 5012 252 5074 ὲιιγη
278 5028 473 5077 eximia
502 5012 684 5090 forma
712 5034 905 5090 pueros
938 5012 1169 5093 delectos
1182 5014 1359 5093 jussit.
1381 5012 1667 5093 consistere
1700 5021 1814 5093 eos-

157 5106 241 5156 γαρ
282 5095 349 5147 ad
386 5082 576 5149 nutum
618 5082 767 5146 illius
818 5092 1083 5144 intuentes
1133 5086 1422 5156 diligenter
1477 5082 1812 5156 ministrare.

158 5149 373 5220 Aderant
428 5170 724 5234 unguenta,
783 5176 985 5234 corona?
1027 5175 1038 5212 :
1094 5149 1521 5234 incendebantur
1549 5149 1761 5234 “odores
1801 5164 1817 5199 :

158 5246 321 5289 mensae
354 5223 824 5306 conqu'z'sitissimis
852 5233 1027 5306 epulis
1057 5226 1494 5306 egestruebantur.
1539 5223 1817 5306 Fortuna-
1888 5264 1897 5273 .

162 5307 230 5356 tus
268 5308 364 5361 sibi
411 5294 685 5363 Damocles
726 5294 1032 5359 videbatur.
1076 5303 1138 5355 In
1185 5299 1279 5351 hoc
1328 5294 1502 5350 medio
1538 5296 1817 5361 apparatu

160 5376 422 5448 fulgentem
467 5380 710 5448 gladium
741 5393 767 5431 e
813 5375 1221 5448 lacunarirseta
1268 5369 1469 5448 equina
1497 5377 1817 5448 appens‘um

162 5435 347 5503 demitti
370 5435 554 5519 jussit,
587 5457 647 5504 ut
669 5448 997 5519 impenderet
1017 5445 1167 5498 illius
1192 5435 1339 5519 beati
1363 5435 1676 5519 cervicibus.
1710 5435 1817 5487 Ita-

164 5530 248 5581 ‘lue
272 5506 642 5590 nec'pulch'ros
682 5506 803 5574 illos
844 5518 1316 5572 administratores
1364 5506 1682 5590 aspiciebat,
1724 5519 1818 5557 nec

162 5580 352 5651 plenum
379 5580 509 5647 drtis
540 5598 846 5661 argentum,
874 5604 968 5642 nec
996 5601 1215 5641 manum
1244 5580 1558 5661 porrigebat
1588 5580 1647 5629 in
1676 5590 1819 5661 men:

164 5650 262 5735 tam
294 5678 305 5714 :
330 5665 443 5732 jam
485 5650 632 5735 ipsae"
660 5650 965 5731 deﬂuebant
1003 5672 1206 5735 coronae
1236 5650 1262 5709 ξ
1282 5655 1529 5735 denique
1572 5650 1819 5735 adorauit

167 5720 447 5803 tyrannum,
476 5720 529 5790 ut
558 5737 710 5790 abire
728 5720 929 5800 liceret,
968 5729 1111 5800 quod
1129 5730 1250 5798 jam
1278 5720 1465 5803 beatus
1494 5720 1657 5803 nollet
1685 5731 1812 5803 esse.

167 5789 353 5859 Satisne
374 5789 585 5863 videtur
607 5789 928 5863 declarasse
956 5789 1247 5869 Dionysius
1287 5796 1428 5852 nihil
1463 5807 1573 5849 esse
1607 5792 1657 5845 ei
1692 5789 1814 5843 bea-

1929 3290 2123 3343 volvit.
2157 3289 2214 3343 Si
2245 3304 2378 3341 vero
2401 3293 2528 3359 stet,
2565 3288 2767 3340 eadem
2805 3287 3110 3359 praedictos
3132 3286 3441 3359 familiares
3471 3304 3622 3359 saepe

1927 3358 2464 3433 prosternit._Testis
2490 3358 2729 3433 Seneca,
2755 3358 2920 3433 testis
2943 3357 3292 3433 Papinianus
3313 3375 3337 3433 :_
3363 3374 3498 3433 nam

1998 3437 2019 3469 ‘
2066 3434 2205 3488 Nero
2249 3431 2503 3485 Senecam
2544 3427 2922 3498 familiarem]
2967 3430 3129 3493 Nero,
3178 3429 3367 3498 inquit
3411 3430 3618 3484 Sueto-

1927 3503 2078 3568 nius,
2113 3504 2363 3558 Senecam
2388 3508 2770 3571 prasceptorem
2798 3500 2873 3553 ad
2895 3515 3072 3553 necem
3101 3501 3364 3569 compulit
3388 3516 3400 3554 :
3426 3516 3621 3569 quam-

1925 3578 2010 3629 vis
2044 3589 2182 3643 sepe
2211 3579 2561 3628 commeatum
2589 3573 2793 3641 petenti
2828 3572 3087 3640 bonisque
3110 3571 3317 3624 cedenti
3344 3578 3623 3639 persancte

1916 3647 2188 3715 jurasset,
2233 3650 2539 3713 suspectum
2585 3660 2639 3697 se
2681 3645 2914 3709 frustra,
2957 3645 3371 3710 periturumque
3415 3646 3618 3712 potius,

1928 3734 2091 3786 quam
2118 3719 2421 3771 nociturum
2464 3715 2533 3768 ei.
2566 3717 2857 3781 Postquam
2900 3717 3041 3767 enim
3084 3729 3223 3786 unus
3253 3730 3320 3766 em
3348 3720 3618 3768 centurio—

1927 3785 2105 3853 nibus,
2142 3788 2221 3840 ait
2252 3786 2497 3850 Tacitus,
2531 3787 2896 3839 necessitatem
2916 3786 3166 3838 ultimam
3194 3785 3399 3839 Senecav
3415 3786 3619 3839 denun-

1930 3858 2118 3913 tiasset
2149 3872 2160 3910 :
2196 3873 2367 3925 neque
2395 3856 2552 3909 aliud
2585 3858 2764 3923 inquit
2797 3870 3072 3923 superesse
3101 3862 3219 3922 post
3248 3861 3473 3910 matrem
3504 3860 3624 3924 fru-

1929 3936 2167 3997 tremque
2196 3929 2528 3991 interfectos,
2561 3942 2726 3993 quam
2756 3932 2815 3979 ut
2845 3926 3150 3980 educatoris
3174 3931 3625 3997 praeceptorisque

1927 4017 2105 4055 necem
2152 3999 2431 4067 adjiceret,
2462 4005 2582 4066 post
2608 4012 2726 4066 qua:
2754 3998 2973 4064 Seneca,
3023 4002 3072 4050 et
3114 4013 3257 4051 uxor
3294 3998 3409 4065 ejus
3447 3999 3623 4053 eodem

1927 4075 2042 4127 ictu
2085 4072 2309 4124 brachia
2350 4071 2499 4134 ferro
2546 4069 2863 4121 emsolvunt:
2904 4069 3122 4131 Seneca,
3167 4071 3423 4135 quoniam
3459 4071 3625 4123 senile

1927 4158 2120 4211 corpus
2159 4147 2209 4194 et
2236 4156 2407 4210 parvo
2435 4142 2584 4193 victu
2628 4144 2925 4204 tenuatum,
2950 4140 3107 4211 lenta
3133 4138 3335 4205 effugia
3364 4142 3625 4206 sanguini

1924 4210 2221 4284 praebebat,
2254 4226 2470 4266 crurum
2502 4226 2712 4279 quoque
2743 4216 2792 4263 et
2816 4210 3100 4284 poplitum
3131 4224 3301 4284 venas
3322 4211 3620 4284 abrumpit.

2000 4283 2421 4353 5Papinianum
2475 4280 2832 4349 Antoninus]
2892 4280 3239 4350 Papinianus
3290 4281 3485 4353 legum
3544 4282 3623 4335 ita

1929 4351 2166 4428 peritus,
2206 4361 2269 4409 ut
2297 4370 2493 4409 omnes
2537 4360 2666 4407 ante
2709 4356 2923 4423 pariter
2965 4358 3021 4405 et
3068 4356 3200 4475 post
3231 4367 3288 4404 se
3333 4351 3622 4407 Romanos

1929 4427 2362 4475 iurisconsultus
2417 4440 2712 4475 sunerasse
2772 4425 3009 4475 dicatur.
3090 4424 3171 4475 Alic
3232 4428 3616 4475 praeterquam

1922 4424 2362 4499 iurisconsultus
2417 4440 2723 4499 superasse
2772 4424 3171 4499 dicatur.‘I‘lic
3232 4428 3616 4499 praeterquam

1932 4493 2084 4572 quod
2127 4498 2414 4572 Scazvglae,
2461 4493 2623 4572 cujus
2671 4495 2983 4572 discipulus
3026 4493 3231 4572 fuerat,
3284 4494 3342 4547 in
3382 4493 3618 4572 advoca-

1929 4561 2084 4625 tione
2113 4570 2235 4624 ﬁsci
2264 4561 2554 4632 successit,
2580 4568 2784 4622 Severo
2814 4567 3149 4637 imperatori
3175 4581 3279 4636 per
3306 4566 3619 4621 secundam

1926 4658 2165 4697 uxorem
2198 4641 2409 4707 afﬁnis,
2442 4646 2498 4693 et
2527 4639 2710 4693 eidem
2743 4639 2885 4692 adeo
2928 4636 3224 4691 familiaris
3274 4643 3331 4690 et
3380 4640 3618 4705 amicus,

1929 4720 1990 4768 ut
2031 4714 2273 4767 Severus
2324 4711 2572 4765 moriens
2604 4710 2737 4763 huic
2766 4726 2895 4762 suos
2930 4709 3077 4761 filios
3109 4708 3617 4765 commendaverit.

1926 4789 1997 4839 At
2023 4784 2343 4839 Antoninus
2374 4781 2713 4852 cognomine
2743 4780 3045 4852 Caracalla,
3080 4778 3177 4852 qui
3202 4786 3329 4850 post
3348 4779 3621 4837 Severum

1927 4850 2457 4935 tenuitjmperium‘
2477 4854 2820 4935 Romanum,
2853 4851 3034 4935 occiso
3063 4850 3201 4907 Geta
3233 4852 3426 4932 fratre,
3470 4868 3620 4923 pras-

1926 4928 2077 4982 dicto
2114 4922 2428 4995 Papiniano
2470 4923 2825 4995 mandavisse
2872 4922 3074 4988 fertur,
3119 4922 3288 4995 utin
3336 4930 3536 4979 senatu
3567 4931 3621 4979 et

1927 4999 2077 5069 apud
2125 4994 2655 5069 po’pulumfacinus
2686 4994 2932 5069 dilueret
2962 5010 2978 5069 ξ
3015 4994 3617 5069 Papinianus‘renuit,

1926 5064 2188 5123 causatus
2204 5064 2587 5139 parricidium
2609 5065 2831 5118 facilius
2853 5064 2997 5131 ﬁeri,
3023 5082 3197 5139 quam
3220 5067 3414 5133 velari,
3440 5068 3619 5121 aliud-

1926 5158 2039 5211 que
2087 5136 2483 5209 esse'parridii
2509 5152 2727 5211 genus,
2750 5152 3011 5211 accusare
3057 5136 3431 5211 innocentem
3465 5139 3618 5211 occi-

1928 5207 2051 5266 sum
2083 5228 2095 5265 :
2127 5207 2280 5281 quod
2312 5209 2664 5281 Antoninum
2708 5207 3025 5281 Papiniano
3066 5208 3335 5281 infestum
3367 5208 3509 5262 adeo
3532 5208 3616 5281 ir-

1926 5279 2322 5347 ritavit—hunc
2368 5286 2432 5334 ut
2460 5280 2555 5333 ille
2599 5295 2631 5332 a
2663 5280 2941 5332 militibus
2984 5279 3164 5333 occidi
3204 5280 3567 5347 imperaverit
3602 5297 3614 5333 :

1927 5354 2193 5426 gladione
2240 5369 2313 5406 an
2344 5351 2549 5419 securi,
2583 5350 2744 5419 cujus
2787 5366 2954 5426 pugna
3002 5350 3231 5426 gravior
3262 5350 3617 5426 ignominio-

1927 5420 2156 5495 siorque
2201 5428 2480 5487 censetur,
2525 5426 2821 5495 peractum
2852 5422 3107 5495 facinus,
3138 5420 3437 5495 incertum.
3492 5421 3617 5495 Non

1928 5491 2136 5550 dicitur
2167 5495 2258 5548 hic
2288 5494 2637 5560 interfectus,
2672 5493 2771 5547 sed
2799 5498 3020 5546 tantum
3058 5491 3128 5546 ab
3162 5492 3436 5545 Antonino
3469 5492 3614 5562 obje-

1928 5574 2041 5622 ctus
2071 5568 2308 5621 militum
2334 5564 2561 5631 gladiis.

2000 5641 2021 5673 °
2049 5636 2253 5706 Moles]
2290 5638 2404 5690 Hoc
2442 5641 2527 5689 est
2568 5635 2771 5704 ingens
2815 5650 2943 5687 cum
2980 5632 3311 5706 divitiarum
3357 5639 3483 5689 tum
3514 5652 3615 5705 po-

1927 5711 2143 5765 testatis
2174 5704 2414 5775 sarcina,
2460 5723 2589 5778 quia
2626 5708 2857 5759 ruentes
2895 5719 2998 5759 sua
3046 5704 3212 5759 ruina
3256 5704 3529 5762 Senecam
3562 5713 3619 5761 et

1928 5782 2305 5854 Papinianum
2336 5781 2788 5851 prostraverunt.
