3982 6182
401 241 506 294 743
1699 238 1818 292 ΑΝ.
1866 236 2086 292 MANL.

394 386 528 424 cum
558 371 770 426 habere
799 371 956 438 velis,
989 373 1145 425 tutus
1175 368 1274 436 sis,
1310 373 1366 422 et
1390 383 1522 423 eum
1555 369 1841 439 deponere
1868 368 2084 439 cupias,

395 460 575 514 vitare
618 477 736 515 non
765 460 997 531 possis?
1032 461 1047 493 ί
1083 463 1169 513 An
1208 458 1477 529 praesidio
1518 463 1652 512 sunt
1681 458 1848 512 amici
1877 467 1921 524 τι,
1952 475 2092 529 quos

395 565 514 604 non
544 550 746 615 virtus,
794 549 892 603 sed
921 549 1151 603 fortuna
1189 548 1492 602 conciliat?
1528 547 1598 616 (ὅ)
1632 547 1740 602 Sed
1769 563 1941 619 quem
1975 547 2093 601 feli-

394 639 533 693 citas
562 639 809 693 amicum
856 638 988 692 fecit
1016 641 1061 703 b,
1108 636 1492 692 infortunium
1538 636 1708 690 faciet
1754 635 2083 691 inimicum.

396 726 418 757 ³
448 727 582 792 Qua:
610 745 742 783 vero
787 728 964 798 pestis
991 727 1276 783 efﬁcacior
1306 726 1378 780 ad
1412 725 1758 793 nocendum,
1787 742 1959 797 quam
2002 726 2088 780 fa-

393 817 630 873 miliaris
663 818 931 872 inimicus
948 819 976 870 ?

926 973 1075 1024 202
1116 968 1407 1023 METRUM
1438 981 1456 1002 ⁶
1488 969 1550 1020 ν.

387 1108 790 1162 Aacuuexrun.
823 1131 888 1145 —
942 1105 1185 1158 Domitor
1228 1101 1440 1167 mundi,
1483 1103 1667 1170 inquit
1710 1102 2082 1172 Philosophia,

448 1179 558 1232 nisi
579 1179 694 1231 suis
726 1177 1030 1230 dominetur
1045 1173 1571 1243 perturbationibus,
1591 1178 1780 1243 potens
1802 1189 1905 1228 non
1928 1179 2024 1227 est.

2133 237 2291 295 SEV.
2331 237 2557 293 BOETII
2568 276 2587 294 .

2126 372 2176 428 Α
2347 370 2457 434 Qui
2487 385 2545 423 se
2577 369 2727 424 volet
2752 385 2872 423 esse
2901 373 3216 440 potentem,

2346 457 2582 511 Animos
2614 457 2812 511 domet
2840 457 2935 511 ille
2962 457 3199 524 feroces,

2345 548 2454 601 Nec
2484 546 2631 601 victa
2657 547 2894 602 libidine
2923 547 3071 600 colla

2346 636 2528 690 Fcedis
2559 636 2856 691 submittat
2886 637 3142 691 habenis.

2343 729 2494 780 208
2522 724 2745 780 Etenim
2776 726 2907 780 licet
2941 726 3135 780 Indica
3165 725 3332 796 longe

2341 815 2530 868 Tellus
2563 819 2661 869 tua
2685 816 2817 886 jura
2847 816 3161 883 tremiscat,

2343 904 2406 957 Et
2434 903 2643 958 serviat
2675 903 2879 958 ultima
2902 905 3119 973 Thule;

2336 993 2548 1047 Tamen
2581 999 2729 1047 atras
2757 995 2966 1064 pellere
2997 1012 3180 1062 curas,

2337 1082 2681 1154 Miserasque
2711 1083 2909 1154 fugare
2941 1087 3202 1154 querelas

2203 1172 2262 1224 10
2339 1171 2463 1226 Non
2493 1188 2680 1242 posse,
2712 1173 2969 1243 potentia
2999 1190 3114 1228 non
3145 1179 3248 1228 est.

2203 727 2233 777 5

1857 1324 2436 1382 INTERPRETATIO.

458 1467 482 1492 ⁸
514 1457 756 1512 Nomine
782 1459 971 1510 tenus.

456 1532 480 1572 Ι)
509 1529 652 1583 Tibi.

455 1599 770 1667 Quicunque
823 1599 971 1665 cupit
1029 1596 1217 1648 haberi
1270 1600 1476 1667 potens,
1527 1593 1619 1646 hic
1678 1594 1899 1660 subigat
1949 1609 2080 1647 suos

383 1674 612 1740 spiritus
653 1665 1009 1732 contumaces,
1040 1682 1210 1735 neque
1245 1665 1510 1740 subjiciat
1539 1667 1896 1740 sevoluptati
1927 1681 2082 1740 sape:

381 1737 566 1796 ratum
612 1743 856 1810 imperiis
889 1740 1160 1807 turpibus.
1208 1739 1348 1793 Nam
1392 1739 1639 1802 quamvis
1680 1737 1842 1792 India
1881 1738 2078 1806 procul

2197 1452 2392 1527 dissita
2423 1456 2630 1527 metuat
2661 1458 2809 1508 tuam
2841 1453 3120 1527 ditionem,
3149 1459 3199 1508 et
3235 1455 3404 1509 Thule
3438 1456 3626 1510 ultima
3649 1458 3841 1527 imperii

2195 1523 2436 1578 Romani
2462 1525 2650 1598 insula
2680 1531 2874 1594 pareat
2920 1526 3060 1591 tibi;
3090 1527 3447 1582 nihilo-minus
3490 1544 3594 1580 non
3630 1523 3738 1582 eris
3757 1546 3839 1598 po-

2192 1599 2326 1661 tens,
2361 1596 2608 1663 quandiu
2633 1612 2738 1650 non
2769 1600 2973 1666 poteris
3005 1614 3271 1653 removere
3303 1599 3583 1653 libidinem
3608 1596 3839 1666 funestam

2191 1673 2240 1720 et
2261 1669 2513 1736 repellere
2533 1671 2900 1736 querimonias
2925 1671 3170 1724 miseras.

2016 1882 2234 1938 ΝΟΤίΕ.

455 2035 468 2068 ¹
501 2034 596 2086 Αη
631 2031 886 2102 ρνωείίιίο
931 2035 1057 2084 sunt
1097 2030 1452 2102 amici,7etc.']
1495 2029 1821 2084 Amicorum
1866 2031 2077 2102 duplex

379 2120 558 2174 genus
606 2101 696 2157 hic
728 2108 978 2169 notatur,
1013 2117 1115 2171 pro
1150 2101 1364 2174 duplici
1387 2103 1684 2174 nimirum
1733 2102 1925 2166 modo,
1958 2101 2075 2173 quo

380 2172 524 2229 alius
564 2180 620 2229 et
665 2175 848 2228 aliena
897 2173 1170 2226 restimari
1220 2172 1515 2243 amarique
1559 2178 1817 2243 possunt,
1861 2172 2076 2228 amicus

379 2247 594 2300 scilicet
649 2245 893 2311 virtutis,
943 2249 999 2298 et
1056 2245 1272 2297 amicus
1325 2244 1592 2299 fortunae.
1657 2245 1818 2299 Prior
1875 2250 2078 2299 caetera

377 2318 528 2372 bona
552 2317 714 2372 ﬂocci
748 2316 962 2370 faciens
992 2315 1171 2368 solam
1201 2314 1471 2369 virtutem
1495 2315 1728 2370 alterius
1751 2315 1996 2370 aestimat
2021 2321 2077 2370 et

379 2394 534 2442 amat
562 2405 574 2443 :
608 2388 760 2442 unde
790 2388 883 2440 hic
913 2403 1077 2457 aequo
1121 2401 1348 2455 semper
1387 2387 1578 2440 animo
1613 2393 1699 2440 est
1741 2403 1877 2457 erga
1906 2389 2076 2455 gami-

379 2476 509 2513 cum
550 2459 760 2513 virtute
791 2458 1119 2528 praeditum.
1155 2457 1442 2510 Posterior
1471 2459 1740 2512 virtutem
1771 2459 1932 2528 parvi
1964 2459 2077 2512 du-

377 2547 509 2585 cens
553 2536 758 2584 caetera
801 2545 930 2600 quae
976 2530 1147 2600 vulgo
1191 2528 1478 2600 habentur
1518 2530 1678 2600 bona
1731 2530 1978 2583 aestimat
2022 2535 2077 2582 et

377 2606 572 2655 amat:
626 2598 1002 2655 quamobrem
1049 2599 1142 2652 hic
1185 2598 1558 2653 inconstantis
1600 2601 1780 2654 instar
1828 2600 2074 2654 fortunae.

377 2678 462 2726 est
509 2671 782 2726 volubilis
819 2687 830 2726 :
881 2671 1023 2724 adeo
1071 2675 1130 2724 ut
1175 2686 1330 2738 quem
1376 2673 1613 2734 felicitas
1657 2674 1892 2726 amicum
1922 2674 2072 2738 fecit,

377 2744 562 2798 eidem
595 2745 961 2810 infortunium
992 2744 1169 2810 faciat
1194 2745 1477 2796 inimicum
1506 2759 1519 2796 :
1553 2759 1734 2814 eoque
1767 2744 1948 2814 magis
1983 2760 2077 2797 no-

379 2821 520 2869 ceat.

446 2888 467 2919 ²
513 2887 642 2950 Quae
689 2888 859 2954 pestis
907 2886 1178 2952 efﬁcacior
1221 2883 1297 2938 ad
1334 2885 1673 2955 nocendum]
1717 2885 1881 2949 Quod
1920 2884 2074 2939 enim

374 2957 672 3011 familiaris
716 2958 804 3022 sit,
859 2956 990 3009 hinc
1043 2956 1204 3010 novit
1255 2957 1512 3019 modum,
1563 2973 1678 3027 quo
1729 2958 1831 3011 tibi
1871 2973 2074 3010 nocere

373 3030 571 3110 possit,
606 3028 738 3108 inde
777 3044 908 3080 vero
941 3032 1002 3106 tu
1033 3044 1150 3110 non
1194 3028 1434 3110 cogitas,
1465 3029 1771 3110 “quomodo
1816 3027 2074 3110 ejusdem

374 3099 610 3154 insidias
648 3099 823 3152 vitare
851 3099 1051 3167 possis.
1079 3100 1263 3167 Usque
1291 3099 1430 3152 adeo
1460 3099 1600 3152 falsa
1623 3103 1709 3153 est
1733 3101 2071 3168 assumptio,

374 3188 486 3240 quo
520 3177 706 3240 putas,
743 3169 985 3238 regnum
1018 3186 1336 3240 regumque
1375 3170 1831 3225 familiaritatem
1860 3171 2074 3224 habere

372 3243 655 3296 rationem
689 3240 900 3294 summi
930 3241 1092 3294 boni.

444 3330 463 3350 '
495 3329 654 3393 Quod
705 3328 914 3382 dicitur
946 3330 1348 3382 Parthenicum.
1394 3330 1636 3383 Carmen
1685 3332 1768 3382 est
1809 3333 2074 3383 constans

373 3417 441 3454 ex
490 3416 605 3453 uno
649 3415 856 3468 genere
891 3414 1180 3462 versuum,
1226 3416 1474 3468 quorum
1526 3400 1767 3462 quilibet
1810 3401 2072 3454 trimeter

373 3476 502 3524 ante
534 3471 766 3523 tertium
799 3469 1005 3542 pedem
1047 3475 1427 3539 anapaestum,
1459 3487 1631 3542 quem
1663 3472 1924 3540 sequitur
1953 3472 2070 3542 syl—

373 3543 499 3595 laba
539 3545 844 3610 superstes,
892 3540 1144 3609 primum
1195 3545 1252 3593 et
1296 3541 1608 3594 secundum
1656 3543 1859 3610 pedem
1903 3540 2073 3596 habet

373 3613 693 3683 spondeum
724 3612 813 3664 vel
844 3615 1201 3681 anapazstum
1233 3611 1758 3667 indiscrimiuatim.

449 3705 494 3755 l.
533 3700 636 3765 Qui
674 3715 732 3753 se
757 3701 894 3754 volet
921 3714 1049 3772 esse
1087 3700 1397 3769 potentem]
1433 3701 1725 3772 Prmcipua
1751 3700 1840 3754 sui
1882 3707 2067 3772 parte,

373 3773 649 3828 nimirum
684 3778 895 3834 mente,
921 3771 1121 3824 haberi
1151 3776 1468 3840 potentem.

441 3848 494 3898 2.
532 3843 757 3897 Animos
800 3842 976 3896 domet
1012 3843 1102 3896 ille
1130 3842 1381 3914 feroces]
1413 3841 1654 3897 Animus
1684 3843 1872 3914 prima
1899 3843 2070 3914 signi-

372 3915 637 3970 ﬁcatione
657 3918 870 3986 ventus
918 3919 1023 3986 est,
1056 3929 1171 3986 non
1202 3930 1362 3967 secus
1399 3932 1462 3968 ac
1503 3915 1695 3969 Graeca
1725 3931 1831 3968 vox
1863 3916 2066 3986 ἄνεμος,

371 3987 524 4041 unde
579 3985 802 4040 videtur
857 3985 1013 4038 oriri.
1066 3985 1250 4048 Quare
1311 3987 1799 4056 quemadmodum
1846 3985 2065 4052 ventus,

371 4062 654 4129 quatenus
711 4057 803 4129 hic
856 4072 888 4108 a
949 4060 1283 4129 tempestate
1326 4058 1541 4129 differt,
1601 4058 1744 4112 nihil
1795 4058 1947 4112 aliud
1987 4064 2070 4111 est

372 4127 546 4200 quam
569 4127 762 4193 tenuis
788 4143 953 4198 aqua:
983 4143 1158 4200 vapor
1189 4127 1299 4200 huc
1320 4128 1590 4200 illucque,
1628 4146 1740 4199 qua
1771 4129 1961 4182 minus
1983 4145 2069 4183 re-

370 4199 612 4266 sistitur,
645 4200 1006 4265 discurrens;
1041 4199 1133 4271 ita,
1165 4199 1392 4271 animus
1433 4199 1621 4271 prima
1651 4201 2067 4270 significatione

369 4272 515 4326 nihil
540 4276 624 4324 est
656 4271 808 4324 aliud
844 4285 1018 4340 quam
1051 4270 1318 4342 subtilior
1343 4270 1637 4342 sanguinis
1667 4288 1885 4341 vapore
1915 4287 2065 4325 cere-

368 4343 472 4397 bro
528 4357 633 4412 per
677 4357 900 4407 nervos,
961 4357 1076 4410 qua
1133 4341 1263 4394 data
1309 4341 1496 4412 porta,
1557 4358 1913 4412 egressurus.
1977 4343 2067 4397 Sic

370 4415 524 4485 Virg.
556 4431 571 4467 1
597 4415 827 4483 Georg,
854 4428 906 4465 v.
930 4414 1035 4466 4'20
1064 4429 1076 4466 :

495 4503 784 4551 Vertuntur
809 4500 1007 4564 species
1033 4500 1352 4564 animorum,
1386 4503 1438 4549 et
1467 4507 1679 4564 pectora
1701 4505 1877 4551 motus

492 4566 644 4613 Nunc
673 4564 825 4616 alios,
857 4563 988 4611 alios
1017 4563 1144 4612 dum
1175 4563 1359 4611 nubila
1387 4563 1578 4612 ventus
1606 4565 1812 4627 agebat,

494 4627 826 4689 Concipiunt.

371 4711 437 4764 Et
464 4711 668 4779 Georg.
705 4726 776 4776 1v,
809 4725 857 4762 v.
897 4711 962 4763 86
993 4724 1004 4762 :

494 4798 558 4845 lli
588 4803 762 4844 motus
789 4796 1087 4844 animorum
1118 4800 1271 4859 atque
1303 4795 1416 4846 haec
1447 4797 1734 4846 certamina
1764 4801 1910 4847 tanta

495 4859 731 4908 Pulveris
753 4859 931 4920 exigui
952 4858 1097 4922 jactu
1129 4858 1431 4922 compressa
1461 4860 1749 4923 quiescent.

369 4951 456 5004 Sic
497 4949 671 5004 etiam
721 4964 872 5001 nunc
915 4949 1176 5018 potentia
1221 4949 1427 5003 dicitur
1479 4950 1690 5003 versari
1749 4949 1807 5003 in
1854 4949 2062 5004 animis

368 5021 709 5076 domandis:
759 5021 912 5089 quod
946 5020 1219 5074 nimirum
1251 5037 1413 5074 mens
1451 5028 1647 5074 nostra
1688 5020 1833 5074 nihil
1880 5022 2059 5092 possit

367 5094 430 5148 in
478 5097 737 5147 nostrum
772 5107 1000 5164 corpus,
1046 5091 1154 5145 nisi
1201 5108 1310 5162 ope
1337 5093 1652 5164 spirituum
1692 5091 1958 5147 illorum:
2005 5098 2061 5147 at

367 5166 523 5236 quod
551 5164 726 5236 iidem
759 5162 990 5236 spiritus
1035 5164 1145 5236 iter
1173 5162 1398 5236 tritum:
1419 5165 1564 5218 facto
1610 5164 1839 5234 agmine
1869 5164 2059 5236 subire

367 5235 794 5301 contendentes,
827 5235 1008 5287 instar
1036 5235 1286 5287 ferarum
1319 5235 1609 5289 difﬁcilius
1644 5236 1767 5305 regi
1797 5241 1853 5289 et
1882 5235 2059 5290 veluti

367 5306 733 5362 mansueﬁeri
781 5304 1020 5376 possint,
1068 5304 1276 5358 idcirco
1327 5322 1478 5360 nunc
1523 5304 1793 5360 dicuntur
1832 5309 2056 5374 feroces,

367 5380 447 5433 ita
493 5384 553 5432 ut
583 5380 838 5448 ipsorum
872 5376 1243 5429 moderamen
1287 5377 1472 5445 majus
1503 5378 1576 5431 sit
1615 5377 1970 5432 fortitudinis
2001 5385 2058 5433 et

366 5450 640 5519 potentiae
672 5453 1097 5517 argumentum.

439 5523 469 5573 3
500 5523 606 5591 Nec
631 5523 774 5591 victa
806 5519 1032 5591 libidine
1060 5517 1239 5591 colla]
1278 5517 1605 5591 Similitudo
1641 5520 1944 5591 desumpta
1990 5537 2055 5574 ex

367 5590 626 5663 captivis,
654 5589 751 5663 qui
782 5590 925 5663 colla
945 5588 1160 5663 catenis
1182 5589 1366 5642 vincta
1394 5590 1578 5663 solent
1595 5606 1793 5659 gerere
1817 5588 2055 5663 :quam-

366 5659 569 5717 obrem
627 5659 771 5716 colla
825 5659 920 5716 hic
972 5659 1376 5731 intelliguntur
1423 5664 1478 5716 et
1515 5661 1585 5717 de
1624 5668 1815 5718 mente
1871 5659 1927 5718 et
1983 5665 2053 5720 de

2117 2032 2158 2087 B
2189 2046 2449 2102 corpore,
2484 2030 2741 2098 libidine,
2777 2031 2892 2086 sive
2934 2032 3086 2086 mala
3123 2032 3418 2086 voluntate
3463 2031 3621 2086 victis
3650 2049 3661 2087 :
3693 2031 3836 2087 libido

2189 2103 2406 2173 quippe
2452 2103 2768 2173 generatim
2819 2109 2903 2156 est
2960 2105 3108 2158 mala
3159 2105 3444 2170 voluntas,
3501 2105 3655 2175 quasi
3711 2121 3838 2158 mens

2190 2176 2342 2228 malo
2395 2175 2561 2228 libitu
2616 2191 2649 2228 a
2694 2180 2848 2228 recta
2903 2175 2990 2228 via
3044 2175 3354 2230 deﬂectens
3405 2177 3640 2229 labatur.
3688 2177 3833 2241 Omne,

2187 2246 2332 2314 quod
2360 2247 2498 2300 male
2528 2245 2675 2314 libet,
2725 2247 2891 2301 libido
2921 2252 3018 2313 est,
3070 2247 3259 2319 inquit
3303 2248 3357 2301 S.
3407 2250 3640 2318 August.
3686 2247 3770 2301 lib.
3797 2265 3836 2300 iv

2187 2319 2448 2388 Hypogn.

2257 2418 2308 2468 35.
2341 2415 2532 2469 Indica
2581 2413 2786 2485 tellus]
2829 2415 2991 2469 India
3025 2415 3094 2469 ab
3138 2415 3278 2469 Indo
3320 2416 3560 2470 flumine
3598 2417 3670 2470 sic
3697 2417 3832 2470 dicta.

2191 2487 2281 2540 Est
2312 2491 2505 2540 autem
2533 2491 2685 2540 vasta
2716 2492 2998 2540 terrarum
3025 2487 3182 2556 regio
3211 2488 3404 2542 Asiam
3437 2491 3508 2542 ad
3543 2494 3715 2541 ortum
3743 2494 3833 2540 ter-

2186 2557 2413 2611 minans
2443 2576 2459 2610 :
2493 2557 2867 2628 quamobrem
2901 2558 2992 2612 hic
3021 2559 3300 2628 accipitur
3333 2575 3439 2629 pro
3461 2565 3608 2613 ortu.

2256 2658 2306 2709 6.
2347 2657 2461 2709 Tua
2497 2655 2635 2723 jura
2677 2656 2995 2725 tremiscat.]
3038 2659 3156 2721 Jus,
3210 2657 3358 2710 sicut
3400 2657 3562 2711 docet
3597 2656 3833 2714 Sanctius.

2185 2727 2371 2797 prima
2401 2743 2514 2798 sua
2557 2727 2977 2796 signiﬁcatione
3021 2728 3211 2798 signat
3253 2729 3413 2781 olera
3467 2736 3564 2782 aut
3606 2731 3831 2798 pultem:

2187 2799 2283 2852 sed
2316 2797 2452 2867 quia
2483 2799 2540 2850 in
2577 2799 2848 2852 conviviis
2890 2814 3052 2868 pares
3086 2797 3399 2870 unicuique
3440 2797 3625 2869 partes
3654 2799 3835 2870 daban—

2185 2874 2297 2935 tur,
2333 2870 2460 2922 ideo
2482 2870 2581 2937 jus
2631 2871 2970 2923 translatum
3007 2871 3071 2923 ad
3107 2869 3550 2940 signitiCandum
3581 2872 3718 2941 quod
3746 2869 3837 2922 cui-

2185 2957 2296 3010 que
2323 2956 2489 2994 suum
2523 2947 2606 2993 est
2641 2958 2653 2994 :
2682 2958 2746 2994 ex
2777 2957 2890 3010 quo
2915 2942 3151 2994 societas
3182 2942 3489 2995 hominum
3520 2943 3752 2995 instituta
3777 2941 3830 2991 ad

2183 3011 2537 3066 reddendum
2570 3012 2879 3082 unicuique
2911 3013 3064 3083 quod
3098 3029 3261 3066 suum
3298 3021 3402 3078 est,
3432 3015 3524 3082 jus
3555 3015 3753 3083 forense
3775 3011 3836 3063 di~

2184 3084 2374 3136 citur:
2409 3084 2486 3135 ita
2529 3088 2588 3136 ut
2631 3084 2802 3136 homo
2843 3082 3062 3137 dicatur
3099 3086 3287 3137 vocari
3341 3086 3399 3137 in
3443 3087 3557 3152 jus.
3597 3082 3832 3147 Quoniam

2183 3170 2317 3208 vero
2361 3155 2650 3226 principes
2695 3155 3010 3225 prresertim
3045 3172 3076 3208 a
3127 3158 3239 3208 Deo
3273 3157 3565 3208 constituti
3618 3161 3751 3216 sunt,
3791 3157 3835 3203 ut

2181 3226 2379 3296 populi
2412 3241 2578 3279 suum
2611 3228 2825 3295 quique
2854 3226 3150 3288 haberent,
3185 3233 3495 3297 propterea
3536 3226 3833 3297 principium

2182 3294 2444 3350 voluntas
2476 3302 2531 3350 et
2563 3294 2810 3350 edictum
2855 3294 3308 3367 appellatur—jus
3326 3304 3383 3351 et
3411 3300 3482 3352 ad
3513 3294 3674 3368 hujus
3708 3294 3832 3368 simi-

2183 3368 2488 3421 litudinem
2522 3369 2648 3421 aliae
2688 3368 2842 3438 leges
2882 3365 3022 3436 jura
3069 3365 3338 3423 dicuntur
3373 3387 3385 3424 :
3436 3371 3568 3424 hinc
3590 3365 3728 3438 'jura
3764 3365 3834 3420 hic

2182 3439 2487 3510 cujuslibet
2515 3440 2765 3510 potentis
2792 3441 2952 3510 jussa
2974 3446 3126 3494 sunt.

2116 3337 2154 3392 C

2252 3559 2302 3608 7.
2357 3556 2810 3627 Serviatultima
2852 3555 3057 3627 Thule]
3110 3555 3288 3610 Thule
3341 3556 3532 3611 insula
3569 3560 3831 3617 terrarum,

2182 3643 2322 3697 quas
2356 3625 2600 3680 Romani
2632 3628 2771 3680 olim
2811 3625 3088 3690 noverint,
3123 3628 3345 3692 ultima,
3382 3634 3437 3682 et
3471 3629 3699 3682 maxime
3731 3641 3830 3694 sep-

2179 3697 2539 3765 tentrionalis
2569 3714 2762 3751 versus
2797 3698 3149 3752 occidentem
3181 3715 3192 3752 :
3231 3700 3381 3752 unde
3413 3701 3504 3753 hic
3546 3704 3833 3753 notatozca-

2179 3769 2534 3842 sumgVulgo
2565 3768 2775 3823 dicitur
2803 3769 3068 3824 Islandia.
3101 3772 3177 3823 De
3207 3771 3313 3824 hac
3359 3772 3592 3842 regione
3625 3767 3833 3840 loquitur

2181 3839 2377 3910 Virgil.
2413 3856 2429 3892 ι
2458 3840 2687 3910 Georg,
2717 3857 2766 3895 v.
2801 3843 2888 3894 ‘29.

2301 3950 2380 3999 Au
2411 3951 2551 4000 Deus
2580 3951 2824 4001 immensi
2855 3953 3036 4001 venias
3065 3952 3245 4008 maris,
3269 3967 3328 4000 ac
3359 3958 3454 4002 tua
3484 3956 3654 4002 nautas

2301 4014 2531 4063 Numina
2560 4014 2673 4064 sola
2701 4015 2896 4074 colant,
2929 4015 3024 4063 tibi
3057 4016 3254 4064 serviat
3285 4016 3476 4065 ultima
3505 4015 3678 4064 Thule.

2249 4114 2302 4166 8.
2333 4112 2506 4188 diras
2530 4114 2730 4188 pellere
2745 4112 2946 4188 curas]
2968 4115 3116 4188 Cura
3136 4120 3261 4168 atra
3287 4131 3442 4169 nunc
3468 4117 3694 4188 vocatur
3712 4123 3828 4188 pra;-

2177 4182 2329 4256 dicta
2357 4184 2555 4239 libido.
2589 4185 2685 4239 Est
2705 4182 2946 4255 quidem
2965 4185 3143 4239 libido
3173 4202 3325 4251 cura,
3357 4187 3515 4256 quod
3548 4200 3695 4240 mens
3721 4182 3830 4256 libi-

2176 4253 2309 4308 dine
2338 4256 2657 4381 p‘razsertim
2682 4250 2872 4311 saucia
2905 4260 3134 4325 uratur;
3171 4250 3319 4313 unde
3350 4250 3506 4329 Virg.
3542 4275 3592 4311 ιν
3620 4250 3829 4314 .tlneid.,

2175 4342 2324 4381 vers.
2419 4343 2433 4381 :

2297 4441 2363 4506 At
2384 4442 2571 4506 regina
2596 4443 2742 4506 gravi
2768 4443 2879 4506 jam
2914 4443 3117 4492 dudum
3148 4446 3326 4493 saucia
3349 4459 3497 4503 cura,

2296 4504 2505 4554 Vulnus
2530 4504 2623 4554 alit
2651 4504 2818 4569 venis,
2852 4509 2904 4557 et
2928 4520 3071 4556 caeco
3095 4508 3327 4571 carpitur
3347 4509 3480 4572 igni.

2103 4620 2144 4673 D
2177 4614 2250 4668 At
2278 4612 2479 4667 eadem
2522 4613 2702 4668 libido
2749 4619 2833 4669 est
2863 4631 2999 4670 cura
3038 4620 3165 4671 atra
3202 4616 3315 4671 sive
3366 4616 3675 4670 damnosa:
3720 4623 3827 4664 nam

2174 4684 2329 4757 apud
2359 4685 2626 4755 antiquos
2656 4687 2870 4740 candor
2895 4687 3055 4755 boni,
3102 4688 3304 4757 nigror
3331 4689 3466 4742 mali
3494 4686 3701 4757 ominis
3720 4687 3824 4735 est:

2171 4755 2325 4810 unde
2377 4757 2667 4830 .Ethiopis
2733 4775 2997 4813 occursus
3067 4755 3449 4813 infortunium
3531 4755 3828 4830 credebatur

2171 4828 2516 4901 portendere
2614 4828 2746 4884 hinc
2792 4830 3194 4896 melancholia,
3230 4847 3360 4901 quas
3408 4830 3661 4901 pluribus
3692 4824 3828 4901 malis

2173 4897 2724 4976 effectibusinfamis
2756 4905 2859 4976 est,
2901 4896 3546 4976 atrabilis_appellatur:
3589 4896 3827 4976 praedicta

2171 4974 2368 5094 gutem
2394 4970 2569 5025 libido
2599 4987 2718 5027 non
2745 4973 2928 5028 solum
2958 4973 3204 5044 corpori,
3223 4970 3336 5028 sed
3369 4975 3542 5034 etiam
3575 4970 3740 5026 menti
3761 4970 3827 5020 est

2211 5056 2464 5094 amnosa.

2211 5056 2464 5096 amnosa.

2242 5141 2292 5192 9.
2327 5141 2663 5213 Miserasque
2707 5143 2907 5211 fugare
2945 5143 3234 5213 querelas]
3277 5142 3533 5207 Querelaz
3581 5132 3824 5213 nunc‘di—

2087 5236 2100 5251 -
2169 5214 2378 5286 cuntur
2408 5207 2632 5286 miserae
2661 5207 2718 5266 et
2737 5207 2971 5268 a'causa
2997 5220 3053 5268 et
3076 5214 3152 5286 ab
3183 5207 3407 5281 elfectu,
3439 5213 3589 5286 quod
3619 5229 3648 5265 ε.
3677 5207 3823 5263 mise-

2168 5281 2268 5335 riis
2295 5286 2434 5336 ortae
2458 5285 2781 5354 producant
2809 5301 2982 5339 novas
3010 5285 3290 5341 miserias.

2245 5381 2324 5433 10.
2371 5383 2490 5439 Νοη
2522 5398 2674 5451 posse
2701 5386 2947 5453 potentia
2990 5401 3094 5439 non
3139 5384 3261 5454 est.]
3291 5386 3444 5439 Mens
3487 5382 3635 5457 enim
3683 5393 3742 5457 eux“
3767 5388 3819 5427 εο

2166 5452 2352 5527 solum
2381 5449 2585 5523 potens
2615 5449 2720 5520 est,
2753 5457 2908 5526 quod
2939 5457 3027 5509 sui
3059 5449 3291 5510 domina
3321 5449 3817 5527 perturbationibus

2165 5517 2504 5598 moderetur,
2529 5542 2550 5598 :_
2577 5517 2729 5596 quod
2768 5517 2879 5580 nisi
2919 5532 3193 5598 praestent
3224 5517 3387 5597 reges
3426 5517 3815 5598 regumque‘qfa-

2164 5594 2440 5722 niiliares,
2481 5594 2623 5652 falso
2671 5594 2972 5654 assumunt
3027 5615 3086 5655 se
3136 5615 3257 5656 esse
3295 5594 3516 5655 felices:
3575 5594 3814 5664 Sequitur

2164 5681 2200 5722 II
2226 5682 2368 5722 orta.

2162 5681 2368 5737 gloria.
