3972 6172
437 289 541 344 747
1783 294 1896 347 ΑΝ.
1939 295 2055 349 MAI

2199 297 2334 352 sev.
2380 299 2606 354 ΒΟΕΤΙΙ
3751 317 3834 368 ’[48

580 424 736 478 Unus
766 423 918 482 enim
950 438 1145 478 rerum
1174 427 1338 492 pater
1359 425 1462 489 est,
2165 429 2209 480 A
2379 433 2528 482 108
2564 430 2822 484 Mortales
2845 429 3023 501 igitur
3047 437 3282 488 cunctos

653 512 806 566 Unus
829 517 1034 566 cuncta
1065 512 1374 566 ministrat.
2447 516 2581 570 Edit
2611 517 2800 572 nobile
2825 535 3085 589 germen.

435 601 465 652 5
542 604 687 655 ποτ
721 601 820 654 llle
851 601 1008 655 dedit
1029 600 1240 654 Phoebo
1271 599 1489 666 radios,
2380 603 2527 668 Quid
2550 622 2754 675 genus,
2785 612 2840 660 et
2871 624 3113 677 proavos
3144 609 3432 680 strepitis?

642 689 810 744 Dedit
839 695 896 744 et
921 705 1138 744 cornua
1167 689 1340 743 lunas.
2447 693 2503 746 Si
2529 695 2851 763 primordia
2871 702 3082 765 vestra,

573 777 672 834 Ille
693 779 955 833 homines
983 778 1154 832 etiam
1181 777 1346 831 terris
2238 784 2299 833 15
2375 785 2794 854 Auctoremque
2822 785 3004 839 Deum
3037 792 3273 856 spectes,

639 867 824 935 Dedit,
863 871 919 921 et
948 866 1138 921 sidera
1158 867 1320 921 caelo.
2446 872 2644 925 Nullus
2665 874 2916 943 degener
2944 880 3142 940 exstat,

570 955 671 1010 Hic
695 956 895 1010 clausit
920 955 1193 1010 membris
1210 953 1446 1024 ﬁanimos
2373 959 2440 1012 Ni
2465 959 2614 1014 vitiis
2647 963 2848 1032 pejora
2877 963 3072 1017 fovens

432 1047 493 1102 lO
639 1045 798 1100 Celsa
836 1045 970 1099 sede
997 1043 1225 1115 petitos.
2442 1049 2746 1118 Proprium
2777 1051 3003 1105 deserat
3035 1057 3248 1106 ortum.

1878 1143 2460 1200 INTERPRETATIO.

421 1233 592 1298 Deus,
623 1247 766 1287 unus
785 1231 1054 1298 gubernat
1075 1233 1281 1285 omnia.
1313 1233 1412 1284 Hic
1451 1230 1603 1284 dedit
1632 1229 1971 1298 splendorem
1997 1234 2118 1298 soli,

421 1308 471 1356 et
511 1305 650 1358 lunae
681 1305 894 1356 vultum
933 1305 1217 1356 crescentis
1259 1302 1734 1369 decrescentisque.
1784 1303 1881 1355 Hic
1913 1318 2123 1370 quoque

419 1374 571 1429 dedit
602 1375 837 1428 homines
869 1378 1051 1438 terris,
1087 1379 1137 1426 et
1183 1379 1336 1426 astra
1365 1375 1509 1426 coelo.
1545 1375 1644 1426 Hic
1669 1373 1889 1425 inclusit
1927 1389 2120 1441 corpo-

417 1445 571 1500 ribus
600 1445 874 1498 humanis
910 1449 1112 1498 mentes
1171 1451 1319 1497 ortas
1361 1459 1425 1496 ex
1470 1445 1578 1497 loco
1631 1444 1868 1496 sublimi.
1930 1445 2117 1498 Nobile

418 1531 543 1583 ergo
571 1531 748 1570 semen
779 1517 978 1570 emittit
1001 1529 1181 1570 omnes
1222 1516 1482 1569 homines.
1518 1515 1694 1579 Quare
1731 1513 1962 1583 jactatis
2001 1520 2110 1568 ori-

2230 1236 2410 1299 ginem
2438 1236 2775 1305 majoresque
2803 1243 3019 1293 vestros
3051 1241 3357 1294 mortales?
3386 1245 3434 1293 si
3448 1243 3752 1298 considere/tis
3779 1263 3839 1296 ve-

2231 1311 2419 1379 strum
2451 1311 2783 1376 principium
2823 1316 2873 1364 et
2904 1317 3155 1365 vestrum
3194 1313 3512 1366 conditorem
3543 1318 3706 1379 Deum,
3731 1332 3838 1369 nemo

2229 1382 2355 1458 ante
2383 1377 2692 1446 degenerat,
2723 1396 2887 1448 quam
2914 1383 3186 1450 peccando
3206 1386 3418 1437 recedat
3441 1402 3472 1437 ιι
3498 1387 3605 1438 Deo
3631 1377 3712 1439 suo
3725 1393 3838 1454 prin-

2225 1462 2390 1514 capio.

2049 1623 2278 1681 ΝΟΤᾸΞ.

491 1716 542 1767 3.
582 1715 730 1770 Unus
768 1727 950 1766 rerum
994 1716 1155 1782 pater
1183 1709 1309 1782 est.]
1345 1712 1384 1765 Ι.
1422 1709 1750 1765 Generatim
1793 1709 1990 1764 omnia
2027 1710 2108 1765 ita
2147 1716 2187 1769 Β

419 1789 550 1840 sunt
582 1800 616 1840 ε
648 1786 781 1852 Deo,
801 1788 865 1837 ut
895 1784 1044 1836 Deus
1076 1781 1148 1836 sit
1177 1781 1437 1836 omnium
1464 1786 1628 1851 pater
1659 1797 1672 1835 :
1699 1784 1864 1851 pater
1893 1782 2108 1852 quippe

417 1857 569 1910 idem
601 1861 684 1908 est
716 1855 870 1924 quod
893 1869 1064 1907 causa
1094 1869 1210 1906 non
1236 1854 1421 1906 solum
1443 1852 1786 1922 producens,
1811 1853 2106 1924 sedietiam

417 1923 758 1980 conservans
792 1941 805 1978 :
843 1927 992 1979 Deus
1023 1940 1159 1978 vero
1186 1929 1272 1978 est
1303 1925 1566 1977 omnium
1586 1939 1754 1976 causa
1784 1923 2107 1992 producens

418 2003 474 2050 et
503 2013 863 2051 conservans.
914 1997 1057 2051 Hinc
1103 1997 1253 2049 Deus
1286 1999 1520 2048 vocatur
1566 1997 1730 2048 Pater
1772 2011 1804 2047 a
1834 1994 2106 2048 Christia-

419 2069 526 2129 nis,
557 2069 787 2134 Judaais,
824 2070 880 2120 et
909 2067 1049 2137 ipsis
1080 2067 1255 2120 etiam
1286 2065 1530 2120 ethnicis
1562 2081 1575 2119 :
1610 2063 1919 2122 Christiani
1940 2065 2103 2137 enim

376 2165 380 2169 ~
417 2139 632 2192 orando
663 2139 881 2204 dicunt,
919 2135 1078 2192 Pater
1104 2143 1287 2192 noster
1314 2139 1413 2206 qui
1437 2151 1489 2191 es
1520 2139 1579 2189 in
1610 2137 1774 2197 caelis.
1800 2135 1996 2190 Matth.
2029 2153 2102 2191 v1.

413 2209 625 2264 Judmis
674 2209 885 2262 dicitur
932 2210 1237 2262 Deuteron.
1287 2223 1437 2261 χχχιι
1477 2224 1488 2261 :
1530 2206 1794 2275 Nunquid
1844 2222 1950 2260 non
1992 2209 2108 2274 ipse

415 2285 494 2334 est
522 2281 698 2334 Pater
728 2287 875 2346 tuus,
906 2281 1004 2348 qui
1019 2279 1263 2348 possedit
1283 2284 1350 2343 te,
1384 2284 1433 2331 et
1453 2281 1580 2343 fecit
1612 2285 1661 2330 et
1691 2283 1891 2330 creavit
1915 2285 1981 2330 te.
2007 2277 2108 2331 De-

416 2352 594 2420 nique
643 2351 906 2403 Horatius
935 2351 1014 2402 ait
1047 2366 1059 2402 :
1095 2351 1286 2402 Gentis
1327 2351 1575 2420 humane;
1608 2354 1768 2420 pater
1810 2354 1973 2415 atque
2019 2365 2107 2401 cu-

414 2418 526 2474 stos
563 2436 575 2474 :
609 2427 667 2472 et
694 2420 872 2489 Virg.,
924 2421 1083 2472 Pater
1125 2424 1239 2486 ipse
1282 2419 1491 2472 colendi
1540 2418 1690 2471 haud
1735 2420 1955 2484 facilem
1997 2434 2107 2473 esse

413 2493 561 2544 viam
584 2492 776 2544 voluit.

487 2563 538 2612 5.
596 2561 693 2614 Ille
738 2559 890 2613 dedit
945 2560 1142 2613 Phoebo
1194 2558 1423 2627 radios.]
1475 2558 1569 2628 _Sol
1618 2558 1802 2628 poetis
1868 2565 2104 2613 vocatur

414 2631 639 2685 Phoebus
678 2648 711 2684 a
759 2631 945 2700 specie
991 2637 1048 2684 et
1096 2630 1281 2683 nitore
1315 2646 1327 2682 :
1373 2625 1551 2699 φὸῐὸος
1591 2625 1742 2682 enim
1775 2629 2103 2698 adjectivum

415 2708 502 2755 est
520 2701 862 2771 splendidus,
896 2701 1131 2767 lucidus,
1159 2715 1354 2769 purus.
1397 2701 1509 2753 Soli
1537 2706 1729 2771 autem
1767 2701 1915 2754 Deus
1944 2701 2102 2755 dedit

413 2770 605 2826 radios
635 2788 647 2825 :
677 2773 940 2843 quamvis
971 2773 1124 2826 enim
1165 2789 1196 2823 a
1227 2771 1564 2843 corporibus
1593 2770 1775 2843 obviis
1809 2772 1887 2843 sol
1920 2773 2104 2825 videa-

414 2849 509 2896 tur
537 2841 766 2910 habere,
801 2843 952 2913 quod
986 2844 1092 2896 hoc
1118 2843 1204 2896 vel
1253 2841 1557 2913 illoimodo
1590 2842 1796 2905 luceat,
1832 2842 1985 2895 idem
2015 2848 2098 2895 ta-

411 2930 545 2968 men
566 2931 599 2966 a
627 2916 748 2968 solo
798 2912 911 2968 Deo
943 2913 1135 2978 habet,
1168 2913 1333 2984 quod
1369 2912 1572 2965 luceat.
1609 2913 1834 2967 Scilicet
1861 2913 1974 2966 duo
2007 2914 2102 2966 ob-

412 2985 624 3038 servari
655 2990 894 3055 possunt
921 2985 981 3038 in
1014 2983 1232 3038 mundo
1265 2983 1603 3055 ietfectorum
1636 2999 1843 3055 genera
1890 2999 1902 3037 :
1932 2999 2099 3053 gene-

409 3056 553 3110 ralia
583 3053 877 3126 quazdam;
911 3057 1042 3120 alia,
1070 3061 1130 3108 ut
1159 3054 1733 3126 barbareloquuntur
1747 3053 2094 3124 philosophi,

406 3125 775 3196 particularia
816 3143 828 3180 :
880 3126 1137 3196 priorum
1186 3125 1504 3195 generalis,
1534 3126 1918 3194 posteriorum
1960 3142 2094 3179 vero

449 3196 710 3250 eculiaris
739 3213 909 3250 causa
946 3199 1257 3267 quaerenda
1286 3202 1388 3250 est.
1433 3197 1523 3249 Sic
1553 3196 1833 3265 quaerenti
1863 3212 1963 3248 cur
2003 3212 2093 3249 me

404 3213 710 3320 peculiaris
739 3213 909 3250 causa
946 3213 1257 3267 quaerenda
1286 3213 1388 3250 e51.
1433 3213 1523 3249 Sic
1553 3213 1833 3265 quaerenti
1863 3213 1963 3248 cur
2003 3213 2092 3249 me

413 3274 678 3338 goquente
710 3269 931 3321 auditor
961 3273 1279 3332 moveatur,
1314 3283 1431 3338 non
1463 3267 1768 3335 generalis,
1801 3267 1894 3318 sed
1915 3282 2092 3335 pecu-

406 3337 564 3407 liaris
603 3355 774 3391 causa
806 3338 1113 3401 afferenda,
1155 3344 1214 3390 ’λι
1252 3337 1403 3407 quod
1433 3352 1529 3388 aer
1558 3355 1590 3388 a
1629 3351 1756 3388 meo
1787 3352 1882 3388 ore
1920 3338 1988 3389 ad
2022 3338 2090 3389 il-

403 3406 514 3459 lius
545 3423 710 3460 aures
740 3409 1103 3460 continuatus
1129 3406 1689 3475 meis’pulmonibus,
1712 3407 1930 3475 lingua,
1955 3408 2091 3460 den-

402 3477 576 3543 tibus,
605 3483 662 3531 et
689 3478 864 3531 labris
908 3479 986 3530 sic
1017 3485 1334 3541 moveatur,
1382 3484 1446 3528 ut
1479 3476 1681 3530 eodem
1727 3493 1893 3529 aures
1925 3479 2087 3530 audi-

400 3547 542 3600 toris
571 3553 1053 3602 commoveantur.
1099 3551 1170 3600 At
1200 3547 1478 3616 quaerenti
1511 3562 1611 3599 cur
1654 3552 1944 3600 commoto
1985 3564 2086 3600 au-

402 3617 601 3671 ditoris
655 3619 885 3673 cerebro
951 3618 1322 3687 cogitationes
1386 3618 1448 3670 in
1508 3618 1763 3687 ejusdem
1811 3620 2086 3672 auditoris

398 3693 593 3742 mente
616 3690 936 3742 excitentur
959 3704 971 3742 :
998 3705 1112 3742 non
1138 3688 1464 3758 peculiaris,
1490 3689 1582 3742 sed
1611 3690 1895 3757 generalis
1918 3706 2085 3744 causa

397 3759 731 3830 responderi
779 3761 965 3813 debet.
1008 3759 1284 3813 Similiter
1316 3760 1596 3830 quaerenti
1637 3775 1739 3812 cur
1786 3760 1886 3812 iris
1929 3761 2084 3814 mille

398 3829 587 3884 trahat
615 3832 800 3883 varios
831 3831 1066 3883 adverso
1108 3832 1226 3883 sole
1257 3829 1495 3895 colores,
1538 3847 1707 3884 causa
1750 3831 2082 3900 peculiaris,

396 3901 827 3972 nempepluvia
859 3903 1068 3955 cadens
1096 3902 1514 3970 respondetur:
1549 3903 1644 3956 sed
1677 3903 1953 3972 quaerenti
1983 3919 2083 3956 cur

394 3971 477 4044 sol
505 3971 934 4044 radiosmittat,
967 3988 1134 4024 causa
1159 3972 1461 4041 generalis,
1492 3971 1769 4027 nimirum
1804 3975 1950 4028 Deus
1983 3991 2081 4044 op-

391 4042 530 4096 time
555 4042 831 4098 redditur.
869 4044 956 4097 Sis
987 4045 1134 4096 Deus

459 4117 510 4168 6.
549 4115 715 4168 Dedit
743 4120 792 4167 et
822 4130 1026 4168 cornua
1049 4115 1232 4184 lunam]
1250 4115 1429 4181 Luna,
1453 4114 1606 4185 quod
1629 4114 1749 4167 haec
1777 4114 1852 4165 sit
1875 4130 2079 4183 corpus

389 4201 655 4255 opacum,
689 4186 882 4239 lumen
915 4203 947 4238 a
967 4187 1083 4240 sole
1105 4191 1400 4255 acceptum
1420 4185 1500 4239 ita
1529 4185 1790 4246 remittit,
1825 4190 1886 4238 ut
1909 4186 2076 4239 modo

386 4271 666 4321 crescens,
698 4257 871 4310 modo
903 4257 1254 4318 decrescens,
1287 4256 1458 4310 modo
1487 4255 1675 4320 silens,
1711 4256 1883 4309 modo
1907 4257 2078 4324 plena

384 4327 690 4381 videatur:
725 4326 840 4380 sive
884 4334 945 4380 ut
983 4329 1062 4381 ait
1113 4329 1351 4392 Plinius,
1397 4327 1545 4380 modo
1588 4332 1815 4380 curvata
1857 4329 1915 4379 in
1962 4343 2079 4380 cor-

383 4413 513 4464 nua,
547 4399 704 4452 modo
733 4414 893 4466 aqua
919 4402 1172 4466 portione
1213 4399 1414 4462 divisa,
1445 4397 1600 4450 modo
1630 4400 1856 4450 sinuata
1892 4400 1948 4450 in
1989 4415 2077 4451 or-
2121 4397 2162 4448 D

384 4470 518 4535 bem,
571 4471 846 4524 maculosa
887 4471 1178 4538 eademque
1235 4469 1410 4522 subito
1460 4471 1754 4536 praenitens
1821 4471 2080 4522 immensa

381 4540 506 4593 orbe
532 4543 692 4609 pleno
727 4558 788 4595 ac
816 4546 1037 4610 repente
1065 4541 1238 4594 nulla.
1271 4539 1422 4608 Virg.
1450 4540 1675 4605 11111511.,
1697 4556 1750 4592 v.
1794 4540 1932 4592 61:33:

534 4628 706 4677 Tertia
728 4628 839 4690 jam
871 4629 1015 4677 luna:
1046 4641 1100 4676 se
1129 4640 1329 4676 cornua
1364 4626 1562 4674 lumine
1595 4626 1884 4689 complent.

379 4706 586 4779 _Verum
613 4708 767 4774 quod
793 4725 1001 4779 corpus
1035 4709 1174 4762 illud
1202 4723 1445 4776 opacum
1481 4708 1673 4760 lumen
1711 4707 1789 4760 sic
1818 4707 2073 4761 remittat

378 4775 488 4828 hoc
513 4781 751 4857 ut_pote
781 4775 1068 4857 allectum-
1096 4775 1372 4857 generale
1411 4780 1524 4832 Deo
1568 4785 1840 4848 tanquam
1886 4794 2070 4832 causae

377 4847 632 4915 generali
653 4855 946 4918 acceptum
979 4847 1173 4903 referri
1209 4850 1396 4904 debet.

449 4920 502 4970 7.
536 4919 642 4970 Ille
671 4919 908 4971 homines
941 4924 1104 4975 terris
1151 4919 1348 4991 dedit]
1380 4921 1446 4975 ΙΙ.
1479 4920 1783 4989 Speciatim
1826 4919 1998 4974 homo
2036 4938 2068 4973 a

379 4987 492 5040 Deo
522 4992 796 5062 tanquam
822 5007 851 5062 a
885 4999 1043 5059 patre
1075 4993 1278 5058 oritur,
1302 4987 1554 5062 primum
1585 4991 1817 5060 quidem
1842 4991 2064 5045 ratione

373 5059 651 5127 corporis,
685 5060 838 5126 quod
871 5077 932 5112 ex
976 5069 1124 5115 terra
1165 5059 1475 5116 formatum
1520 5063 1578 5114 in
1609 5059 1788 5114 terris
1819 5062 2065 5114 colloca-

372 5131 451 5183 vit
477 5131 625 5183 Deus
655 5130 879 5194 (Genes.
912 5148 925 5182 ι
961 5147 972 5184 :
1010 5133 1286 5186 Formavit
1334 5136 1593 5186 Dominus
1623 5137 1764 5187 Deus
1796 5133 2060 5185 hominem.

369 5201 440 5255 de
479 5204 603 5255 limo
651 5204 850 5268 terrae),
886 5218 998 5254 non
1033 5218 1189 5254 secus
1229 5220 1291 5255 ac
1322 5204 1506 5257 sidera
1547 5221 1612 5256 ex
1649 5205 1790 5257 cmlo
1819 5204 2063 5256 formata

367 5273 428 5325 in
459 5274 600 5327 caelo
635 5274 828 5343 posuit
855 5289 868 5326 :
904 5274 1100 5326 Genes.
1127 5289 1143 5324 ι
1177 5289 1189 5325 :
1228 5276 1483 5342 Fecitque
1514 5276 1658 5328 Deus
1689 5275 1794 5328 duo
1828 5275 2060 5327 lumina-

366 5347 452 5397 ria
485 5361 708 5411 magna,
743 5345 1013 5397 luminare
1046 5345 1244 5411 majus,
1277 5351 1337 5397 ut
1363 5353 1617 5412 praeesset
1646 5346 1774 5410 diei,
1809 5350 1858 5397 et
1897 5346 2056 5396 lumi-

364 5429 497 5468 nare
527 5421 726 5483 minus,
760 5421 820 5469 ut
860 5420 1108 5484 praeesset
1152 5419 1315 5478 nocti,
1369 5421 1419 5469 et
1463 5418 1666 5469 stellas.
1723 5417 1862 5470 Hinc
1910 5416 2053 5485 psal.

365 5499 500 5538 cxm
535 5503 550 5538 :
585 5489 793 5541 Caelum
827 5488 943 5540 coeli
981 5488 1223 5550 Domino,
1271 5491 1474 5540 terram
1513 5494 1692 5540 autem
1737 5487 1884 5539 dedit
1924 5488 2056 5554 ﬁliis

365 5556 661 5612 hominum.
691 5557 841 5621 Quin
874 5559 993 5628 ipse
1024 5556 1282 5623 Tullius.,
1323 5573 1364 5610 ll
1399 5557 1468 5610 de
1500 5558 1624 5628 Nat.
1648 5559 1906 5623 deorum,
1938 5559 2055 5611 Ho-

364 5629 553 5700 mines,
586 5629 793 5700 inquit,
838 5627 998 5683 humo
1029 5631 1256 5684 excitati
1291 5631 1454 5698 quasi
1481 5627 1715 5683 cultores
1747 5634 1902 5683 terra
1931 5643 2054 5682 con-

361 5699 547 5752 stituti
574 5704 721 5755 sunt.

2288 1721 2339 1772 9.
2373 1721 2473 1773 Hic
2510 1720 2712 1774 clausit
2741 1725 2990 1775 memoris
3025 1722 3280 1794 animos.]
3335 1723 3430 1778 III.
3464 1723 3608 1778 Idem
3653 1724 3788 1778 homo
3814 1744 3834 1777 a

2216 1789 2330 1862 Deo
2366 1796 2638 1860 tanquam
2674 1809 2704 1844 a
2751 1797 2910 1862 patre
2954 1793 3136 1848 oritur
3186 1789 3362 1848 etiam
3409 1796 3619 1848 ratione
3659 1797 3831 1857 mentis,

2216 1861 2430 1931 quippe
2467 1878 2616 1931 quae,
2658 1861 2787 1915 cum
2819 1862 2990 1931 hujus
3025 1865 3181 1916 nulla
3211 1865 3302 1928 sit,
3344 1865 3451 1918 nisi
3485 1866 3707 1920 exterior
3745 1883 3832 1918 cau-

2217 1947 2297 1996 sa,
2330 1932 2547 2002 judicio
2578 1933 3053 2003 philosophorum
3080 1942 3300 1988 creatur
3333 1953 3344 1988 :
3389 1937 3556 1989 solius
3581 1943 3741 1990 autem
3768 1938 3832 1989 Dei

2215 2008 2308 2075 est
2357 2018 2574 2056 creare:
2624 2004 2755 2056 hinc
2784 2005 3150 2075 philosophia
3181 2023 3336 2060 nunc
3364 2007 3498 2060 dicit
3522 2012 3708 2061 animos
3734 2011 3832 2060 celsa

2214 2073 2336 2146 sede
2369 2078 2588 2142 petitos.
2633 2075 2829 2144 Neque
2867 2073 3246 2146 vero'corpus
3280 2084 3336 2130 et
3375 2093 3533 2131 mens
3573 2079 3781 2132 humana
3812 2095 3832 2130 ει

2214 2143 2328 2217 Deo
2358 2146 2543 2198 solum
2581 2143 2872 2217 creantur,
2912 2147 3009 2200 sed
3042 2163 3074 2200 a
3117 2143 3232 2201 Deo
3265 2149 3441 2201 veluti
3472 2166 3503 2202 a
3531 2165 3681 2202 causa
3709 2165 3830 2217 gene-

2214 2214 2321 2288 rali
2371 2216 3034 2288 mutuoiconjunguntur
3066 2233 3080 2271 :
3127 2219 3409 2288 quaerenti
3439 2220 3583 2274 enim
3613 2236 3699 2272 cur
3717 2214 3831 2272 ineas

2217 2285 2471 2339 humana
2519 2287 2831 2356 aliquando
2887 2285 3309 2360 etialiquandiu
3351 2307 3475 2344 cum
3507 2307 3720 2360 corpore
3753 2292 3828 2343 liu-

2216 2371 2382 2409 mano
2408 2360 2815 2430 coniungatur,
2851 2359 3008 2411 nulla
3038 2360 3147 2412 alia
3174 2363 3460 2429 generalis
3490 2359 3662 2415 afferri
3695 2367 3830 2430 potest

2214 2441 2402 2492 causa,
2437 2427 2544 2480 nisi
2571 2431 2830 2482 voluntas
2862 2429 2981 2495 Dei,
3012 2431 3111 2499 qui
3147 2427 3332 2484 omnia
3361 2448 3666 2500 quiscunque
3686 2427 3826 2493 uoluit,

2211 2500 2343 2571 fecit.
2367 2501 2432 2571 in
2455 2503 2577 2550 crrlo
2609 2505 2660 2571 et
2698 2503 2756 2552 in
2787 2506 2953 2566 terra,
2999 2502 3140 2570 psal.
3177 2517 3342 2557 cxm.
3377 2505 3515 2558 Hinc
3552 2505 3699 2566 Deus,
3721 2503 3828 2571 judi-

2212 2569 2306 2620 cio‘
2339 2570 2742 2638 philosophiae,
2785 2572 2981 2623 clausit
3003 2569 3269 2626 membris
3297 2578 3519 2627 animos.
3554 2569 3825 2628 Lactantius.

2211 2639 2250 2691 1.
2291 2655 2308 2691 1
2342 2641 2461 2712 Divi.
2513 2641 2718 2706 lnstit.,
2753 2657 2877 2710 cap.
2929 2645 2986 2693 ‘21
3028 2659 3038 2694 :
3091 2643 3481 2711 Corpusculum
3519 2646 3622 2706 hoc,
3672 2645 3827 2712 inqmt,

2209 2725 2317 2831 71w
2352 2711 2538 2763 induti
2569 2726 2777 2777 sumus,
2810 2711 3044 2765 hominis
3075 2717 3470 2781 receptaculum
3497 2721 3586 2769 est.
3618 2711 3829 2780 Nam’ipse

2228 2796 2362 2831 iomo
2409 2797 2580 2831 neque
2623 2787 2800 2831 tanai.
2855 2797 3027 2831 neque
3074 2789 3272 2831 asnim‘-
3315 2801 3481 2831 npmm
3525 2783 3829 2831 mmnrehendi

2228 2783 2362 2835 iomo
2409 2797 2580 2849 neque
2623 2787 2800 2848 tangi,
2855 2797 3027 2850 neque
3074 2789 3273 2851 aspici,
3315 2801 3481 2853 neque
3525 2783 3829 2854 comprehendi

2206 2857 2401 2919 potest,
2426 2856 2560 2920 quia
2585 2855 2714 2906 latet
2742 2857 2893 2906 intra
2934 2856 3028 2907 hoc
3059 2855 3205 2921 quod
3232 2857 3465 2910 videtur.
3504 2856 3754 2910 Claudian.
3775 2857 3828 2905 l.l

2153 2922 2280 3004 .de
2331 2924 2514 2992 Raptu
2594 2925 2882 2994 Proserp.,
2941 2942 2992 2978 v.
3041 2928 3126 2988 55,
3186 2927 3409 2980 inducit
3463 2929 3716 2980 Lachesim
3772 2924 3825 2976 sic

2139 2992 2178 3083 (Ξ
2208 2992 2539 3063 loquentem
2568 3011 2579 3048 :

3041 3139 3080 3185 Ο
3106 3139 3338 3188 maxime
3363 3141 3524 3188 noctis

2328 3197 2551 3262 Arbiter,
2581 3197 2995 3262 umbrarumque
3024 3205 3233 3262 potens,
3271 3204 3353 3250 cui
3386 3209 3557 3250 nostra
3586 3201 3780 3249 laborant

2328 3259 2593 3318 Stamina;
2629 3261 2718 3322 qui
2749 3259 3140 3310 tinem—cunctis
3171 3275 3227 3311 et
3256 3265 3458 3312 semina
3485 3266 3684 3322 praebes,

2325 3322 2688 3388 ljascendique
2721 3325 2856 3388 vices
2883 3323 3090 3388 alterna,
3109 3329 3283 3374 morte
3312 3322 3577 3388 rependis;

2326 3383 2426 3450 Qui
2456 3383 2620 3450 vitam
2649 3384 2955 3450 lethumque
2984 3387 3123 3450 regis
3163 3402 3175 3434 :
3202 3401 3328 3438 nam
3358 3383 3598 3450 quidquid
3626 3388 3776 3448 ubique

2323 3445 2501 3506 Gignit
2523 3447 2784 3503 materies,
2812 3445 2912 3496 hoc
2942 3453 2992 3495 te
3023 3449 3258 3497 donante
3287 3445 3510 3506 creatur,

2322 3503 2656 3573 Debeturque
2688 3509 2799 3559 tibi.
2823 3510 3087 3573 certisque
3116 3512 3434 3573 ambagibus
3455 3503 3548 3561 sevi

2320 3568 2523 3617 Rursus
2552 3568 2831 3632 c’orporeos
2856 3568 3046 3619 animai
3072 3568 3360 3622 mittuntur
3388 3577 3440 3623 in
3469 3581 3623 3623 artus.

2272 3715 2353 3763 ll.
2430 3713 2684 3766 Mortales
2740 3719 2954 3767 cunctos
3008 3715 3119 3769 edit
3172 3717 3352 3770 nobile
3397 3716 3659 3784 germen.)
3697 3712 3813 3776 000d

2195 3797 2431 3855 germen
2463 3785 2536 3836 sit
2565 3789 2621 3855 et
2648 3786 2962 3853 prmeuntis
2995 3787 3283 3855 effectum,
3320 3795 3374 3842 et
3403 3789 3673 3842 subeuntis
3693 3798 3815 3837 causa

2192 3854 2473 3928 corporis,
2507 3854 2714 3928 idcirco
2765 3857 2932 3928 video
2987 3857 3278 3926 duplicem
3323 3877 3441 3912 esse
3487 3859 3638 3928 hujus
3676 3862 3816 3928 textus

2191 3924 2747 3993 interpretationem.
2785 3927 2976 3980 Prima
3008 3924 3091 3980 est
3122 3930 3406 3985 Theodori
3461 3924 3720 3990 Sitimani,
3744 3924 3812 3993 qui

2192 3995 2499 4047 arbitratus
2531 4012 2768 4065 germen
2801 3999 2910 4050 hoc
2941 3999 3269 4068 signiﬁcare
3293 4001 3562 4068 sobolem,
3592 3999 3659 4051 ait
3674 3995 3815 4068 nobile

2191 4081 2430 4140 germen
2457 4082 2580 4118 esse
2631 4066 3073 4140 appositiouem,
3119 4077 3182 4122 ut
3227 4066 3575 4140 significetur
3604 4072 3738 4131 Deus,
3765 4066 3812 4117 de

2191 4151 2304 4206 quo
2349 4137 2407 4212 in
2449 4138 2848 4212 superioribus
2895 4140 3154 4193 versibus
3201 4137 3416 4212 agitur,
3466 4143 3619 4195 edere
3648 4143 3811 4192 cunctos

2187 4209 2598 4282 mortales,_qui
2641 4211 2910 4282 mortales
2948 4217 3082 4264 sunt
3124 4209 3304 4266 nobile
3332 4230 3561 4281 germen,
3592 4212 3719 4282 quod
3744 4224 3812 4276 p0-

2188 4283 2296 4355 t‘est
2323 4279 2676 4355 conﬁrmari
2715 4296 2782 4333 ex
2840 4297 2907 4355 eo
2939 4282 3088 4350 quod
3136 4279 3356 4349 germen
3405 4285 3560 4355 quasi
3601 4279 3808 4355 genitum.

2189 4349 2410 4401 dicatur
2437 4351 2490 4402 id
2525 4351 2681 4420 quod
2712 4352 2931 4404 semine
2959 4349 3202 4418 genitu-7'.
3255 4349 3449 4408 Altera
3495 4359 3574 4408 est
3601 4353 3808 4420 aliorum.

2190 4420 2288 4489 qui
2327 4419 2595 4489 putantes
2641 4437 2876 4489 germen
2927 4423 3018 4475 hic
3051 4423 3377 4491 signiﬁcare
3408 4424 3716 4496 principium

2189 4496 2327 4544 cunt
2362 4507 2482 4544 esse
2523 4496 2828 4562 syntamim,
2878 4509 3049 4562 quam
3084 4492 3444 4562 grammatici
3477 4492 3654 4549 dicunt
3681 4492 3809 4544 nomi-

2186 4565 2366 4635 nativi
2395 4565 2636 4619 etverbi.
2693 4571 2753 4616 ut
2784 4565 3139 4633 signiﬁcetur
3197 4568 3406 4621 nobilis
3455 4568 3605 4635 origo
3647 4567 3809 4617 morta-

2185 4633 2327 4686 lium
2363 4650 2374 4686 :
2411 4635 2560 4703 quod
2589 4639 2778 4702 potest
2809 4636 3134 4706 confirmari
3169 4639 3344 4690 etiam
3375 4655 3438 4691 ex
3466 4655 3528 4690 eo
3548 4633 3686 4706 quod
3717 4646 3808 4706 ger-

2183 4720 2314 4777 men.
2337 4700 2500 4777 (Illi-{Si
2524 4700 2778 4777 Δ9ί³νίητρη
2811 4705 3034 4758 dicatur
3071 4708 3222 4777 quod
3254 4710 3501 4762 sobolem
3535 4700 3664 4777 gerit
3691 4721 3704 4755 :
3730 4700 3802 4753 sed

2184 4775 2463 4849 quidquid
2493 4774 2564 4828 sit
2593 4777 2662 4849 de
2692 4783 2937 4846 utraque
2969 4774 3368 4832 hac—nominis
3396 4774 3557 4849 hujus
3585 4779 3807 4849 interprej

2182 4847 2421 4911 talione,
2454 4847 2738 4915 posterior
2765 4851 3049 4900 sententia
3098 4849 3263 4902 nobis
3306 4846 3526 4904 videtur
3552 4847 3728 4901 rectius
3763 4846 3804 4915 et

2179 4913 2541 4991 concliidiex
2557 4917 2842 4991 ‘dictishet
2872 4919 3044 4991 statui
3087 4935 3191 4989 pro
3220 4921 3498 4991 principio
3541 4918 3722 4991 statim.
3745 4913 3805 4965 di-

2177 4989 2509 5040 cendorum.
2547 4987 2717 5062 Quasi
2752 4988 2957 5042 dixerit
2988 4987 3355 5062 Philosophia
3393 4987 3560 5046 {Cum
3591 4987 3804 5062 homines

2175 5075 2374 5133 omnes
2414 5074 2540 5111 cum
2577 5060 2797 5133 ratione
2839 5061 3090 5129 corporis
3122 5056 3462 5133 mentisque,
3511 5069 3618 5113 tum
3663 5056 3794 5133 etiam

2173 5131 2392 5204 ratione
2439 5136 2654 5182 mutuae
2686 5131 2893 5204 harum
2935 5127 3185 5201 partium
3226 5127 3630 5204 coniunctionis
3655 5144 3680 5180 a
3715 5127 3800 5179 Deo

2169 5201 2466 5272 oriantur,
2486 5207 2792 5270 propterea
2820 5203 3084 5256 homines
3112 5220 3311 5258 omnes
3332 5201 3364 5257 ἐι
3395 5201 3712 5258 nobilissimo
3730 5210 3800 5272 pil-

2171 5278 2332 5325 rente
2386 5271 2653 5324 oriuntur
2700 5289 2920 5341 :quare
2973 5275 3148 5328 iidem
3205 5277 3463 5329 homines
3517 5272 3798 5344 contemptis

2167 5358 2357 5409 genere
2387 5350 2443 5394 et
2471 5347 2694 5410 proavis
2743 5345 3133 5408 terrestribus,
3178 5347 3508 5399 nobilissimi
3550 5350 3679 5400 sunt.
3710 5351 3794 5391 mSI

2167 5417 2318 5467 vitiis
2361 5417 2654 5482 proprium
2710 5414 2963 5468 deserant
3021 5424 3216 5471 ortum.
3271 5419 3425 5470 Falsa
3469 5424 3792 5483 ergoassnm-

2166 5486 2362 5555 ptione
2401 5485 2701 5551 falluntur,
2745 5486 2846 5554 qui
2879 5502 3052 5556 quam
3097 5488 3308 5542 summi
3354 5487 3481 5541 boni
3513 5482 3794 5557 naturaliter

2167 5560 2379 5610 norunt
2411 5561 2826 5626 appetuntque,
2860 5557 3243 5626 nobilitatem,
3274 5558 3490 5612 hancin
3517 5555 3621 5608 sola
3647 5555 3790 5616 majo-

2165 5643 2292 5680 rum
2322 5625 2650 5699 mortalium
2676 5627 2964 5682 nobilium
2994 5631 3138 5685 serie
3159 5625 3370 5684 versari
3397 5631 3610 5699 putant;
3636 5632 3790 5687 super-

2163 5703 2299 5753 sunt
2326 5698 2646 5767 voluptates
2685 5699 2966 5769 corporis.
