3982 6182
131 315 215 368 749

645 443 800 493 209
822 439 1046 495 PROSA
1075 441 1215 496 VIII.

125 538 485 587 ARGUIENTUM.
514 557 585 600 νῖ
643 529 958 596 Voluptates
1013 535 1272 599 corporis,
1303 534 1486 600 inquit
1524 534 1768 589 Philoso-

174 603 312 670 phia,
345 600 489 667 quod
511 597 725 666 effectus
761 600 995 654 habeant
1048 597 1402 670 paenitendas,
1445 605 1646 660 idcirco
1669 621 1769 660 ra-

180 676 354 726 tionem
382 675 578 724 summi
611 670 737 723 boni
755 670 952 724 habere
967 687 1075 725 non
1097 679 1348 742 possunt.

177 759 357 825 *Quid
413 763 603 812 autem
663 759 732 812 de
783 760 1036 830 corporis
1102 763 1488 832 voluptatibus
1543 765 1766 835 loquar,

123 854 136 884 ³
162 865 378 921 quarum
408 857 432 880 ⁸
459 848 783 917 appetentia
817 848 1053 918 quidem
1079 851 1252 920 plena
1279 857 1362 904 est
1388 855 1410 893 Ι)
1441 853 1766 920 anxietatis,

121 953 138 980 ε
162 938 363 992 satietas
415 952 548 990 vero
576 936 969 1006 paenitentiae?
1001 938 1255 1003 Quantos
1287 941 1395 994 illae
1423 943 1449 983 ά
1511 943 1764 1007 morbos,

122 1043 260 1097 quam
282 1025 667 1079 intolerabiles
707 1025 949 1093 dolores,
984 1027 1150 1097 quasi
1181 1029 1490 1098 quemdam
1516 1030 1768 1084 fructum

119 1115 344 1186 nequitiae
376 1113 690 1166 {ruentium
730 1114 916 1168 solent
944 1115 1159 1170 referre
1191 1117 1559 1187 corporibus!
1622 1136 1768 1190 qua-

117 1221 218 1257 rum
281 1207 466 1256 motus
500 1201 576 1272 (ὅ)
645 1202 784 1272 quid
816 1203 1456 1274 habeatjucunditatis,
1535 1207 1763 1278 ignoro.

118 1295 286 1349 Tristes
313 1308 442 1345 vero
465 1308 588 1345 esse
618 1293 978 1361 voluptatum
1041 1294 1244 1361 exitus,
1279 1296 1539 1366 quisquis
1586 1298 1767 1351 remi—

119 1381 228 1435 nisci
253 1380 554 1435 libidinum
587 1396 820 1435 suarum
864 1382 1036 1448 volet,
1078 1382 1381 1454 intelliget.
1418 1389 1572 1438 210
1628 1385 1764 1449 Quae

114 1472 148 1524 si
173 1470 342 1524 beatos
372 1477 392 1503 °
413 1469 698 1540 explicare
744 1475 1002 1541 possunt,
1028 1475 1049 1506 ³
1099 1472 1244 1525 nihil
1275 1489 1456 1526 causzn
1490 1479 1575 1528 est
1622 1475 1764 1545 quin

114 1559 319 1629 pecudes
347 1573 580 1629 quoque
610 1558 790 1612 beatas
821 1575 943 1612 esse
972 1559 1254 1626 dicantur,
1290 1577 1536 1632 quarum
1577 1563 1764 1616 omnis

115 1649 167 1703 ad
195 1647 514 1718 explendam
560 1647 949 1718 corporalem’
995 1649 1259 1703 lacunam
1308 1649 1541 1704 festinat
1580 1651 1764 1704 inten-

115 1739 191 1790 tio.
220 1741 239 1771 ⁸
264 1733 673 1790 Honestissima
689 1734 924 1806 quidem
957 1737 1220 1808 conjugis
1243 1737 1412 1802 foret,
1430 1736 1768 1792 liberorum-

1116 310 1206 364 ΒΕ
1243 311 1768 370 CONSOLATIONE
1806 318 2294 375 PHILOSOPHLE
2334 322 2472 377 LIB.
2511 324 2608 377 Ill.

3476 332 3580 386 ’750

1812 453 1999 519 Aque
2024 452 2378 522 jucunditas,
2435 454 2531 508 sed
2587 454 2814 508 animis
2862 459 3126 510 enatura
3193 457 3410 511 dictum
3469 465 3574 525 est,

1882 540 2071 593 nescio
2101 527 2298 610 quem.
2321 541 2470 595 ﬁlios
2525 542 2600 613 (5)
2633 543 2914 597 invenisse
2945 550 3190 598 tortores
3215 562 3228 598 :
3277 563 3525 616 quorum
3548 551 3579 614 h_

1879 643 2054 697 quam
2103 629 2174 682 sit
2231 630 2466 684 mordax
2502 647 2860 702 quascunque
2901 633 3171 698 conditio,
3220 650 3407 704 neque
3439 636 3577 688 alias

1881 722 2180 786 expertum
2210 723 2284 785 te,
2317 735 2504 789 neque
2529 735 2683 773 nunc
2729 720 2962 774 anxium
2998 737 3227 774 necesse
3256 727 3342 775 est
3373 725 3571 778 admo-

1878 820 2035 858 nere.
2060 807 2122 858 In
2152 822 2266 876 quo
2297 804 2320 840 ⁸
2340 806 2627 876 Euripidis
2659 807 2672 840 ¹
2701 809 2814 862 mei
2842 811 3187 863 sententiam
3218 811 3398 881 probo
3422 854 3436 879 ,
3474 813 3575 883 qui

1877 898 2164 947 carentem
2196 895 2391 948 liberis
2423 896 2740 950 infortunio
2781 897 2922 950 dixit
2950 915 3069 951 esse
3099 899 3347 952 felicem.

2411 1044 2503 1092 2]
2523 1046 2555 1092 l
2588 1039 2900 1092 METRUM'
2927 1039 3045 1093 Vll.

1876 1129 2274 1199 Ancuuenruu.
2307 1157 2377 1166 —
2431 1128 2692 1196 Voluptas
2741 1131 2932 1192 omnis,
2984 1131 3170 1196 inquit
3202 1130 3570 1199 Philosophia,

1947 1201 2041 1265 api
2070 1197 2242 1250 simili
2277 1215 2290 1251 :
2342 1213 2474 1266 quos
2504 1200 2656 1251 melle
2685 1202 2858 1267 pauit,
2893 1201 2986 1252 hos
3016 1202 3196 1253 aculeo
3217 1197 3432 1269 pungit;

2161 1294 2342 1348 Habet
2361 1294 2548 1347 omnis
2576 1295 2680 1347 hoc
2703 1296 2985 1364 voluptas,

2162 1383 2418 1437 Stimulis
2450 1384 2569 1453 agit
2597 1384 2890 1450 fruenteis,

2159 1472 2469 1542 Apiunque
2493 1489 2594 1543 par
2624 1473 2942 1536 volantum,

2161 1560 2264 1614 Ubi
2290 1565 2451 1630 grata
2483 1562 2653 1614 mella
2681 1561 2846 1628 fudit,

2157 1654 2186 1704 ὅ
2281 1650 2471 1720 Fugit,
2494 1655 2548 1703 et
2573 1650 2745 1704 nimis
2778 1651 2966 1703 tenaci

2165 1738 2317 1792 Ferit
2344 1738 2457 1792 icta
2483 1739 2652 1792 corda
2679 1753 2898 1791 morsu.

1531 1865 1735 1919 INTER
1743 1864 2100 1920 PRETATIO.

167 1969 186 1994 ⁸
209 1960 492 2035 Appelitio.
1800 1963 1839 2015 Β
1939 1964 1966 2005 h
1998 1963 2236 2028 Quorum
2258 1962 2548 2017 liberorum
2597 1962 2834 2017 conditio
2870 1967 3107 2031 quantas
3148 1965 3344 2018 excitet
3372 1967 3431 2018 in
3456 1982 3567 2035 pa-

166 2045 184 2084 ι)
204 2033 449 2100 Angoris.
1870 2036 2115 2087 rentibus
2149 2049 2329 2087 curas.

165 2112 180 2136 ε
205 2105 340 2157 Usus.
1947 2107 1963 2137 ι
1989 2105 2324 2172 Philosophi.

164 2172 185 2208 ἀ
201 2174 512 2242 Voluptates
523 2214 535 2224 .

163 2253 179 2279 ε
203 2248 585 2298 Demonstrare.

165 2315 177 2348 ί
199 2316 568 2383 lndigentiam.

163 2398 187 2439 ε
209 2387 565 2455 Εωρθνὶεηιία
605 2401 781 2439 rerum
814 2385 1151 2438 naturalium
1178 2387 1344 2438 nimis
1370 2386 1590 2454 probat.

1948 2177 2213 2244 Voluptas
2239 2177 2412 2228 omnis
2456 2176 2516 2228 id
2546 2175 2768 2243 obtinet,
2802 2176 2955 2246 quod
2972 2179 3176 2246 pungit
3207 2179 3408 2231 aculeis
3454 2194 3560 2245 eos,

1871 2249 1967 2314 qui
1999 2248 2123 2300 huic
2165 2247 2470 2313 indulgent,
2493 2252 2543 2299 et
2571 2249 2770 2301 similis
2800 2248 2996 2318 apibus
3030 2248 3374 2315 abeuntibus,
3403 2256 3563 2317 post-

1871 2333 2034 2384 quam
2092 2320 2270 2371 emisit
2296 2319 2472 2383 ,mella
2492 2319 2763 2386 jucunda,
2789 2320 2982 2385 evolat,
3017 2324 3067 2372 et
3095 2319 3250 2372 dente
3306 2324 3566 2374 tenaciori

1865 2389 2068 2441 lacerat
2083 2395 2320 2456 pectora.
2355 2405 2473 2456 quae
2500 2392 2695 2454 tetigit.

1780 2485 1997 2541 ΝΟΤᾹΞ.

168 2583 399 2648 1Quidde
429 2584 679 2650 corporis
697 2581 1113 2650 voluptatibus]
1149 2581 1420 2651 Voluptas
1473 2585 1560 2634 est
1600 2581 1759 2650 cogi-

115 2654 238 2718 tatio,
266 2656 419 2724 cujus
450 2669 618 2706 meus
649 2653 899 2718 conscia,
924 2652 1283 2724 jucunditate
1341 2652 1590 2724 quadam
1627 2668 1758 2721 per-

114 2724 322 2778 funditur
351 2741 364 2777 :
394 2727 459 2778 1n
488 2740 550 2777 eo
583 2727 743 2787 enim,
778 2723 969 2792 inquit
997 2724 1213 2776 Tullius
1263 2740 1299 2775 ιι
1342 2723 1412 2776 de
1456 2723 1607 2791 Fin.,
1659 2738 1759 2776 vo-

117 2796 257 2863 luptas
299 2798 530 2849 omnium
569 2796 756 2848 Latine
792 2795 1122 2858 loquentium
1161 2809 1305 2846 more
1341 2798 1583 2862 ponitur,
1640 2809 1759 2846 cum

113 2868 364 2934 percipitur
378 2882 456 2932 ea,
492 2881 618 2934 qua:
663 2880 877 2918 sensum
905 2866 1156 2933 [aliquem
1181 2870 1389 2917 moueat
1412 2864 1755 2933 jucunditas.

115 2935 255 2997 Quare
289 2937 438 3006 quod
493 2952 661 2989 meus
695 2941 888 2988 nostra
919 2941 977 2988 et
1006 2935 1268 2988 effectum
1307 2935 1426 3000 Dei,
1471 2941 1525 2988 et
1574 2937 1760 2988 forma

115 3014 250 3060 nostri
279 3005 544 3078 corporis,
573 3007 888 3078 jucundam
903 3005 1310 3078 cogitationem
1342 3006 1552 3058 habere
1577 3006 1760 3075 possit

117 3076 384 3147 dupliciter,
427 3079 690 3147 primum
738 3076 972 3147 quidem
1020 3077 1092 3130 ab
1149 3077 1271 3146 ipso
1304 3078 1440 3140 Deo,
1473 3093 1505 3129 a
1543 3093 1658 3146 quo
1705 3083 1760 3130 et

115 3155 298 3218 propter
343 3165 510 3219 quem
579 3147 809 3202 condita
853 3153 964 3212 est;
1017 3147 1220 3200 deinde
1255 3164 1284 3219 a
1334 3162 1590 3219 corpore,
1626 3164 1755 3200 cum

114 3235 199 3288 quo
223 3218 598 3290 conjungitur,
631 3223 943 3290 propterea
969 3218 1500 3290 voluptasduplicis
1528 3223 1612 3270 est
1659 3235 1757 3288 ge-
1799 3219 1838 3272 C

115 3290 245 3344 neris.
275 3288 386 3344 Una
406 3288 614 3356 animi,
648 3290 718 3342 de
753 3305 867 3358 qua
891 3288 981 3341 hic
1009 3304 1122 3340 non
1151 3288 1379 3358 agitur;
1425 3290 1605 3341 altera
1635 3305 1758 3342 cor-

115 3362 248 3426 poris.
274 3362 326 3415 in
363 3378 473 3432 qua
515 3361 806 3414 rationem
837 3359 1052 3432 summi
1082 3359 1218 3412 boni
1253 3375 1369 3412 non
1419 3359 1634 3432 versari
1680 3360 1760 3413 sic

117 3431 423 3502 Philosophia
453 3432 687 3485 videtur
727 3431 991 3501 probare.
1042 3432 1169 3483 Haec
1211 3431 1468 3502 corporis
1497 3432 1757 3500 voluptas

116 3500 684 3573 vellegeprohibetur,
718 3500 804 3554 vel
837 3517 974 3554 non.
1008 3502 1066 3573 Si
1103 3503 1229 3569 lege
1259 3500 1658 3570 prohibeatur,
1704 3507 1760 3555 et

116 3572 360 3628 desideriis
386 3573 879 3639 antecedentibus,
924 3577 980 3626 et
1025 3572 1318 3626 doloribus
1349 3573 1756 3642 consequenti-

119 3643 194 3694 bus
212 3645 279 3697 ita
301 3644 796 3708 circumfunditur,
828 3648 894 3696 ut
931 3644 1060 3713 plus
1093 3643 1269 3696 amari
1317 3658 1488 3712 quam
1515 3644 1758 3712 jucundi

119 3714 368 3768 admistum
405 3717 633 3770 habeat.
694 3715 748 3769 Si
774 3730 908 3767 vero
961 3716 1084 3783 lege
1132 3713 1521 3782 permittatur,
1585 3714 1758 3783 hujus

119 3783 283 3838 fructus
324 3789 481 3841 liberi
537 3786 874 3856 parentibus
896 3801 1045 3855 saepe
1078 3785 1217 3839 adeo
1253 3785 1645 3856 suntinfensi,
1695 3791 1760 3838 ut

119 3857 482 3911 carens'liberis
540 3855 646 3911 suo
705 3857 964 3910 videatur
1012 3855 1329 3909 infortunio
1385 3855 1568 3908 felix:
1627 3871 1756 3924 quas

119 3929 266 3980 omnia
289 3945 540 3982 seorsum
578 3943 732 3981 nunc
754 3932 1130 3996 exponentur.

167 3998 420 4069 imarum
445 3997 804 4069 appetentia.]
835 3999 876 4052 Ι.
911 3999 1115 4067 Agitur
1146 3997 1216 4051 de
1270 3996 1470 4050 illicita
1502 3996 1757 4066 corporis

118 4067 369 4139 voluptate,
403 4067 566 4138 cujus
593 4067 802 4123 futuras
834 4069 1155 4139 concipitur
1176 4072 1515 4136 appetentia:
1547 4069 1759 4136 Duplex

118 4141 238 4202 mim,
266 4142 443 4212 inquit
460 4141 712 4196 Tulliusr
745 4141 932 4206 Oftic.,
949 4145 1029 4193 est
1053 4142 1358 4193 animorum
1380 4141 1460 4191 vis
1474 4143 1637 4212 atque
1656 4155 1756 4191 na-

119 4216 224 4263 tura.
246 4211 353 4266 Una
366 4228 496 4282 pars
520 4215 578 4266 in
594 4216 843 4281 appetitu
855 4215 1042 4283 posita
1055 4217 1152 4277 est,
1173 4226 1292 4283 quae
1310 4214 1386 4263 est
1400 4211 1531 4283 ὁρμὴ
1552 4211 1756 4274 Graece,

119 4293 204 4344 qua
227 4283 470 4338 hominem
500 4285 606 4336 huc
648 4289 810 4351 atque
857 4282 990 4337 illuc
1035 4282 1406 4349 rapit.Altera
1431 4282 1434 4283 ⁷
1459 4283 1517 4333 in
1542 4284 1756 4333 ratione

119 4366 205 4424 quae
228 4354 358 4407 docet
386 4361 434 4409 et
463 4355 729 4424 explanat
760 4353 894 4422 quid
935 4352 1250 4419 faciendum
1302 4351 1754 4424 fugiendumque.

118 4419 193 4495 llla
209 4431 376 4479 autem
403 4419 715 4495 voluptatis
737 4419 954 4478 illicitae
987 4425 1312 4495 appetentia
1335 4426 1462 4491 plus
1494 4422 1628 4475 mali
1665 4423 1759 4475 ad-

121 4493 508 4572 uiistutnuhabet
523 4493 699 4572 quam
731 4495 869 4549 boni
900 4495 1229 4572 {quoniam
1255 4494 1415 4561 plena
1445 4498 1522 4545 est
1551 4495 1755 4572 ana-ie:
1793 4520 1836 4572 Ι)

122 4566 236 4626 tutis,
267 4566 405 4620 illius
453 4564 730 4620 nimirum
791 4565 1178 4636 cogitationis,
1223 4580 1336 4633 qua
1382 4579 1543 4616 mens
1580 4564 1755 4617 veluti

120 4646 390 4708 gompressa
417 4639 651 4708 angitur
683 4653 696 4691 :
732 4637 880 4691 sicut
899 4636 1142 4708 ejusdem
1159 4637 1383 4688 satietas
1407 4636 1753 4708 paenitentiae.

124 4702 571 4779 Renitentiaenim
607 4725 639 4761 a
661 4708 968 4777 pamitendo
997 4707 1167 4772 dicta,
1193 4710 1297 4779 est_
1310 4702 1578 4773 cogitatio
1599 4721 1757 4779 men-

124 4774 266 4848 li5,ea
292 4794 408 4848 qua:
442 4796 544 4833 suo
587 4774 826 4832 consilio
873 4783 930 4832 et
956 4779 1247 4847 voluptate
1272 4774 1601 4848 factasunt,
1652 4777 1754 4828 do-

124 4841 250 4920 lentis
271 4864 290 4920 _:
308 4841 441 4920 qua:
473 4850 704 4920 quidem
730 4849 907 4904 tristis
938 4841 1207 4920 cogitatio
1229 4846 1528 4920 individua
1549 4851 1633 4899 est
1662 4863 1756 4920 vo-

123 4912 309 4982 lUptatis
338 4912 536 4974 illicitae
577 4936 789 4986 comes,
818 4919 972 4990 quod
1010 4912 1157 4973 Deus
1185 4923 1308 4971 tum
1329 4918 1633 4990 hominem
1683 4917 1755 4970 de

122 4995 306 5048 peccato
337 4991 632 5045 commisso
656 4988 908 5046 moneat.
938 4991 1132 5060 Neque
1162 5004 1302 5043 vero
1324 4988 1382 5041 in
1414 4989 1532 5040 sola
1561 4993 1753 5060 mente

123 5065 367 5112 versantur
385 5063 692 5132 paenitendi
716 5063 888 5132 hujus
915 5057 1225 5130 voluptatis
1255 5058 1640 5132 fructus;_sed
1693 5057 1753 5110 in

119 5138 286 5194 corpus
337 5130 500 5186 etiam
557 5130 996 5187 diﬁ‘unduntur:
1062 5132 1200 5186 hinc
1249 5130 1454 5197 morbi,
1504 5130 1750 5195 dolores,

119 5204 310 5274 mgrtes,
339 5210 389 5255 et
412 5210 613 5258 caetera
642 5205 701 5258 id
727 5219 927 5274 genus.

219 5270 354 5348 Nihil
380 5289 549 5328 causa:
566 5263 801 5348 estquia
823 5272 1098 5348 pecudes]
1142 5274 1424 5326 Praeterea
1444 5269 1624 5348 _beari
1674 5270 1752 5348 ita

123 5337 301 5394 Videtur
326 5348 610 5414 proprium
645 5337 917 5411 hominis,
953 5351 1014 5398 ut
1046 5337 1216 5398 nemo
1247 5347 1413 5413 putet
1444 5341 1752 5414 beatitudi-

122 5419 222 5486 pem
248 5413 437 5468 versari
466 5417 522 5469 in
552 5434 618 5470 eo
647 5417 803 5486 quod
834 5415 1033 5470 bestiis
1068 5416 1240 5468 etiam
1293 5413 1596 5486 convenire
1644 5427 1751 5481 po-

119 5478 239 5555 test:
270 5498 448 5555 vacare
470 5478 755 5541 autem'iis
776 5488 930 5541 unde
967 5486 1292 5555 voluptates
1323 5484 1580 5553 corporis
1624 5478 1750 5555 nas-

121 5554 301 5628 cuntur,
328 5553 540 5628 homini
563 5564 616 5612 et
645 5559 963 5628 pecudibus
991 5553 1297 5610 commune
1328 5561 1429 5620 est,
1491 5553 1747 5628 quando-

121 5621 432 5700 fltlidelnhuc
461 5621 956 5700 omnes'pecudumr
980 5634 1174 5700 motus
1197 5628 1465 5680 videntur
1491 5621 1745 5700 tendere,

122 5691 171 5737 ut
191 5692 500 5752 satisfaciant
523 5691 772 5773 corpori;
807 5699 964 5772 quod
994 5699 1208 5754 idcirco
1245 5713 1399 5752 nunc
1427 5695 1750 5766 appellatur

1867 2585 2064 2637 lacuna
2096 2583 2252 2653 quia,
2288 2583 2782 2652 quemadmodum
2816 2584 3019 2638 lacuna
3042 2601 3251 2655 aquam
3283 2587 3562 2654 continet,

1868 2655 1948 2707 sic
1973 2669 2181 2723 corpus
2224 2655 2365 2707 nihil
2389 2655 2542 2707 aliud
2583 2655 2656 2706 sit
2684 2671 2855 2724 quam
2892 2657 3206 2724 plurimum
3261 2674 3357 2710 vas
3393 2675 3564 2712 suum

1867 2725 2165 2795 quodlibet
2195 2725 2477 2794 liquorem
2516 2725 2835 2778 continens.
2873 2726 2986 2779 Nisi
3013 2727 3166 2780 dicas
3193 2729 3444 2782 lacunam
3472 2731 3566 2782 hic

1868 2812 1987 2848 esse
2019 2796 2487 2860 indigentiam,ut
2513 2796 2666 2864 apud
2698 2797 2948 2850 Tullium
2982 2799 3014 2849 4
3043 2799 3102 2850 in
3145 2799 3329 2864 Verr.,
3389 2804 3449 2852 ut
3494 2801 3560 2852 il-

1867 2867 1975 2918 lam
2004 2867 2252 2919 lacunam
2280 2869 2362 2918 rei
2379 2868 2680 2932 familiaris
2712 2868 3011 2935 explercnt.

1938 2956 2379 3007 ‘Honestissima
2430 2955 2698 3022 conjugis,
2753 2953 2881 3024 etc.]
2932 2956 2998 3008 II.
3045 2956 3245 3024 Agitur
3276 2957 3345 3010 de
3399 2956 3555 3010 licita

1867 3025 2121 3094 corporis
2138 3027 2453 3094 voluptate,
2477 3027 2750 3077 nimirum
2778 3025 3032 3095 conjugii
3069 3042 3082 3078 :
3115 3029 3232 3079 haec
3259 3031 3450 3081 autem
3476 3029 3566 3080 ho-

1867 3099 2175 3168 nestissima
2231 3096 2443 3149 dicitur
2490 3101 2769 3168 quatenus
2807 3099 3105 3168 voluntate
3156 3098 3370 3162 divina,
3433 3114 3562 3168 quae

1869 3173 1953 3219 est
1981 3167 2169 3236 prima
2195 3182 2420 3238 morum
2449 3166 2921 3238 regulatcapitur
2950 3183 2961 3220 :
2995 3169 3228 3220 Pertinet
3258 3166 3468 3238 quippe
3489 3170 3564 3222 ad

1868 3241 2090 3291 virtutis
2136 3237 2398 3304 ofﬁcium,
2450 3237 2640 3305 inquit
2669 3237 2724 3290 S.
2751 3240 2898 3304 Aug.
2934 3238 2967 3289 l.
3000 3253 3084 3290 xix
3137 3239 3204 3291 de
3257 3239 3374 3292 Civ.
3435 3239 3558 3305 Dei,

1870 3325 1992 3377 cap.
2031 3311 2153 3376 1,et
2193 3310 2369 3360 uiuere
2393 3310 2594 3376 patriae
2632 3313 2681 3360 et
2697 3313 2922 3376 propter
2967 3311 3212 3376 patriam
3244 3311 3386 3377 ﬁlios
3435 3325 3560 3378 pro-

1869 3395 2075 3445 creare;
2127 3394 2357 3446 quorum
2389 3384 2640 3431 neutrum
2694 3382 2812 3444 ﬁeri
2837 3382 3011 3446 potest
3047 3383 3162 3431 sine
3188 3384 3434 3448 corporis
3466 3396 3559 3434 υο-

1869 3451 2098 3519 luptate.
2143 3449 2238 3501 llla
2283 3454 2475 3501 tamen
2524 3451 2787 3518 voluptas
2827 3449 3034 3518 smpius
3087 3450 3264 3502 etiam
3299 3450 3561 3504 tristiﬁca

1868 3530 1994 3574 est:
2031 3521 2496 3591 quandoquidem
2547 3519 2712 3572 liberi
2736 3535 2853 3572 non
2909 3535 3036 3571 raro
3086 3527 3219 3573 sunt
3249 3527 3556 3590 parentum

1867 3597 2120 3652 tortores;
2154 3592 2200 3643 si
2230 3607 2344 3643 non
2377 3591 2524 3660 quod
2561 3595 2774 3659 spectat
2795 3606 3020 3660 corpus,
3064 3592 3554 3661 quemadmodum

1867 3663 2030 3715 aiunt
2062 3661 2342 3730 OEdipum
2374 3668 2497 3714 orta
2541 3661 3033 3732 interPhocenses
3073 3663 3350 3716 seditione
3393 3663 3560 3732 igna-

1867 3749 1995 3786 rum
2027 3734 2298 3786 occidisse
2344 3739 2566 3804 patrem
2619 3731 2812 3784 Laium
2874 3732 3288 3804 Thebanorum
3336 3731 3556 3804 regem.

1865 3805 1964 3875 qui
2014 3804 2327 3857 tumultum
2371 3803 2684 3855 conabatur
2731 3802 3080 3870 reprimere;
3112 3807 3310 3858 saltem
3369 3802 3561 3872 quoad

1865 3879 2114 3928 mentem
2150 3876 2371 3945 attinet,
2423 3877 2705 3945 quatenus
2753 3879 3021 3945 parentes
3063 3881 3298 3945 propter
3345 3875 3557 3930 liberos

1866 3945 2158 4016 perpetuis
2191 3944 2516 4016 cruciantur
2558 3943 2728 4016 curis,
2773 3943 2983 4016 quibus
3055 3943 3186 3998 ceu‘
3214 3945 3559 4015 quibusdam

1865 4014 2101 4070 canibus
2155 4014 2423 4067 videntur
2480 4014 2780 4066 morderi:
2833 4015 2983 4066 unde
3041 4014 3275 4069 mordaci
3316 4017 3560 4070 conditio

1865 4104 2018 4140 nunc
2041 4086 2377 4155 appellatur.
2415 4083 2554 4137 Hinc
2578 4083 2726 4152 apud
2760 4084 3124 4138 Plutarchum
3161 4103 3172 4138 :

1989 4175 2216 4229 Tristitia
2246 4187 2308 4221 ex
2339 4176 2465 4219 nato
2496 4176 2702 4233 tempus
2735 4171 2786 4218 in
2819 4184 2973 4220 omne
2996 4176 3152 4234 patrt.

1937 4276 1957 4309 ⁸
1977 4274 2262 4342 Euripidis
2292 4273 2397 4326 mei
2424 4273 2745 4325 sententiam
2788 4270 3003 4342 proba]
3036 4271 3356 4339 Euripides,
3387 4277 3560 4341 poeta

1867 4345 2015 4411 licet,
2067 4346 2176 4398 fuit
2227 4351 2418 4397 tamen
2472 4342 2866 4413 philosophus,
2907 4349 3047 4397 teste
3095 4343 3299 4406 Tullio,
3334 4345 3555 4397 Anaxa-

1867 4432 2021 4485 gorae
2077 4415 2434 4484 discipulus:
2499 4414 2648 4467 unde
2702 4429 2812 4466 non
2855 4414 3145 4467 immerito
3194 4415 3560 4485 Philosophia

1868 4503 2020 4539 nunc
2048 4502 2204 4540 suum.
2237 4492 2412 4550 vocat,
2438 4487 2676 4554 ejusque
2707 4485 2911 4555 probat
2943 4485 3286 4538 sententiam
3311 4485 3558 4555 quamin

1865 4558 2263 4611 Andromacha
2292 4558 2542 4626 exponit,
2578 4557 2791 4609 scilicet
2816 4562 3082 4610 carentem
3115 4556 3298 4609 liberis
3313 4559 3556 4622 infortu-

1864 4633 2079 4682 nioesse
2134 4631 2342 4695 felicem
2378 4646 2395 4681 :
2429 4629 2585 4697 quia,
2628 4628 2838 4697 inquit,
2881 4628 3092 4680 habere
3126 4629 3338 4680 liberos
3392 4628 3558 4682 dulce

1864 4701 2196 4768 inexpertis,
2229 4700 2480 4768 expertis
2509 4698 2688 4751 triste.

1935 4773 1953 4791 '
1983 4771 2143 4834 Quod
2179 4771 2386 4824 dicitur
2408 4770 2856 4822 Anacreontium.
2887 4769 2986 4821 Est
3008 4785 3240 4822 carmen
3295 4775 3563 4823 constans

1862 4858 1927 4894 ex
1958 4857 2072 4894 uno
2122 4857 2330 4910 genere
2373 4856 2663 4903 versuum,
2721 4855 2968 4908 quorum
3003 4841 3245 4909 quilibet
3295 4841 3560 4895 trimeter

1865 4919 1994 4965 ante
2020 4909 2254 4965 tertium
2316 4911 2519 4980 pedem
2561 4910 2839 4975 iambum,
2903 4926 3072 4979 quem
3122 4911 3395 4982 sequitur
3444 4914 3560 4982 syl-

1862 4983 1991 5035 laba
2020 4984 2370 5047 redundans,
2404 4982 2594 5051 primo
2626 4986 3006 5050 anapaestum,
3041 4981 3246 5036 deinde
3298 4981 3558 5037 iambum

1861 5054 2054 5108 habet.

1929 5124 2321 5178 Pulcherrima
2369 5123 2490 5177 inec
2539 5123 2832 5193 allegoria,
2882 5123 2942 5176 in
2970 5140 3083 5194 qua
3115 5123 3556 5177 similitudinem

1859 5195 2032 5249 habes
2063 5212 2192 5248 cum
2220 5194 2588 5247 translatione
2608 5194 2972 5263 conjunctam
3000 5211 3012 5247 :
3044 5211 3176 5247 nam
3207 5201 3262 5247 et
3291 5197 3554 5264 volupta-

1861 5275 1942 5319 tes
1964 5266 2166 5336 apibus
2196 5267 2409 5318 similes
2450 5265 2845 5334 perhibentur,
2881 5271 2937 5318 et
2971 5282 3132 5318 voces
3181 5266 3382 5334 apibus
3415 5281 3554 5332 pro-

1859 5335 2010 5406 prias
2050 5337 2474 5390 transferuntur
2534 5337 2604 5390 ad
2648 5338 3006 5406 voluptates:
3055 5335 3552 5406 quemadmodum

1859 5409 2115 5462 Ciceroni
2165 5424 2270 5478 pro
2324 5408 2462 5461 Mur.
2524 5408 2702 5474 major
2746 5408 2950 5461 dicitur
2999 5409 3343 5478 comitiorum
3391 5421 3556 5478 quam

1855 5479 2063 5548 Euripi
2091 5476 2477 5543 inconstantia.
2530 5479 2880 5547 Voluptates,
2917 5478 3175 5546 inquam,
3232 5476 3437 5545 apibus
3471 5477 3556 5529 di-

1856 5556 2065 5604 cuntur
2090 5551 2303 5602 similes
2334 5551 2390 5601 in
2425 5551 2550 5611 hoc,
2583 5549 2735 5620 quod
2763 5551 2908 5602 sicut
2937 5565 3070 5617 apes
3103 5549 3182 5599 sic
3225 5549 3558 5620 voluptates

1849 5621 2272 5688 jucunditatem
2317 5627 2375 5674 et
2424 5618 2718 5673 tristitiam
2777 5622 2963 5672 eidem
3017 5618 3238 5671 homini
3293 5618 3554 5672 allerant.

1857 5691 2028 5746 Voces
2058 5707 2190 5746 vero
2223 5691 2425 5762 apibus
2455 5691 2724 5761 prepriee,
2753 5690 3016 5743 videlicet
3057 5690 3322 5757 stimulis,
3364 5691 3558 5743 uolan-
