3972 6172
104 279 191 330 753
1112 275 1200 328 DE
1239 275 1776 333 CONSOLATIONE
1818 279 2303 335 PHILOSOPHle
2347 282 2470 335 LIB.
2516 283 2606 336 Ill.

1811 414 1848 461 Α
1889 415 1965 465 10.

328 405 395 457 L't
427 405 581 472 pisce
603 403 797 458 ditetis
827 405 1023 476 dapes.

260 496 406 546 215
436 493 547 545 Nec
577 492 737 545 vobis
763 509 994 562 capreas
1021 495 1067 547 si
1100 494 1271 548 libeat
1301 497 1483 567 sequi,

317 579 610 649 Tyrrhena
636 582 878 650 captatis
899 583 1060 637 vada.

251 668 402 737 lpsos
433 668 570 738 quin
595 669 768 723 etiam
794 669 1061 724 ﬂuctibus
1091 671 1314 726 abditos

102 760 153 810 l0
317 756 542 811 Norunt
571 773 824 812 recessus
851 762 1122 830 aequoris,

249 845 382 909 Quae
405 848 650 911 gemmis
681 848 861 901 niveis
893 850 1046 902 unda
1079 851 1337 917 feracior,

316 934 412 988 Vel
447 951 576 1006 quae
613 937 872 991 rubentis
903 954 1196 1008 purpuras,

251 1023 356 1076 Nec
383 1038 502 1077 non
529 1041 656 1096 quae
693 1031 892 1079 tenero
929 1027 1106 1095 pisce,
1141 1027 1230 1082 vel
1264 1028 1480 1099 asperis

349 1113 630 1167 Praestent
669 1114 885 1168 echinis
917 1115 1126 1172 littora.

101 1202 148 1251 l5
215 1203 359 1252 216
435 1199 546 1253 Sed
570 1217 820 1271 quonam
843 1205 1033 1268 lateat,
1057 1201 1212 1273 quod
1258 1203 1498 1272 cupiunt
1520 1203 1756 1268 bonum,

351 1287 577 1342 Nescire
605 1292 738 1344 caici
770 1291 1073 1358 sustinent,

246 1376 328 1439 Et,
360 1379 514 1448 quod
545 1379 880 1434 stelliferum
916 1386 1072 1433 trans
1097 1379 1236 1433 abiit
1263 1380 1486 1451 polum.

347 1468 574 1521 Tellure
608 1469 855 1522 demersi
894 1475 1114 1539 petunt.

245 1553 384 1617 Quid
425 1555 664 1625 dignum
691 1558 911 1611 stolidis
944 1557 1237 1612 mentibus
1267 1558 1596 1629 imprecer?

3466 289 3568 340 754

2115 413 2280 482 Opes,
2318 415 2560 467 honores
2593 417 2874 484 ambiant,

2022 501 2084 552 Et
2113 517 2242 552 cum
2274 502 2413 554 falsa
2443 503 2601 571 gravi
2636 506 2786 556 mole
2820 508 3168 574 paraverint,

2123 591 2264 642 Tum
2296 607 2427 644 vera
2459 601 2806 662 cognoscant
2832 595 2998 647 bona.

2459 715 2547 764 2|
2567 716 2605 764 7
2646 711 2865 764 PROSA
2900 713 2982 766 ῘΧ.

1875 805 2283 859 ARci'iisN'ruu.
2336 837 2402 845 —
2451 807 2798 876 Philosoiiliia
2842 825 2984 861 nunc
3021 815 3174 862 utens
3215 815 3557 876 transitione,

1945 890 2056 947 qua
2085 882 2134 927 et
2165 879 2312 927 dicta
2355 879 2718 942 i-ecm-tiari,et
2747 881 2976 932 dicenda
2998 876 3296 946 praevidere
3323 882 3558 947 videtur,

1945 945 2124 1019 addit,
2157 951 2386 1014 capiam,
2423 953 2744 1016 potentiam,
2779 945 3153 1009 reverentiam.
3174 945 3554 1019 celebritatem,

1945 1021 1995 1067 et
2019 1017 2422 1088 jucunditatem
2468 1023 2665 1073 summi
2710 1021 2833 1073 boni
2873 1028 3232 1088 proprietates
3277 1039 3388 1077 esse
3429 1017 3562 1078 adeo

1945 1087 2282 1162 individuus,
2315 1097 2374 1142 ut
2399 1098 2522 1157 pote
2559 1093 2741 1158 plures
2774 1087 2937 1143 unius
2970 1095 3316 1162 ejusdemque
3344 1098 3426 1147 rei
3446 1111 3558 1147 mo-

1945 1158 2058 1218 dos.
2093 1164 2155 1210 ut
2192 1163 2498 1228 quicunque
2539 1163 2860 1215 assumenda
2909 1167 3006 1215 luis
3037 1158 3236 1216 i'llasve'
3277 1166 3432 1218 rebus
3467 1166 3556 1218 di-

1940 1232 2108 1280 versis
2132 1232 2406 1292 attribuit,
2439 1234 2523 1284 hic
2551 1235 2984 1302 praecipitatioue
3012 1236 3102 1287 vel
3130 1235 3451 1302 prejudicio
3473 1237 3558 1290 de-

1938 1299 2086 1352 lusus
2113 1302 2366 1365 fallatur.

1959 1313 2086 1352 usus
2114 1303 2366 1355 fallatur.

1942 1388 1954 1419 ¹
2002 1389 2281 1442 Hactenus
2313 1392 2600 1445 mendacis
2629 1392 2871 1446 formam
2923 1395 3209 1447 felicitatis
3242 1395 3557 1449 ostendisse

1866 1476 2168 1542 sutTecerit,
2203 1496 2373 1547 quam
2411 1481 2454 1532 si
2487 1479 2510 1512 ²
2553 1482 2953 1551 perspicaciter
3000 1483 3258 1544 intueris.
3312 1485 3450 1538 ordo
3475 1490 3559 1538 est

1865 1564 2151 1635 deinceps,
2198 1583 2322 1638 quae
2362 1569 2435 1621 sit
2466 1585 2597 1623 vera
2643 1577 2984 1624 monstrare.
3028 1575 3200 1642 Atqui
3249 1573 3433 1633 video.
3466 1573 3553 1627 in-

1520 1649 2098 1709 INTERPRETA'I‘IO.

91 1730 332 1810 montibus
362 1732 526 1810 altis,
546 1738 605 1786 ut
635 1734 870 1810 _addatis
897 1737 1098 1810 piscem
1137 1736 1332 1804 epulis.
1365 1737 1546 1805 Neque
1573 1741 1754 1803 ingre-
1798 1740 1835 1793 Β
1867 1756 1966 1794 nes
2007 1757 2112 1795 non
2143 1743 2508 1810 indignantur
2557 1761 2614 1798 se
2674 1747 2950 1810 ignorare,
3011 1749 3229 1800 ubinam
3265 1749 3559 1802 occultetur

91 1802 264 1876 dimini
299 1819 448 1857 mare
483 1806 841 1872 Tyrrhenum,
875 1802 924 1859 si
942 1807 1107 1859 vultis
1139 1802 1332 1861 venari
1361 1802 1602 1876 capreas.
1642 1802 1750 1863 lmo

90 1889 191 1944 vero
223 1875 480 1928 homines
513 1884 836 1943 cognoscunt
876 1880 1020 1944 ipsos
1049 1891 1280 1930 secessus
1318 1875 1489 1931 maris
1515 1880 1744 1932 abscon-

90 1943 206 1997 ditos
225 1951 380 2012 aquis
405 1962 417 1998 :
455 1953 801 2011 cognoscunt
831 1943 1072 2015 quaenam
1100 1964 1248 2014 aqua
1278 1950 1646 2002 abundantior
1668 1954 1741 2002 sit

90 2017 735 2089 unionumcandidorum,
784 2026 881 2071 aut
912 2034 1159 2086 quaenam
1195 2021 1578 2073 abundantior
1623 2038 1753 2089 pur-

88 2101 220 2158 pure,
246 2087 443 2153 rubrae,
498 2093 849 2157 cognoscunt
891 2105 1140 2158 quanam
1191 2093 1371 2143 maria
1428 2087 1747 2145 antecellunt

88 2157 298 2224 piscibus
342 2158 618 2226 mollibus,
655 2166 750 2213 aut
777 2161 980 2213 echinis
1014 2165 1269 2214 crustatis
1300 2163 1378 2215 At
1408 2166 1528 2216 caeci
1564 2163 1748 2215 homi-

1861 1812 2074 1888 bonum,
2103 1815 2581 1888 quoddesiderant
2605 1833 2616 1878 ;
2652 1818 2900 1886 quodque
2923 1820 3256 1871 transcendit
3279 1822 3554 1888 olympum

1853 1885 2173 1951 stellantem,
2208 1887 2344 1939 illud
2379 1890 2432 1938 in
2488 1885 2672 1939 terris
2705 1891 2933 1941 involuti
2972 1895 3241 1956 quarunt.
3295 1885 3437 1955 Quid
3469 1895 3551 1943 in-

1847 1957 2025 2019 fausti
2062 1963 2263 2028 petam,
2297 1957 2527 2022 dignum
2568 1959 2754 2011 stultis
2800 1959 3109 2012 mentibus?
3145 1962 3359 2014 Utinam
3407 1976 3553 2028 quae-

1861 2030 1991 2077 rant
2014 2027 2252 2096 undique
2293 2028 2520 2081 divitias
2561 2035 2610 2080 et
2656 2029 2899 2094 honores,
2928 2045 3153 2097 cumque
3181 2027 3549 2085 aceumulave-

1855 2098 1970 2147 rint
2014 2098 2150 2149 bona.
2195 2099 2345 2163 falsa
2391 2114 2586 2164 magno
2650 2101 2847 2165 labore,
2909 2107 3021 2154 tum
3069 2108 3363 2167 agnoscant
3415 2103 3551 2156 bona

1854 2182 2001 2220 vera.

1705 2252 1923 2310 NOTIE.

87 2339 376 2404 praepostere
412 2335 488 2389 ibi
519 2339 769 2404 quaerunt
797 2337 1029 2402 aliquid,
1077 2337 1174 2390 ubi
1199 2353 1264 2390 ne
1289 2342 1504 2408 sperari
1531 2341 1747 2408 quidem

87 2410 264 2480 possit:
313 2414 374 2460 ut
402 2411 452 2480 si
482 2411 604 2477 quis
635 2411 692 2459 in
716 2408 1132 2474 magistratibus
1162 2413 1331 2462 vitam
1365 2413 1743 2480 tranquillam,

89 2479 131 2527 in
152 2479 509 2545 voluptatibus
532 2480 764 2541 beatam,
797 2482 854 2530 in
883 2480 1074 2547 opibus
1104 2482 1315 2542 felicem
1349 2479 1578 2548 quaerat.
1619 2485 1744 2535 Ita-

89 2563 166 2620 que
207 2549 441 2603 Libanus
487 2564 671 2602 senius
713 2549 891 2618 (apud
944 2552 1196 2604 Plautum
1246 2555 1303 2604 in
1342 2554 1630 2620 Asinaria.)
1677 2556 1745 2605 ab

90 2618 185 2690 liero
210 2635 302 2672 suo
337 2623 639 2674 Demaeneto
676 2621 889 2688 jussus,
925 2628 985 2674 ut
1041 2636 1259 2674 umorem
1305 2624 1480 2690 ipsius
1521 2618 1746 2689 argento

88 2689 434 2762 vlrfraudaret,
466 2694 782 2759 signiﬁcans
827 2693 978 2744 nulla
1024 2695 1233 2745 ratione
1255 2689 1381 2756 ﬁeri
1423 2710 1597 2762 posse.
1625 2703 1684 2747 ut
1713 2713 1746 2746 a

90 2761 271 2813 muliere
312 2765 662 2815 tenacissima
710 2762 1014 2830 quidquam
1061 2768 1421 2828 auferretur:
1465 2767 1616 2830 Jube,
1668 2770 1748 2817 in.-

89 2836 199 2896 quit,
225 2848 332 2885 una
364 2849 446 2886 me
465 2849 629 2901 opera
655 2836 862 2902 piscari
881 2836 938 2886 in
967 2848 1108 2899 aere,
1137 2839 1325 2887 venari
1365 2841 1540 2888 autem
1560 2837 1746 2902 jaculo

89 2906 128 2952 ui
157 2907 311 2956 medio
342 2908 510 2956 mari.

142 2977 180 3025 8.
222 2977 501 3042 Tyrrhena
527 2972 712 3046 vada.]
743 2977 894 3030 Mare
924 2975 1293 3042 Tyrrhenum:
1315 2981 1400 3028 est
1425 2980 1611 3028 autem
1648 2976 1742 3030 illa

90 3045 226 3097 maris
248 3047 651 3100 Mediterranei
693 3045 844 3114 pars,
866 3062 994 3116 qua:
1035 3047 1406 3100 meridiouale
1455 3049 1627 3100 Italiae
1659 3050 1742 3100 la-

89 3121 172 3186 tus.
200 3118 337 3169 sicut.
369 3119 529 3170 sinus
560 3117 880 3170 Adriaticus
900 3117 1345 3186 septentrionale
1373 3118 1562 3170 alluit:
1590 3120 1740 3171 unde

90 3185 168 3237 hoc
194 3187 492 3256 Superum,
527 3188 665 3241 illud
685 3189 934 3242 lnferum
957 3185 1112 3241 mare
1136 3195 1382 3241 vocatur.
1423 3191 1497 3241 De
1518 3190 1625 3242 hoc
1657 3192 1737 3242 lo-

88 3259 245 3324 quitur
270 3260 474 3328 Virgil.
509 3276 525 3312 i
559 3261 697 3321 ΕΠ..
732 3275 781 3311 v.
813 3263 870 3312 7t
904 3276 917 3312 :

235 3346 370 3394 Gens
395 3346 606 3394 inimica
640 3346 766 3394 mihi
792 3347 1122 3410 Tyrrhenum
1149 3347 1365 3410 navigat
1393 3361 1593 3410 aequor.

145 3428 185 3476 lt
226 3433 276 3479 et
331 3429 420 3480 12.
481 3427 710 3481 Gemmis
760 3429 1000 3494 feracior
1044 3429 1128 3480 vel
1155 3428 1400 3481 rubentis
1431 3433 1735 3497 purpurae]

90 3495 206 3548 Valla
233 3499 466 3568 quidem
497 3501 574 3550 ait
612 3513 804 3551 rarum
837 3515 958 3551 esse
991 3499 1135 3552 duos
1167 3514 1342 3564 casus,
1373 3495 1501 3552 licet
1539 3495 1608 3552 ab
1639 3495 1742 3553 eo;

89 3568 186 3638 item
215 3585 469 3622 seorsum
511 3571 633 3638 regi
679 3569 920 3638 possint,
967 3585 1095 3622 cum
1155 3571 1355 3622 eodem
1404 3573 1572 3623 simul
1605 3587 1737 3624 con-

86 3636 247 3706 jungi:
277 3647 338 3692 ut
371 3642 464 3692 hic
482 3636 932 3709 conjunguntur,
966 3644 1188 3706 gemmis
1219 3645 1268 3693 et
1296 3656 1555 3709 purpurae
1587 3645 1742 3706 fern-

90 3711 204 3761 cior:
247 3711 299 3764 id
342 3717 545 3764 tamen
589 3711 860 3763 vitiosum
894 3727 1008 3764 non
1039 3718 1160 3776 est;
1204 3712 1356 3780 quod
1397 3711 1454 3764 in
1495 3715 1737 3781 syntaxi,

91 3793 220 3844 quain
241 3785 539 3850 ﬁguratam
569 3788 793 3843 vocant,
820 3798 930 3834 non
955 3788 1069 3834 tam
1103 3798 1266 3834 voces
1293 3784 1736 3852 conjungantur.

91 3863 221 3915 quani
256 3869 455 3904 earum
516 3867 730 3904 sensus.
769 3853 858 3905 Sic
887 3852 1071 3905 Tullio
1109 3853 1348 3906 dicitur:
1392 3857 1497 3905 emi
1529 3860 1741 3906 centum

92 3925 229 3974 aureis
251 3929 296 3976 et
325 3924 529 3991 plu-ris.
555 3923 645 3975 Est
665 3939 798 3975 vero
834 3939 1087 3992 purpura
1130 3924 1361 3992 proprie
1387 3924 1614 3976 conchae
1648 3943 1740 3989 ge-

94 4005 187 4054 iiiis,
214 3997 379 4062 cujus;
413 3995 639 4062 liquore
671 3999 851 4048 vestes
885 3995 1022 4046 olim
1052 3994 1454 4062 tingebantur:
1486 3998 1637 4048 hunc
1669 3996 1739 4048 li-

95 4077 285 4127 quorem
331 4065 636 4131 nigrantis.
663 4080 804 4118 rosae
848 4067 1038 4117 colore
1089 4066 1388 4118 sublucere
1432 4067 1596 4118 docet
1627 4068 1737 4118 Pli-

94 4146 186 4182 nius
215 4136 245 4186 l.
275 4151 343 4198 ix,
377 4153 427 4188 c.
456 4137 544 4200 36,
570 4137 722 4188 unde
753 4151 906 4188 nunc
937 4141 1169 4188 vocatur
1203 4136 1426 4189 rubens:
1464 4137 1739 4189 caeruleus

95 4209 260 4258 tamen.
292 4208 596 4268 iiolaceiis,
631 4212 688 4258 et
727 4208 1054 4276 quicumque
1112 4207 1398 4258 formosus
1428 4211 1588 4260 eolor
1623 4224 1738 4259 non

97 4288 191 4325 raro
235 4276 436 4330 dicitur
494 4291 853 4345 purpureus:
916 4279 995 4328 sic
1034 4277 1265 4340 fluctus,
1316 4277 1502 4338 violae,
1553 4283 1608 4330 et
1639 4296 1734 4341 ge-

97 4347 288 4400 neratim
330 4350 500 4402 llores
550 4363 751 4400 omnes
791 4352 1064 4400 vocantur
1089 4350 1402 4416 purpurei:
1441 4357 1584 4401 sicut
1613 4349 1731 4415 jam

96 4417 262 4470 dictum
295 4427 395 4472 est.

149 4488 196 4536 13
224 4497 273 4541 et
306 4492 382 4544 lli.
419 4489 553 4553 Quae
585 4492 762 4541 tenero
785 4491 928 4556 pisce
955 4489 1041 4541 vel
1071 4488 1279 4557 asperis
1302 4494 1556 4556 prxstent
1583 4491 1733 4543 echi-

95 4558 191 4624 nis}
220 4559 702 4621 Quemadmodum
735 4566 971 4612 canente
1001 4560 1255 4628 Virgilio,
1292 4576 1394 4613 non
1425 4565 1594 4614 omnis
1623 4566 1733 4626 fert

96 4633 237 4701 omnia
284 4635 458 4695 tellus,
513 4631 592 4683 sic
644 4647 759 4684 non
806 4633 1000 4684 omnia
1059 4633 1252 4684 littora
1299 4647 1497 4685 omnes
1541 4634 1735 4684 ferunt

100 4711 275 4764 pisces;
321 4703 432 4754 illic
502 4701 724 4765 molles,
792 4701 884 4754 hic
939 4701 1160 4755 felicius
1210 4703 1446 4755 veniunt
1499 4704 1731 4755 criistati

99 4769 252 4843 pisces.
295 4773 535 4826 Echinus
567 4774 881 4843 generatim
912 4779 994 4825 est
1024 4773 1205 4825 bestia
1233 4773 1449 4842 asperis
1480 4775 1733 4842 undique.

97 4841 272 4905 capillis
308 4841 587 4896 arniataz'
615 4844 748 4896 hinc
789 4850 1019 4912 propter
1059 4841 1365 4912 quamdam
1397 4841 1730 4896 similitudi-

100 4921 195 4960 nein
234 4914 514 4981 spinosum
563 4921 840 4967 castaneae
890 4915 1248 4982 operculum,
1281 4930 1384 4966 nec
1415 4931 1528 4967 non
1559 4914 1729 4967 etiam

99 4993 316 5054 asperum
346 4985 634 5053 quoddam
666 4985 1058 5038 architecturae
1083 5001 1225 5054 opus
1251 4987 1572 5053 appellatur
1597 4985 1736 5037 echi-

99 5062 192 5102 nus.
219 5053 312 5107 Sed
362 5057 558 5120 bestia,
610 5073 739 5125 qua:
786 5060 1018 5108 vocatur
1057 5053 1316 5116 echinus,
1365 5057 1473 5108 alia
1499 5061 1583 5108 est
1616 5065 1731 5108 ter-

102 5124 272 5195 restris,
313 5127 418 5178 alia
463 5124 705 5180 marina.
754 5127 995 5179 Echinus
1042 5127 1324 5178 terrestris
1361 5128 1544 5195 capite
1579 5130 1737 5195 pedi-

103 5185 279 5261 busque
309 5197 560 5266 implexis
606 5197 762 5268 globi
793 5198 1040 5265 speciem
1074 5198 1152 5249 ita
1189 5197 1372 5249 induit
1401 5185 1733 5268 aliquando,

102 5270 150 5308 ul.
185 5269 472 5320 anteriores
528 5269 988 5338 posterioresque
1048 5270 1169 5336 ejus
1223 5279 1405 5336 partes
1460 5271 1737 5335 distingui

107 5347 191 5408 oon
221 5342 435 5408 possint.
474 5339 719 5392 Marinus
750 5347 943 5392 autem
991 5339 1248 5400 echinus,
1273 5339 1492 5406 judicio
1527 5341 1735 5408 ipsius-

104 5405 451 5480 itristotelisdn
483 5409 670 5462 cibum
705 5411 917 5480 apponi
953 5411 1129 5462 solet:
1163 5411 1406 5462 Thomas
1437 5405 1739 5476 Angelicus

109 5473 175 5550 hic
201 5477 386 5540 pisceiii
429 5481 577 5532 hunc
625 5473 965 5534 male-vocat
1019 5496 1304 5547 remoram,
1367 5497 1494 5550 quin.
1529 5473 1739 5534 dicitur

107 5544 604 5623 BtheneisLdeceptus
625 5552 884 5604 videlicet
904 5551 1278 5604 similitudine
1295 5544 1696 5605 vocabulorum
1723 5571 1732 5605 :

111 5617 275 5668 melius
304 5617 556 5673 Horatius
585 5622 753 5676 Satir.
786 5624 819 5675 Ι.
855 5639 913 5687 ii,
951 5628 1054 5675 sat.
1083 5624 1150 5674 εῖτ

232 5701 322 5752 Sed
346 5719 449 5756 non
480 5721 632 5759 omne
657 5723 802 5759 mare.
828 5715 908 5759 est
925 5721 1195 5774 generosae
1225 5709 1392 5760 fertile
1419 5713 1583 5761 testia.

2043 2344 2238 2394 Murico
2263 2345 2459 2407 Bajano
2486 2344 2676 2394 melior
2703 2343 2937 2394 Lucrina
2971 2344 3170 2394 Peioris
3196 2360 3208 2393 :

2043 2408 2226 2456 Ostrea
2255 2409 2482 2468 Circeis,
2512 2409 2710 2456 Miseno
2740 2409 2987 2456 oriuntur
3015 2408 3222 2470 echini;

2043 2470 2341 2518 Pectinibus
2372 2470 2564 2532 patulis
2579 2471 2743 2532 jactat
2771 2484 2826 2518 se
2853 2470 3009 2518 uiolle
3054 2471 3356 2518 Tarentum.

1933 2571 2013 2621 l7.
2045 2569 2378 2632 Stelliferum
2414 2575 2566 2623 trans
2616 2569 2754 2621 abiit
2783 2567 3010 2636 polum]
3053 2569 3144 2621 Est
3175 2569 3329 2622 enim
3373 2567 3539 2624 Deus.

1931 2641 2011 2691 18.
2065 2641 2272 2692 Tellure
2301 2639 2530 2692 demersi
2565 2639 2815 2707 petunt.]
2853 2641 2912 2692 lu
2946 2644 3113 2692 rebus
3147 2639 3376 2692 caducis
3419 2643 3542 2693 ani-

1854 2725 1971 2762 mus
1996 2724 2064 2762 ea:
2091 2711 2355 2762 altissimo
2375 2711 2648 2763 domicilio
2679 2710 2961 2777 depressus
2987 2717 3036 2762 et
3075 2711 3234 2777 quasi
3271 2711 3544 2764 demersus

1855 2786 1910 2832 in
1942 2787 2162 2842 terram,
2193 2787 2252 2832 ut
2274 2782 2527 2850 loquitur
2547 2781 2785 2846 Tullius,
2811 2782 2946 2833 falsa
2973 2780 3362 2850 assumptione
3383 2786 3543 2850 putat

1857 2851 2063 2902 versari
2098 2867 2386 2904 summum
2423 2852 2658 2903 bonum.

1933 2922 2014 2974 19.
2076 2922 2220 2986 Quid
2271 2922 2574 2988 imprecer.]
2637 2923 2930 2989 lmprecari
2979 2927 3065 2972 est
3130 2919 3349 2990 aliquid
3403 2921 3536 2974 mali

1853 2991 1910 3044 in
1963 3001 2132 3061 caput
2190 2992 2428 3060 alicujus
2485 2993 2726 3060 precari.
2774 2993 2864 3044 Sic
2920 2991 3113 3059 Virgil.
3177 3008 3227 3043 iv
3291 2990 3534 3054 Eneid.,

1782 3053 1820 3104 (ἶ
1855 3080 1902 3116 v.
1938 3053 2060 3116 628'.

2008 3169 2203 3216 Littora
2232 3167 2494 3216 littoribus
2524 3167 2804 3224 contraria,
2833 3167 3076 3216 ﬂuctibus
3107 3167 3275 3215 undas

2007 3233 2288 3292 imprecor,
2302 3244 2448 3278 arma
2463 3230 2648 3278 armis:
2671 3238 2909 3292 pugnent
2924 3230 3126 3292 ipsique
3147 3233 3378 3292 nepotes.

1919 3328 2007 3379 ‘20.
2065 3327 2225 3394 Opes,
2276 3326 2498 3378 honores
2554 3325 2840 3397 ambiant]
2873 3327 3262 3382 Circumeundo
3321 3329 3533 3395 suppli-

1849 3405 1964 3450 cent
1994 3414 2006 3450 :
2037 3398 2212 3450 ambio
2241 3413 2392 3450 enim
2425 3397 2634 3450 dicitur
2665 3398 2735 3450 ab
2757 3399 2910 3450 ambe
2934 3398 3167 3451 circum.
3196 3404 3251 3450 et
3280 3414 3357 3461 eo,
3383 3400 3534 3467 quod

1855 3469 2093 3522 Romani
2127 3469 2379 3538 undique
2403 3467 2547 3521 irent
2574 3470 2942 3537 populorum,
2968 3474 3061 3521 aut
3086 3470 3534 3536 etiamjudicum

1849 3539 2132 3608 captaturi
2155 3538 2425 3608 suffragia
2448 3556 2460 3592 :
2487 3549 2541 3592 et
2570 3539 2673 3592 hoc
2704 3545 2787 3592 est
2828 3541 3062 3599 malum,
3107 3540 3256 3607 quod
3292 3539 3537 3592 Philoso-

1851 3611 1985 3678 phia
2031 3612 2089 3663 in
2137 3616 2310 3678 caput
2359 3610 2657 3664 hominum
2712 3611 3049 3662 stolidorum
3109 3617 3400 3678 precatur:
3438 3611 3532 3664 sed

1851 3681 1987 3750 quia
2028 3696 2140 3734 non
2186 3680 2342 3734 decet
2376 3680 2820 3750 Philosophiam,
2861 3685 3190 3751 magistram
3237 3681 3395 3733 illam
3424 3682 3533 3733 vir-

1849 3760 2056 3815 tutum,
2087 3755 2390 3820 imprecari
2425 3753 2660 3814 malum,
2695 3753 2798 3803 nisi
2841 3758 3075 3821 propter
3109 3755 3348 3814 bonum,
3380 3752 3535 3821 quod

1849 3840 1913 3880 ex
1951 3824 2057 3876 hoc
2082 3823 2220 3874 oriri
2252 3823 2446 3890 possit,
2480 3823 2654 3875 addit.

1908 3896 1998 3946 '21.
2045 3896 2116 3948 Et
2174 3909 2292 3945 cum
2337 3894 2485 3958 falsa
2514 3894 2852 3960 paraverint,
2911 3899 3022 3946 tum
3051 3909 3179 3945 vera
3219 3899 3536 3960 cognoscant

1850 3963 2056 4032 bona.]
2104 3964 2369 4031 Exemplo
2429 3964 2640 4016 ευίιιιτθι
2682 3964 3020 4024 Salomonis,
3077 3965 3172 4033 qui
3233 3975 3530 4033 postquam

1847 4033 2114 4087 omnibus
2168 4033 2449 4098 prmdictis
2486 4035 2650 4086 bonis
2692 4035 2924 4101 impiam
2979 4049 3211 4102 operam
3264 4036 3531 4096 dedisset,

1849 4107 2080 4158 tandem
2116 4105 2423 4168 aliquando
2461 4105 2528 4156 ad
2583 4105 2759 4156 Deum
2793 4104 2997 4164 reddit.
3035 4106 3373 4162 exclamans,
3432 4106 3528 4155 Va-

1844 4181 1992 4229 nitas
2017 4179 2324 4228 vanitatum
2355 4181 2402 4227 et
2432 4177 2614 4228 omnia
2634 4177 2870 4227 vanitas.
2897 4176 3070 4227 Gravi
3089 4176 3222 4227 mole
3254 4175 3530 4242 interpre-

1850 4261 2036 4299 iainur
2064 4263 2259 4312 magno
2280 4246 2460 4299 labore
2489 4263 2500 4298 :
2537 4261 2690 4309 nam,
2718 4254 2779 4296 ut
2803 4257 2940 4314 puto
2969 4246 3185 4314 niejaui
3220 4246 3528 4308 monuisse,

1847 4319 2009 4369 moles
2039 4319 2288 4386 primum
2319 4317 2524 4369 dicitur
2555 4317 2622 4368 de
2651 4316 3005 4384 corporibus,
3036 4332 3163 4386 qua:
3196 4317 3267 4368 ob
3299 4315 3530 4368 insitam

1776 4420 1818 4473 Β
1850 4391 2224 4473 plurimarum
2260 4388 2510 4467 partium
2535 4387 2785 4473 quietem
2818 4387 3121 4473 difﬁculter
3154 4388 3365 4473 moveri
3403 4403 3528 4455 pos-

1846 4466 2012 4512 siii'it:
2049 4460 2198 4512 unde
2253 4474 2370 4511 non
2403 4459 2593 4527 inepte
2627 4460 2803 4510 moles
2837 4458 3127 4510 derivatur
3156 4477 3185 4508 ει
3219 4459 3412 4509 Graeco
3444 4475 3533 4526 μο-

1847 4529 2024 4595 adsum,
2051 4532 2286 4582 vectibus
2326 4531 2641 4582 submoveo:
2679 4529 2808 4580 hinc
2839 4530 2982 4597 lapis
3016 4531 3217 4596 ingens
3249 4529 3356 4579 dici
3389 4531 3532 4580 solet

1846 4603 2068 4653 molaris
2091 4618 2109 4653 :
2143 4602 2274 4653 hinc
2295 4603 2467 4654 etiam
2496 4600 2682 4653 moliri
2714 4600 2862 4651 idem
2889 4611 2970 4650 i-st
3002 4601 3152 4668 quod
3180 4598 3392 4650 viribus
3424 4600 3533 4651 col-

1849 4673 2003 4722 lectis
2033 4672 2247 4740 aliqiiid
2295 4688 2540 4723 movere.
2596 4671 2808 4724 Deinde
2855 4671 3010 4721 moles
3047 4679 3281 4740 propter
3321 4685 3530 4738 quam-

1845 4743 1976 4794 dam
2011 4739 2445 4795 similitudinem
2483 4740 2692 4794 dicitur
2724 4743 2791 4793 de
2823 4742 2980 4793 omni
3015 4739 3245 4808 negotio
3279 4741 3526 4794 difﬁcili:

1846 4814 1989 4864 sicut
2020 4813 2168 4880 Virg.
2199 4829 2213 4864 ι
2245 4813 2389 4874 Αἰη..
2423 4830 2471 4866 v.
2505 4817 2569 4866 37
2597 4830 2607 4862 :

2031 4919 2210 4966 Tanta;
2237 4918 2391 4967 molis
2435 4921 2547 4965 erat
2571 4918 2858 4966 Romanam
2887 4916 3112 4965 condere
3144 4921 3375 4979 gentem.

1922 5014 2306 5088 'Hactenus.]
2340 5017 2378 5069 Ι.
2432 5016 2670 5079 Quidam
2734 5015 3302 5088 Philosophiadnunc
3357 5016 3536 5068 utitur

1848 5088 2204 5149 transitione,
2243 5085 2404 5156 cujus
2454 5091 2720 5154 frequens
2776 5089 2860 5138 est
2915 5091 2969 5137 et
3017 5085 3168 5138 utilis
3200 5103 3334 5138 usus
3384 5089 3530 5156 apud

1847 5169 2100 5211 oratores
2148 5168 2204 5210 et
2251 5165 2460 5226 poetas.
2523 5157 2610 5208 Sic
2659 5157 2877 5209 Tullius
2919 5173 2931 5209 :
2984 5157 3267 5223 Quoniam,
3327 5158 3532 5225 inquit,

1848 5230 1913 5281 de
1932 5245 2120 5296 genere
2151 5231 2274 5283 belli
2295 5231 2461 5292 dia-it,
2492 5244 2632 5280 nunc
2652 5228 2717 5280 de
2734 5230 3112 5292 magnitudine
3136 5243 3310 5296 pauca
3332 5228 3529 5280 dicam.

1848 5301 1935 5354 Sic
1970 5301 2164 5368 Virgil.
2200 5317 2236 5353 ii
2271 5301 2460 5361 Geor.,
2488 5316 2538 5351 ν.
2580 5304 2596 5350 1
2635 5315 2646 5351 :

2007 5406 2270 5452 Hactenus
2301 5417 2545 5452 arvorum
2574 5403 2748 5452 cultus
2773 5407 2824 5450 ot
2846 5403 3017 5450 sidera
3041 5401 3176 5454 cmli.

2008 5470 2156 5516 Nunc
2185 5474 2252 5526 te,
2284 5467 2500 5520 Bacche.
2534 5481 2738 5517 canam.
2786 5479 2880 5513 nec
2915 5479 3020 5512 non
3066 5461 3323 5510 silvestria
3362 5465 3534 5510 tecum

2009 5530 2240 5590 Virgiiltii
2272 5541 2323 5576 el.
2357 5530 2554 5591 prolem
2590 5535 2733 5576 tarde
2763 5530 3044 5576 crescentis
3065 5527 3234 5572 olivze.

1920 5632 1941 5664 ²
1979 5631 2389 5697 Perspicaciler.
2426 5627 2554 5696 ]An
2585 5644 2688 5681 vox
2722 5627 2825 5684 ista
2857 5623 3054 5678 Latina
3097 5621 3228 5676 est?
3266 5622 3536 5692 dicerem,

1848 5703 2148 5770 perspicue,
2181 5699 2473 5754 evidenter.
