3982 6182
414 293 516 344 755
1724 295 1847 349 AN.
1894 293 2110 349 MANL.
2159 294 2309 350 SEV.
2352 293 2597 349 BOETII.
3744 305 3827 357 756

414 444 588 498 quam
620 456 660 495 ιι,
695 444 796 481 nec
822 428 1027 498 opibus
1071 428 1496 495 sufﬁcientiam,
1528 445 1631 482 nec
1660 429 1853 499 regnis
1886 435 2089 499 poten-
2137 436 2180 483 Α
2208 430 2408 500 igitur,
2438 430 2590 500 quod
2623 433 2707 482 est
2741 445 2945 495 unum,
2980 428 3333 499 simplexque
3361 434 3567 495 natura,
3592 434 3603 465 ¹
3630 437 3833 502 pravitas

413 517 572 581 tiam,
610 534 712 570 nec
740 518 1119 571 reverentiam
1149 517 1541 585 dignitatibus,
1575 534 1678 571 nec
1718 517 2106 572 celebritatem
2214 519 2466 572 humana
2496 517 2778 587 dispertit,
2827 523 2899 581 et,
2951 517 3089 571 dum
3128 517 3230 583 rei,
3265 534 3387 587 qua:
3426 520 3655 588 partibus
3694 531 3835 587 caret,

411 606 613 674 gloria,
649 608 729 675 (ὅ)
775 623 878 659 nec
932 606 1186 659 laetitiam
1238 607 1625 675 voluptatibus
1684 624 1847 677 posse
1878 607 2105 660 contin-
2214 612 2437 676 partem
2485 612 2725 660 conatur
2770 606 3025 676 adipisci,
3071 622 3175 659 nec
3221 607 3553 675 portionem,
3600 608 3693 677 {‘23)
3736 628 3837 680 quae

408 709 560 762 gere.
595 696 679 746 An
707 695 876 748 etiam
903 710 1118 760 causas,
1142 710 1243 747 cur
1273 694 1328 748 id
1360 695 1435 747 ita
1457 695 1546 759 sit,
1578 695 2004 765 deprehendisti
2026 699 2049 738 b
2080 696 2107 749 ?
2215 697 2371 749 nulla
2396 701 2502 757 est.
2528 711 2631 749 nec
2658 695 2862 764 ipsam,
2900 710 3073 765 quam
3105 694 3341 748 minime
3372 694 3601 760 affectat,
3632 702 3840 769 assequi-

408 783 587 836 Tenui
618 782 851 851 quidem
896 783 1073 836 veluti
1126 782 1383 836 rimulac
1433 784 1574 837 mihi
1624 786 1822 837 videor
1866 786 2103 851 intueri,
2214 791 2327 838 tur.
2358 784 2640 850 Quonam,
2684 784 2941 853 inquam,
2990 784 3213 837 modo?
3263 782 3368 847 Qui
3403 783 3633 850 divitias,
3672 786 3839 856 inquit,

411 872 507 925 sed
539 888 603 924 ex
632 876 686 924 te
716 874 741 913 (Ι
773 888 1116 941 cognoscere
1159 874 1354 925 malim
1397 874 1670 942 apertius.
1702 874 1875 944 Atqui
1906 891 2105 944 prom-
2212 874 2375 943 petit,
2413 875 2671 943 penuriae
2710 874 2865 942 fuga,
2909 873 2976 926 de
3002 872 3260 943 potentia
3290 872 3433 925 nihil
3458 872 3694 925 laborat:
3722 876 3840 941 vilis,

406 959 671 1028 ptissima
700 960 843 1013 ratio
884 966 969 1013 est
1000 970 1038 1014 ο.
1075 959 1095 993 ¹
1144 961 1303 1025 Quod
1335 962 1491 1014 enim
1537 964 1777 1032 simplex
1810 972 1916 1029 est,
1948 964 2103 1018 indi-
2212 963 2600 1031 obscurusque
2632 978 2751 1014 esse
2782 961 3013 1026 mavult,
3046 962 3253 1013 multas
3273 960 3445 1013 etiam
3475 960 3579 1013 sibi
3605 964 3843 1016 naturales

408 1048 709 1118 visumque
758 1054 980 1115 natura,
1030 1049 1087 1103 id
1144 1066 1302 1102 error
1346 1051 1634 1103 humanus
1685 1058 1928 1121 separat,
1964 1058 2021 1106 et
2072 1071 2104 1106 a
2213 1068 2440 1121 quoque
2464 1051 2751 1104 subtrahit
2781 1050 3118 1119 voluptates,
3151 1065 3221 1102 ne
3252 1048 3566 1119 pecuniam,
3590 1065 3741 1118 quam
3767 1069 3839 1121 pa-

406 1152 541 1189 vero
573 1142 743 1207 atque
789 1138 1037 1207 perfecto
1068 1138 1138 1190 ad
1173 1138 1378 1191 falsum
1424 1139 1938 1211 imperfectumque
1989 1139 2101 1211 (lO)
2211 1140 2378 1204 ravit,
2429 1140 2667 1193 amittat.
2702 1139 2808 1193 Sed
2838 1138 2947 1191 hoc
2986 1139 3158 1192 modo
3191 1154 3263 1191 ne
3294 1137 3623 1193 sufﬁcientia
3650 1140 3841 1208 quidem

407 1225 671 1279 traducit.
707 1230 793 1279 An
818 1231 879 1278 tu
913 1227 1224 1291 arbitraris,
1254 1229 1410 1297 quod
1434 1228 1610 1281 nihilo
1634 1229 1909 1298 indigeat,
1934 1247 2103 1299 egere
2212 1229 2491 1297 contingit
2521 1228 2593 1295 ei,
2628 1244 2800 1297 quem
2831 1228 2937 1297 (30)
2962 1235 2999 1260 ιιι
3029 1226 3276 1280 valentia
3306 1226 3532 1291 deserit,
3566 1243 3718 1297 quem
3745 1245 3839 1282 mo~

407 1315 711 1384 potentia?
741 1315 991 1381 Minime,
1015 1316 1252 1385 inquam
1286 1316 1319 1369 τ.
1345 1322 1492 1371 218
1517 1318 1685 1371 Recte
1710 1325 1764 1370 tu
1793 1319 2099 1388 quidemK:
2211 1318 2375 1370 lestia
2415 1318 2638 1386 pungit,
2704 1332 2876 1386 quem
2911 1315 3097 1369 vilitas
3164 1314 3377 1385 abjicit,
3424 1331 3588 1385 quem
3632 1318 3841 1369 recondit

406 1418 541 1456 nam
576 1403 621 1455 si
651 1404 790 1473 quid
822 1409 923 1467 est,
978 1405 1128 1474 quod
1178 1405 1235 1457 in
1274 1406 1384 1458 ulla
1416 1422 1474 1457 re
1520 1406 1913 1460 imbecillioris
1938 1410 1965 1450 ιι
2004 1426 2101 1462 va-
2212 1407 2541 1460 obscuritas.
2567 1406 2674 1468 Qui
2702 1422 2832 1458 vero
2862 1406 3049 1458 solum
3079 1420 3244 1474 posse
3275 1404 3588 1468 desiderat;
3620 1406 3839 1473 proﬁigat

404 1493 598 1546 lentiae
632 1492 722 1556 sit,
759 1493 817 1545 in
860 1494 965 1546 hac
998 1494 1262 1563 praesidio
1307 1510 1537 1547 necesse
1579 1501 1661 1548 est
1696 1502 1859 1565 egeat
1889 1497 2096 1551 alieno.
2210 1511 2364 1565 opes,
2398 1494 2637 1563 despicit
2682 1494 3019 1563 voluptates,
3070 1494 3471 1562 honoremque
3514 1492 3745 1561 potentia
3766 1510 3837 1545 ca-

408 1584 489 1635 Ita
510 1586 609 1644 est,
645 1581 881 1651 inquam
915 1582 946 1635 ί.
985 1582 1166 1651 Igitur
1188 1581 1543 1637 sufﬁcientius
1569 1586 1954 1655 potentiaeque
1988 1603 2101 1641 una
2208 1589 2453 1652 rentem,
2485 1583 2730 1653 gloriam
2755 1599 2984 1653 quoque
3014 1587 3166 1637 219
3198 1582 3342 1636 nihil
3372 1581 3583 1652 pendit.
3618 1581 3713 1635 Sed
3738 1582 3838 1634 huic

408 1677 491 1724 est
523 1672 840 1741 eademque
870 1676 1093 1725 natura.
1126 1672 1212 1725 Sic
1259 1673 1499 1729 videtur.
1532 1674 1695 1737 Quod
1733 1692 1868 1729 vero
1901 1676 2097 1746 hujus-
2138 1720 2175 1770 Β
2208 1689 2436 1743 quoque
2467 1688 2642 1742 quam
2663 1672 2844 1725 multa
2869 1671 3153 1737 deﬁciant,
3189 1671 3365 1725 vides.
3392 1671 3477 1724 Fit
3506 1670 3648 1724 enim
3675 1675 3731 1723 ut
3758 1670 3836 1724 ali-

406 1760 563 1814 modi
593 1761 685 1826 sit,
727 1762 1189 1831 spernendumue
1238 1779 1360 1816 esse
1408 1780 1621 1829 censes,
1663 1781 1736 1817 an
1774 1771 1974 1820 contra
2017 1768 2092 1838 (ὅ)
2138 1759 2174 1770 “’
2208 1761 2437 1833 quando
2466 1760 2801 1815 necessariis
2826 1766 3008 1831 egeat,
3041 1760 3500 1814 utanxietatibus
3526 1759 3836 1817 mordeatur;

408 1866 601 1904 rerum
648 1850 909 1904 omnium
954 1851 1322 1905 veneratione
1368 1852 1818 1922 dignissimum?
1848 1858 1920 1910 At
1963 1858 2092 1924 hoc,
2207 1867 2451 1920 cumque
2480 1849 2601 1901 haec
2630 1849 2915 1919 depellere
2946 1838 3215 1919 nequeat.
3250 1849 3505 1903 etiamid
3537 1848 3678 1919 quod
3705 1849 3840 1901 ΜΠ

406 1938 665 2007 inquam,
698 1954 772 1995 ne
802 1938 1052 1991 dubitari
1082 1939 1316 2010 quidem
1345 1946 1552 2010 potest.
1597 1941 1889 1995 Addamus
1918 1941 2099 2013 igitur
2212 1957 2301 1993 me
2331 1939 2581 2009 petebat,
2615 1944 2817 2008 potens
2837 1954 2958 1992 esse
2988 1938 3225 1993 desistit.
3260 1938 3535 1992 Similiter
3574 1937 3843 1991 ratiocinari

409 2026 771 2081 sufﬁcientius
816 2028 1208 2099 potentiaeque
1248 2030 1649 2095 reverentiam,
1705 2034 1769 2083 ut
1823 2030 1945 2084 haec
1992 2032 2100 2087 tria
2211 2030 2280 2082 de
2325 2028 2664 2093 honoribus,
2716 2027 2918 2097 gloria,
2986 2027 3374 2098 voluptatibus
3427 2028 3573 2081 licet.
3623 2028 3689 2095 (ὅ)
3738 2026 3843 2079 Nam

408 2132 589 2168 unum
622 2132 741 2168 esse
771 2117 1109 2185 judicemus.
1136 2118 1448 2184 Addamus,
1501 2119 1785 2189 siquidem
1839 2108 1981 2175 vera.
2001 2138 2100 2175 vo-
2212 2135 2343 2172 cum
2372 2117 2828 2187 unumquodque
2855 2118 3065 2171 horum
3097 2117 3269 2182 idem,
3300 2118 3454 2188 quod
3499 2122 3706 2183 caetera,
3734 2129 3756 2156 ιι
3779 2115 3845 2177 sit,

408 2204 599 2258 lumus
631 2205 910 2259 conﬁteri.
947 2204 1095 2269 Quid
1124 2206 1342 2276 igitur?
1363 2208 1568 2279 inquit,
1596 2209 1976 2264 obscurumne
1997 2211 2105 2265 hoc
2214 2206 2475 2279 quisquis
2506 2207 2717 2259 horum
2764 2205 2981 2275 aliquid
3028 2205 3151 2258 sine
3196 2207 3419 2259 creteris
3449 2206 3610 2275 petit,
3651 2220 3714 2258 ne
3740 2202 3843 2256 illud

410 2296 585 2361 atque
616 2291 870 2361 ignobile
901 2309 1097 2346 censes
1131 2311 1272 2362 esse,
1319 2312 1390 2349 an
1425 2296 1584 2349 omni
1631 2296 1959 2351 celebritate
1990 2299 2103 2352 cla-
2216 2297 2470 2368 quidem,
2506 2294 2661 2365 quod
2709 2293 3017 2362 desiderat,
3066 2294 3472 2364 apprehendit.
3514 2294 3653 2359 Quid
3677 2291 3849 2362 igitur?

411 2378 751 2433 rissimum?
784 2381 1093 2435 Considera
1114 2398 1270 2451 vero,
1296 2386 1404 2449 (10)
1447 2400 1537 2449 ne,
1572 2385 1727 2454 quod
1759 2387 1939 2439 nihilo
1970 2386 2109 2440 indi-
2218 2388 2478 2455 inquam,
2513 2383 2560 2436 si
2594 2383 2720 2453 quis
2752 2388 2954 2436 cuncta
2985 2383 3155 2435 simul
3199 2385 3397 2452 cupiat
3439 2382 3702 2453 adipisci?
3729 2396 3848 2434 su.n-

412 2482 568 2536 gere,
600 2467 751 2536 quod
781 2469 1263 2536 potentissimum,
1285 2472 1441 2540 quod
1462 2472 1674 2525 honore
1700 2473 2104 2542 dignissimum
2219 2490 2373 2527 mam
2404 2472 2637 2543 quidem
2686 2472 2783 2525 ille
2813 2471 3182 2525 beatitudinis
3211 2472 3384 2526 velit:
3418 2472 3513 2526 sed
3544 2488 3671 2525 num
3708 2472 3758 2523 in
3789 2471 3852 2522 his

411 2568 535 2607 esse
578 2570 906 2609 concessum
960 2562 1061 2621 est,
1123 2574 1291 2627 egere
1354 2560 1718 2626 claritudine,
1771 2578 1944 2631 quam
1998 2563 2107 2617 sibi
2221 2579 2347 2617 eam
2378 2561 2642 2630 reperiet,
2676 2576 2806 2630 quae
2856 2561 3397 2626 demonstravimus,
3446 2561 3523 2628 id,
3554 2560 3693 2630 quod
3732 2558 3854 2627 polli-

416 2648 691 2713 praestare
722 2660 835 2697 non
880 2645 1077 2712 possit,
1120 2652 1292 2716 atque
1332 2647 1403 2700 ob
1437 2648 1488 2701 id
1522 2648 1716 2718 aliqua
1745 2665 1810 2702 ex
1841 2656 2000 2720 parte
2031 2651 2110 2703 vi-
2222 2656 2445 2715 centur,
2471 2666 2588 2703 non
2614 2665 2780 2719 posse
2804 2650 3109 2703 conferre?
3131 2649 3240 2719 (10)
3277 2650 3532 2715 Minime,
3558 2649 3780 2719 inquam.
3810 2647 3853 2699 In

421 2733 625 2786 deatur
655 2733 947 2801 abjectius.
985 2736 1109 2788 Non
1142 2752 1394 2805 possum,
1430 2737 1687 2807 inquam,
1721 2739 1863 2808 quin
1894 2741 1999 2794 hoc
2030 2740 2114 2795 uti
2225 2742 2313 2795 his
2343 2740 2540 2810 igitur,
2569 2754 2699 2808 quas
2734 2739 2961 2809 singula
3007 2754 3252 2809 quaeque
3284 2738 3721 2808 expetendorum
3744 2751 3855 2805 prte-

420 2824 524 2886 est,
556 2820 636 2873 ita
668 2822 840 2875 etiam
897 2824 1339 2878 celeberrimum
1384 2842 1506 2879 esse
1557 2828 1849 2883 conﬁtear.
1905 2829 2113 2882 Conse-
2227 2835 2403 2881 strare
2433 2828 2765 2891 creduntur,
2790 2827 3080 2880 beatitudo
3121 2828 3279 2881 nullo
3321 2828 3488 2880 modo
3528 2825 3858 2895 investiganda

421 2924 603 2977 quens
631 2909 808 2980 igitur
840 2918 944 2977 est,
980 2918 1041 2966 ut
1071 2911 1470 2967 claritudinem
1513 2916 1905 2985 superioribus
1934 2918 2114 2970 tribus
2231 2924 2335 2971 est.
2378 2918 2597 2979 Fateor,
2649 2916 2909 2985 inquam,
2945 2921 3001 2969 et
3039 2916 3146 2969 hoc
3166 2915 3316 2969 nihil
3346 2916 3459 2969 dici
3491 2916 3666 2969 verius
3692 2920 3852 2983 potest.

420 2997 565 3049 nihil
626 2999 854 3053 differre
901 3000 975 3072 (5)
1022 3001 1327 3059 fateamur.
1390 3002 1794 3074 Consequitur,
1854 3006 2112 3075 inquam.
2155 3014 2193 3068 Ο
2226 3006 2407 3060 Habes
2433 3005 2631 3075 igitur,
2662 3002 2869 3074 inquit,
2920 3010 2977 3057 et
3029 3005 3268 3059 formam
3309 3003 3467 3058 falsae
3508 3003 3778 3067 felicitatis,
3817 3008 3857 3052 et

420 3084 581 3148 Quod
612 3087 789 3157 igitur
821 3090 1033 3142 nullius
1059 3097 1225 3159 egeat
1256 3092 1447 3157 alieni,
1480 3093 1632 3162 quod
1655 3094 1770 3146 suis
1800 3100 2005 3147 cuncta
2044 3095 2117 3146 vi-
2229 3110 2426 3148 causas
2452 3111 2464 3147 :
2508 3094 2744 3147 deﬁecte
2798 3108 2953 3146 nunc
3000 3092 3059 3145 in
3085 3102 3106 3125 °
3166 3092 3476 3147 adversum
3511 3092 3701 3146 mentis
3728 3090 3858 3142 intui-

421 3174 579 3227 ribus
626 3177 823 3245 possit,
884 3180 1039 3247 quod
1100 3181 1172 3231 sit
1200 3179 1437 3246 clarum,
1490 3187 1659 3251 atque
1716 3183 2113 3247 reverendum,
2225 3190 2388 3248 tum;
2416 3184 2497 3237 ibi
2526 3182 2680 3236 enim
2711 3198 2925 3247 veram,
2973 3198 3144 3252 quam
3176 3184 3571 3252 promisimus,
3608 3180 3772 3233 statim
3797 3178 3855 3229 vi-

423 3279 615 3317 nonne
646 3266 755 3318 hoc
785 3266 957 3319 etiam
991 3274 1215 3321 constat
1248 3284 1368 3321 esse
1398 3270 1795 3323 laetissimum?
1824 3272 1935 3326 Sed
1970 3273 2117 3325 unde
2227 3273 2403 3327 dehis.
2441 3272 2611 3341 Atqui
2662 3272 2764 3340 (15)
2814 3271 2955 3336 haec,
3005 3272 3263 3341 inquam,
3310 3272 3402 3325 vel
3429 3287 3573 3324 caeco
3614 3268 3856 3339 perspicua

424 3351 611 3419 huiCj,
637 3354 896 3423 inquam,
920 3356 1019 3408 tali
1052 3373 1263 3409 mceror
1295 3358 1443 3411 ullus
1474 3360 1729 3429 obrepat,
1766 3377 1835 3413 ne
1867 3362 2117 3432 cogitare
2227 3366 2327 3428 est,
2363 3376 2604 3431 eamque
2636 3366 2697 3413 tu
2723 3362 2893 3431 paulo
2918 3366 3048 3413 ante
3070 3362 3429 3426 monstrasti,
3463 3361 3594 3414 dum
3612 3359 3745 3411 falsa:
3762 3356 3855 3408 bea-

427 3439 663 3508 quidem
717 3459 971 3509 possum.
1021 3443 1207 3506 Quare
1236 3447 1472 3513 plenum
1518 3465 1640 3501 esse
1672 3450 1906 3516 laetitiae,
1941 3451 2114 3521 siqui-
2225 3450 2484 3503 titudinis
2512 3466 2709 3503 causas
2741 3450 2963 3520 aperire
2984 3449 3299 3503 conabaris.
3337 3449 3502 3516 Nam,
3538 3450 3591 3500 ni
3624 3448 3777 3509 fallor,
3811 3460 3856 3496 ea

426 3528 555 3579 dem
591 3531 887 3597 superiora
915 3532 1249 3599 manebunt,
1271 3549 1498 3587 necesse
1531 3540 1615 3588 est
1641 3537 1920 3592 conﬁteri.
1945 3540 2119 3610 Atqui
2227 3555 2360 3593 vera
2398 3545 2501 3603 est,
2554 3543 2609 3591 et
2638 3538 2887 3608 perfecta
2915 3538 3179 3601 felicitas,
3215 3554 3351 3608 quae
3393 3538 3763 3598 sufﬁcientem,
3789 3548 3857 3601 po-

428 3614 538 3684 (20)
569 3615 712 3669 illud
744 3634 974 3688 quoque
1006 3636 1108 3690 per
1151 3622 1352 3674 eadem
1394 3625 1780 3678 necessarium
1816 3634 1902 3680 est
1931 3628 1977 3694 κ,
2011 3628 2122 3682 suf-
2227 3632 2465 3695 tentem,
2500 3628 2901 3689 reverendum,
2951 3627 3255 3689 celebrem,
3290 3628 3604 3697 laetumque
3638 3622 3856 3695 perﬁciat.

428 3702 715 3773 ﬁcientiaa,
749 3709 1042 3775 potentiae.
1076 3709 1447 3777 claritudinis,
1475 3713 1830 3781 reverentiae,
1856 3715 2122 3785 jucundi—
2228 3718 2414 3786 Atque
2459 3720 2524 3768 ut
2572 3732 2660 3767 me
2709 3715 2949 3769 interius
2990 3743 3016 3784 p
3070 3715 3541 3768 animadvertisse
3592 3721 3857 3780 cognoscas.

428 3793 560 3845 tatis
589 3795 828 3848 nomina
857 3796 1092 3865 quidem
1125 3815 1244 3852 esse
1282 3800 1523 3868 diversa,
1571 3802 1729 3855 nullo
1786 3820 1920 3858 vero
1952 3808 2119 3859 modo
2230 3822 2359 3876 quia
2394 3820 2577 3858 unum
2608 3805 2836 3871 horum,
2870 3803 3143 3874 quoniam
3179 3803 3336 3857 idem
3381 3809 3577 3857 cuncta
3616 3804 3747 3861 sunt,
3780 3796 3857 3862 {'20}

430 3881 753 3951 discrepare
796 3885 1194 3941 substantiam.
1248 3889 1481 3942 Necesse
1542 3897 1646 3957 est,
1689 3892 1946 3963 inquam.
2009 3896 2122 3948 Hoc
2231 3894 2507 3947 veraciter
2542 3899 2815 3964 praestare
2850 3899 3063 3963 potest,
3112 3893 3259 3946 hanc
3300 3910 3429 3947 esse
3481 3894 3697 3963 plenam
3728 3884 3859 3939 beati-

1920 4017 2502 4073 INTERPRETATIO.

499 4138 524 4208 ᾗ
560 4130 680 4208 ligo
715 4132 960 4208 Boetius.
1055 4205 1063 4208 Α
1098 4205 1104 4208 _
2295 4156 2309 4206 δ
2351 4140 2517 4194 Nulla
2552 4142 2780 4192 tristitia
2817 4139 3039 4192 videtur
3068 4141 3241 4193 inesse
3272 4154 3436 4208 posse
3469 4141 3567 4202 rei,
3616 4150 3721 4205 qui?
3750 4132 3863 4198 ⁸1⁸⁵·

497 4203 522 4242 Ι)
559 4202 755 4271 Inquit
780 4204 1165 4272 Philosophia.
2229 4202 2375 4263 modi
2403 4217 2499 4263 est.

500 4284 524 4351 °_
564 4274 763 4351 {nam}
794 4275 1042 4351 Βοθέἱμθι
2301 4283 2329 4324 Ιι
2366 4284 2481 4335 Ista
2536 4284 2719 4335 omnia
2767 4296 2877 4335 esse
2931 4284 3149 4335 unicam
3206 4297 3317 4335 rem
3383 4282 3629 4351 pluribus
3670 4276 3863 4342 a/fectam

500 4344 524 4384 δ
564 4344 608 4397 Ο
638 4345 1030 4415 Philosophia.
2156 4355 2198 4406 Ι)
2230 4353 2423 4405 modis.

506 4422 528 4490 ’ἶ
560 4416 758 4490 inquit
784 4416 1169 4490 ΡῘξΠοδοΡῘιίεο
2309 4424 2322 4456 ¹
2370 4425 2511 4476 Male
2532 4422 2852 4490 judicando.

509 4484 528 4517 τ
560 4486 678 4556 Ego
703 4487 948 4540 Boetius.
1016 4484 1031 4485 ί
2302 4521 2340 4547 ω
2381 4497 2495 4546 Vis.

500 4563 525 4632 ἕ
564 4556 759 4632 inquit
789 4557 1173 4627 Philosophia.
2302 4578 2327 4607 η
2374 4567 2542 4618 Unica
2570 4581 2654 4617 res
2686 4565 2934 4632 pluribus
2962 4565 3138 4618 modis
3169 4580 3223 4618 se
3252 4565 3475 4619 habens.

501 4628 528 4701 δ’
558 4628 829 4701 .Ῡίνε²ἐίίε·
2304 4644 2326 4667 υ
2373 4637 2571 4701 Cogita
2600 4628 2955 4689 contrarium.

502 4698 515 4727 ι
558 4698 674 4767 Ego
707 4700 953 4753 Boetius.
2303 4733 2327 4772 ρ
2375 4698 2505 4775 Ipsa
2533 4709 2727 4761 mentis
2756 4710 3069 4760 attentione.

502 4908 520 4942 ¹
545 4905 715 4987 Quod
738 4912 974 4991 simplex
1005 4918 1102 4976 est,
1126 4917 1229 4966 etc.
1269 4912 1290 4983 ]
1328 4915 1394 4967 II.
1424 4914 1791 4991 Philosophia
1822 4918 2115 4991 proponit,
2228 4920 2433 4988 ﬁgura,
2468 4936 2655 4990 neque
2681 4922 2865 4991 quies,
2910 4938 3094 4991 neque
3133 4925 3321 4974 motus
3353 4922 3542 4990 possit
3577 4918 3710 4972 clare
3738 4918 3785 4965 et
3807 4910 3869 4987 dii

430 4993 688 5062 copiam,‘
708 4986 1047 5059 potentiam,
1098 4991 1152 5035 et
1200 4998 1405 5037 caetera
1434 4986 1717 5062 ejusmodi
1758 5003 1877 5040 esse
1910 4986 2106 5041 modos
2214 4986 2387 5043 tiricte
2419 4986 2829 5061 cogitarifnon
2854 4986 3102 5062 cogitato
3132 4986 3392 5061 corpore.
3428 4992 3515 5045 Sic
3547 4992 3706 5044 etiam
3733 4986 3857 5062 nullo

431 5051 646 5134 summi
675 5051 833 5134 boni,
866 5062 1341 5134 nonﬂpartes,_lut
1372 5051 1539 5125 vulgo
1586 5064 1900 5134 putantur:
1936 5076 2112 5134 quare
2223 5066 2278 5112 et
2322 5051 2603 5129 voluntas,
2669 5051 2955 5134 quarumv
2980 5067 3185 5116 neutra
3232 5051 3438 5132 potest,
3501 5058 3862 5134 non__c08ll§l3

432 5128 490 5203 ut
517 5120 636 5200 haec
666 5128 721 5174 et
754 5120 1049 5203 sequentia
1090 5120 1503 5203 intelligantur.
1538 5120 2111 5203 animadvertendum
2223 5138 2432 5196 mente,
2469 5120 2618 5185 clare
2646 5120 2707 5187 et
2729 5136 2991 5188 distincte
3022 5120 3283 5203 cogitari,
3323 5120 3457 5187 sunt
3504 5132 3649 5187 modi
3679 5120 3862 5201 umentia

426 5192 733 5275 discrimen
765 5196 916 5275 quod
948 5196 1193 5275 occurrit
1224 5198 1375 5275 inter
1408 5206 1642 5275 partem
1667 5206 1723 5252 et
1753 5201 2009 5254 modum.
2052 5203 2112 5253 ln
2222 5204 2396 5275 Atqui
2423 5192 2696 5272 praedicta
2716 5205 2883 5265 bona,
2908 5222 3037 5275 quas
3065 5192 3327 5259 Homines
3358 5207 3498 5258 falsa
3526 5197 3861 5275 assumptiulle

424 5262 530 5315 hoc
556 5269 746 5344 autem
784 5262 1099 5343 vdill’erunt,
1133 5269 1289 5344 quod
1338 5262 1465 5335 pars
1495 5272 1691 5344 possit,
1746 5275 1951 5325 modus
1999 5288 2113 5324 non
2223 5262 2483 5326 tribuunt
2517 5276 2687 5327 rebus
2733 5262 3072 5329 creatis‘non
3105 5283 3339 5344 possunt
3388 5278 3535 5329 clare
3567 5282 3617 5327 et
3644 5262 3861 5344 distinct?

428 5336 608 5417 possit
636 5353 739 5388 sua
780 5352 1038 5417 seorsum
1088 5338 1213 5417 idea
1246 5341 1394 5417 clare
1444 5336 1505 5417 et
1558 5341 1824 5417 distincte
1856 5344 2107 5417 cogitari.
2224 5345 2461 5417 cogitari
2490 5362 2606 5399 nou
2655 5350 2903 5414 cogitata
2953 5336 3147 5416 aliqua
3200 5363 3260 5400 re
3304 5347 3601 5417 superiori,
3646 5339 3861 5417 viden?“

426 5404 515 5480 Sic
547 5422 708 5458 mens
741 5414 795 5459 et
836 5423 1041 5488 corpus
1070 5415 1202 5459 sunt
1236 5416 1423 5486 partes
1465 5412 1736 5478 hominis,
1771 5404 2112 5488 quodvniens
2226 5404 2362 5488 Davo,
2399 5423 2464 5468 ut
2507 5404 2761 5469 seorsum
2814 5404 3180 5487 Philosophia
3233 5404 3432 5488 probat
3462 5423 3517 5469 et
3571 5404 3775 5488 quidem
3796 5406 3857 5483 ita

428 5476 547 5559 sine
579 5492 857 5559 corpore,_
885 5486 952 5559 et
987 5492 1195 5559 corpus
1257 5482 1381 5559 sine.
1412 5490 1623 5559 mente,
1676 5476 2114 5559 sua-quodlibet
2224 5476 2537 5559 evidenter,
2580 5495 2639 5540 ut
2684 5489 2842 5542 nulla
2883 5490 2995 5542 alia
3024 5476 3499 5559 ihterpretatione
3530 5476 3765 5539 videatur
3792 5478 3857 5527 in-

430 5544 552 5621 idea
604 5548 754 5627 clare
810 5555 883 5627 et
924 5544 1185 5601 distincte
1242 5552 1477 5627 cogitari
1536 5544 1731 5627 possit.
1785 5544 2107 5625 Sicligura.
2226 5556 2442 5627 digere.

427 5630 610 5683 quies,
665 5623 720 5671 et
770 5625 963 5671 motus
1017 5627 1148 5672 sunt
1208 5622 1358 5672 modi
1408 5625 1680 5690 Cut'pul‘la.
1732 5627 1884 5695 quod
1926 5622 2112 5696 neque
