3972 6172
132 270 215 321 757
1111 259 1200 313 DE
1239 259 1756 318 CONSOLATIONE
1796 263 2282 320 PHILOSOPHUE
2319 265 2448 320 LIB.
2491 265 2592 322 Ill.

3477 269 3580 322 758

131 402 353 456 tudinem
385 397 502 450 sine
543 394 915 464 ambiguitate
965 410 1266 464 cognosco.
1311 396 1354 450 Ο
1393 400 1468 461 te,
1521 397 1772 464 alumne,
1812 403 1855 455 A
1881 400 2150 466 cundum,
2184 400 2444 471 inquam,
2486 415 2679 456 rerum
2710 402 2969 455 omnium
3001 406 3247 472 patrem,
3280 418 3395 473 quo
3425 419 3572 474 prte-

133 493 214 545 hac
229 487 481 557 opinione
502 484 745 551 felicem,
769 483 1053 554 siquidem
1079 483 1208 545 hoc,
1236 484 1445 554 inquit,
1479 485 1776 555 adjeceris.

135 575 422 643 Quidnam?
457 575 713 642 inquam.
750 573 953 625 Essene
986 573 1202 642 aliquid
1236 573 1294 626 in
1325 574 1413 626 his
1444 575 1782 629 mortalibus

135 665 431 733 caducisque
463 662 628 715 rebus
661 667 844 731 putas,
878 662 1028 730 quod
1053 661 1386 731 hujusmodi
1415 668 1623 716 statum
1656 680 1782 734 pos-

135 758 191 809 sit
216 751 436 806 afferre?
479 749 728 814 Minime,
762 749 1020 819 inquam,
1063 755 1229 820 puto;
1263 751 1434 820 idque
1465 767 1497 804 a
1528 755 1602 818 te,
1635 751 1781 806 nihil

135 851 182 896 nt
205 840 432 909 amplius
460 838 833 903 desideretur,
857 838 963 903 ('25)
993 843 1286 892 ostensum
1319 845 1421 894 est.
1450 841 1578 893 Haec
1607 840 1783 910 igitur

135 932 200 983 vel
229 929 493 996 imagines
521 926 640 978 veri
672 927 826 991 boni,
861 928 947 979 vel
980 927 1311 997 imperfecta
1352 929 1618 996 quaedam
1646 929 1780 983 dare

134 1021 254 1072 bona
281 1015 610 1068 mortalibus
635 1014 902 1068 videntur
934 1032 946 1068 :
977 1031 1178 1068 verum
1207 1020 1421 1082 autem,
1457 1023 1630 1086 atque
1656 1033 1783 1087 per-

133 1109 307 1161 fectum
351 1105 566 1157 bonum
600 1105 855 1157 conferre
894 1120 1010 1158 non
1042 1110 1298 1174 possunt.
1332 1106 1646 1171 Assentior,
1691 1107 1779 1159 in-

133 1210 290 1266 quam.
340 1191 621 1256 Quoniam
669 1191 845 1260 igitur
879 1193 1188 1262 agnovisti,
1221 1211 1349 1264 quae
1389 1211 1518 1248 vera
1549 1195 1646 1248 illa
1687 1196 1779 1262 sit,

134 1299 232 1354 quae
255 1286 439 1334 autem
465 1280 882 1334 beatitudinem
909 1281 1283 1349 mentiantur,
1317 1300 1471 1336 nunc
1500 1290 1778 1353 superest,

132 1380 177 1427 ut
200 1373 334 1426 unde
381 1387 576 1425 veram
603 1371 753 1424 hanc
784 1378 977 1441 petere
1020 1373 1217 1442 possis,
1252 1389 1540 1443 agnoscas.
1575 1374 1688 1444 (30)
1719 1375 1779 1428 Id

129 1461 344 1530 quidem,
377 1460 640 1530 inquam,
677 1459 796 1527 jam
840 1460 1055 1513 dudum
1102 1461 1471 1514 vehementer
1501 1469 1780 1532 exspecto.

127 1551 212 1605 Sed
234 1565 372 1615 cum,
403 1551 420 1584 ¹
455 1549 539 1601 uti
569 1548 630 1601 in
665 1548 879 1602 Timaeo
909 1549 1150 1615 Platoni,
1185 1549 1392 1620 inquit,
1424 1557 1620 1605 nostro
1651 1552 1779 1622 pla—

127 1644 209 1704 cet,
249 1637 304 1691 in
345 1636 602 1690 minimis
651 1653 879 1708 quoque
930 1638 1097 1692 rebus
1148 1638 1408 1691 divinum
1447 1640 1779 1709 praesidium

126 1697 293 1782 debeat
340 1697 686 1796 implorari:
719 1697 855 1796 quid
906 1743 1058 1780 nunc
1101 1727 1426 1781 faciendum
1449 1697 1683 1795 ‘censes,
1718 1733 1780 1783 ut
1820 1697 1859 1750 Β

125 1818 250 1870 illius
274 1815 478 1869 summi
528 1816 670 1870 boni
713 1816 906 1869 sedem
937 1816 1188 1886 reperire
1221 1820 1582 1872 mereamur?
1619 1819 1780 1871 Invo-

1890 489 2172 549 termisso,
2206 490 2425 543 nullum
2459 491 2566 543 rite
2597 490 2868 544 fundatur
2891 490 3003 558 (35)
3027 490 3343 546 exordium.
3381 493 3576 562 Recte,

1890 578 2104 649 inquit;
2139 595 2202 632 ac
2231 578 2401 633 simul
2433 579 2512 633 ita
2544 579 2839 633 modulata
2869 585 2972 632 est.

2406 705 2559 756 εει)
2593 701 2877 756 METBUM
2915 701 2936 720 '
2976 703 3059 756 ΙΧ.

1889 812 2285 862 Anouuenruu.
2319 839 2388 846 —
2418 808 2769 876 Philosophia
2789 813 3042 876 precatur
3066 808 3367 862 Creatorem
3388 810 3584 864 mundi

1960 887 2020 932 ut
2049 883 2189 932 sicut
2228 882 2481 932 immotus
2517 886 2686 932 movet
2715 895 2911 947 corpus
2945 895 3095 932 omne
3131 883 3433 943 generatim
3457 884 3576 949 pri-

1960 966 2126 1014 mum,
2155 950 2350 1002 deinde
2376 951 2680 1017 speciatim,
2713 953 2793 1002 ita
2823 957 3049 1002 mentem
3091 951 3384 1004 humanam
3415 951 3579 1020 disje-

1961 1023 2061 1074 ctis
2111 1022 2345 1074 tenebris
2389 1021 2644 1086 dignetur
2686 1021 2984 1085 illustrare,
3037 1021 3381 1090 eamdemque
3429 1025 3581 1078 clara

1960 1095 2157 1146 summi
2187 1093 2312 1145 boni
2339 1095 2552 1145 notione
2589 1092 2904 1156 informare.

2031 1197 2073 1251 Ο
2106 1197 2206 1267 qui
2239 1203 2516 1267 perpetua
2545 1197 2826 1249 mundum
2854 1195 3076 1249 ratione
3105 1197 3392 1264 gubernas

2031 1283 2334 1336 Terrarum
2365 1283 2611 1353 coelique
2642 1287 2814 1346 sator,
2845 1283 2946 1352 qui
2975 1287 3204 1353 tempus
3236 1283 3306 1338 ab
3337 1300 3456 1339 aevo

2033 1376 2178 1426 22]
2216 1373 2305 1425 lre
2329 1372 2518 1442 jubes,
2548 1371 2879 1442 stabilisque
2909 1387 3146 1425 manens
3171 1372 3272 1426 das
3303 1377 3507 1428 cuncta

3135 1457 3372 1530 [moveri
3385 1482 3402 1526 ;

2031 1549 2212 1613 Quem
2245 1565 2359 1603 non
2390 1553 2635 1602 externa:
2663 1549 3005 1619 pepulerunt
3040 1547 3260 1619 lingere
3291 1565 3474 1604 causae

2033 1637 2279 1692 Materia:
2305 1636 2583 1691 ﬂuitantis
2608 1653 2768 1707 opus,
2803 1652 3002 1690 verum
3033 1635 3209 1691 insita
3237 1639 3453 1692 summi

2034 1729 2242 1782 Forma
2267 1726 2425 1791 boni,
2459 1725 2638 1778 livore
2668 1740 2868 1779 carens
2898 1743 2914 1777 :
2941 1731 3005 1778 tu
3033 1730 3236 1778 cuncta
3263 1743 3512 1797 superno

2031 1814 2198 1868 Ducis
2238 1815 2309 1869 ab
2352 1815 2637 1884 exemplo,
2671 1813 2975 1884 pulchrum
3007 1815 3431 1898 pulcherrimus
3459 1816 3582 1887 ipse

1577 1905 2157 1962 INTERPRETATIO.

181 1997 421 2052 Ocreator
441 1981 571 2048 caeli
591 1999 640 2047 et
663 1999 837 2058 terraz,
862 1997 959 2063 qui
977 1997 1120 2061 regis
1133 1995 1392 2048 mundum
1405 1996 1514 2061 lege
1528 1997 1781 2049 immuta-

129 2068 219 2129 bili,
242 2070 331 2136 qui
358 2068 599 2135 imperas
634 2070 842 2134 tempus
869 2069 1030 2133 [luere
1059 2083 1091 2118 a
1115 2068 1295 2134 prima
1325 2072 1481 2120 aetate
1504 2067 1779 2133 mundi,et

1889 1999 2196 2049 constanter
2225 1997 2476 2048 immotus
2503 1995 2644 2059 facis
2671 1995 2852 2047 omnia
2874 1994 3099 2061 moveri,
3127 2009 3284 2061 quem
3301 2009 3583 2048 causarent-

1890 2069 2109 2120 teriores
2129 2082 2238 2120 non
2265 2065 2603 2119 indumerunl
2625 2065 2700 2117 ad
2720 2065 3070 2131 formandam
3088 2065 3399 2118 machinam
3416 2072 3583 2120 mate-

1714 2163 1937 2221 NOTIE.

181 2261 195 2294 ¹
223 2264 303 2316 Uti
327 2264 383 2314 in
431 2264 650 2327 Timavo,
699 2263 916 2314 Platoni
949 2265 1130 2315 nostro
1159 2262 1375 2328 placet.]
1411 2263 1657 2316 Timaeus
1687 2262 1777 2315 in-

128 2341 194 2388 ter
225 2350 316 2386 sua
360 2333 620 2385 carmina
651 2332 755 2385 hoc
799 2333 998 2385 retulit
1035 2331 1370 2401 Pythagora:
1408 2338 1785 2404 praeceptum,

275 2421 446 2469 Finem
473 2421 601 2469 dein
627 2424 747 2468 ante
774 2424 1016 2482 precatus

275 2484 516 2538 Numina,
547 2496 681 2545 Opus
707 2482 881 2532 tacito.

131 2567 185 2617 Ex
207 2581 306 2634 quo
337 2565 493 2618 Plato
524 2563 606 2616 ait
630 2564 688 2615 in
718 2562 864 2616 libro
886 2564 985 2632 qui
1011 2564 1339 2617 inscribitur
1368 2567 1594 2619 Timaeus
1621 2582 1634 2618 :
1665 2565 1787 2619 0m-

131 2653 198 2687 ues
238 2639 323 2703 qui
367 2637 450 2687 vel
482 2637 770 2687 minimam
807 2650 956 2688 sana:
982 2639 1177 2688 mentis
1207 2637 1536 2702 particulam
1569 2637 1784 2700 habent,

130 2723 221 2758 cum
248 2708 454 2774 aliquid
495 2710 613 2758 sive
651 2721 906 2774 parvum,
936 2709 1047 2759 sive
1076 2722 1332 2771 magnum
1364 2708 1781 2773 aggrediuntur,

130 2794 298 2845 semper
342 2779 513 2830 solent
565 2779 732 2829 Deum
760 2779 1008 2829 invocare
1041 2793 1052 2830 :
1088 2793 1201 2847 quo
1241 2778 1381 2830 nihil
1415 2779 1621 2831 melius
1651 2778 1784 2846 dici,

129 2850 240 2912 tieri,
270 2849 500 2910 cogitari
537 2853 739 2914 potest.

182 2923 195 2937 '
239 2919 388 2982 Quod
440 2919 657 2972 dicitur
705 2919 1004 2972 Heroicum.
1041 2919 1280 2972 Carmen
1312 2923 1395 2970 est
1425 2923 1691 2971 constans
1718 2937 1782 2972 ex

131 3006 216 3042 uno
258 3006 458 3058 genere
503 3005 795 3056 versuum,
849 3005 1096 3060 quorum
1156 2989 1398 3060 quilibet
1452 2990 1780 3043 hexameter

130 3066 247 3114 sexto
279 3064 388 3114 loco
408 3060 753 3130 spondeum,
785 3062 988 3130 quinto
1008 3061 1314 3130 dactylum,
1356 3067 1606 3126 quatuor
1639 3061 1775 3113 reli-

131 3135 228 3200 quis
255 3133 589 3200 spondeum,
616 3132 700 3184 vel
740 3132 1023 3200 dactylum
1048 3133 1548 3184 indiscriminatim
1582 3132 1774 3188 habet.

185 3206 221 3255 t.
362 3203 456 3256 Est
488 3205 614 3256 haec
645 3203 896 3270 precatio
938 3208 994 3255 et
1026 3202 1406 3271 Philosophia!
1439 3209 1495 3254 et
1525 3204 1780 3256 materias

129 3277 389 3327 tractandae
423 3274 788 3343 dignissima.
827 3275 920 3326 Est
940 3274 1173 3342 quidem
1198 3274 1483 3342 precatio;
1513 3274 1780 3340 cogitatio

129 3344 303 3397 scilicet
342 3342 559 3398 mentis
599 3342 812 3413 aliquid
848 3351 998 3397 recte
1045 3344 1427 3397 desideratum
1475 3346 1720 3412 petentis
1749 3361 1782 3398 a

131 3413 216 3486 Deo
246 3433 255 3466 ;
287 3417 413 3468 hinc
444 3432 579 3486 quae
612 3432 640 3466 a
675 3418 728 3468 ὃ.
763 3415 1001 3479 Thema,
1041 3418 1141 3478 1-2,
1178 3431 1232 3484 q.
1269 3418 1354 3477 83,
1390 3421 1495 3467 art.
1531 3419 1611 3477 Π,
1647 3431 1779 3482 pro-

130 3485 297 3538 bantur
337 3485 841 3554 esse’precationis
875 3494 1086 3554 partes.
1122 3486 1385 3538 videlicet
1413 3502 1661 3539 ascensus
1693 3489 1779 3539 in-

131 3558 326 3609 tellectus
369 3562 423 3610 in
463 3562 654 3622 Deum,
705 3559 1014 3622 gratiarum
1057 3559 1216 3621 actio,
1257 3563 1306 3608 et
1335 3560 1546 3624 petitio,
1575 3558 1663 3610 hie
1689 3557 1779 3610 hic

128 3627 622 3681 animadvertuntur
646 3643 658 3680 :
684 3627 726 3679 Ο
745 3627 899 3680 enim
923 3628 1240 3694 interjectio
1260 3633 1322 3679 ut
1343 3628 1681 3680 admirantis
1703 3627 1780 3681 sic

130 3699 412 3762 invocantis,
447 3705 613 3752 notat
643 3699 896 3766 primum
932 3715 944 3751 :
978 3699 1332 3750 enumeratio
1361 3714 1549 3750 rerum
1583 3700 1777 3752 condi-

130 3775 295 3835 tarum,
325 3777 378 3822 et
410 3771 717 3823 modorum
746 3769 953 3838 quibus
976 3775 1271 3838 reguntur,
1297 3770 1640 3833 secundum;
1686 3771 1779 3822 lux

129 3847 305 3903 rogata,
334 3843 593 3894 tertium.
635 3841 728 3892 Est
757 3841 928 3893 etiam
962 3840 1211 3909 precatio
1245 3840 1364 3892 haec
1397 3840 1775 3909 Philosophia:

131 3909 448 3976 dignissima:
475 3927 610 3963 cum
629 3912 782 3962 enim
809 3911 1175 3979 Philosophia
1193 3911 1264 3962 sit
1281 3911 1538 3962 naturale
1562 3912 1779 3978 lumen,

131 3983 564 4035 tenebrissensim
590 3981 1004 4045 recedentibus,
1023 3983 1273 4047 elucens,
1296 3981 1602 4034 nihilaliud
1627 3999 1781 4034 nunc

131 4055 321 4116 petitur,
355 4071 533 4123 quam
564 4053 796 4122 aliquod
827 4052 1201 4120 Philosophiae
1227 4052 1659 4106 incrementum.
1685 4053 1780 4104 list

131 4123 332 4192 denique
363 4126 565 4178 eadem
600 4123 852 4191 precatio
884 4124 1138 4176 materiae
1173 4139 1323 4175 nunc
1356 4125 1665 4175 tractandae
1693 4124 1776 4176 di-

131 4194 361 4257 gnissima
393 4212 405 4248 :
439 4202 503 4248 ut
543 4195 696 4246 enim
730 4193 891 4248 decet
921 4199 1171 4246 mentem
1203 4194 1289 4245 sui
1321 4194 1450 4245 tinis
1482 4194 1777 4247 notionem

1820 2973 1860 3026 C
1891 2971 2045 3024 enim

1889 2265 2071 2328 tionis,
2107 2259 2315 2315 Gallice
2345 2259 2525 2319 duree,
2554 2274 2681 2330 quae
2714 2258 2861 2312 nihil
2891 2262 2976 2312 est
3006 2258 3160 2313 aliud
3192 2274 3363 2330 quam
3395 2276 3581 2330 perse-

1894 2333 2150 2387 verantia
2181 2331 2264 2385 rei
2299 2330 2614 2384 existentis.
2654 2331 2958 2384 Eternitas
2985 2335 3072 2383 est
3100 2330 3182 2383 rei
3216 2331 3337 2383 sine
3374 2331 3580 2401 princi-

1895 2405 1991 2472 pio
2025 2410 2080 2457 et
2100 2404 2224 2456 sine
2246 2403 2358 2455 ﬁne
2390 2401 2696 2464 existentis,
2722 2401 2995 2454 nimirum
3020 2401 3138 2454 Dei.
3166 2402 3366 2455 xEvum
3393 2407 3478 2456 est
3496 2404 3582 2456 rei

1895 2475 2016 2528 sine
2047 2477 2160 2528 tino
2191 2474 2446 2544 quidem,
2482 2473 2579 2526 sed
2608 2488 2725 2544 non
2766 2472 2888 2525 sine
2919 2472 3204 2542 principio
3235 2472 3528 2527 existentis
3565 2491 3577 2527 :

1894 2546 2168 2599 nimirum
2200 2543 2284 2598 rei
2315 2549 2538 2609 creatae,
2571 2543 2755 2613 qualis
2788 2551 2873 2597 est
2904 2559 3067 2596 mens
3097 2551 3153 2596 et
3176 2560 3401 2613 corpus,
3435 2559 3581 2614 quo-

1894 2633 2022 2670 rum
2055 2616 2213 2670 nulla
2245 2621 2332 2668 est
2359 2615 2469 2668 nisi
2499 2614 2744 2667 exterior
2773 2630 2943 2667 causa
2976 2630 2988 2666 :
3017 2614 3125 2667 hoc
3153 2615 3309 2668 enim
3340 2619 3396 2668 et
3424 2615 3522 2669 illa
3549 2632 3582 2669 a

1895 2690 2007 2742 Deo
2039 2687 2346 2757 aliquando
2377 2693 2565 2738 creata
2587 2691 2890 2757 rieternum
2927 2685 3387 2755 perseverabunt.
3419 2684 3580 2739 Tem-

1895 2776 2000 2828 pus
2029 2756 2215 2811 estrei
2238 2773 2342 2810 nec
2363 2757 2483 2809 sine
2510 2756 2813 2824 principio,
2841 2771 2942 2828 nec
2962 2757 3083 2808 sine
3108 2757 3220 2828 tino
3247 2757 3538 2828 existentis
3562 2773 3575 2809 :

1891 2827 2092 2882 forma:
2133 2828 2396 2882 videlicet
2434 2842 2743 2895 corporeae,
2791 2827 2975 2896 qualis
3017 2832 3102 2879 est
3139 2827 3322 2880 forma
3360 2827 3576 2893 bestiae,

1890 2902 2077 2954 forma
2103 2901 2338 2966 plantae,
2360 2904 2418 2950 et
2438 2898 2623 2950 forma
2651 2912 2958 2966 corporum
2985 2897 3436 2950 inanimatorum
3455 2913 3468 2950 :
3490 2898 3578 2951 ha:

2116 2973 2290 3024 ermae
2334 2975 2393 3021 ut
2421 2968 2632 3037 fugatis
2660 2968 2962 3020 contrariis
2991 2967 3301 3037 aliquando
3331 2967 3578 3037 incoepe-

1893 3048 2046 3106 runt,
2081 3042 2158 3094 ita
2185 3040 2490 3109 aliquando
2521 3056 2552 3091 a
2581 3038 2883 3109 contrariis
2908 3038 3107 3090 formis
3141 3037 3352 3108 fugata).
3383 3054 3580 3092 evane-

1890 3120 2065 3166 scent.
2095 3112 2267 3181 Atqui
2283 3107 2387 3163 _vix
2416 3109 2657 3181 materia
2683 3107 2882 3181 mundi
2903 3108 3061 3181 _facta
3093 3114 3177 3181 est
3203 3107 3388 3181 aevum
3420 3109 3580 3163 habi-

1888 3191 2038 3248 tura,
2069 3179 2200 3236 cum
2231 3184 2351 3234 haec
2378 3180 2718 3250 quibusdam
2746 3179 2944 3232 formis
2964 3195 3070 3248 per
3097 3179 3332 3250 aliquod
3352 3187 3579 3250 tempus

1889 3255 2180 3308 duraturis
2193 3253 2355 3322 juxta
2383 3249 2536 3321 leges
2562 3251 2751 3304 divina
2771 3251 3061 3322 voluntate
3089 3249 3350 3322 sancitas,
3378 3249 3580 3306 alTecta

1890 3326 1996 3379 fuit
2028 3342 2039 3378 :
2075 3325 2451 3394 quamobrem
2482 3323 2631 3375 Deus
2665 3328 2870 3394 tempus
2897 3321 2964 3374 ab
2993 3337 3102 3374 evo
3134 3321 3407 3394 irejubet.

1961 3400 2012 3449 3.
2047 3391 2378 3462 stabilisque
2401 3407 2622 3446 manens
2650 3391 2749 3445 das
2780 3397 2972 3445 cuncta
2996 3391 3238 3460 moveri]
3282 3393 3430 3445 Deus
3459 3397 3575 3446 ete-

1889 3468 2011 3520 nim
2056 3469 2331 3518 immotus
2359 3464 2554 3517 omnia
2589 3469 2794 3516 movet.
2840 3463 3091 3516 Primum
3123 3464 3352 3532 quidem
3386 3463 3582 3516 omnia

1889 3555 2017 3609 quia
2050 3544 2372 3609 moventur,
2406 3554 2457 3609 _a
2504 3536 2631 3609 Deo
2664 3541 3000 3609 moveantur
3029 3549 3256 3586 necesse
3288 3538 3373 3609 est
3403 3550 3416 3587 :
3449 3550 3579 3588 cum

1891 3604 2044 3662 enim
2080 3614 2270 3661 motus
2296 3606 2438 3660 nihil
2472 3607 2544 3658 sit
2562 3605 2718 3658 aliud
2740 3621 2915 3673 quam
2944 3620 3148 3673 corpus
3178 3604 3329 3674 quod
3360 3621 3461 3658 sua
3490 3621 3580 3658 ex-

1887 3680 2171 3733 tremitate
2202 3677 2620 3732 extremitatem
2645 3676 2829 3744 tangit
2852 3676 3150 3743 majorem,
3181 3675 3249 3728 ab
3271 3691 3338 3728 eo
3368 3675 3582 3730 habent

1889 3751 2082 3804 omnia
2112 3755 2174 3802 ut
2208 3753 2565 3810 moveantur,
2599 3764 2633 3799 a
2660 3761 2772 3816 quo
2802 3746 3015 3799 habent
3045 3745 3197 3816 quod
3233 3752 3288 3799 et
3311 3747 3579 3799 extremi-

1888 3823 2104 3875 tatibus
2134 3815 2691 3878 circumscribantur,
2711 3822 2766 3869 et
2787 3815 3240 3870 extremitatibus
3262 3816 3378 3869 suis
3403 3817 3581 3887 majo-

1891 3909 1978 3945 res
2007 3897 2246 3960 tangant
2274 3889 2662 3941 extremitates
2694 3903 2705 3939 :
2742 3887 2836 3940 sed
2857 3887 2930 3960 _id
2962 3903 3076 3940 non
3107 3893 3342 3954 possunt
3372 3887 3579 3960 habere

1891 3963 1999 4015 nisi
2029 3964 2097 4014 ab
2116 3958 2193 4014 eo
2227 3977 2258 4012 a
2289 3976 2403 4030 quo
2438 3967 2498 4011 ut
2527 3963 2794 4030 creantur
2823 3958 2901 4030 sic
2930 3964 3354 4030 conservantur,
3389 3959 3578 4028 cujus-

1890 4034 2045 4086 modi
2091 4039 2175 4085 est
2206 4028 2360 4083 solos
2401 4031 2567 4082 Deus.
2617 4028 2830 4081 Deinde
2877 4029 3026 4081 Deus
3071 4029 3353 4081 movendo
3385 4030 3581 4081 omnia

1889 4106 2165 4157 immotus
2196 4107 2390 4154 manet
2414 4117 2426 4152 :
2452 4099 2739 4168 siquidem
2776 4099 2919 4151 Deus
2948 4104 3031 4151 est
3057 4115 3218 4150 mens
3241 4099 3580 4166 perfectissi-

1891 4192 2001 4228 ma.
2036 4173 2322 4228 Malachiae
2357 4188 2417 4224 ιιι
2448 4187 2461 4224 :
2508 4172 2623 4237 Ego
2655 4171 2911 4222 Dominus
2941 4174 2990 4222 et
3022 4184 3127 4222 non
3153 4175 3364 4230 mutor;
3390 4168 3579 4222 Jacobi

133 4240 423 4330 ῖοεέέιῖξξίξ,
444 4240 629 4318 ᾙεξξι
644 4240 1150 4318 ﬁagg'gotigneﬁ,’
1155 4240 1365 4332 1.083“,
1397 4240 1777 4318 ωυηάίᾙᾷᾖ
1817 4268 1859 4321 ι)
1891 4261 1951 4332 ι.;
1987 4245 2346 4332 Apud‘quem
2373 4257 2480 4295 non
2510 4247 2588 4294 est
2618 4243 3026 4307 transmutatio,
3055 4254 3149 4292 nec
3179 4240 3575 4294 vicissitudinis

133 4332 352 4400 ditorem,
386 4339 604 4406 quippe
634 4337 733 4406 qui
761 4341 814 4387 et
847 4337 1030 4405 prima
1060 4351 1226 4389 causa
1258 4341 1313 4387 et
1339 4336 1557 4404 primus
1585 4336 1782 4390 doctor

132 4407 345 4468 ejusdem
384 4408 597 4461 mentis
633 4413 735 4460 est.
768 4409 941 4460 Nolite
967 4411 1181 4474 putare,
1217 4407 1408 4474 inquit
1436 4408 1488 4458 S.
1537 4409 1776 4475 August.

133 4491 173 4526 tl]
196 4477 403 4542 Joann.,
434 4494 759 4546 quemquam
806 4479 1068 4529 hominem
1099 4477 1313 4544 aliquid
1339 4477 1545 4529 discere
1586 4480 1652 4529 ab
1698 4479 1781 4532 ho-

133 4550 269 4609 mine;
307 4551 589 4602 admonere
623 4564 906 4616 possumus
936 4564 1031 4615 per
1058 4552 1346 4614 strepitum
1374 4551 1516 4600 vocis
1539 4553 1734 4602 nostra
1763 4566 1775 4602 :

133 4619 267 4671 sinon
291 4624 358 4672 sit
379 4623 526 4674 intus
559 4623 654 4686 qui
679 4619 883 4685 doceat,
914 4622 1096 4671 inanis
1117 4622 1177 4685 ﬁt
1205 4621 1460 4685 strepitus
1483 4628 1678 4671 noster.

186 4691 227 4740 '2.
275 4691 566 4744 Terrarum
617 4693 836 4757 castique
879 4689 1068 4760 sator.]
1125 4689 1487 4757 Philosophia
1517 4697 1780 4757 precatur

135 4757 412 4814 Creatorem
439 4762 660 4814 mundi.
693 4762 857 4814 Sator
878 4762 1032 4813 enim
1055 4757 1168 4812 Sive
1196 4760 1506 4812 seminator
1528 4763 1778 4830 primum

136 4833 201 4902 est
223 4831 303 4884 ille
333 4835 427 4901 qui
457 4837 653 4902 parato
676 4832 862 4885 ettecti
883 4831 1097 4883 semine
1122 4832 1234 4883 sive
1260 4832 1496 4883 materia
1521 4834 1778 4900 ejusdem

137 4899 283 4972 rgtfecti
303 4899 494 4956 auctor
515 4909 624 4966 est;
652 4920 765 4972 qua
787 4904 1006 4955 ratione
1028 4903 1261 4955 mundus
1284 4907 1416 4969 ipse,
1439 4899 1630 4970 judice
1652 4905 1779 4958 Tul-

139 4971 196 5020 lio
237 4989 269 5023 ιι
305 4974 368 5026 de
410 4975 556 5036 Nat,
603 4971 838 5027 omnium
868 4989 1050 5026 rerum
1091 4979 1240 5026 sator
1275 4980 1322 5025 et
1361 4976 1654 5026 seminator
1679 4980 1774 5037 est,

136 5039 302 5094 deinde
330 5053 408 5096 est
439 5047 785 5115 quicumque
809 5051 1004 5097 auctor
1029 5061 1040 5096 :
1069 5045 1215 5096 Deus
1239 5053 1427 5096 autem
1452 5052 1536 5097 est
1561 5046 1778 5114 primus

138 5121 296 5164 auctor
325 5117 445 5168 coeli
480 5123 535 5168 et
561 5122 748 5169 terrae.
787 5116 939 5185 Virg.
973 5132 985 5167 ι
1022 5117 1166 5181 ιίΕοη
1201 5132 1252 5167 v.
1284 5118 1388 5168 2:58
1422 5130 1432 5167 ε

235 5228 321 5276 Olli
350 5231 622 5280 subridens
648 5230 925 5278 hominum
953 5235 1096 5278 sutor
1123 5235 1278 5292 atque
1309 5230 1545 5278 deorum.

139 5306 390 5383 bedquod
425 5313 566 5364 Deus
597 5312 668 5365 sit
696 5312 894 5364 mundi
924 5317 1171 5383 creator,
1200 5319 1502 5380 propterea
1529 5312 1778 5366 mundus

139 5377 317 5438 legibus
338 5401 367 5432 a
399 5383 511 5434 Deo
536 5384 854 5435 constitutis
875 5382 1096 5450 regitur
1128 5397 1139 5434 :
1170 5377 1326 5434 unde
1354 5398 1503 5434 nunc
1532 5383 1772 5436 dicitur:

137 5456 352 5512 ρει-μείνω
377 5454 633 5506 mundum
657 5456 870 5506 ratione
890 5456 1178 5519 gubernas.

193 5520 217 5567 ‘2
236 5527 283 5570 et
303 5522 348 5572 3.
380 5525 597 5592 Tempus
624 5526 692 5577 ab
715 5540 823 5578 aevo
844 5525 1134 5591 irejubes.}
1165 5522 1447 5576 Diﬂ'eruut
1468 5524 1616 5592 apud
1641 5525 1775 5592 phi-

139 5586 365 5663 losophos
393 5586 692 5662 aeternitas,
730 5586 1026 5660 navum,'et
1061 5586 1309 5663 tempus,
1345 5611 1474 5663 quae
1505 5586 1778 5647 dicuntur

143 5661 363 5746 'tll-‘rdn‘m
398 5679 597 5727 genera
627 5661 1040 5730 diuturnitatis,
1065 5661 1594 5735 sive‘utloquuntur
1614 5666 1775 5717 (Iura-

1890 4318 2246 4372 obumbratio.

1961 4389 2014 4441 4.
2043 4389 2159 4442 Non
2183 4392 2416 4438 externa
2443 4383 2766 4452 pepulerunt
2786 4379 3003 4452 causa]
3027 4379 3385 4450 Philosophis
3409 4381 3579 4450 vulgo

1891 4466 2135 4530 quatuor
2156 4463 2290 4510 sunt
2309 4451 2523 4530 causa),
2539 4454 2815 4530 nimirum
2837 4451 3284 4530 ﬁnis,‘ett'iciens,
3307 4453 3576 4530 _materia,

1891 4522 1946 4583 et
1973 4532 2176 4590 forma,
2212 4543 2456 4597 quarum
2486 4526 2615 4578 duae
2645 4525 2885 4597 priores,
2917 4523 3256 4597 exteriores;
3291 4522 3418 4576 duas
3444 4539 3577 4575 vero

1890 4594 2251 4670 posteriores,
2285 4598 2582 4670 interiores
2614 4595 2998 4670 appellantur.
3033 4594 3282 4662 Corpora
3321 4609 3448 4670 qua;
3480 4609 3576 4647 vo-

1889 4665 2018 4725 cant
2064 4670 2317 4739 physica,
2349 4667 2669 4739 cujusmodi
2703 4671 2785 4718 est
2823 4665 3027 4718 ccelum
3058 4671 3112 4717 et
3141 4670 3316 4725 terra,
3348 4670 3403 4717 et
3432 4665 3575 4718 inte-

1891 4745 2067 4796 riores
2089 4738 2471 4795 etexteriores
2501 4738 2715 4790 habent
2733 4751 2962 4799 causas;
2992 4741 3210 4788 mentes
3229 4740 3432 4788 creatas
3463 4752 3576 4789 non

1889 4815 2101 4867 habent
2123 4813 2358 4881 quidem
2382 4809 2701 4867 interiores,
2727 4806 2823 4860 sed
2841 4805 3053 4881 habent
3073 4805 3400 4881 exteriores.
3430 4807 3578 4881 Deus

1888 4901 2020 4937 vero
2053 4877 2239 4951 neque
2271 4881 2573 4951 interiores
2604 4894 2790 4951 neque
2821 4877 3129 4951 exteriores
3169 4877 3343 4951 habet
3375 4894 3388 4930 :
3426 4880 3576 4951 unde

1889 4972 2074 5025 neque
2106 4949 2220 5006 tihe
2248 4968 2436 5022 neque
2475 4950 2759 5004 et‘ticiente
2785 4949 2918 5017 pelli
2946 4950 3136 5018 potuit
3165 4949 3233 5002 ad
3262 4949 3574 5002 creandum

1888 5027 2199 5090 mundum;
2233 5025 2351 5077 sive

1960 5102 2011 5151 5.
2044 5098 2296 5151 Materiae
2325 5094 2592 5161 fluitantis
2617 5089 2792 5161 opus.]
2821 5089 3062 5144 Mundus
3084 5089 3298 5161 quippe
3319 5093 3468 5143 recte
3488 5091 3572 5144 di-

1887 5170 2034 5222 citur
2049 5170 2278 5219 materia
2299 5167 2540 5232 ﬂuitans.
2565 5164 2796 5216 Materia
2813 5161 3066 5230 quidem,
3087 5177 3216 5215 cum
3236 5161 3574 5232 mundusrsit

1889 5256 1977 5292 res
1999 5254 2232 5308 quoquo
2249 5231 2444 5289 versus
2463 5241 2714 5308 extensa,
2730 5232 3046 5308 cujusmodi
3063 5239 3143 5284 est
3159 5232 3416 5308 materia.
3436 5231 3575 5283 Flui-

1889 5305 2192 5374 tans'vero,
2216 5305 2673 5376 quandoquidem
2697 5306 2922 5376 coelum,
2957 5310 3127 5366 terra,
3152 5309 3203 5354 et
3222 5307 3425 5376 cratera
3445 5316 3573 5376 cor-

1889 5397 2046 5451 pora,
2093 5371 2406 5448 exquibus
2437 5371 2655 5451 constat
2685 5375 2952 5451 mundus,
2987 5373 3292 5451 perpetuis.
3321 5371 3571 5451 motibus

1887 5441 2127 5514 cientur,
2173 5441 2232 5501 δι’
2253 5465 2368 5501 non
2398 5448 2620 5500 ratione
2647 5446 2930 5510 omnium,
2961 5441 3160 5497 saltem
3191 5441 3409 5494 ratione
3442 5443 3571 5511 plu-

1887 5526 2035 5576 rium
2069 5536 2298 5573 suarum
2325 5518 2569 5587 partium
2582 5559 2593 5569 .

1959 5597 1988 5646 5
2024 5599 2079 5646 et
2109 5597 2160 5644 6.
2201 5583 2398 5644 Verum
2440 5592 2612 5644 insita
2656 5589 2853 5642 summi
2880 5587 3060 5650 forma
3089 5583 3255 5652 boni.]
3286 5583 3439 5638 Licet
3471 5585 3569 5639 Dei

1887 5669 2086 5716 natura
2112 5663 2350 5732 simplex
2382 5661 2454 5711 sit
2483 5663 2538 5714 et
2568 5657 2918 5722 uniusmodi,
2944 5669 3058 5709 non
3081 5655 3266 5710 solum
3289 5661 3570 5727 quatenus
