3982 6182
343 190 475 272 759

491 324 766 379 Mundum
807 330 996 376 mente
1042 340 1267 392 gerens,
1304 321 1590 391 similique
1624 321 1873 389 imagine
1916 321 2029 374 [or-
2071 326 2115 375 Α

1780 425 1962 475 mans,

1780 425 1962 475 mans,

495 504 645 556 222
692 498 1089 569 Perfectasque
1130 497 1343 568 jubeus
1389 496 1704 569 perfectum
1749 412 2040 553 dbsolvere

1798 590 1968 640 artes.

1798 591 1947 639 artes

360 676 422 728 10
453 675 536 728 Tu
564 672 820 728 numeris
849 673 1131 726 elementa
1163 673 1323 742 ligas,
1350 676 1413 726 ut
1442 672 1654 741 frigora
1680 591 1951 738 ﬂtEtpbmis,

496 763 669 816 Arida
698 762 1039 816 conveniant
1067 761 1302 833 liquidis
1335 778 1347 815 :
1382 777 1452 814 ne
1486 761 1688 831 purior
1716 761 1866 831 ignis

1679 184 1792 238 AN.
1834 182 2040 236 MANL.
2082 180 2229 236 SEV.
2271 179 2499 236 BOETII

3694 180 3784 231 700

2289 320 2502 384 EVolet,
2535 322 2634 372 aut
2663 333 2878 372 mersas
2904 315 3185 370 deducant
3212 316 3462 388 pondera
3489 323 3668 372 terras.

2290 412 2440 463 τευ
2468 408 2549 463 Tu
2580 405 2818 476 triplicis
2849 404 3096 459 mediam
3127 408 3347 458 natura
3367 409 3562 458 cuncta
3589 419 3797 461 moveu-

3620 491 3739 565 [tem

2293 584 2648 640 Connectens
2659 580 2912 637 animam
2925 597 3028 652 per
3044 596 3293 635 consona
3306 581 3558 635 membra
3569 583 3803 647 resolvis;

2159 677 2221 727 15
2295 674 2433 738 Quae
2462 688 2593 727 cum
2619 678 2770 726 secta
2798 671 2944 725 duos
2973 674 3193 725 motum
3218 670 3551 741 glomeravit
3572 673 3625 724 in
3645 671 3807 735 orbes,

2297 763 2361 818 ln
2395 768 2575 816 semet
2609 761 2863 814 reditura
2891 764 3066 826 meat,
3103 762 3471 829 mentemque
3501 758 3808 829 profundam

1845 847 2431 907 INTERPRETATIO.

352 951 452 1002 riae
494 952 666 1012 mone,
714 947 807 1000 sed
849 947 1040 1016 potius
1082 949 1283 1015 species
1325 946 1429 1000 tibi
1464 948 1636 1000 insita
1666 948 1866 999 summi
1898 946 2043 1005 boni.

356 1036 550 1089 expers
578 1021 832 1072 invidia:
862 1026 919 1071 tu
934 1018 1195 1087 producis
1216 1022 1397 1071 omnia
1412 1019 1479 1070 ab
1500 1019 1801 1085 exemplari
1814 1032 2049 1081 summo,

358 1092 558 1143 habens
581 1107 637 1143 in
658 1095 829 1143 mente
846 1090 1107 1141 mundum
1115 1091 1439 1157 praclarum
1454 1094 1567 1156 ipse
1580 1090 2052 1155 prmrlurissimus,

360 1178 531 1230 quem
562 1162 842 1213 mundum
865 1162 1034 1212 simili
1053 1163 1292 1227 imagine
1312 1162 1538 1226 formas,
1557 1168 1607 1211 et
1623 1162 1876 1227 precipis
1899 1175 2057 1212 eum—

361 1233 490 1286 dem
523 1235 825 1299 perfectum
846 1230 1106 1300 perﬁcere
1137 1246 1269 1284 suas
1304 1238 1506 1299 partes.
1556 1233 1633 1283 Tu
1663 1232 1919 1283 concilias
1949 1231 2050 1282 ele-

359 1309 540 1356 menta
584 1303 793 1356 talibus
836 1304 1032 1365 modis,
1074 1307 1134 1354 ut
1180 1302 1398 1368 frigida
1429 1317 1549 1355 cum
1579 1302 1795 1367 calidis,
1830 1306 1879 1353 et
1913 1304 2056 1353 sicca

2156 964 2278 1003 cum
2307 946 2537 1017 liquidis
2566 949 2905 1012 conveniant,
2932 962 2999 1000 ne
3026 948 3172 1014 ignis
3202 946 3399 1017 purior
3425 958 3633 997 sursum
3660 944 3813 1009 abeat,

2159 1026 2255 1072 aut
2292 1016 2541 1087 gravitas
2570 1021 2716 1085 ferat
2745 1019 2997 1072 deorsum
3024 1024 3224 1070 terram
3254 1016 3581 1085 depressam.
3614 1017 3685 1068 Tu
3711 1032 3812 1069 con-

2155 1086 2394 1159 jungens
2442 1094 2682 1143 animam
2726 1088 2881 1142 inter
2924 1092 3146 1142 mentes
3188 1086 3489 1159 insensiles
3531 1094 3586 1159 et
3610 1102 3815 1154 corpora

2163 1156 2393 1215 senSilia
2430 1161 2686 1226 mediam,
2718 1164 3119 1228 moventemque
3149 1160 3350 1224 omnia,
3384 1156 3667 1210 distribuis
3693 1172 3816 1211 eam-

2165 1235 2295 1286 dem
2317 1248 2419 1301 per
2439 1233 2677 1286 membra
2704 1237 3079 1293 consentanea,
3102 1244 3222 1298 qua
3242 1229 3439 1282 anima
3465 1230 3639 1280 instar
3656 1243 3819 1296 corpo-

2165 1304 2243 1357 ris
2277 1303 2475 1374 liquidi
2502 1303 2684 1356 divisa
2715 1303 2774 1355 in
2799 1302 3050 1355 minutas
3077 1308 3284 1371 partes,
3312 1304 3602 1368 postquam
3623 1301 3815 1366 perfecit

1988 1397 2210 1458 NOTIE.

361 1474 450 1523 est
478 1484 679 1541 expers
710 1470 983 1541 partium,
1016 1468 1194 1523 instar
1222 1469 1525 1539 cujuslibet
1557 1468 1794 1541 alterius
1823 1474 2051 1535 mentis,

362 1542 455 1595 sed
479 1540 646 1595 etiam
672 1540 957 1611 quatenus
983 1557 1051 1594 ne
1074 1541 1336 1611 pluribus
1357 1542 1588 1611 quidem
1612 1540 2056 1610 cogitationibus

2164 1476 2500 1543 separentur
2542 1487 2555 1525 :
2606 1470 2705 1525 ubi
2734 1468 3099 1543 Philosophia
3127 1468 3353 1543 videtur
3389 1466 3573 1521 facere
3602 1467 3811 1543 mentio-

2163 1538 2297 1621 nem
2328 1544 2692 1621 qualitatum,
2728 1558 2880 1621 quas
2900 1538 3225 1621 philosophi
3257 1540 3443 1621 vulgo
3458 1540 3749 1621 agnoscunt
3768 1538 3812 1621 iu

364 1613 469 1665 sibi
502 1609 942 1686 succedentibus
965 1609 1228 1686 afﬁcitur,
1264 1609 1424 1686 meris
1449 1616 1643 1686 tamen
1687 1609 1961 1686 humana,
1993 1616 2058 1686 ut
2096 1633 2136 1686 Β
2167 1609 2484 1676 elementis,
2518 1609 2774 1683 quasque
2807 1609 2997 1686 minus
3021 1609 3217 1664 Latine
3244 1613 3448 1686 vocant
3469 1609 3814 1686 alteratioas‘et

366 1690 495 1753 pote
548 1684 660 1736 Deo
693 1682 1232 1751 comprehendendo
1266 1685 1470 1752 impar,
1510 1683 1693 1753 Deum
1721 1683 1899 1735 veluti
1929 1682 2056 1753 qui-

368 1755 607 1808 busdam
637 1754 903 1807 allectum
930 1754 1373 1822 cogitationibus
1394 1754 1652 1823 adeoque
1673 1752 1896 1819 formis,
1931 1752 2061 1805 idea

368 1825 640 1878 nimirum
685 1832 743 1878 et
774 1826 1065 1878 voluntate
1097 1826 1310 1893 cogitat
1343 1840 1354 1877 :
1391 1827 1533 1877 adeo
1568 1830 1629 1877 ut
1656 1825 1812 1877 nulla
1844 1823 1954 1877 alia
1989 1823 2062 1875 sit

365 1913 533 1949 causa
564 1898 806 1949 materiae
835 1898 1126 1963 ﬂuitantis,
1163 1900 1373 1965 praeter
1404 1895 1590 1948 ideam
1622 1901 1679 1947 et
1706 1898 2063 1965 voluntatem

371 1967 469 2020 Dei
516 1984 528 2020 :
582 1968 700 2020 haec
733 1966 1012 2019 rationem
1060 1966 1272 2019 habent
1305 1982 1419 2019 non
1451 1967 1637 2019 solum
1670 1965 1827 2027 ﬁnis,
1854 1973 1906 2018 et
1939 1964 2062 2018 efti-

368 2038 593 2099 cientis,
630 2053 826 2090 verum
875 2039 1046 2090 etiam
1080 2037 1419 2107 exemplaris
1452 2052 1652 2089 causae.
1690 2037 1750 2090 S.
1790 2037 2060 2099 Thomas,

374 2112 392 2161 1
432 2124 486 2178 q.
520 2124 577 2177 p.
616 2112 701 2174 15,
731 2126 781 2162 a.
828 2111 874 2170 1,
908 2108 1166 2173 Mundus,
1214 2108 1422 2178 inquit,
1454 2123 1559 2161 non
1588 2112 1666 2161 est
1699 2121 1828 2161 casu
1858 2109 2061 2175 factus,

368 2181 461 2233 sed
492 2185 567 2231 est
590 2180 774 2244 factus
804 2196 837 2233 a
867 2183 970 2233 Deo
992 2196 1091 2247 per
1113 2181 1436 2233 intellectum
1459 2182 1668 2246 agente,
1696 2178 1840 2231 unde
1860 2192 2067 2231 necesse

372 2255 449 2302 est
492 2250 636 2317 quod
675 2253 733 2303 in
772 2256 945 2303 mente
982 2251 1173 2302 divina
1211 2256 1284 2303 sit
1311 2253 1512 2314 forma,
1546 2249 1619 2301 ad
1650 2250 2066 2303 similitudinem

371 2322 529 2389 cujus
562 2322 794 2373 mundus
822 2327 897 2374 est
926 2322 1130 2386 factus,
1153 2324 1282 2373 etin
1309 2323 1403 2373 hoc
1430 2322 1673 2374 consistit
1696 2323 1839 2372 ratio
1866 2319 2064 2372 ideae...

374 2395 511 2445 Deus
541 2391 832 2444 secundum
862 2394 1147 2444 essentiam
1175 2406 1330 2443 suam
1374 2398 1451 2443 est
1488 2390 1793 2444 similitudo
1831 2393 2067 2443 omnium

372 2476 551 2514 rerum
576 2477 593 2513 :
622 2461 764 2513 unde
792 2462 914 2513 idea
937 2465 991 2513 in
1017 2464 1121 2514 Deo
1148 2461 1290 2513 nihil
1309 2468 1385 2514 est
1416 2462 1570 2513 aliud
1595 2477 1754 2527 quam
1787 2463 1878 2513 Dei
1899 2475 2070 2513 essen-

376 2534 474 2584 tia.
510 2532 669 2594 Quod
701 2538 888 2584 autem
922 2532 1124 2593 Deum,
1170 2534 1239 2585 ad
1285 2532 1592 2584 creandum
1634 2532 1934 2595 mundum,
1967 2547 2068 2583 ea:-

378 2608 538 2656 ternae
563 2617 666 2654 non
689 2604 1015 2670 pepulerunt
1038 2617 1232 2668 causa,
1265 2603 1357 2655 Sed
1388 2605 1558 2655 insita
1582 2604 1780 2655 summi
1806 2603 1927 2655 boni
1956 2606 2070 2668 for-

376 2689 486 2737 ma,
519 2672 631 2725 sive
662 2674 887 2725 intinita
920 2674 1019 2727 Dei
1056 2674 1333 2742 sapientia
1361 2679 1419 2725 et
1450 2674 1724 2735 voluntas,
1766 2679 2072 2741 propterea

379 2753 527 2797 recte
578 2745 725 2797 Deus
770 2745 979 2797 dicitur
1022 2746 1187 2798 livore
1225 2759 1411 2796 carens
1445 2760 1457 2796 :
1491 2760 1620 2796 cum
1656 2744 1831 2809 enim,
1866 2743 2071 2797 effectu

377 2830 482 2884 pro
516 2830 681 2868 causa
717 2816 923 2884 posito,
956 2815 1100 2869 livor
1130 2816 1221 2868 hic
1250 2815 1390 2867 nihil
1424 2816 1495 2867 sit
1524 2815 1676 2867 aliud
1714 2831 1889 2884 quam
1921 2813 2072 2866 invi-

379 2885 493 2951 dia,
536 2886 631 2938 ille
684 2894 833 2938 recte
878 2886 1086 2939 dicitur
1132 2886 1310 2939 livore
1342 2901 1553 2951 carere,
1597 2885 1696 2955 qui
1729 2901 1843 2938 non
1877 2885 2068 2945 habet,

292 3002 297 3009 ,
379 2959 470 3009 cui
500 2956 752 3011 invidere
775 2958 989 3025 possit:
1020 2958 1166 3010 Deus
1187 2963 1378 3009 autem
1405 2958 1647 3025 (utpote
1667 2971 1956 3009 summum
1983 2958 2074 3008 bo-

382 3032 568 3097 num),
602 3045 628 3080 a
658 3045 771 3098 quo
802 3039 859 3080 et
884 3037 1118 3097 propter
1135 3044 1305 3098 quem
1339 3028 1585 3080 mundus
1614 3030 1792 3080 factus
1824 3032 1927 3091 est,
1957 3042 2073 3079 non

382 3098 570 3162 habet,
587 3101 675 3151 cui
692 3100 944 3151 invidere
968 3102 1143 3168 possit
1168 3115 1179 3152 :
1203 3098 1665 3168 quandoquidem
1682 3114 1907 3151 summo
1923 3099 2074 3150 bono

385 3170 587 3222 melius
619 3171 757 3222 nihil
787 3172 1093 3237 excogitari
1124 3175 1327 3238 potest.
1359 3170 1498 3222 Hinc
1520 3171 1690 3221 etiam
1718 3171 1862 3222 Deus
1884 3176 2075 3220 cuncta

382 3255 613 3307 superno
640 3240 791 3293 ducit
824 3242 891 3291 ab
917 3241 1159 3308 ememplo
1187 3240 1449 3292 videlicet
1476 3256 1507 3292 a
1539 3240 1731 3292 divina
1752 3239 1873 3292 idea
1899 3245 1951 3290 et
1986 3255 2076 3288 vo-

387 3311 623 3375 luntate,
666 3328 790 3379 quas
831 3326 959 3362 cum
995 3311 1067 3362 sit
1117 3311 1282 3367 Deus,
1321 3313 1423 3362 hac
1460 3309 1600 3362 nihil
1644 3310 1907 3379 superius
1954 3324 2073 3361 esse

385 3386 591 3448 potest.
626 3381 762 3432 Hine.
794 3382 941 3433 Deus
960 3382 1222 3433 mundum
1251 3386 1419 3432 mente
1438 3383 1602 3445 gerit,
1633 3381 1908 3448 similique
1936 3382 2075 3431 ima-

385 3453 510 3515 gine
553 3451 776 3515 format.
830 3451 884 3503 S.
934 3455 1173 3516 August.
1209 3451 1309 3503 lib.
1346 3466 1550 3503 Lxxxiu
1593 3451 1827 3514 Quaest.,
1862 3466 1919 3519 q.
1956 3451 2022 3501 46
2061 3465 2072 3501 :

386 3523 617 3585 Singula
644 3524 885 3589 prOpriis
914 3527 1038 3572 sunt
1072 3526 1254 3573 creata
1281 3523 1606 3573 rationibus.
1642 3522 1753 3574 Has
1779 3525 1957 3573 autem
1988 3537 2079 3572 ra-

389 3594 575 3649 tiones.
612 3591 707 3642 ubi
731 3591 1113 3643 arbitrantium
1134 3598 1213 3643 est
1233 3606 1343 3643 esse
1370 3593 1481 3642 nisi
1507 3594 1565 3642 in
1591 3593 1714 3658 ipsa
1739 3598 1909 3643 mente
1935 3606 2080 3643 crea-

389 3665 540 3715 toris.
566 3662 681 3714 Non
709 3665 849 3714 enim
880 3667 1037 3715 emtra
1066 3677 1122 3714 se
1150 3664 1453 3730 quidquam
1486 3664 1719 3728 positum
1742 3662 2075 3725 intuebatur,

389 3738 449 3785 ut
476 3733 767 3785 secundum
800 3734 857 3785 id
885 3734 1230 3785 constitueret
1258 3733 1403 3800 quod
1433 3734 1811 3797 constituebat,
1840 3736 2079 3785 namhoc

387 3807 604 3870 opinari
630 3805 953 3868 sacrilegum
983 3808 1080 3855 est.
1116 3804 1385 3855 Nonnulli
1412 3811 1617 3871 putant
1651 3804 1740 3856 hic
1773 3803 2076 3871 legendum

390 3876 665 3941 similique
710 3877 767 3926 in
811 3878 1046 3939 imagine
1073 3882 1308 3943 propter
1339 3889 1583 3926 versum.
1619 3874 1728 3928 Sed
1760 3892 1793 3928 a
1824 3875 2081 3940 pluribus

392 3943 673 3996 omittitur
694 3961 795 3998 vox
818 3946 914 3997 illa
932 3950 1008 4007 in,
1034 3959 1147 4014 qua
1169 3946 1387 3998 sublata
1412 3947 1616 3997 rectius
1642 3945 2081 4014 significabitur,

391 4015 575 4068 ideam
623 4032 743 4068 esse
787 4018 1042 4081 modum,
1091 4033 1204 4085 quo
1252 4018 1398 4070 Deus
1446 4017 1724 4069 mundum
1760 4016 1989 4081 format,
2027 4021 2083 4067 et

392 4086 561 4139 stabit
587 4102 804 4154 versus,
838 4092 897 4141 ut
931 4086 1082 4156 apud
1118 4085 1310 4156 Virgil.
1343 4103 1358 4139 1
1390 4087 1618 4155 Georg,
1655 4103 1704 4138 ν.
1733 4090 1828 4140 281
1875 4103 1887 4136 :

574 4193 673 4241 Ter
700 4196 827 4241 sunt
848 4193 1023 4242 conati
1052 4195 1322 4256 imponere
1351 4192 1490 4241 Pelio
1517 4192 1720 4240 Ossam.

462 4311 513 4362 9.
564 4310 939 4379 Per-festasque
974 4310 1171 4377 jubens
1208 4310 1504 4377 perfectum
1535 4307 1808 4361 absolvere
1854 4311 2059 4376 partes.

395 4380 465 4434 Ut
490 4397 643 4433 enim
671 4380 863 4433 divina
906 4381 1207 4449 sapientia,
1251 4380 1556 4448 divinaque
1595 4381 1885 4432 voluntate
1922 4395 2054 4430 mun

394 4454 497 4505 dus
527 4453 712 4520 primo
742 4452 1017 4504 formatus
1039 4455 1149 4513 est;
1183 4450 1260 4502 sic
1278 4450 1474 4502 eadem
1494 4450 1681 4501 divina
1706 4449 2004 4517 sapientia,
2030 4467 2058 4502 θ

394 4524 684 4574 voluntate
714 4526 964 4575 mundus
994 4524 1295 4589 perfectus,
1329 4537 1456 4572 suas
1488 4531 1680 4589 partes
1704 4521 1978 4589 perfectas
2010 4522 2086 4572 vi'

395 4595 562 4645 detur
606 4593 922 4657 absolvere,
969 4593 1204 4645 servatis
1244 4592 1458 4644 scilicet
1488 4591 1828 4659 quibusdam
1864 4591 2083 4661 legibus

395 4679 697 4731 corporum
731 4665 1001 4716 divinitus
1030 4663 1371 4715 rullslltlltis.
1405 4662 1493 4715 Sic
1525 4678 1591 4714 ex
1620 4678 1687 4714 eo
1719 4664 1870 4732 quod
1904 4670 2081 4714 mate-

394 4734 497 4797 ria,
541 4735 759 4786 ratione
792 4736 1171 4802 quarumdam
1213 4733 1483 4802 partium,
1527 4736 1595 4784 ab
1628 4732 1792 4785 initio
1822 4732 1993 4785 fuerit
2024 4736 2078 4785 in

392 4806 585 4856 orbem
622 4811 794 4863 mota.
827 4807 1058 4857 servatis
1080 4803 1423 4874 quibusdam
1447 4804 1668 4871 legibus
1701 4811 1907 4866 motus,
1944 4804 2081 4855 oriri

395 4881 704 4944 potuerunt
732 4875 976 4942 primum
999 4878 1231 4945 quidem
1255 4877 1528 4937 elementa,
1564 4874 1769 4926 deinde
1801 4875 2082 4943 generalis

393 4946 656 5016 qumdam
680 4948 1135 5009 animauniversi,
1154 4953 1347 5015 postea
1369 4946 1679 5014 peculiares
1697 4948 1956 5016 quaedam
1972 4947 2084 4995 ani-

390 5015 784 5085 maacorporeae,
804 5017 872 5068 de
900 5020 1108 5085 quibus
1141 5017 1408 5069 omnibus
1431 5019 1698 5083 deinceps
1732 5015 2087 5067 tractabitur;

468 5089 545 5140 10.
604 5090 681 5141 Tu
726 5090 963 5141 numeris
1004 5091 1260 5141 elementa
1312 5086 1467 5157 ligas]
1528 5089 1566 5139 l.
1617 5086 1821 5153 Agitur
1859 5087 1928 5138 de
1959 5087 2080 5138 ele-

392 5158 625 5212 mentis:
652 5174 778 5228 quae
797 5161 946 5211 eiiim
964 5176 1202 5227 corpora
1224 5175 1289 5210 ex
1309 5160 1539 5210 materia
1560 5158 1806 5223 ﬂuitante
1829 5158 2079 5225 primum

391 5232 676 5291 oriuntur,
712 5231 831 5283 haec
863 5239 1136 5282 vocantur
1165 5231 1468 5291 elementa,
1498 5228 1765 5297 quoniam
1791 5243 1854 5279 ex
1878 5228 1964 5279 his
1992 5228 2077 5279 iu-

389 5301 509 5353 sitis
546 5303 763 5371 reliqua
793 5316 1050 5369 corpora,
1097 5316 1225 5367 quae.
1267 5304 1567 5365 propterea
1597 5299 1864 5371 dicuntur
1892 5299 2077 5371 mista,

389 5369 817 5440 eumponu’ntur
841 5388 853 5423 :
881 5373 999 5423 lure
1024 5376 1210 5421 autem
1236 5372 1516 5421 elementa
1536 5385 1664 5420 cum
1689 5369 2079 5431 multitudine,

389 5451 510 5493 tum
545 5443 717 5495 etiam
749 5441 1119 5510 qualitatibus
1148 5441 1262 5491 sive
1293 5441 1471 5491 modis
1506 5441 1581 5510 ita
1629 5440 1777 5491 inter
1802 5456 1859 5490 se
1887 5447 2082 5507 aptan-

388 5518 503 5573 tur,
537 5518 595 5565 ut
633 5520 691 5565 et
738 5509 945 5579 frigida
975 5527 1104 5572 cum
1147 5510 1363 5572 calidis,
1409 5518 1465 5562 et
1510 5509 1655 5562 dura
1684 5526 1810 5562 cum
1846 5510 2081 5579 liquidis

389 5583 704 5645 inveniant,
740 5598 843 5635 nec
889 5582 1027 5635 levia
1069 5600 1102 5635 ιι
1144 5579 1413 5651 gravibus
1446 5580 1600 5632 inani
1636 5581 1885 5649 quodam
1923 5582 2077 5635 hiatu

2064 4279 2088 4391 ἔ

2066 4432 2086 4475 t

2170 1689 2435 1739 matrices.
2465 1680 2805 1749 Al'teratioz,
2831 1682 3120 1753 inquiunt,
3143 1686 3268 1735 sunt
3288 1682 3442 1753 calor
3465 1685 3515 1733 et
3534 1682 3720 1753 frigus,
3738 1680 3817 1753 sie

2169 1760 2305 1810 citas
2332 1761 2384 1809 et
2414 1756 2735 1820 humiditas,
2758 1770 2887 1824 quae
2905 1750 3303 1822 signiﬁcantur
3328 1752 3420 1824 his
3443 1750 3643 1824 verbis,
3671 1755 3724 1802 ut
3741 1751 3819 1815 [νέ-

2170 1844 2303 1895 gora
2330 1828 2584 1894 ﬂammis,
2617 1823 2792 1878 arida
2818 1826 3137 1877 conveniant
3171 1823 3422 1892 liquidis.
3462 1823 3819 1895 Matricespero

2170 1890 2298 1953 sunt
2318 1890 2509 1950 levitas
2528 1903 2579 1951 et
2597 1900 2868 1963 gravitas,
2890 1909 3136 1965 quarum
3157 1890 3358 1947 effecta
3376 1892 3683 1965 merito_hic
3697 1890 3822 1965 time

2173 1975 2388 2030 rentur,
2427 1968 2535 2021 nisi
2568 1960 2853 2020 elementa
2876 1960 3020 2018 niiro
3050 1965 3296 2034 quodam
3321 1964 3493 2017 modo
3513 1978 3545 2015 a
3568 1962 3671 2017 Deo
3688 1960 3822 2034 certis

2173 2040 2310 2094 locis
2340 2038 2804 2103 continerentur;
2842 2030 3160 2108 priesertim
3199 2036 3365 2105 juxta
3381 2035 3675 2108 yulgatam
3701 2030 3821 2108 Peri-

2173 2110 2550 2181 pateticorum
2583 2102 2939 2181 opinionem.
2974 2106 3030 2161 Si
3062 2102 3237 2181 enim,
3271 2112 3336 2159 ut
3377 2102 3721 2181 Peripatetici
3752 2117 3824 2170 op-

2175 2175 2317 2247 tant,
2342 2187 2592 2251 quatuor
2611 2175 2733 2233 haec
2760 2180 3064 2251 elementa,
3088 2175 3367 2251 nimirum
3390 2175 3819 2251 ignis,aer,aqu_a,

2177 2258 2233 2305 et
2264 2243 2436 2319 terra,
2487 2252 2604 2304 sive
2635 2250 2914 2321 appetitu,
2960 2249 3077 2302 sive
3110 2243 3503 2321 inclinatione,
3535 2247 3643 2299 sive
3677 2243 3821 2314 quali-

2177 2328 2291 2376 tate
2319 2322 2569 2376 naturali
2592 2318 3034 2385 ita'afticiantur,
3057 2323 3118 2372 ut
3138 2335 3236 2373 aer
3263 2328 3323 2372 et.
3343 2318 3496 2388 ignis
3520 2330 3725 2388 sursum
3743 2328 3819 2365 sua

2177 2395 2406 2448 levitate
2428 2410 2441 2446 :
2466 2409 2614 2462 aqua
2635 2397 2694 2446 et
2718 2398 2870 2445 terra
2892 2390 3161 2444 deorsum
3183 2406 3288 2444 sua
3306 2386 3581 2462 gravitate
3602 2386 3819 2462 tendant,

2179 2465 2316 2535 quid
2358 2454 2562 2526 obstat,
2614 2463 2722 2517 nisi
2774 2463 2922 2536 Deus
2966 2468 3246 2531 perpetuo
3286 2454 3537 2536 quodam
3568 2454 3817 2536 miraculo.

2179 2532 2319 2606 quin
2350 2540 2598 2605 quatuor
2628 2536 2750 2588 haec
2776 2535 3078 2606 elementa,
3115 2532 3541 2606 quantumlibet
3561 2532 3815 2606 permista.

2182 2602 2410 2659 tandem
2432 2606 2742 2674 aliquando
2785 2622 2816 2657 a
2860 2621 2918 2657 se
2952 2603 3195 2657 invicem
3236 2602 3499 2674 liberata,
3531 2602 3574 2653 si
3618 2614 3717 2650 non
3743 2602 3808 2674 iu-

2180 2684 2432 2746 tercepto
2465 2668 2712 2746 quodam
2745 2675 2903 2729 inani
2932 2675 3114 2746 hiatu,
3143 2674 3343 2746 saltem
3376 2673 3491 2725 suis
3516 2683 3734 2746 quaeque
3761 2668 3815 2717 lo-

2181 2749 2261 2801 cis
2306 2741 2716 2801 contineantur
2766 2762 2778 2800 :
2830 2744 3322 2816 quemadmodum
3362 2748 3612 2816 aquaet
3644 2741 3816 2816 oleum.

2183 2818 2609 2890 quantumlibet
2637 2811 2911 2890 permista
2930 2814 3016 2890 ita
3044 2832 3077 2869 a
3106 2830 3227 2890 sese
3256 2811 3502 2868 invicem
3533 2811 3818 2883 liberantur,

2114 2928 2155 2983 Ο
2186 2877 2242 2942 ut
2275 2905 2425 2959 aqua
2445 2877 2713 2983 deorsp'm
2739 2887 3096 2983 subjicia'tqr,
3118 2886 3312 2983 oleu‘m
3333 2892 3694 2983 veraoAsprs‘lllm
3716 2877 3821 2983 cui:

2184 2965 2312 2983 _-..L
2348 2976 2361 2983 -
2401 2976 2605 2983 --.η-,Α
2656 2974 2771 2983 ..ιι-ι.
2799 2964 2948 2983 κΛΑδΑ
3062 2958 3074 2983 ζ
3107 2973 3240 2983 “nam
3289 2958 3340 2983 ζ..
3376 2972 3402 2983 η
3490 2971 3502 2983 ι
3550 2969 3562 2982 ο
3630 2964 3772 2983 Anim

2184 2949 2361 3014 neat}
2396 2961 2774 3030 quamobrem
2799 2949 3341 3030 rectePhilosophia
3369 2955 3530 3030 addit
3550 2969 3563 3006 :
3584 2953 3654 3007 Ne
3669 2949 3820 3017 purior

2184 3034 2329 3098 ignis
2358 3027 2544 3095 evolet,
2576 3037 2673 3084 aut
2700 3044 2902 3083 mersas
2933 3028 3205 3082 deducant
3228 3027 3685 3099 ponderaterras.

2264 3104 2344 3156 13.
2383 3104 2462 3156 Tu
2501 3086 2736 3170 triplicis
2767 3101 3000 3153 mediam
3029 3086 3260 3164 naturé,
3294 3096 3424 3169 etc.)
3463 3097 3529 3170 ll.
3567 3094 3745 3170 Agitur
3765 3086 3818 3170 de

2188 3172 2392 3242 spiritu
2426 3164 2698 3238 Universi,
2733 3172 2830 3242 qui
2861 3170 3060 3240 positis
3084 3170 3223 3239 ipsis
3254 3164 3474 3222 natura
3504 3164 3820 3242 legibusq'ltl-

2187 3229 2287 3296 tim
2340 3249 2467 3312 pust
2496 3229 2773 3314 producta
2816 3229 3017 3314 nfundi
3055 3229 3344 3314 elementa
3374 3238 3525 3314 nasci
3552 3229 3716 3314 debet.
3747 3229 3817 3281 llic

2186 3309 2378 3366 autem
2409 3309 2663 3384 spiritus,
2686 3314 2754 3367 de
2778 3328 2892 3383 quo
2915 3312 3083 3383 plura
3109 3312 3356 3365 diximus
3380 3312 3437 3363 in
3468 3309 3695 3379 physica,
3723 3313 3817 3384 nge-

2187 3386 2296 3438 rito
2328 3384 2421 3437 hic
2438 3373 2675 3449 'dicitur',
2714 3388 2771 3437 1ο
2795 3373 2996 3437 anima
3029 3386 3092 3434 20
3137 3384 3375 3451 triplicis
3420 3373 3621 3433 natura
3658 3373 3814 3428 media.

2188 3460 2249 3508 3ο
2290 3462 2480 3510 cuncta
2528 3471 2752 3520 movere,
2792 3456 2855 3507 4ο
2894 3470 2929 3507 a
2962 3455 3069 3507 Deo
3100 3456 3363 3518 connecti,
3404 3454 3463 3503 50
3506 3464 3599 3520 per
3621 3454 3817 3520 9011801!“

2187 3528 2426 3580 membra
2456 3528 2668 3587 resolvi,
2697 3517 2759 3579 δέ)
2787 3531 2932 3580 secta
2951 3527 3197 3589 circuire,
3230 3517 3482 3592 primum
3508 3517 3817 3592 quidemgper

2192 3598 2455 3666 majores,
2484 3597 2689 3650 deinde
2723 3613 2822 3666 per
2851 3596 3105 3666 minores
3133 3589 3331 3648 mundi
3365 3592 3616 3666 vortices,
3650 3591 3697 3666 et
3721 3589 3815 3666 ωρ-

2191 3650 2320 3722 dem
2351 3668 2420 3721 ad
2445 3650 2619 3720 suum
2654 3650 2855 3721 reverti
2887 3665 3261 3737 principium,
3292 3670 3356 3718 ut
3376 3665 3481 3718 hoc
3500 3650 3731 3733 exemplo

2191 3745 2559 3807 monstretur,
2602 3736 2916 3801 hominem,
2959 3738 3058 3807 qui
3087 3753 3118 3789 a
3149 3737 3263 3790 Deo
3292 3741 3620 3807 tanquam}
3647 3736 3816 3807 princ!-

2194 3812 2286 3880 pio
2318 3804 2610 3877 processit,
2644 3809 2713 3863 ad
2745 3800 2922 3880 Deum
2955 3800 3227 3878 tanquam
3249 3807 3318 3860 ad
3347 3800 3536 3880 lin-em,
3564 3800 3692 3880 facto
3714 3807 3819 3880 ‘l‘f‘:

2193 3874 2331 3933 dam'
2353 3881 2613 3942 circuitu,
2637 3878 3016 3932 revocandum
3036 3874 3157 3931 esse
3178 3895 3190 3931 :
3215 3893 3343 3948 quis
3369 3874 3558 3930 omnia
3575 3874 3817 3948 postquat}!

2193 3950 2447 4020 exposita
2496 3935 2727 4015 fuerint,
2773 3951 2873 4003 illa
2921 3951 3161 4018 suscepti
3195 3935 3373 4017 operis
3416 3958 3567 4016 pars,
3598 3953 3696 3993 non
3721 3935 3817 3993 erit,

2195 4022 2340 4073 sicut
2367 4021 2588 4074 Vallino
2617 4022 2861 4087 videtur,
2893 4020 3247 4087 difﬁcillima.
3490 4086 3496 4087 ί
3734 4074 3742 4083 ,

2266 4092 2517 4144 Primum
2562 4092 2795 4161 quidem
2846 4075 3081 4159 spiritus
3129 4090 3198 4143 de
3249 4086 3502 4161 Universi
3548 4075 3817 4161 agposfitllt’

2122 4206 2165 4260 Ι)
2195 4177 2313 4246 non
2345 4165 2526 4246 solum
2552 4151 2786 4260 {sacris
2809 4151 3816 4260 ali-ctqribus.‘Ecclesiastmmynfgﬁzag

2204 4238 2458 4285 universa
2478 4237 2535 4285 in
2555 4236 2789 4285 circuitu
2804 4235 2980 4302 pergit
2998 4234 3225 4301 spiritus
3252 4237 3302 4283 et
3325 4234 3386 4283 in
3410 4226 3819 4302 circulosstwlstl‘f'

2203 4283 2462 4366 tatas;-
2482 4283 2584 4357 aa
2609 4283 3250 4372 'aiaa'wratms,m
3283 4283 3528 4359 pimus,
3556 4283 3814 4372 Ατίςιοῳις,

2197 4375 2570 4445 pluribusqua
2620 4375 2765 4427 aliis.
2817 4365 3015 4427 Citabo
3072 4365 3252 4427 unum
3304 4372 3612 4441 Virgilium,
3653 4372 3734 4429 qm
3773 4365 3813 4402 "l

2193 4446 2437 4513 :‘Eneid.,
2472 4464 2521 4498 v.
2546 4447 2672 4507 ⁸721,
2705 4446 2858 4498 canit
2893 4460 2904 4497 :

2318 4534 2581 4596 Principio
2611 4533 2833 4596 cmlum,
2853 4546 2914 4581 ae
2942 4536 3127 4596 terras,
3154 4542 3470 4596 camposque
3493 4522 3736 4596 liquentes?

2318 4592 2703 4658 Luceniemque
2733 4595 2949 4657 globum
2984 4594 3146 4651 lunai,
3173 4592 3474 4658 TitaniaQue
3502 4592 3631 4658 astra

2317 4658 2542 4720 Spiritus
2564 4652 2709 4705 intus
2734 4652 2830 4706 alit
2856 4671 2867 4705 :
2893 4660 3162 4719 totamque
3187 4655 3361 4704 infusa
3391 4652 3481 4717 per
3506 4652 3635 4718 artus

2317 4706 2462 4768 M'ens
2491 4720 2655 4780 agitat
2684 4720 2909 4781 molem,
2929 4723 2981 4768 et
3006 4706 3199 4781 magno
3223 4732 3279 4766 ae
3302 4706 3515 4781 corpore
3537 4706 3708 4781 miscet.

2318 4764 2675 4831 inetiam“
2684 4764 2733 4828 iii
2746 4764 3125 4844 gaianas;
3132 4764 3328 4844 genus;
3342 4764 3558 4837 viiaaque
3574 4764 3811 4844 minutiam.

2315 4845 2377 4892 Et
2399 4857 2518 4906 qua:
2544 4831 2838 4906 marmoi'eo
2868 4842 2969 4891 fert
2993 4831 3230 4906 monstra
3252 4831 3573 4906 su'b‘tequ'ore
3598 4831 3758 4894 ρουῑυ⁹

2317 4902 2505 4965 lgneus
2530 4909 2610 4954 est
2637 4906 2756 4953 ollis
2781 4904 2931 4967 vigor
2958 4909 3011 4953 et
3036 4905 3263 4967 cmlestis
3291 4902 3439 4965 origo

2316 4951 2615 5017 seminibus
2643 4983 2654 5015 :
2675 4951 2947 5029 quantum
2965 4951 3266 5014 hostem
3299 4951 3515 5028 corpora
3540 4951 3722 5005 tardam

2316 5037 2464 5085 ἐτ-ι
2488 5022 2805 5100 Terreuique
2829 5037 3081 5086 hebetant
3100 5040 3263 5093 artus,
3285 5022 3815 5139 moribundaququlim'

2314 5162 2447 5211 Hinc
2476 5166 2724 5211 metuunt
2763 5160 3109 5225 cupiuntque,
3154 5159 3337 5210 dolent
3373 5144 3810 5267 gaudentqpfuéﬂtsiec

2313 5286 2636 5348 Respiciunt,
2673 5285 2866 5335 clausa;
2893 5284 3125 5334 tenebris
3155 5285 3207 5332 et
3233 5294 3439 5332 carcere
3471 5285 3611 5326 caeco-

2191 5366 2402 5421 Deinde
2435 5367 2586 5420 idem
2621 5366 2857 5435 spiritus
2881 5371 3034 5418 recte
3066 5364 3276 5418 dicitur
3300 5368 3479 5416 anima
3510 5374 3523 5411 :
3551 5362 3662 5435 cllm

2189 5440 2373 5491 anima
2406 5438 2616 5491 dicitur
2647 5424 2715 5489 ab
2746 5439 2984 5501 animus,
3018 5436 3106 5489 hic
3142 5435 3210 5487 ab
3238 5435 3441 5505 ἄνεμος,
3470 5424 3805 5505 υξηίαείξῗῗ

2190 5525 2301 5580 que
2315 5516 2515 5562 ventus
2531 5509 2799 5580 quaedam
2813 5508 2885 5561 sit
2896 5491 3118 5580 occulta
3134 5491 3387 5580 pluriu'm
3408 5491 3801 5580 mottllmlff‘i‘sfj

2190 5562 2490 5650 propterea
2517 5562 2653 5632 usus
2685 5578 2957 5647 obtinuit,
2990 5583 3054 5631 ut
3084 5562 3320 5630 in'situm
3352 5571 3706 5630 occultumqﬂe
3723 5562 3798 5620 P°'
