3972 6172
118 257 193 307 761
1114 250 1203 303 DE
1243 250 1770 307 CONSOLATIONE
1811 252 2303 307 PHILOSOPHUS
2350 252 2473 305 LIB.
2521 253 2613 305 Ill.
3471 250 3572 301 762

237 384 458 447 Circuit,
487 388 545 434 et
572 380 744 433 simili
774 380 1055 434 convertit
1081 379 1333 449 imagine
1364 382 1590 437 cmlum.
1650 388 1683 399 ““
1811 385 1855 435 Λ
2026 382 2312 446 Provehis,
2346 390 2394 435 et
2422 382 2635 435 levibus
2667 382 2939 435 sublimes
2963 380 3226 434 curribus
3258 386 3466 450 aptans

242 475 385 525 225
415 471 493 523 Tu
523 469 706 522 causis
735 468 956 523 animas
1000 468 1251 540 paribus,
1290 470 1543 542 vitasque
1583 471 1771 526 mino-
1883 473 1949 525 2O
2024 472 2087 526 In
2120 471 2347 537 caelum,
2377 476 2705 540 terramque
2750 470 2890 523 seris
2924 486 2935 522 :
2970 485 3112 539 quas
3160 470 3285 538 lege
3321 468 3572 538 benigna

1592 561 1703 631 [res
2023 559 2105 613 Ad
2136 564 2190 613 te
2220 575 2519 612 conversas
2550 558 2745 612 reduci
2774 558 2909 612 facis
2942 557 3071 626 igne
3106 556 3334 611 reverti.

1531 657 2108 713 INTERPRETATIO.

114 727 361 794 duplicem
390 728 691 791 circuitum,
726 742 829 797 per
855 742 1020 780 suum
1053 742 1260 797 corpus
1291 731 1485 781 iterum
1516 735 1776 793 movetur,
1891 734 2118 789 terram;
2155 742 2291 796 quas
2325 726 2544 779 animas
2576 726 2778 779 blanda
2808 728 2918 794 lege
2946 728 3089 792 facis
3114 725 3187 778 ad
3218 730 3267 778 te
3294 738 3575 778 conversas

115 813 373 849 reversum
415 800 465 848 in
512 802 874 867 semetipsum,
915 804 963 851 et
1002 801 1195 851 circuit
1225 803 1463 852 animum
1502 800 1770 869 inﬁmum,
1884 800 2081 859 redire.
2122 802 2298 851 instar
2340 802 2504 863 ignis,
2554 800 2620 851 ad
2672 798 2859 851 locum
2912 802 3061 851 unde
3100 802 3349 869 venerat,
3401 812 3574 862 regre-

114 878 153 919 ει
174 871 481 931 circumagit
511 870 696 920 calum
718 871 897 933 forma
922 870 1255 923 uniusmodi.
1287 873 1363 923 Tu
1385 867 1639 939 producis
1660 873 1775 923 ani-
1884 870 2101 922 dientis.
2135 874 2235 929 lla,
2267 877 2445 937 pater,
2475 872 2545 923 da
2575 874 2740 921 menti
2758 874 2962 921 nostra?
2993 883 3276 934 assurgere
3308 867 3364 919 in
3382 870 3570 939 solium

114 953 211 991 mas
234 946 279 990 et
304 942 443 991 citus
485 943 717 992 minores
742 941 910 992 simili
939 940 1115 1003 modo,
1155 938 1667 1009 accommodansque
1695 944 1776 995 ul-
1887 947 2051 993 tuum
2080 943 2294 1007 regale;
2320 941 2392 992 da
2419 956 2653 1007 quaerere
2669 942 2931 1006 originem
2955 940 3079 991 boni
3102 958 3114 1001 ;
3141 942 3233 1003 da,
3263 940 3462 991 lumine
3483 938 3573 1009 de-

114 1022 183 1061 nis
204 1012 508 1076 corporibus
541 1011 767 1075 levibus,
795 1010 1021 1064 easdem
1045 1011 1367 1065 disseminas
1388 1029 1485 1081 per
1503 1007 1701 1068 aetum
1728 1018 1777 1065 et
1889 1018 2039 1078 tecto,
2070 1012 2299 1078 deﬁgere
2326 1014 2383 1063 in
2438 1019 2485 1063 te
2521 1011 2693 1065 claros
2742 1017 3051 1079 conspectus
3093 1012 3303 1063 mentis.
3353 1007 3576 1077 Expelle

1718 1110 1943 1167 NOTAE.

116 1204 284 1257 renuis
314 1208 369 1257 et
399 1204 744 1279 continuatm
798 1207 1063 1260 motionis
1100 1207 1448 1279 principium
1484 1214 1781 1263 vocaretur
1891 1212 2211 1273 moventur,
2274 1208 2353 1261 sic
2409 1213 2748 1277 separantur
2796 1223 2827 1259 a
2872 1221 2989 1259 sese
3041 1206 3301 1279 invicem.
3356 1207 3426 1258 At
3455 1205 3576 1279 ipsa

114 1280 274 1327 anima
303 1292 320 1348 :7
351 1277 659 1344 praedictus
691 1284 877 1330 autem
924 1279 1157 1346 spiritus
1201 1277 1375 1333 itaise
1425 1280 1617 1345 habet,
1666 1296 1778 1333 non
1891 1281 2081 1332 anima
2110 1283 2303 1332 circuit
2336 1295 2436 1347 per
2464 1295 2693 1348 corpus,
2719 1280 2777 1331 in
2810 1295 2923 1348 quo
2958 1277 3238 1347 reperitur
3267 1277 3575 1346 :quoniani

119 1348 276 1421 solum
300 1347 366 1421 in
400 1348 613 1416 plantis
664 1356 730 1421 et
760 1349 975 1421 bestiis,
1019 1352 1111 1403 sed
1154 1351 1213 1403 in
1252 1351 1375 1419 ipso
1422 1367 1652 1421 quoque
1684 1352 1781 1403 bo-
1890 1350 2205 1419 generatim
2236 1367 2442 1419 θυι-ρης
2474 1347 2664 1414 omne,
2701 1347 3041 1421 quaminus
3076 1348 3374 1421 resistitur,
3410 1362 3575 1399 suum

118 1420 262 1477 mine,
296 1417 355 1469 in
375 1434 491 1486 quo
514 1434 671 1471 mens
690 1420 812 1472 sine
844 1420 941 1472 illo
969 1422 1174 1489 spiritu
1208 1417 1542 1485 famulante,
1560 1417 1781 1475 hiantis
1888 1417 2186 1474 continuat
2219 1417 2434 1473 motum
2462 1436 2473 1473 :
2501 1423 2578 1472 sic
2602 1417 2795 1472 succus
2828 1420 3048 1472 arboris
3070 1420 3139 1471 ad
3170 1434 3460 1471 summum
3486 1434 3579 1485 po-

115 1496 159 1539 et
177 1490 346 1560 pedes
375 1489 448 1540 ad
487 1497 699 1560 nutum
722 1506 947 1543 movere
979 1507 1092 1543 non
1121 1498 1325 1560 potest.
1890 1493 2001 1545 tius
2032 1492 2252 1543 arboris
2287 1500 2551 1544 verticem
2598 1492 2872 1553 ascendit,
2924 1506 3095 1559 quam
3130 1505 3230 1558 per
3259 1490 3577 1542 tenuiorem

171 1559 442 1611 Praeterea
471 1560 591 1612 haec
614 1559 803 1613 anima
835 1561 1044 1614 dicitur
1072 1559 1307 1631 triplicis
1330 1568 1539 1617 naturae
1559 1566 1737 1617 media
1765 1581 1775 1616 ε
1888 1563 2155 1615 corticem
2190 1571 2353 1615 exeat
2380 1579 2393 1615 ε
2427 1564 2521 1615 sed
2547 1562 2732 1614 eidem
2765 1563 2993 1625 animm,
3031 1560 3362 1629 corporibus
3390 1560 3574 1612 diver-

114 1644 218 1704 non
237 1631 384 1698 quod
415 1646 481 1681 ex
518 1630 702 1683 insitis
723 1631 903 1685 tribus
930 1630 1229 1686 elementis
1257 1640 1491 1699 constet,
1514 1636 1782 1704 quemad-
1890 1635 1963 1686 sis
1996 1634 2249 1703 undique
2282 1633 2700 1696 resistentibus,
2733 1632 2953 1684 facilius
2977 1637 3061 1683 est
3092 1631 3239 1683 intra
3270 1646 3435 1704 suum
3455 1645 3580 1704 cor-

116 1701 559 1775 modum_puta_re
606 1704 967 1775 possentﬂilli
996 1705 1345 1773 phil030phi,
1377 1700 1623 1775 quos-ex
1660 1711 1778 1758 arte
1820 1746 1857 1775 ι,
1889 1721 1993 1774 pus
2025 1700 2294 1767 circuire;
2322 1720 2494 1773 quam
2527 1709 2685 1775 extra
2715 1704 2861 1775 idem
2890 1718 3097 1771 corpus
3127 1702 3349 1769 egredi:
3377 1700 3517 1775 Eccl.
3542 1716 3580 1757 ι.

115 1778 282 1845 vocant
314 1746 639 1838 Ciiymicosf
662 1778 759 1845 aut
786 1773 881 1826 alii
913 1746 1055 1843 quos
1085 1746 1550 1844 prep't’er’d‘iicem
1576 1778 1779 1845 appel-
1820 1746 1858 1798 Β
1887 1746 2155 1829 instram
2184 1746 2459 1838 uviiiigrsa,
2495 1774 2683 1843 inquit
2709 1773 2957 1841 Spiritus
2986 1746 3233 1838 sanctitas,
3260 1776 3319 1823 in
3349 1774 3581 1824 circuitu

117 1844 212 1893 lant
238 1843 603 1914 Cartesianos,
647 1843 856 1912 quibus
885 1846 994 1897 tria
1043 1852 1173 1899 sunt
1197 1843 1421 1899 ’mundi
1470 1843 1775 1909 elementa,
1884 1849 2063 1914 pergit
2085 1849 2336 1914 spiritus,
2371 1852 2421 1897 et
2451 1850 2507 1897 in
2538 1846 2762 1897 circulos
2797 1859 2919 1897 suos
2951 1846 3284 1896 revertitur:
3320 1847 3583 1914 quare_ut

114 1913 190 1965 sed
214 1913 393 1981 potius
416 1915 575 1983 quod
610 1930 673 1966 ex
708 1916 891 1987 tribus
915 1916 1101 1979 rebus,
1124 1933 1264 1987 quas
1287 1917 1530 1971 naturali
1566 1919 1779 1970 lumine
1886 1912 2041 1969 nunc
2069 1912 2293 1976 dicitur,
2331 1918 2450 1968 haec
2479 1916 2668 1987 anima
2718 1920 2773 1967 in
2804 1920 2966 1967 Semet
2996 1916 3243 1987 reditura
3280 1918 3441 1987 meat.
3475 1912 3582 1987 Ye-

113 1999 419 2058 cognoscere
444 1982 782 2058 possumus,
817 1986 933 2058 haec
967 1982 1159 2040 anima
1185 2003 1299 2040 una
1330 1989 1420 2051 sit,
1458 1994 1514 2041 et
1544 1989 1777 2058 quidem
1888 2003 2016 2040 rum
2049 1989 2169 2040 haic
2195 1986 2406 2052 anima,
2432 1986 2860 2058 habitaratione
2884 1985 3182 2051 machinae,
3208 2000 3380 2054 quam
3405 1982 3580 2058 infor-

115 2054 306 2126 inedia:
341 2056 797 2125 quandoquiden
844 2057 965 2110 haec
997 2059 1187 2111 media
1225 2065 1309 2111 est
1340 2060 1491 2111 inter
1527 2054 1775 2112 mentem
1890 2068 2027 2122 mat,
2060 2058 2300 2126 duplicis
2328 2064 2412 2109 est
2442 2057 2705 2125 generis:
2732 2057 2916 2123 major
2945 2072 3078 2120 una,
3112 2071 3240 2125 qua:
3273 2070 3375 2123 per
3403 2054 3583 2122 majo-

115 2124 429 2199 insensilem,
474 2131 531 2178 et
572 2124 779 2196 curpus
831 2128 1055 2189 sensile,
1108 2136 1171 2182 ut
1218 2133 1273 2182 et
1315 2129 1492 2181 instar
1525 2132 1779 2199 corporis
1889 2145 2009 2182 rem
2037 2124 2234 2181 mundi
2268 2124 2571 2199 vorticem;
2599 2124 3156 2199 alteraniinor,quaé
3177 2141 3279 2195 per
3297 2125 3581 2199 minorem

114 2196 320 2269 sensilis,
353 2196 425 2249 sit
460 2212 552 2249 res
575 2195 807 2267 quoquo
841 2214 1035 2251 versus
1066 2205 1318 2264 extensa,
1348 2216 1520 2269 capax
1554 2195 1775 2269 ﬁguris,
1888 2202 2141 2266 ejusdem
2174 2200 2375 2252 mundi
2407 2198 2675 2251 vorticem
2709 2198 2915 2250 diffusa
2956 2196 3156 2269 circuit
3189 2213 3201 2249 :
3234 2202 3408 2269 atque
3435 2195 3586 2269 inter

113 2266 309 2335 quietis,
331 2274 385 2320 et
421 2265 638 2332 motus,
673 2265 731 2321 et
760 2269 941 2322 instar
977 2271 1183 2323 mentis
1208 2265 1513 2331 insensi’lis,
1548 2265 1776 2324 sensum
1890 2265 2139 2323 minores
2171 2287 2282 2322 una
2312 2275 2416 2334 est,
2449 2270 2597 2321 circa
2622 2284 2794 2338 quam
2819 2270 3046 2333 caelum,
3073 2266 3247 2319 veluti
3279 2272 3402 2319 rota
3430 2265 3580 2318 circa

115 2340 302 2411 fugiens
322 2339 700 2408 pluriumque
718 2340 1047 2393 elfectorum
1067 2342 1410 2411 principium
1438 2358 1450 2394 :
1476 2350 1780 2411 propterea
1888 2358 2047 2394 axem
2092 2340 2459 2403 convertitur,
2500 2355 2788 2410 quamque
2838 2355 2988 2391 nunc
3038 2338 3402 2411 Philosophia
3428 2350 3581 2411 men-

115 2424 137 2459 a
164 2410 373 2477 Virgilio
403 2426 588 2477 supra
610 2417 839 2462 vocatur
859 2408 1090 2479 spiritus
1115 2418 1164 2465 et
1189 2408 1354 2465 mens.
1384 2408 1652 2465 Hic—enim
1668 2413 1779 2466 dici
1890 2419 1991 2465 tem
2014 2411 2349 2480 profundam
2376 2408 2565 2473 vocat;
2598 2408 2823 2463 mentem
2853 2411 3110 2479 quidem,
3143 2409 3287 2461 sicut
3315 2409 3435 2477 ipse
3467 2408 3585 2459 Vir-

116 2481 271 2554 potiiit
297 2483 492 2554 anima
514 2480 694 2533 media
716 2483 949 2554 triplicis
969 2488 1201 2545 natura,
1234 2485 1376 2536 sicut
1396 2484 1491 2537 lib.
1522 2499 1587 2549 ll,
1610 2500 1776 2554 prosa
1889 2484 2058 2547 gilius
2088 2488 2311 2535 mentem
2353 2481 2688 2545 nominavit,
2722 2496 2995 2550 quoniam
3028 2482 3165 2539 hiPC,
3201 2480 3377 2554 instar
3407 2493 3566 2530 men-

117 2556 154 2607 ;l,
182 2551 367 2603 dicitur
387 2552 627 2604 duorum
655 2553 862 2605 medius
893 2555 1169 2606 consulum
1198 2559 1255 2607 et
1284 2571 1317 2607 a
1338 2551 1627 2619 Cicerone,
1651 2555 1779 2607 duo—
1890 2556 1980 2616 tis,
2010 2556 2280 2608 insensile
2315 2563 2399 2605 est
2425 2560 2611 2604 motus
2646 2555 2989 2619 principium
3026 2551 3392 2619 :profundam
3425 2564 3581 2614 vero,

114 2636 209 2694 ium
226 2624 467 2684 fratrum
498 2623 744 2686 medius;
778 2629 833 2675 et
860 2624 930 2675 ab
962 2624 1192 2677 Horatio
1225 2625 1350 2677 belli
1386 2630 1647 2694 pacisque
1671 2642 1779 2677 me-
1888 2626 2019 2693 quia
2055 2628 2226 2677 centri
2257 2625 2442 2676 locum
2479 2625 2647 2676 habet
2677 2639 2689 2674 :
2728 2639 2811 2694 in_
2832 2623 3000 2687 globo
3033 2633 3222 2674 autem
3259 2622 3415 2673 nulla
3455 2635 3584 2689 pars

119 2692 599 2771 iliuspotuitque
623 2693 945 2771 animailla
977 2696 1119 2771 hanc
1150 2692 1617 2771 triplicisnaturae
1644 2712 1780 2749 enu-
1888 2692 1973 2771 est
2008 2700 2187 2771 centro
2220 2694 2571 2765 profundior.
2606 2696 2768 2771 Forte
2794 2692 2920 2771 hinc
2967 2694 3246 2771 machina,
3277 2708 3404 2771 quin
3451 2706 3583 2759 pro-

119 2765 456 2816 merationem
495 2762 676 2817 instar
698 2765 874 2833 partis
907 2765 1118 2831 subire,
1152 2762 1642 2835 quemadmodum
1682 2769 1781 2820 tja-
1890 2768 2065 2819 funda
2095 2768 2188 2818 illa
2220 2762 2413 2818 mente
2458 2781 2607 2817 nunc
2658 2762 3377 2835 signiﬁcaturﬁinformari,
3417 2771 3583 2835 terra

118 2848 204 2899 pua
231 2836 429 2887 subivnt
491 2832 717 2887 ternum
770 2836 1149 2889 maximarum
1168 2832 1413 2891 urbium
1448 2853 1777 2901 numerum,
1891 2845 1973 2890 est
1998 2853 2009 2889 :
2034 2839 2293 2906 quamvis
2315 2836 2467 2888 enim
2495 2838 2651 2887 nulla
2676 2834 3164 2886 demonstratione
3199 2832 3428 2906 probari
3454 2847 3581 2901 pos-

118 2906 246 2978 cujus
276 2916 470 2958 tamen
504 2906 731 2978 numeri
774 2906 899 2975 ipsa
928 2907 1101 2960 fuerit
1132 2924 1261 2976 pars
1294 2924 1307 2961 :
1349 2910 1560 2976 Capua,
1593 2909 1781 2978 inquit
1890 2909 1961 2960 sit
1990 2903 2142 2959 terra
2175 2924 2294 2958 esse
2328 2907 2533 2978 mundi
2558 2910 3003 2978 centrum,_terra
3036 2914 3223 2978 tamen
3256 2903 3364 2955 dici
3396 2906 3583 2978 potest

124 2975 285 3027 Florus
315 2993 487 3045 supra
522 2976 730 3029 citatus
761 2972 889 3045 pag.
926 2979 1016 3041 47,
1052 2972 1325 3045 quondam
1356 2972 1497 3032 inter
1528 2985 1633 3033 tres
1662 2972 1779 3031 ἠπι-
1830 3038 1859 3045 ﬁ
1893 2985 2131 3032 centrum
2158 2977 2311 3030 illius
2343 2976 2589 3033 vorticis.
2623 2992 2792 3045 quem
2823 2975 3127 3028 incolimus
3161 2990 3173 3027 :
3208 2974 3282 3025 ita
3316 2980 3377 3025 ut
3403 2972 3585 3045 major

122 3049 266 3097 rimas
288 3038 507 3100 Romam
544 3038 1039 3116 Carthaginemque
1061 3038 1371 3103 numerata.
1823 3038 1861 3091 C
1896 3051 2090 3102 anima
2138 3050 2282 3101 circa
2326 3054 2535 3101 terram
2569 3038 2741 3099 simili
2776 3048 3010 3110 imagine
3039 3050 3315 3098 conuertat
3347 3038 3531 3095 calum
3567 3058 3579 3095 :

179 3118 392 3185 lnsuper
424 3120 535 3170 ista
580 3119 773 3170 anima
798 3120 1130 3187 perhibetur
1162 3127 1352 3173 cuncta
1384 3136 1589 3174 movere
1624 3137 1636 3173 :
1666 3136 1782 3174 non
1895 3136 2024 3173 nam
2058 3135 2155 3172 aer
2186 3120 2406 3179 saltem,
2444 3119 2543 3187 qui
2575 3117 2782 3186 sagpius
2837 3126 2949 3168 tam
2990 3117 3140 3185 apud
3183 3130 3369 3166 sacros
3408 3128 3579 3187 quam

124 3188 245 3260 quod
278 3198 473 3241 cuncta
506 3205 749 3258 corpora
773 3189 843 3241 ab
874 3189 979 3243 hac
1006 3192 1195 3243 anima
1219 3199 1588 3244 moveantur:
1621 3193 1786 3260 plura
1894 3191 2047 3260 apud
2078 3193 2347 3260 profanos
2392 3186 2652 3241 auctores
2692 3188 3193 3260 vocaturcaglum,
3228 3192 3435 3260 terram
3469 3186 3585 3235 cir-

126 3258 246 3332 enim
278 3262 453 3332 solida
486 3257 645 3323 sunt,
692 3275 938 3329 quorum
973 3261 1184 3315 idcirco
1216 3270 1406 3331 partes
1438 3257 1741 3332 quiescunt
1768 3279 1781 3316 :
1894 3257 2030 3325 cuit,
2066 3257 2168 3313 nec
2195 3261 2263 3313 ab
2292 3260 2404 3332 alio
2432 3274 2875 3332 corporequam
2914 3257 2998 3332 ab_
3023 3259 3127 3310 isto
3157 3257 3363 3332 spiritu
3393 3269 3583 3307 aerem

128 3331 199 3380 sed
239 3331 381 3398 quod
434 3332 598 3384 nulla
640 3328 900 3400 corpora,
948 3332 1061 3385 nisi
1109 3328 1234 3385 hac—
1265 3328 1472 3385 anima'
1504 3339 1784 3394 movente,
1894 3333 2229 3400 circumagi,
2263 3331 2398 3384 satis
2443 3330 2739 3399 probabile
2784 3336 2913 3381 est:
2956 3328 3109 3400 sicut
3146 3328 3321 3400 simili
3362 3340 3586 3400 semper

130 3397 422 3454 moveantur
454 3420 466 3455 :
505 3402 588 3454 sic
608 3397 767 3455 Joan'.
803 3419 840 3466 1,
868 3405 1051 3455 omnia
1078 3418 1176 3471 per
1208 3406 1372 3457 Deum
1401 3406 1555 3467 facta
1584 3404 1783 3457 dicun-
1897 3397 2427 3471 imagine—converti
2447 3397 2672 3454 videtur
2701 3416 2713 3453 :
2752 3400 2879 3452 licet
2909 3398 3065 3451 enim
3096 3398 3153 3451 in
3180 3397 3287 3451 isto
3321 3412 3449 3449 aere
3473 3397 3586 3448 sive

129 3475 214 3527 tur,
254 3489 358 3525 non
395 3473 555 3541 quod
588 3474 779 3525 omnia
829 3472 997 3525 simul
1028 3474 1174 3527 facta
1203 3475 1416 3527 fuerint
1452 3490 1484 3526 a
1518 3475 1652 3537 Deo,
1688 3476 1784 3527 sed
1893 3476 2034 3527 caelo
2066 3473 2265 3538 nubes,
2302 3473 2534 3535 imbres,
2568 3472 2836 3540 ventique
2868 3478 3167 3535 cogantur,
3199 3475 3465 3521 constans
3492 3473 3580 3541 ta—

130 3541 248 3622 quod
278 3538 637 3622 qiimcpnque
668 3544 988 3622 factasunt,
1017 3546 1135 3598 haec
1163 3561 1275 3622 non
1303 3546 1501 3597 nisiab
1524 3546 1647 3613 ipso
1673 3546 1785 3598 Deo
1898 3562 2027 3598 men
2058 3552 2141 3597 est
2182 3551 2237 3596 et
2287 3543 2614 3622 uniusmodi
2661 3538 2828 3610 hujus
2872 3542 2997 3622 coeli
3042 3541 3195 3622 circa
3228 3545 3439 3618 terram
3474 3538 3583 3622 cir:

133 3610 243 3685 tacta
273 3609 397 3667 sint.
425 3609 657 3669 Scilicet
688 3620 749 3666 ut
778 3614 1035 3668 videmus
1062 3616 1326 3685 quaedam
1356 3609 1593 3684 corpora
1615 3619 1789 3669 sensi-
1893 3619 2101 3677 coitus,
2136 3620 2517 3683 constansque
2538 3609 2797 3682 ejusdem
2813 3616 3090 3664 caeruleus
3112 3611 3294 3685 color._
3314 3609 3584 3685 quinihil

132 3681 187 3755 lia
214 3686 408 3738 moveri
450 3688 526 3738 ab
560 3685 684 3737 aliis
716 3687 1055 3753 corporibus
1078 3679 1407 3751 sensilibus,
1444 3679 1496 3740 ὖ.
1529 3703 1585 3755 g.
1614 3686 1782 3739 bacu-
1893 3694 1980 3739 est
2018 3687 2171 3739 aliud
2204 3702 2376 3755 quam
2424 3679 2617 3737 lumen
2650 3684 2832 3755 obviis
2863 3684 3185 3755 vaporibus
3209 3679 3583 3755 exhalationi-

132 3752 220 3805 lum
250 3771 276 3806 a
305 3772 496 3822 manu,
538 3756 624 3827 psic
668 3755 791 3809 hare
817 3749 1053 3809 sensilia
1083 3756 1153 3809 ab
1196 3749 1585 3822 insensilibus,
1624 3774 1673 3811 ν.
1727 3773 1782 3827 g.
1894 3758 2116 3827 busque
2141 3749 2547 3809 moditicatum.
2582 3762 2661 3827 At‘
2682 3749 3098 3827 nisiAprof'unda
3122 3751 3224 3827 illa
3252 3750 3439 3827 anima
3463 3749 3589 3827 iue-

134 3838 324 3897 manum
346 3845 372 3878 a
405 3826 702 3897 spiritibus
728 3827 1071 3881 commoveri
1102 3828 1459 3896 conjicimus,
1483 3844 1515 3880 a
1548 3829 1695 3881 notis
1718 3822 1786 3881 ad
1895 3830 1970 3881 rit
1998 3822 2172 3891 terra,
2206 3827 2318 3878 alia
2352 3828 2457 3879 erit
2490 3842 2555 3878 ex
2588 3824 2905 3897 minoribus
2924 3823 3247 3897 animabus,
3279 3822 3347 3874 de
3381 3822 3589 3890 quibus

134 3895 284 3947 minus
311 3895 447 3951 nota
472 3899 763 3968 progressi
800 3898 1032 3968 :donec
1069 3895 1299 3968 aliquod
1344 3897 1593 3967 primum
1628 3898 1784 3952 iuve-
1888 3899 2003 3967 jam
2046 3900 2308 3950 locutura
2339 3903 2424 3949 est
2456 3896 2573 3963 ipsa
2614 3895 2994 3968 Philosophia.

132 3968 343 4038 net-iuius
376 3960 759 4038 corpus‘quod
786 3967 855 4021 ab
890 3968 1012 4038 ipso
1046 3960 1508 4035 Deo'movéatur,
1532 3969 1692 4037 juxta
1723 3971 1785 4022 il-
1888 3960 1908 3967 ’
1974 3971 2051 4021 18.
2089 3970 2278 4024 Causis
2329 3960 2541 4019 animas
2596 3960 3116 4038 paribus'oitasque
3160 3961 3435 4038 minores]
3486 3960 3585 4015 III.

133 3987 343 4018 ueriuius
376 3987 469 4021 cor
519 3987 585 4021 us
608 3987 759 4037 quoa
786 3987 855 4021 an
890 3987 1012 4038 ipso
1047 3987 1161 4022 ueo
1194 3987 1508 4035 moveatur,
1532 3987 1692 4037 juxta
1723 3987 1785 4022 ll-
1974 3987 2051 4021 ιδ.
2089 3987 2278 4024 causis
2329 3987 2541 4019 animus
2596 3987 2826 4032 purwus
2873 3987 3116 4033 virusque
3160 3987 3435 4027 vultures."
3489 3987 3585 4015 ιιι.

133 4034 204 4110 Iud
225 3987 684 4109 philosophorum
710 4039 940 4092 etfatum
966 4056 977 4093 :
1003 4056 1204 4109 corpus
1227 4040 1381 4110 quod
1409 4046 1688 4104 movetur,
1716 4042 1787 4093 ab
1895 4040 2255 4107 Philosophia
2282 4040 2400 4103 agit
2426 4052 2683 4088 seorsum
2715 4040 2781 4088 de
2806 4036 3103 4087 animabus
3122 4036 3588 4110 corporeis,_quas

134 4104 535 4162 alio'moveatur
568 4126 795 4163 necesse
825 4116 928 4163 est.
1102 4104 1117 4109 ’
1243 4104 1262 4110 ’
1893 4112 2047 4174 dicit,
2088 4104 2140 4162 l6
2175 4112 2385 4161 aniinas
2417 4112 2665 4173 vitasque
2702 4110 2935 4158 minores
2956 4124 2977 4173 ;
2998 4110 3054 4157 2°
3089 4107 3269 4156 causis
3298 4104 3529 4171 paribus
3556 4117 3587 4152 a

185 4178 320 4232 Adde
359 4182 513 4250 quod
562 4182 756 4233 eadem
809 4186 1000 4234 anima
1042 4179 1250 4244 dicitur
1287 4197 1320 4234 a
1367 4181 1479 4234 Deo
1510 4186 1783 4235 connecti:
1897 4186 1998 4236 Deo
2028 4188 2346 4250 provectas;
2387 4180 2448 4231 3o
2481 4178 2684 4231 levibus
2720 4178 2969 4250 curribus
3009 4182 3255 4250 aptatas;
3290 4177 3347 4226 4ο
3371 4188 3468 4240 per
3495 4186 3591 4223 caa-

133 4260 230 4299 cuni
259 4248 402 4304 enim
434 4268 645 4321 corpus
677 4267 789 4304 non
822 4257 1049 4305 moveat
1081 4253 1188 4304 nisi
1217 4255 1502 4318 contactu,
1526 4254 1647 4306 hmo
1669 4253 1787 4305 ani-
1897 4256 2005 4305 lum
2028 4248 2347 4315 terramque
2388 4251 2666 4317 dispersas
2688 4267 2707 4312 ;
2736 4250 2793 4300 5“
2843 4248 2915 4299 ad
2959 4248 3144 4299 curtum
3176 4257 3458 4297 conversas
3502 4257 3586 4294 re-

137 4333 204 4368 uia
244 4336 343 4374 non
378 4334 571 4391 posset
616 4338 860 4387 movere,
904 4322 1013 4374 nisi
1048 4338 1178 4375 cum
1220 4338 1455 4392 corpore
1504 4324 1781 4377 movendo
1822 4333 1864 4385 1)
1896 4326 2053 4376 verti.

134 4384 526 4464 connecteretur
557 4409 570 4445 :
615 4384 971 4445 connectitur
1000 4400 1191 4446 autem
1224 4411 1255 4446 a
1291 4384 1424 4456 er,
1466 4409 1498 4445 a
1526 4411 1638 4464 quo
1665 4394 1781 4463 pri-
1826 4384 1835 4385 ί
1967 4394 2220 4446 Primum
2255 4392 2445 4460 agitur
2491 4390 2891 4464 hicduntaxat
2928 4388 3017 4464 de
3041 4384 3340 4464 animabus
3385 4397 3588 4464 corpo-

138 4474 261 4512 mum
307 4463 443 4516 facta
498 4471 780 4529 movetur,
818 4464 909 4531 iis,
943 4480 1084 4534 quas
1116 4466 1239 4534 ipse
1289 4465 1436 4517 Deus
1470 4459 1784 4527 constituit,
1899 4468 2031 4530 reis,
2064 4472 2125 4517 ut
2157 4470 2285 4534 pote
2317 4479 2445 4532 quin
2477 4462 2694 4535 similes
2718 4469 2850 4513 sunt
2884 4459 3132 4535 spiritui,
3157 4459 3226 4508 de
3254 4470 3371 4535 quo
3398 4459 3586 4535 statim

138 4543 313 4613 naturas
344 4535 578 4603 legibus.
774 4606 783 4613 Ι
1018 4604 1027 4613 1
1083 4604 1092 4613 _
1141 4532 1154 4534 “
1898 4532 2193 4599 agebatur,
2228 4542 2324 4586 aut
2354 4536 2616 4613 quoidam
2655 4534 2809 4613 illius
2840 4532 3149 4608 portio:_ut
3171 4532 3325 4579 enim
3355 4533 3590 4613 spiritus

190 4600 316 4662 Quin
345 4598 512 4658 etiam
546 4610 665 4657 iure
694 4606 886 4658 anima
916 4604 1194 4658 divinitus
1234 4621 1331 4675 per
1357 4620 1587 4660 consona
1619 4621 1789 4659 mem-
1900 4608 2172 4671 Universi,
2208 4609 2285 4659 sic
2316 4598 2518 4656 animae
2555 4605 2640 4657 lue
2672 4598 3032 4675 adducuntur
3062 4601 3117 4651 in
3146 4598 3493 4675 exemplum,
3531 4604 3591 4648 ut

140 4668 214 4722 bra
233 4678 505 4729 resolvitur
531 4696 545 4741 ;
576 4677 899 4741 resolvitur,
931 4678 1187 4745 inquam,
1217 4666 1319 4746 per
1345 4678 1604 4730 membra
1632 4693 1644 4730 :
1670 4676 1790 4729 ani-
1901 4678 1985 4729 his
2011 4666 2252 4744 cognitis
2270 4693 2430 4729 mens
2454 4678 2703 4727 humana
2721 4669 3285 4741 suiscogitationibus
3302 4669 3369 4719 ad
3387 4666 3589 4732 Deum,

143 4754 209 4790 uia
238 4748 375 4797 enim
411 4749 507 4799 illa
538 4764 744 4816 Corpus
777 4754 860 4799 est
912 4747 1376 4816 liquidissimum,
1407 4750 1567 4817 cujus
1600 4752 1790 4817 partes
1901 4750 2049 4815 unde
2082 4764 2309 4815 egressa
2341 4754 2443 4811 est,
2471 4752 2804 4797 revertatur.

140 4818 188 4861 ut
214 4826 510 4881 moventur,
546 4818 623 4869 sic
642 4808 710 4869 in
746 4818 895 4870 varia
930 4808 1047 4871 loca
1075 4820 1336 4871 resolutae
1363 4808 1520 4871 varia
1544 4808 1792 4871 subeunt
1968 4808 2181 4871 Deinde
2225 4826 2307 4871 lia:
2356 4808 2622 4869 vocantur
2652 4820 2844 4867 anima:
2882 4815 3113 4881 uitaeque
3142 4812 3406 4874 minores;
3436 4808 3589 4881 quod

141 4887 355 4950 curPoris
386 4880 678 4961 intermati
724 4888 999 4961 membra.
1043 4888 1146 4942 Sed
1188 4889 1445 4942 membra
1493 4891 1613 4942 lizec
1660 4895 1793 4943 sunt
1901 4890 2219 4942 minoribus
2264 4890 2541 4961 machinis
2573 4888 2824 4961 inclusae,
2855 4880 3131 4961 __ininor_es
3164 4882 3464 4961 _circuitus'_
3498 4880 3591 4932 ab-

142 4966 372 5017 consona,
405 4960 517 5012 sive
556 4959 954 5012 convenientia
986 4975 1112 5013 cum
1164 4967 1314 5013 inter
1354 4976 1433 5023 se,
1485 4966 1609 5013 tum
1659 4976 1788 5013 cum
1900 4961 2140 5023 solvant,
2175 4961 2321 5012 utin
2359 4960 2589 5027 plantis,
2625 4958 2677 5009 in
2725 4957 2938 5021 bestiis,
2975 4962 3032 5007 et
3072 4956 3129 5006 in
3160 4954 3283 5027 ipso
3310 4953 3543 5006 homine
3578 4966 3590 5002 :

146 5036 241 5099 Ipsa
264 5043 464 5093 anima,
514 5047 545 5083 a
578 5048 689 5100 qua
720 5030 1001 5102 movenda
1034 5036 1202 5102 sunt:
1230 5038 1291 5083 ut
1324 5031 1535 5084 scilicet
1566 5030 1789 5084 minora
1900 5047 2027 5083 cum
2062 5032 2167 5083 hoc
2200 5024 2387 5083 tamen
2421 5030 2766 5092 discrimine,
2799 5027 2956 5102 quod
3002 5027 3056 5077 in
3090 5024 3335 5102 homine
3385 5027 3593 5102 printer

146 5096 355 5169 primum
394 5102 462 5153 ab
494 5096 704 5162 anima,
738 5100 946 5154 deinde
980 5100 1199 5169 majora
1229 5108 1285 5154 et
1314 5119 1345 5154 a
1386 5102 1704 5155 minoribus
1735 5109 1793 5154 et
1900 5103 2053 5155 hunc
2086 5102 2347 5169 spiritum
2381 5114 2741 5167 corporeum,
2766 5096 2838 5150 sit
2867 5114 3025 5169 mens
3059 5096 3284 5169 siveres
3312 5096 3588 5169 cogitans,

146 5162 201 5239 ab
226 5168 331 5243 ipsa
358 5186 581 5241 quoque
613 5174 805 5225 anima
836 5162 1174 5243 moveantur
1196 5188 1209 5225 :
1235 5173 1312 5225 sic
1342 5175 1419 5225 sal
1445 5190 1475 5225 a
1509 5172 1671 5233 mari,
1696 5188 1793 5225 na-
1900 5172 1988 5225 cui
2026 5162 2256 5241 spiritus
2290 5174 2383 5224 ille
2414 5162 2750 5243 famulatur;
2787 5168 2988 5243 quo
3018 5174 3081 5243 ut
3103 5166 3336 5243 spiritus
3366 5166 3457 5243 ille
3479 5176 3593 5243 cor-

149 5235 214 5312 m.
236 5231 295 5289 ab
328 5231 561 5311 iii'roqne
594 5245 838 5295 contrita
876 5242 1101 5295 fatiscit.
1658 5231 1663 5233 ⁵
1900 5231 2125 5312 ΡοΓοίιδς
2162 5252 2225 5295 ιη
2269 5250 2401 5311 Ρυίθ
2434 5242 2625 5293 τοτηιίΡ
2656 5231 2959 5312 principali
3012 5231 3336 5312 ῖδηιίι,¹ειῖ⁰⁵›
3477 5231 3588 5312 .ho'

204 5308 302 5360 Inio
332 5304 587 5377 praedicta
618 5316 810 5366 anima
838 5319 983 5366 secta
1008 5318 1219 5373 circuit,
1248 5312 1325 5365 ita
1357 5316 1417 5365 ut
1456 5313 1791 5381 ﬁnemjun-
1902 5304 2053 5367 mine
2104 5304 2315 5366 nomen
2346 5304 2799 5379 dignitatemque
2829 5304 3035 5363 animm
3069 5309 3310 5368 amittat,
3346 5304 3591 5381 dicatur-

152 5388 263 5437 izeos
299 5384 565 5451 principio
597 5401 711 5437 sine
747 5384 1035 5449 motionis,
1070 5392 1271 5437 motum
1317 5384 1575 5437 videatur
1598 5386 1792 5449 glomc-
1902 5403 2012 5454 que
2044 5400 2344 5454 propierea
2379 5386 2432 5435 in
2490 5383 2720 5434 homine
2765 5399 2873 5434 una
2916 5382 3190 5454 duntaxat
3216 5388 3588 5454 esseanlma.

154 5460 251 5498 rare
276 5446 325 5500 in
350 5446 536 5525 urbem,
584 5471 645 5508 en
674 5459 821 5519 faire
856 5446 1054 5510 comme
1084 5470 1157 5507 un
1185 5456 1404 5522 peloton
1434 5456 1499 5508 de
1526 5446 1628 5523 fil':
1663 5459 1790 5525 glo-
1901 5446 2081 5525 eaque
2116 5446 2334 5506 ratione
2367 5456 2621 5522 praedita.
2660 5454 2851 5519 Virgil.
2877 5468 2928 5504 ιν
2952 5452 3177 5517 Georg,
3213 5462 3263 5498 ν.
3293 5446 3415 5498 220.

158 5522 757 5621 ﬂuienibmdtialllcﬁe“
781 5542 855 5621 “fl
874 5527 1086 5594 pacton
1112 5526 1177 5578 de
1193 5526 1275 5604 ﬁt:
1310 5527 1408 5621 Εδξ
1437 5522 1793 5606 qui.de"."i”.a
1962 5522 2085 5599 lisse
2112 5551 2297 5621 apibus
2326 5555 2524 5613 partem
2559 5548 2752 5596 divinae
2786 5547 2977 5616 mentis
3006 5550 3057 5591 et
3080 5544 3300 5591 haustus

158 5590 316 5671 anima
354 5599 487 5647 secta
520 5610 533 5647 :
564 5596 699 5671 quia
727 5590 1119 5671 instaraqum,
1154 5596 1319 5661 aeris,
1354 5602 1409 5671 et
1440 5590 1617 5665 ipsius
1643 5596 1726 5665 igt

1782 5613 1792 5646 ι
1962 5590 2220 5662 ᾸΞῐΙιθνῖοθ
2250 5590 2427 5660 dix'ere
2455 5626 2465 5659 :
2500 5613 2663 5659 Deum
2693 5622 2917 5671 namque
2949 5608 3021 5654 ire
3053 5618 3144 5667 per
3167 5616 3350 5671 omnes

159 5656 353 5725 liquida,
383 5672 465 5717 est
483 5656 769 5729 congeries
790 5656 1041 5737 plurium
1069 5656 1562 5736 corpusculorum,
1586 5656 1714 5736 quae
1731 5672 1792 5719 ut
1962 5656 2773 5736 i’é'iimtie'u-‘iahiq—ué"Enni
2794 5656 3093 5730 caelumque
3124 5664 3467 5731 profundum.
