3972 6172
379 248 484 301 783

1826 467 1842 537 [
1850 467 1998 534 dem,

524 556 603 607 Da
630 553 847 617 fontem
877 553 1121 607 lustrare
1153 554 1307 622 boni,
1342 555 1414 608 da
1442 556 1567 609 luce
1600 561 1826 626 reperta

524 642 587 696 In
621 646 676 695 te
707 642 1041 712 conspicuos
1063 643 1239 695 animi
1273 644 1523 714 deligere
1555 645 1723 698 visus.

388 733 455 781 223
529 729 732 800 Disjice
762 736 1006 784 terrenus
1039 732 1277 785 nebulas
1303 739 1359 786 et
1388 733 1639 802 pondera
1671 734 1857 799 molis,

521 822 708 888 Atque
740 824 838 870 tuo
871 819 1172 888 splendore
1199 821 1377 873 mica:
1403 827 1465 873 tu
1498 836 1746 891 namque
1779 837 2067 886 serenum,

523 908 607 960 'I‘u
634 909 861 976 requies
890 909 1197 978 tranquilla
1230 910 1339 979 piis
1365 927 1378 974 ;
1414 917 1466 964 te
1497 926 1729 964 cernere
1758 910 1907 977 linis,

529 1001 673 1050 227
710 996 1085 1067 Principium,
1120 1005 1329 1063 vector,
1364 1001 1497 1065 dux,
1526 999 1750 1065 semita,
1787 999 2070 1052 terminus

1805 1087 1993 1159 [idem.

974 1181 1125 1230 τεῦ
1160 1177 1387 1233 PROSA
1411 1178 1470 1231 Χ.

378 1268 778 1317 ABGUMENTUM.
810 1292 881 1302 —
917 1265 1263 1333 Philosophia
1307 1267 1657 1332 demonstrat,
1694 1267 1922 1334 aliquod
1958 1282 2069 1320 esse

450 1350 718 1387 summum
749 1336 961 1399 bonum,
1004 1342 1054 1389 et
1095 1337 1233 1389 hanc
1282 1339 1604 1405 qualitatem
1648 1341 1729 1390 ita
1775 1340 1941 1391 solius
1973 1341 2067 1391 Dei

448 1420 580 1471 esse,
608 1407 747 1458 hanc
785 1412 844 1457 ut
884 1423 917 1458 α
944 1422 998 1459 se
1022 1408 1398 1461 indistinctam
1422 1424 1514 1461 nec
1544 1409 1611 1461 ab
1644 1411 1751 1462 ullo
1779 1412 2061 1475 acceperit,

450 1491 543 1528 nec
572 1476 836 1548 cunicullo
881 1481 1261 1531 communicet:
1314 1496 1380 1531 ew
1420 1495 1524 1547 quo
1568 1481 1774 1545 colligit
1817 1496 1935 1533 eum
1970 1483 2066 1548 qui

448 1562 651 1600 summo
693 1546 823 1600 bono
867 1550 1080 1614 fruitur
1117 1551 1239 1603 hinc
1268 1546 1443 1603 Deum
1472 1566 1584 1603 esse
1624 1546 2066 1619 participatione.

1728 248 1841 303 ΑΝ.
1882 247 2065 303 ΜΑΝῐ.

2189 247 2278 302 εν.
2321 247 2547 305 ΒΟΕΤῙΙ
3706 256 3784 309 764

524 381 683 431 Q96
717 377 814 443 Da,
839 376 1030 445 Pater,
1056 380 1359 446 augustam
1388 376 1566 432 menti
1588 377 1968 431 conscendere
1990 394 2073 431 se-
2109 380 2156 432 A

2254 378 2384 432 inde
2419 380 2747 447 participem
2800 379 3076 447 potentiae,
3128 382 3450 447 reverentia,
3497 383 3729 440 claritatis
3751 392 3789 441 et

2252 451 2566 519 voluptatis.

2253 580 2276 609 α
2304 564 2583 629 Quoniam
2629 564 2809 635 igitur
2850 582 2980 637 quae
3022 566 3097 620 sit
3139 566 3469 637 imperfecti,
3505 584 3620 640 quas
3657 571 3797 626 etiam

2182 655 2419 725 perfecti
2446 654 2585 708 boni
2638 655 2842 722 forma,
2891 655 3085 708 vidisti
3118 671 3131 709 :
3164 672 3317 709 nunc
3358 656 3799 713 demonstrandum

2182 759 2329 812 reor,
2365 759 2615 814 quonam
2641 743 2765 796 haec
2804 743 3091 798 felicitatis
3120 744 3388 815 perfectio
3435 747 3703 801 constituta
3727 749 3799 802 sit.

2180 834 2246 886 In
2266 849 2381 904 quo
2403 832 2546 886 illud
2567 833 2821 902 primum
2850 833 3095 887 arbitror
3114 831 3510 903 inquirendum
3531 850 3595 888 an
3614 836 3801 906 aliquod

2180 922 2512 991 huiusmodi
2542 921 2780 989 bonum.
2812 922 2980 992 quale
3028 923 3201 992 paulo
3240 929 3369 976 ante
3400 923 3644 990 deﬁnisti,
3670 923 3718 977 in
3744 928 3799 994 is,

2178 1026 2373 1064 rerum
2401 1015 2603 1064 natura
2632 1010 2809 1081 possit
2836 1009 3097 1077 existere,
3132 1026 3205 1063 ne
3236 1026 3339 1063 nos
3363 1016 3560 1080 praeter
3592 1012 3667 1064 rei
3687 1013 3798 1067 sub-

2170 1100 2338 1168 jectae
2364 1099 2660 1153 veritatem
2687 1101 2711 1141 ἰ)
2761 1115 2917 1152 cassa
2947 1099 3311 1170 cogitationis
3356 1099 3540 1169 imago
3580 1100 3797 1170 decipiat.

2176 1190 2195 1223 ¹
2225 1189 2333 1243 Sed
2360 1186 2503 1260 quin
2532 1187 2753 1254 existat,
2780 1188 2968 1258 sitque
2997 1189 3104 1243 hoc
3131 1187 3303 1242 veluti
3339 1188 3564 1256 quidam
3588 1191 3801 1242 omnium

2172 1282 2300 1335 fons
2325 1277 2631 1345 bonorum,
2672 1277 2873 1346 negari
2903 1277 3126 1347 nequit.
3161 1276 3342 1331 Omne
3372 1275 3521 1329 enim
3547 1278 3681 1345 quod
3717 1279 3801 1329 im-

2174 1370 2489 1442 perfectum
2525 1383 2645 1420 esse
2677 1365 2903 1431 dicitur,
2944 1365 3004 1420 id
3033 1364 3435 1418 imminutione
3478 1364 3694 1434 perfecti
3721 1365 3803 1418 im-

2175 1458 2494 1530 perfectum
2537 1471 2659 1508 esse
2692 1453 3045 1524 perhibetur.
3082 1454 3205 1518 Quo
3237 1453 3320 1522 lit,
3354 1459 3417 1507 ut
3446 1453 3491 1506 si
3521 1453 3577 1506 in
3602 1453 3806 1523 quolibet

2179 1564 2391 1611 genere
2436 1543 2834 1615 imperfectum
2866 1543 3005 1614 quid
3053 1542 3163 1613 (10)
3207 1558 3329 1597 esse
3368 1542 3635 1609 videatur,
3678 1541 3727 1595 in
3758 1559 3805 1596 eo

1829 1620 2410 1676 INTERPRETATIO.

380 1689 572 1742 nubem
601 1695 651 1742 et
675 1693 1002 1755 gravitatem
1031 1691 1294 1745 machinae
1319 1696 1587 1745 terrestris
1612 1708 1625 1745 :
1655 1698 1706 1745 et
1730 1707 1952 1746 corusca
1983 1699 2072 1745 tuo

2250 1700 2276 1724 ³
2303 1691 2524 1755 Cognito
2554 1687 2709 1741 modo
2742 1691 2851 1740 tam
2895 1684 3223 1753 imperfecti,
3271 1700 3433 1753 quam
3457 1686 3673 1753 perfecti
3696 1684 3807 1747 boni,

377 1761 629 1826 fulgore:
658 1776 785 1814 nam
817 1767 875 1814 tu
902 1764 1163 1815 serenitas
1187 1767 1501 1828 es,tuquies
1515 1764 1820 1830 tranquilla
1839 1764 2057 1831 probis;
2101 1763 2140 1814 Β
2172 1759 2593 1815 demonstranda
2623 1764 2701 1811 est
2741 1773 2823 1811 res
2851 1758 2950 1810 illa
2978 1772 3097 1826 quae
3124 1759 3198 1810 sit
3226 1771 3431 1810 summe
3468 1756 3615 1810 bona.

379 1836 434 1883 et
460 1837 655 1904 nostra
688 1832 756 1885 de
793 1838 839 1885 te
882 1837 1027 1886 notio
1054 1836 1214 1901 ﬁnis;
1264 1834 1417 1904 quod
1449 1834 1523 1886 sis
1559 1836 1918 1903 principium,
1947 1850 2070 1889 vec-

380 1907 481 1968 tor,
508 1902 646 1968 dum,
672 1906 787 1967 via,
816 1909 866 1956 et
896 1906 1175 1958 terminus.

2248 1835 2272 1875 ιι
2295 1834 2501 1887 Inanis.

2008 1975 2228 2033 NOTAS.

439 2051 572 2116 Hinc
596 2052 841 2116 pecudes,
872 2056 1130 2109 armenta,
1161 2054 1322 2111 viros,
1357 2067 1524 2116 genus
1549 2067 1706 2103 omne
1728 2054 1977 2116 ferarum,

441 2114 714 2176 Quemque
741 2114 839 2164 sibi
868 2120 1055 2164 tenues
1089 2114 1391 2166 nascentem
1417 2129 1678 2165 arcessere
1701 2117 1854 2165 vitas.

450 2195 652 2248 Postea
680 2196 771 2249 hae
820 2197 1070 2250 minores
1116 2197 1326 2251 animm
1374 2197 1579 2252 iisdem
1611 2201 1811 2263 causis,
1858 2197 2067 2266 quibus

375 2265 681 2334 praedictus
714 2267 947 2335 spiritus
981 2268 1261 2333 Universi,
1294 2269 1459 2333 tiunt,
1490 2269 1749 2322 videlicet
1768 2285 1837 2321 ex
1868 2265 2066 2322 eadem

376 2339 611 2389 materia
638 2338 908 2403 ﬂuitante,
939 2344 995 2391 et
1023 2339 1093 2391 ab
1123 2339 1247 2408 ipso
1278 2341 1412 2404 Deo,
1461 2346 1694 2392 servatis
1716 2340 1924 2393 iisdem
1957 2355 2067 2392 na-

377 2411 520 2459 tura:
553 2407 793 2475 legibus.

448 2477 735 2548 Praeterea
765 2478 979 2530 easdem
1037 2478 1243 2531 animae
1288 2480 1554 2532 dicuntur
1608 2486 1811 2548 aptata
1860 2480 2065 2533 levibus

380 2547 674 2619 curribus,
708 2549 817 2600 hoc
862 2556 944 2600 est
996 2550 1354 2617 corporibus,
1407 2550 1615 2619 quibus
1645 2547 2061 2616 includuntur,

379 2632 624 2686 quaeque
663 2618 799 2687 ipsae
847 2634 1071 2671 movere
1112 2625 1167 2672 et
1201 2636 1396 2689 regere
1426 2618 1723 2686 videntur,
1776 2628 1839 2674 ut
1877 2627 2069 2674 vector

379 2704 607 2761 movere
648 2695 703 2741 et
733 2705 932 2757 regere
964 2706 1196 2743 currum
1226 2694 1367 2743 solet
1399 2708 1410 2744 :
1443 2693 1635 2744 anima
1665 2691 1817 2745 enim
1854 2693 2065 2761 plantas

378 2774 428 2810 v.
461 2774 515 2827 g.
551 2760 774 2813 diversa
805 2767 890 2813 est
926 2761 994 2813 ab
1035 2761 1228 2814 anima
1273 2762 1469 2815 bestiae
1502 2779 1513 2815 :
1549 2769 1605 2815 et
1642 2764 1833 2816 anima
1856 2760 2066 2816 bestias

379 2844 482 2899 pro
540 2831 778 2883 diversis
836 2832 1151 2886 bestiarum
1217 2835 1523 2902 generibus
1578 2834 1789 2887 iterum
1847 2835 2071 2887 diversa

379 2905 480 2975 est.
520 2902 622 2975 Sic
669 2902 876 2975 altialii}
931 2920 1127 2972 apum,
1176 2905 1244 2957 de
1294 2906 1501 2973 quibus
1545 2905 1665 2972 jam
1725 2906 2068 2975 loquebatur

377 2971 663 3042 Virgilius,
699 2973 808 3026 dici
833 2971 1075 3043 possunt
1105 2971 1587 3029 levibus—curribus
1615 2971 1833 3043 aptatae.

452 3045 692 3111 Insuper
720 3045 829 3109 liis,
862 3046 1150 3114 praedictae
1175 3048 1385 3099 animae
1414 3063 1515 3115 per
1540 3050 1727 3100 castum
1758 3053 2068 3113 terramque

2177 2056 2360 2109 ditore
2391 2052 2604 2123 accepti
2631 2067 2748 2105 non
2792 2051 3118 2118 immemor,
3168 2068 3228 2106 se
3271 2068 3489 2123 suaque
3535 2053 3703 2107 eidem
3735 2068 3810 2105 suo

2177 2126 2459 2180 conditori
2512 2124 2803 2178 devoveat.
2852 2124 3001 2176 Deus
3031 2130 3225 2177 autem
3272 2125 3355 2178 ita
3402 2124 3605 2178 mentis
3646 2129 3811 2177 nostra

2177 2197 2526 2267 principium
2575 2200 2677 2267 est,
2723 2194 3095 2267 ut‘quamvis
3139 2210 3303 2248 mens
3351 2200 3549 2267 posset
3580 2195 3810 2251 dubitare.

2177 2264 2386 2321 utrum
2404 2268 2553 2321 Deus
2570 2266 2716 2319 foret
2731 2264 3081 2335 principium
3102 2280 3432 2336 corporum,
3457 2266 3645 2321 eadem
3663 2272 3813 2319 tamen

2178 2356 2296 2393 sua:
2325 2338 2621 2392 tenuitatis
2651 2337 2895 2401 conscia,
2944 2352 3172 2407 semper
3217 2341 3604 2403 convincatur,
3645 2354 3694 2390 se
3727 2352 3813 2388 non

2178 2410 2247 2463 ab
2277 2411 2389 2463 alio
2416 2425 2590 2479 quam
2629 2408 2698 2460 ab
2735 2408 2860 2477 ipso
2890 2408 3005 2461 Deo
3032 2408 3205 2461 fuisse
3235 2414 3507 2462 creatam.
3541 2408 3669 2461 Hinc
3703 2408 3814 2461 Deus

2178 2482 2321 2534 dixit
2350 2480 2579 2549 Apocal.
2614 2496 2651 2544 ι,
2689 2480 2798 2543 Ego
2823 2492 2943 2531 sum
2987 2497 3019 2528 α
3057 2482 3109 2531 et
3137 2499 3177 2527 ω
3204 2482 3541 2548 principium
3570 2485 3618 2533 et
3642 2482 3761 2547 ﬁnis.

2254 2550 2486 2619 Vector.]
2541 2550 2686 2613 Quia
2738 2550 2886 2602 Deus
2924 2560 3223 2619 conserVat
3267 2558 3521 2604 nostram
3564 2557 3813 2602 mentem:

2177 2639 2304 2676 cum
2338 2616 2492 2675 enim
2522 2620 2875 2674 conservatio
2904 2616 3045 2673 nihil
3071 2621 3144 2673 sit
3171 2621 3327 2674 aliud
3351 2637 3524 2691 quam
3541 2622 3816 2673 continuata

2176 2693 2491 2763 productio,
2532 2693 2681 2745 Deus
2710 2691 3097 2763 conservando
3129 2698 3388 2763 nostram
3419 2698 3677 2756 mentem,
3707 2691 3817 2743 bauc

2178 2762 2405 2817 videtur
2445 2768 2672 2833 portare
2704 2762 2819 2833 sive
2865 2762 3088 2814 vehere.
3123 2762 3207 2815 Ad
3236 2763 3412 2816 Hebr.
3438 2781 3455 2816 I
3495 2764 3629 2817 Deus
3652 2762 3819 2815 dicitur

2171 2839 2404 2903 portans
2431 2836 2615 2887 omnia
2641 2832 2800 2886 verbo
2829 2835 3050 2885 virtutis
3080 2847 3209 2886 sua.

2248 2904 2417 2974 Dura]
2451 2906 2598 2958 Deus
2636 2903 2791 2957 enim
2836 2908 3090 2956 mentem
3122 2903 3443 2957 humanam
3486 2919 3595 2956 non
3630 2907 3816 2974 tantum

2178 2982 2333 3029 creat
2388 2972 2821 3049 conservatque,
2878 2974 2984 3049 sed
3027 2974 3315 3049 eamdem,
3367 2976 3539 3049 etiam
3595 2972 3816 3049 abortu,

2177 3047 2523 3117 quibusdam
2556 3043 2828 3099 informat
2865 3044 3329 3117 cogitationibus,
3366 3047 3630 3099 nimirum
3656 3043 3820 3117 intelli-

377 3113 635 3189 dispersa’
662 3121 833 3189 sunt:
862 3113 997 3169 nam
1028 3113 1430 3186 praeterquam
1445 3118 1599 3186 quod
1638 3119 1812 3171 etiam
1837 3117 1894 3169 in
1926 3118 2067 3189 coelo
2107 3120 2146 3175 C
2177 3113 2373 3189 gentia
2401 3123 2458 3171 et
2486 3116 2879 3189 inclinatione,
2912 3132 3055 3186 quas
3084 3116 3152 3179 si,
3181 3118 3447 3186 neglecto
3483 3117 3715 3189 corporis
3738 3115 3816 3166 im-

376 3184 648 3257 stellifero
677 3185 820 3238 forte
851 3184 1147 3240 occurrere
1180 3184 1367 3256 potest
1393 3184 1594 3241 similis
1624 3190 1859 3257 quidam
1892 3188 2063 3257 spiri-

376 3257 490 3328 tus,
522 3255 621 3324 qui
652 3271 754 3323 per
786 3272 992 3328 corpus
1025 3257 1082 3309 in
1114 3255 1223 3327 quo
1256 3259 1585 3323 includitur,
1622 3255 2064 3328 praedictos—cir-

377 3325 751 3400 cuitusagat;
787 3327 1041 3400 minores
1063 3325 1174 3380 illa:
1206 3330 1415 3382 anima:
1444 3335 1576 3381 sunt
1605 3325 1663 3381 in
1685 3330 1901 3394 bestiis,
1931 3346 2067 3400 qua-

377 3409 506 3446 rum
539 3396 666 3447 alim
697 3396 758 3448 in
780 3398 966 3461 terris,
998 3399 1123 3451 alia;
1148 3400 1205 3450 in
1241 3402 1379 3451 ccelo
1411 3400 1563 3452 aerio
1598 3400 1813 3453 vivunt.

447 3465 699 3518 Tandem
732 3466 820 3519 hae
850 3469 1058 3519 animae
1083 3470 1157 3521 ad
1176 3472 1367 3523 certum.
1388 3486 1651 3523 conversa:
1678 3478 2026 3524 revertuntur
2048 3488 2067 3525 :

376 3534 466 3587 has
495 3536 650 3609 enim
682 3536 911 3601 animae,
945 3544 1009 3589 ut
1038 3544 1166 3607 pote
1190 3555 1315 3608 quae
1336 3541 1593 3608 generali
1619 3556 1927 3609 corporum
1949 3557 2066 3595 mo-

378 3614 564 3681 torum
597 3606 743 3673 lege,
768 3623 905 3681 quia
928 3624 1081 3681 nunc
1101 3606 1557 3676 vocatur—beniin
1578 3628 1619 3674 ι,
1643 3606 1755 3681 qua
1775 3614 1967 3665 minus
1986 3628 2068 3665 re-

377 3676 615 3750 sistitur,
651 3678 912 3743 tendunt,
945 3680 1003 3731 in
1035 3682 1259 3745 coelum,
1294 3697 1406 3750 qua
1434 3683 1621 3733 minus
1652 3676 1934 3735 resistitur
1971 3684 2064 3735 iis-

376 3747 822 3824 d.em_,.nit_un_tur
847 3766 858 3801 :
887 3751 1061 3824 veluti
1080 3753 1201 3816 igne
1219 3747 1406 3805 reduci
1429 3768 1442 3804 :
1471 3754 1720 3806 maxima
1747 3754 1963 3824 quippe
1983 3759 2068 3807 est

378 3817 695 3894 similitudo
727 3820 876 3894 inter
907 3820 1010 3872 has
1040 3823 1258 3874 animas
1289 3829 1345 3875 et
1384 3824 1574 3891 ignem
1604 3839 1616 3876 :
1646 3817 1800 3878 unde
1832 3817 2066 3894 Virgilio

375 3888 680 3955 praedictus
712 3890 943 3959 spiritus
975 3894 1295 3960 appellatur
1327 3888 1513 3960 igneus
1552 3899 1726 3961 vigor.
1783 3888 2067 3959 Quoniam

375 3974 509 4011 vero
559 3961 761 4012 coelum
826 3961 1067 4015 habetur
1126 3963 1464 4017 altissimum
1518 3966 1618 4018 Dei
1670 3967 2061 4020 domicilium:

376 4030 568 4083 Matth.
602 4047 678 4095 v.,
712 4034 831 4086 Non
851 4034 1148 4100 jurandum
1183 4052 1275 4097 per
1302 4037 1509 4100 caelum,
1558 4041 1689 4103 quia
1720 4039 1941 4091 thronus
1975 4042 2068 4090 Dei

372 4106 490 4161 est;
526 4109 833 4171 propterea
874 4105 1023 4157 Deus
1052 4122 1204 4158 nunc
1235 4107 1439 4159 dicitur
1484 4110 1683 4172 facere,
1712 4109 1811 4162 has
1852 4112 2065 4162 animas

375 4172 448 4295 qd
467 4187 522 4225 se
537 4188 818 4227 conversas
839 4180 1038 4229 reverti
1056 4193 1068 4229 :
1086 4182 1141 4229 et
1162 4185 1467 4246 propterea
1487 4194 1640 4231 nunc
1669 4182 1728 4231 in
1741 4182 2064 4249 exemplum

416 4250 680 4295 ucuntur.
1854 4288 1863 4295 .

416 4250 680 4296 ucuntur.

446 4288 873 4385 Paton]
906 4317 994 4370 Sic
1022 4325 1255 4370 vocatur
1287 4320 1433 4372 Deus
1477 4335 1594 4371 non
1625 4321 1809 4373 solum
1836 4288 1869 4372 a
1902 4320 2061 4373 Chri-

2178 3187 2333 3260 petu,
2368 3188 2680 3260 mensipsa
2708 3192 2997 3260 sequatur,
3032 3202 3340 3260 nunquam,
3368 3187 3662 3241 aberrabit.

2248 3259 2495 3329 Semita]
2532 3259 2673 3312 Nam
2702 3259 2906 3311 semita
2940 3257 3142 3310 mentis
3171 3258 3285 3311 alia
3330 3259 3392 3312 in
3423 3274 3626 3328 genere
3647 3259 3813 3329 fomite.

2177 3330 2289 3383 alia
2313 3330 2375 3383 in
2404 3343 2614 3402 genere
2645 3343 2822 3402 causae
2839 3330 3143 3402 efﬁcientis.
3169 3330 3338 3402 Prior
3364 3337 3448 3383 est
3472 3328 3717 3402 cogitatio
3734 3340 3819 3402 qua

2178 3417 2342 3454 mens
2370 3395 2599 3454 avrebus
2629 3398 2856 3452 caducis
2878 3395 3148 3452 recedens
3178 3400 3248 3453 ad
3284 3401 3468 3454 Deum
3499 3395 3725 3454 accedit:
3753 3395 3817 3449 Sic

2178 3471 2445 3545 Proverb.
2490 3488 2540 3524 iv
2574 3488 2587 3524 :
2626 3472 2897 3545 Pistorum
2939 3473 3149 3545 semita,
3186 3476 3373 3545 gquasi
3563 3468 3818 3545 splendens,

2171 3543 2439 3610 procedit,
2474 3547 2523 3595 et
2552 3544 2742 3595 crescit
2768 3555 2940 3609 usque
2965 3540 3040 3593 ad
3065 3542 3370 3609 perfectum
3401 3543 3560 3596 diem.
3590 3540 3821 3594 Posterior

2179 3619 2263 3667 est
2291 3614 2411 3683 ipse
2447 3613 2594 3665 Deus
2634 3617 2800 3665 rectas
2835 3612 3199 3683 cogitationis
3226 3621 3450 3666 auctor.
3491 3612 3576 3667 Sic
3614 3611 3820 3663 Christus

2175 3682 2336 3738 Joan.
2370 3700 2457 3737 xw
2492 3700 2505 3736 :
2538 3685 2671 3750 Ego,
2708 3682 2911 3752 inquit,
2947 3698 3066 3736 sum
3096 3685 3210 3746 via,
3243 3690 3295 3736 et
3326 3688 3551 3750 veritas,
3586 3688 3633 3736 et
3657 3686 3765 3733 vita.

2252 3752 2573 3823 Terminus]
2626 3754 2685 3807 Id
2735 3757 2972 3806 vocatur
3014 3754 3317 3821 terminus,
3367 3756 3517 3808 ultra
3560 3753 3698 3824 quod
3738 3765 3819 3812 res,

2177 3827 2378 3879 eodem
2407 3825 2588 3886 ﬁnita,
2618 3840 2735 3877 non
2764 3824 3102 3878 diffunditur
3126 3840 3138 3878 :
3163 3824 3313 3879 sicut
3331 3827 3497 3879 caecis
3521 3823 3820 3881 nationibus,

2176 3898 2335 3950 rudis
2364 3896 2741 3965 informisque
2787 3895 2954 3964 lapis,
2984 3895 3135 3948 ultra
3155 3912 3332 3964 quem
3363 3913 3520 3965 ager,
3545 3897 3645 3949 hoc
3672 3891 3820 3961 lapide

2178 3967 2393 4032 finitus,
2454 3983 2570 4020 non
2617 3966 2974 4027 ditfunditur,
3027 3966 3339 4020 vocabatur
3386 3969 3517 4021 deus
3562 3966 3818 4019 Terminus.

2178 4038 2354 4106 Atqui
2393 4039 2541 4093 Deus
2571 4042 2655 4090 est
2691 4037 2748 4090 id
2786 4037 2858 4090 ad
2889 4037 3044 4106 quod
3098 4053 3258 4090 mens
3291 4039 3545 4092 humana
3568 4032 3821 4104 cogitando

2177 4106 2425 4162 diffundi
2447 4108 2645 4173 debet;
2676 4107 2773 4160 sed
2796 4108 2948 4161 ultra
2967 4108 3117 4178 quod
3150 4109 3355 4163 eadem
3381 4126 3539 4163 mens
3567 4106 3821 4178 cogitando

2176 4180 2389 4232 versari
2420 4195 2537 4232 non
2561 4183 2769 4247 potest.
2804 4174 3063 4232 Joau.vi:
3085 4182 3330 4243 Domine,
3362 4181 3437 4235 ad
3460 4195 3610 4249 quem
3630 4174 3820 4231 ibimus?

2176 4251 2341 4303 verba
2363 4252 2490 4303 vitae
2517 4256 2728 4303 aeternas
2748 4249 2930 4303 habes.

2250 4322 2406 4374 Sicut
2430 4327 2621 4373 autem
2653 4320 2850 4372 omnia
2879 4320 3002 4374 haec
3038 4325 3186 4373 recte
3219 4321 3495 4375 dicuntur
3537 4322 3601 4375 de
3631 4320 3747 4373 Deo.
3774 4320 3821 4365 ut

376 4385 595 4449 stianis,
629 4387 726 4440 sed
748 4389 920 4464 etiam
940 4388 1009 4464 ab
1035 4389 1302 4464 ethnicis,
1333 4396 1395 4442 ut
1418 4390 1539 4464 jam
1572 4388 1914 4464 notavimus.
1940 4392 2066 4443 Ha-c
2106 4412 2145 4464 ι)
2173 4393 2295 4462 jam
2331 4391 2657 4464 expositum
2690 4395 2793 4456 est,
2826 4391 2908 4444 ita
2946 4406 3061 4444 non
3117 4393 3265 4446 male
3294 4393 3617 4446 dicerentur
3644 4391 3704 4444 de
3728 4388 3823 4464 ipsa

375 4460 458 4507 est
486 4462 679 4531 autem
704 4458 910 4531 petitio
942 4460 1348 4528 Philosophiae,
1383 4460 1544 4528 cujus
1579 4462 1763 4529 gratia
1795 4464 2067 4531 praedicta

376 4528 673 4598 praemisit.
702 4529 884 4598 Rogat
912 4546 1042 4583 vero
1076 4531 1278 4593 Deum,
1312 4537 1374 4582 ut
1414 4532 1543 4583 hinc
1579 4528 2068 4586 liberet'mentem

374 4597 627 4673 tenebris
653 4600 723 4653 ab
753 4597 875 4669 ipso
903 4617 1138 4669 corpore
1170 4603 1307 4653 ortis
1343 4619 1353 4651 :
1388 4602 1592 4669 Corpus
1625 4608 1787 4663 enim.
1832 4604 1961 4673 Sap.
1995 4620 2067 4666 ix,

376 4667 521 4731 quod
538 4667 925 4738 corrumpitur,
961 4667 1230 4737 aggravut
1258 4667 1518 4735 animum,
1541 4679 1590 4725 et
1614 4679 1826 4727 terrena
1848 4667 2068 4729 inhabi-

377 4740 508 4789 tatio
539 4739 1019 4805 deprimitsensum
1042 4746 1723 4809 multacogituutcm:inde
1744 4761 1876 4798 vero
1901 4746 2070 4798 infor-

376 4812 494 4858 met
522 4810 849 4875 cognitione
879 4815 1089 4867 summi
1114 4815 1273 4881 boni,
1308 4818 1546 4884 ejusque
1571 4831 1787 4869 amore.

445 4896 532 4947 26.
586 4897 666 4971 Tu
719 4914 950 4971 namque
1008 4902 1296 4971 serenum]
1349 4902 1629 4956 Serenans
1682 4909 1947 4958 mentes:
2007 4910 2068 4958 ut

375 4968 864 5045 quemadmodum
878 4977 1104 5045 tempus
1118 4968 1319 5026 serenu
1330 4990 1382 5026 m
1402 4975 1847 5045 lingiturfugare
1862 4976 2062 5029 nubes:

372 5040 450 5091 sic
484 5037 630 5089 Deus
662 5039 871 5091 mentis
901 5037 1163 5095 tenebras
1198 5046 1387 5114 pellat.

442 5129 530 5180 27.
680 5129 891 5204 requies
933 5134 1240 5198 tranquilla
1270 5131 1440 5204 pits]
1498 5134 1646 5187 Dans
1692 5133 2065 5201 cogitationes

372 5197 738 5275 tranquillas;
765 5198 832 5275 iis
856 5197 1085 5268 nempe,
1103 5204 1224 5271 qui,
1250 5197 1579 5270 dante-Deo,
1605 5222 1706 5258 suo
1729 5197 1863 5275 erga
1884 5206 2064 5259 Deum

371 5270 560 5323 ofﬁcio
588 5269 924 5336 funguntur.

439 5361 528 5410 27.
567 5359 635 5409 Te
665 5372 877 5410 cernere
925 5355 1101 5428 ﬁnis]
1134 5359 1285 5412 Mens
1324 5361 1577 5415 humana
1610 5381 1676 5416 eo
1720 5366 1834 5417 tine
1872 5381 1905 5416 a
1954 5366 2062 5418 Deo

370 5436 555 5502 creata
567 5434 671 5502 est,
688 5433 749 5480 ut
760 5430 988 5495 cogitet,
1005 5428 1265 5499 adeoque
1279 5438 1652 5502 utcognoscat
1668 5436 1867 5488 Deum.
1897 5437 2057 5489 Joan.

365 5513 497 5560 xvn,
529 5500 652 5551 Haec
679 5504 756 5551 est
780 5503 893 5552 vita
924 5507 1125 5553 aeterna
1155 5506 1214 5554 ut
1242 5500 1563 5569 cognoscant
1585 5510 1632 5557 te
1662 5508 1827 5559 Deum
1853 5522 2055 5560 verum.

436 5588 525 5661 28Γ
590 5587 971 5660 Principium]
1045 5590 1169 5643 Non
1246 5589 1436 5643 minus
1504 5595 1885 5647 necessarium
1953 5601 2058 5661 est,

364 5658 621 5709 mentem
642 5662 894 5736 nostram
915 5658 1084 5736 suum
1107 5661 1480 5736 principium,
1503 5658 2059 5736 quamsemetipsam

367 5742 710 5796 cognoscere
746 5743 758 5779 :
805 5734 865 5781 ut
890 5730 1150 5785 videlicet
1185 5732 1361 5802 primi
1408 5730 1673 5786 beneﬁcii
1701 5750 1733 5787 a
1777 5750 1878 5787 suo
1896 5730 2058 5790 ἀοι]-

2178 4460 2505 4532 cognitione
2536 4462 2653 4528 Dei,
2687 4464 2868 4514 menti
2898 4467 3108 4533 nostra:
3138 4463 3330 4530 insita,
3366 4480 3496 4533 quae
3526 4468 3736 4516 notatur
3755 4460 3823 4509 his

2178 4534 2387 4601 verbis,
2418 4537 2491 4587 Te
2519 4548 2746 4586 cernere.
2778 4532 2970 4586 Primo
3000 4532 3155 4586 enim
3194 4535 3293 4587 illa
3322 4532 3397 4588 de
3439 4536 3549 4588 Deo
3578 4532 3729 4585 insita
3754 4542 3824 4579 c0-

2180 4605 2361 4672 gnitio
2396 4608 2544 4657 recte
2566 4603 2775 4656 dicitur
2802 4606 2928 4671 ﬁnis
2953 4619 2965 4657 :
2991 4604 3263 4673 quoniam
3286 4621 3353 4658 eo
3376 4606 3491 4659 line
3516 4604 3641 4659 facti
3664 4612 3825 4673 sumus

2179 4670 2212 4727 εἰ
2244 4676 2377 4741 Deo,
2435 4680 2497 4727 ut
2538 4674 2721 4727 Deum
2757 4670 2949 4743 ipsum
2994 4670 3332 4743 cogitemus.
3368 4676 3621 4731 Secundo
3661 4670 3821 4725 eadem

2180 4746 2433 4816 cognitio
2466 4750 2638 4817 recte
2693 4745 2902 4798 dicitur
2957 4749 3324 4815 principium;
3385 4749 3523 4817 quia
3577 4752 3637 4799 ut
3686 4752 3825 4817 omne

2178 4823 2440 4870 nostrum
2465 4816 2684 4891 bonum
2717 4832 2861 4885 opus
2892 4832 2938 4891 a_
2960 4818 3108 4891 bona
3139 4824 3333 4891 nostra
3365 4817 3733 4891 cogitatione;
3764 4816 3825 4861 sic

2179 4888 2369 4940 omnis
2400 4893 2595 4940 nostra
2625 4887 2778 4939 bona
2818 4886 3085 4956 cogitatio
3117 4888 3188 4941 ab
3220 4889 3343 4957 ipsa
3378 4885 3475 4943 Dei
3517 4885 3822 4957 cognitione.

2176 4959 2333 5032 velut
2373 4957 2733 5032 aprincipio
2764 4950 2993 5032 oritur:
3044 4960 3221 5032 Ignoti
3244 4950 3421 5032 "nulla
3463 4950 3825 5032 cupido,”qu

2176 5030 2347 5099 vulgo
2384 5025 2600 5081 dicunt.
2628 5027 2815 5082 Tertio
2847 5027 3044 5082 eadem
3081 5030 3177 5082 Dei
3208 5031 3459 5099 cognitio
3489 5025 3633 5081 recte
3655 5025 3827 5099 dicitur

2174 5096 2373 5164 vector,
2398 5100 2533 5164 dum,
2567 5105 2617 5153 et
2645 5102 2843 5153 semita
2866 5115 2879 5164 ;
2905 5100 3059 5169 quod
3076 5100 3197 5153 hinc
3216 5096 3440 5153 nostras
3471 5096 3824 5169 cogitationes,

2176 5177 2486 5240 nostraque
2539 5169 2734 5223 omnia
2772 5176 2889 5222 tam
2926 5168 3103 5233 dicta,
3151 5186 3320 5240 quam
3372 5171 3519 5224 facta
3550 5168 3628 5222 ad
3677 5168 3824 5240 Deum

2174 5236 2433 5296 videatur
2469 5241 2638 5315 ferre,
2672 5256 2921 5307 movere,
2970 5247 3027 5315 et
3054 5236 3280 5315 ducere.
3316 5243 3571 5310 Denique
3602 5240 3711 5315 inec
3732 5236 3823 5315 ‘Dei

2174 5319 2367 5367 nostra
2428 5306 2681 5381 cognitio
2742 5306 2911 5364 recte
2958 5311 3167 5365 dicitur
3225 5306 3528 5365 terminus;
3579 5306 3821 5381 siquidem

2173 5378 2617 5454 comparatafea,
2651 5398 2766 5452 qua
2804 5380 3057 5454 defuncti
3104 5384 3213 5436 frui
3262 5400 3575 5453 speramus,
3613 5378 3822 5454 perfecta

2175 5455 2273 5508 Dei
2299 5452 2647 5523 cognitione,
2676 5452 2853 5506 veluti
2877 5460 3209 5523 comparato
3230 5452 3358 5507 vitae
3380 5460 3585 5507 nostrze
3612 5452 3822 5502 termino

2173 5520 2548 5594 quiescamus.
2582 5525 2742 5577 Joan.
2780 5537 2895 5577 xvu
2921 5539 2934 5576 :
2959 5520 3099 5577 Haec
3122 5531 3199 5579 est
3230 5526 3343 5578 vita
3372 5530 3571 5578 zterna
3596 5527 3653 5574 ut
3669 5529 3825 5594 cogno-

2169 5592 2325 5650 scunt
2364 5601 2414 5649 te
2460 5596 2635 5648 solum
2680 5596 2849 5648 Deum
2886 5610 3091 5663 verum,
3140 5605 3189 5648 et
3238 5610 3392 5665 quem
3440 5596 3631 5649 misisti
3670 5592 3822 5644 Jesum

2169 5667 2463 5723 Christum.

2241 5739 2262 5774 ί
2297 5737 2439 5803 Quin
2469 5740 2694 5803 existat,
2722 5738 2917 5806 negari
2934 5736 3168 5807 nequit]
3188 5738 3229 5792 Ι.
3249 5733 3816 5807 ΡΙιὶΙοεορΙιὶδάεωοιιο
