3972 6172
155 272 238 324 ’165

1097 269 1188 323 DE
1227 269 1760 326 CONSOLATIONE
1800 270 2295 330 PHILOSOPHUS
2326 274 2457 328 LIB.
2498 276 2596 329 ΙΙΙ.

3491 281 3596 334 766

152 403 424 474 perfectum
454 415 684 469 quoque
724 399 956 470 aliquod
987 415 1129 461 esse,
1162 415 1392 455 necesse
1438 401 1530 455 sit.
1571 403 1793 456 Etenim
1834 406 1877 457 A
1903 410 2074 474 atque
2105 405 2512 460 inviolabiliter
2539 408 2764 477 probes,
2809 412 2916 477 (l5,
2948 424 2961 474 λ
2996 410 3150 479 quod
3197 409 3336 463 boni
3377 410 3582 463 suinmi

151 489 457 562 perfectione
495 487 740 552 sublata,
789 488 938 540 unde
982 488 1148 550 illud,
1197 490 1349 559 quod
1398 489 1793 560 imperfectum

148 578 460 651 perhibetur,
495 577 792 641 exstiterit,
826 593 895 630 ne
920 576 1058 646 ﬁngi
1092 577 1324 647 quidem
1358 584 1564 648 potest.
1600 581 1792 650 Neque

147 670 276 723 enim
318 668 382 719 ab
419 665 733 730 diminutis,
767 675 790 698 η
820 666 1411 737 inconsummatisque
1455 674 1659 722 natura
1700 685 1795 722 re-

148 774 252 810 rum
279 757 435 825 :cepit
475 756 792 819 exordium,
847 755 944 808 sed
974 755 1044 808 ab
1096 756 1356 826 integris,
1404 757 1796 829 absolutisque

149 845 446 917 procedens,
500 845 558 896 in
585 843 708 896 hac
748 850 1004 897 extrema
1033 849 1207 915 atque
1241 848 1263 886 ι)
1294 845 1464 899 effeta
1503 846 1793 900 dilabitur.

147 934 283 998 Quod
325 933 389 998 si,
458 933 542 985 uti
597 932 705 1001 (123)
765 934 935 1002 paulo
982 938 1112 986 ante
1172 935 1644 1003 monstravimus,
1714 942 1799 987 est

147 1023 375 1094 quaedam
408 1022 541 1074 boni
589 1022 806 1091 fragilis
839 1022 1171 1091 imperfecta
1200 1023 1442 1076 felicitas
1482 1043 1498 1076 :
1533 1039 1654 1078 esse
1685 1023 1794 1076 ali-

148 1126 293 1182 quam
339 1109 578 1162 solidam
622 1110 1051 1180 perfectamque
1082 1122 1105 1150 ο
1154 1128 1269 1164 11011
1305 1116 1494 1182 potest
1526 1112 1795 1165 dubitari.

149 1199 482 1262 t‘irmissime,
524 1199 760 1268 inquam
793 1202 836 1264 d,
870 1200 1282 1270 verissimeque
1315 1201 1664 1270 conclusum
1694 1206 1797 1254 est.

147 1294 270 1342 τευ
321 1286 488 1350 ‘Quo
538 1304 692 1352 vero,
751 1287 959 1358 inquit,
1008 1289 1313 1355 °.habitet,
1364 1289 1443 1342 ita
1481 1289 1798 1342 considera.

148 1378 298 1430 Deum
328 1392 519 1429 rerum
553 1377 816 1430 omnium
847 1368 1189 1448 principem,
1223 1378 1438 1432 bonum
1470 1393 1612 1446 esse,
1645 1395 1799 1432 com-

145 1466 304 1518 munis
359 1467 750 1520 humanorum
800 1468 820 1507 τ
863 1470 1155 1538 conceptio
1201 1469 1407 1538 pri-bat
1450 1470 1797 1522 animorum.

144 1559 259 1610 Nam
285 1571 411 1608 cum
440 1555 590 1609 nihil
634 1558 745 1610 Deo
784 1557 990 1610 melius
1015 1558 1322 1627 excogitari
1354 1563 1545 1628 queat,
1579 1559 1656 1625 id,
1687 1574 1802 1627 quo

145 1645 320 1698 melius
363 1643 506 1698 nihil
540 1649 645 1712 est,
693 1645 914 1698 bonum
949 1663 1068 1700 esse
1100 1647 1229 1716 quis
1271 1647 1533 1700 dubitet?
1561 1647 1641 1700 ita
1671 1663 1804 1699 vero

143 1735 327 1787 bonum
352 1750 471 1786 esse
506 1735 692 1788 Deum
726 1735 871 1787 ratio
904 1736 1356 1802 (l’i)demonstrat,
1395 1741 1459 1789 ut
1487 1736 1803 1806 perfectum

145 1839 342 1895 quoque
372 1824 597 1877 bonum
630 1824 690 1876 in
721 1840 789 1878 eo
822 1841 942 1878 esse
974 1825 1287 1878 convincat.
1322 1827 1461 1878 Nam
1488 1825 1546 1878 ni
1577 1827 1688 1880 tale
1711 1827 1800 1891 sit,

145 1929 306 1966 rerum
332 1913 597 1966 omnium
627 1913 892 1984 princeps
925 1929 1046 1967 esse
1080 1931 1194 1967 non
1225 1915 1441 1984 poterit
1473 1931 1486 1968 :
1513 1917 1622 1969 erit
1650 1916 1804 1968 enim

145 2020 196 2057 eo
219 2005 578 2073 praestantius
609 2005 850 2075 aliquid,
886 2004 1202 2076 perfectum
1236 2007 1535 2076 possidens
1563 2007 1803 2074 bonum,

143 2096 270 2164 quod
285 2095 384 2148 hoc
411 2097 600 2165 prius,
621 2100 789 2165 atque
818 2096 1110 2166 antiquius
1142 2113 1261 2150 esse
1277 2095 1536 2150 videatur
1569 2113 1582 2149 :
1609 2098 1807 2150 omnia

145 2197 360 2252 namque
386 2182 642 2251 perfecta
669 2193 691 2229 ι
722 2182 916 2236 minus
945 2183 1185 2252 integris
1206 2184 1398 2253 priora
1428 2200 1550 2237 esse
1580 2185 1807 2238 clarue—

145 2275 272 2340 runt,
305 2287 478 2342 quare
515 2288 590 2325 ne
612 2271 672 2325 in
702 2272 991 2325 inﬁnitum
1033 2273 1177 2325 ratio
1217 2273 1476 2342 prodeat,
1519 2275 1806 2327 contiten-

147 2360 258 2413 dum
289 2361 390 2431 (10)
430 2367 523 2415 est
575 2377 866 2415 summum
920 2364 1122 2428 Deum,
1174 2363 1404 2427 summi,
1451 2363 1807 2433 perfectique

144 2448 254 2501 boni
282 2467 395 2502 esse
435 2451 860 2520 plenissimum.
895 2451 1004 2504 Sed
1034 2453 1351 2520 perfectum
1369 2452 1583 2504 bonum
1615 2467 1808 2504 veram

148 2555 244 2590 esse
279 2540 700 2593 beatitudinem
747 2540 1166 2594 constituimus.
1202 2541 1404 2594 Veram
1435 2540 1615 2611 igitur
1668 2542 1808 2595 bea-

147 2627 410 2681 titudinem
460 2629 523 2682 in
570 2645 794 2682 summo
852 2629 967 2682 Deo
1024 2631 1189 2682 sitam
1231 2646 1372 2695 esse,
1425 2647 1652 2683 necesse
1704 2637 1805 2683 est.

147 2719 366 2788 Accipio,
387 2719 634 2788 inquam
652 2720 703 2787 h,
737 2734 840 2771 nec
865 2723 948 2771 est
973 2718 1126 2789 quod
1157 2719 1470 2771 contradici
1494 2718 1610 2772 ullo
1639 2720 1811 2772 modo

148 2814 310 2877 queat.
355 2810 461 2864 Sed
497 2825 720 2879 quaeso,
755 2808 946 2878 inquit
976 2809 1010 2876 ¹,
1044 2813 1120 2876 te,
1171 2809 1301 2863 vide
1330 2825 1505 2880 quam
1533 2810 1589 2864 id
1622 2815 1812 2863 sancte

1903 509 2193 547 summum
2229 496 2406 548 Deum
2430 496 2677 550 diximus
2707 514 2827 550 esse
2852 497 3268 566 plenissimum.
3302 498 3585 565 Quonam,

1904 581 2139 652 inquam
2163 586 2208 648 k,
2244 584 2456 638 modo?
2492 587 2604 638 ’Ne
2639 588 2650 627 ι
2679 586 2828 638 1111116
2850 602 3044 639 rerum
3076 586 3338 639 omnium
3366 593 3588 656 patrem

1906 671 2044 724 illud
2087 689 2377 726 summum
2413 674 2646 740 bonum,
2683 693 2796 745 quo
2844 676 3044 743 plenus
3084 691 3203 726 esse
3238 675 3590 744 perhibetur,

1909 762 1992 814 vel
2043 761 2393 815 extrinsecus
2425 763 2727 832 accepisse,
2767 764 2851 815 vel
2893 763 2970 816 ita
3002 763 3338 816 naturaliter
3383 762 3593 816 habere

1908 866 2243 919 praesumas,
2305 853 2485 921 quasi,
2545 852 2805 905 habentis
2865 853 2984 917 Dei,
3036 852 3362 922 habitzeque
3414 851 3592 905 beati-

1907 940 2125 992 tudinis
2164 939 2444 993 diversam
2495 942 2709 1009 cogites
2761 957 2878 992 esse
2912 941 3307 994 substantiam.
3365 942 3503 994 Nam
3549 943 3595 994 si

1911 1030 2257 1082 extrinsecus
2324 1037 2617 1099 acceptum
2666 1031 2776 1098 (‘20)
2847 1035 3032 1098 putes,
3086 1028 3454 1098 praestantius
3540 1029 3594 1082 id

1910 1118 2059 1186 quod
2094 1118 2333 1185 dederit,
2367 1135 2434 1171 eo
2484 1119 2638 1188 quod
2671 1117 2969 1187 acceperit,
3016 1119 3339 1170 existimare
3385 1117 3590 1186 possis.

1911 1212 2064 1260 σιειθ
2097 1206 2203 1260 Sed
2232 1207 2394 1270 hunc
2424 1222 2544 1259 esse
2591 1222 2785 1258 rerum
2837 1205 3096 1258 omnium
3137 1207 3595 1275 praecellentissi-

1915 1311 2095 1362 mum,
2119 1295 2452 1364 dignissime
2483 1294 2838 1348 confitemur.
2868 1295 3028 1358 Quod
3065 1295 3111 1346 si
3138 1300 3338 1347 natura
3361 1295 3593 1363 quidem

1913 1383 2082 1448 inest,
2117 1383 2213 1435 sed
2247 1389 2330 1436 est
2359 1384 2586 1437 ratione
2619 1384 2928 1447 diversum,
2955 1399 3083 1435 cum
3109 1383 3177 1435 de
3217 1398 3406 1434 rerum
3435 1384 3601 1452 prin-

1913 1473 2036 1540 cipe
2071 1474 2371 1541 loquamur
2405 1473 2536 1536 Deo,
2571 1473 2748 1541 tingat
2795 1473 2894 1542 qui
2925 1476 3130 1540 potest,
3163 1472 3312 1541 {quis
3347 1472 3468 1524 haec
3516 1471 3599 1523 di-

1914 1577 2076 1613 versa
2102 1562 2501 1630 conjunxerit?
2551 1562 2839 1614 Postremo
2873 1561 3022 1630 quod
3050 1561 3369 1630 aqualibet
3415 1576 3473 1612 re
3501 1559 3603 1627 1di-

1916 1665 2141 1702 versum
2187 1655 2288 1714 est,
2340 1649 2394 1702 id
2447 1666 2562 1702 non
2592 1655 2675 1703 est
2700 1650 2783 1721 ;(;1)
2827 1649 2990 1715 illud,
3044 1666 3070 1700 a
3105 1664 3218 1718 quo
3258 1649 3603 1717 intelligitur

1917 1754 2035 1791 esse
2063 1738 2369 1791 diversum.
2404 1738 2588 1801 Quare
2617 1737 2772 1808 quod
2800 1755 2833 1790 a
2865 1753 3091 1790 summo
3126 1737 3277 1790 bono
3311 1737 3602 1789 diversum

1915 1832 1999 1880 est
2045 1827 2132 1880 sui
2171 1832 2395 1892 natura,
2443 1827 2499 1880 id
2533 1843 2824 1880 summum
2875 1826 3093 1879 bonum
3138 1841 3252 1878 non
3284 1830 3365 1878 est
3400 1841 3412 1876 :
3448 1825 3602 1896 quod

1914 1917 2070 1970 nefas
2101 1922 2188 1969 est
2217 1917 2284 1969 de
2313 1919 2428 1969 Deo
2461 1917 2730 1986 cogitare,
2751 1932 2864 1986 quo
2895 1914 3038 1968 nihil
3058 1919 3279 1967 constat
3310 1931 3432 1968 esse
3459 1930 3605 1982 pra:-

1916 2006 2174 2058 stantius.
2212 2005 2457 2060 Omnino
2487 2005 2640 2058 enim
2674 2005 2886 2058 nullius
2908 2003 2989 2056 rei
3024 2009 3227 2056 natura
3262 2019 3362 2056 suo
3391 2002 3604 2072 princi-

1917 2095 2012 2164 pio
2076 2095 2281 2147 melior
2341 2095 2551 2164 poterit
2598 2094 2858 2154 existere,
2917 2108 3095 2164 quare
3147 2093 3299 2162 quod
3343 2091 3604 2145 omnium

1916 2183 2267 2253 principium
2297 2183 2388 2247 sit,
2430 2183 2486 2236 id
2534 2183 2776 2251 etiam'_1m
2807 2182 2893 2234 sui
2951 2180 3267 2234 substantia
3312 2196 3604 2232 summum

1920 2290 2041 2327 esse
2071 2272 2286 2325 bonum
2317 2271 2427 2342 (tO)
2460 2272 2754 2325 verissima
2796 2271 3015 2324 ratione
3051 2268 3441 2323 concluserim.
3503 2267 3605 2320 Re-

1919 2361 2185 2427 ctissime,
2207 2361 2463 2431 inquam.
2500 2361 2603 2415 Sed
2627 2375 2916 2413 summum
2944 2360 3163 2412 bonum
3190 2357 3605 2412 beatitudinem

1920 2469 2039 2506 esse
2079 2467 2409 2505 concessum
2455 2457 2556 2504 est.
2603 2452 2682 2503 Ita
2717 2455 2818 2517 est,
2853 2451 3111 2520 inquam.
3155 2448 3352 2517 Igitur,
3394 2447 3603 2516 inquit,

1923 2543 2099 2594 Deum
2124 2557 2244 2593 esse
2273 2540 2456 2609 ipsam
2485 2539 2922 2604 beatitudinem,
2945 2554 3172 2591 necesse
3205 2541 3290 2590 est
3321 2536 3602 2589 conﬁteri.

1925 2632 2034 2684 Nec
2065 2629 2390 2699 propositis,
2437 2630 2694 2698 inquam,
2725 2628 3012 2697 prioribus
3041 2640 3067 2667 ιι
3113 2626 3386 2694 refragari
3435 2641 3604 2694 queo,

1922 2725 1977 2773 et
2025 2720 2094 2772 ab
2139 2719 2252 2772 illis
2297 2719 2404 2770 hoc
2451 2719 2674 2770 illatum
2735 2732 3091 2786 consequens
3140 2731 3261 2767 esse
3300 2715 3605 2782 perspicio.

1920 2807 1942 2842 ³
1972 2809 2226 2877 Respice,
2259 2807 2468 2876 inquit,
2503 2822 2574 2858 an
2611 2807 2742 2859 hinc
2769 2821 3000 2875 quoque
3035 2804 3190 2857 idem
3240 2802 3349 2871 (15)
3381 2801 3607 2854 firmius

1574 2932 2153 2989 INTEHPBETATIO.

204 3040 225 3063 ⁸
256 3033 613 3098 Imperfectis.

207 3129 226 3162 δ
261 3105 480 3156 Debilia.

206 3185 225 3212 ο
261 3174 629 3227 Felicitatem.

204 3244 226 3285 ά
266 3245 368 3313 Ego
391 3245 655 3298 Boetius.

207 3322 224 3347 θ
257 3317 476 3370 Cuinam
505 3319 593 3368 rei
621 3315 757 3368 insit
779 3315 878 3366 illa
911 3315 1169 3380 felicitas,
1200 3317 1280 3366 ait
1310 3315 1673 3381 Philosophia.

151 3446 164 3464 ο
208 3383 221 3416 ¹
255 3389 404 3464 {Vatia
427 3390 535 3464 Dei,
558 3387 810 3464 omnibus
840 3387 1092 3439 humanis
1118 3386 1386 3438 mentibus
1417 3387 1601 3439 insita.

207 3470 231 3509 ε
256 3459 612 3527 Imperfectis.

1992 3031 2020 3071 h
2059 3029 2176 3096 Ego
2209 3027 2453 3080 Boetius.

1995 3116 2005 3153 1
2043 3097 2425 3166 Philosophia.

1992 3200 2003 3233 ,ι
2047 3174 2207 3223 Deum
2243 3165 2437 3222 habere
2467 3169 2732 3221 rationem
2756 3167 2956 3220 summi
2987 3165 3130 3217 boni.

1996 3245 2023 3283 ι(
2065 3243 2176 3309 Ego
2208 3240 2448 3292 Boetius.

2005 3309 2014 3342 ‘
2056 3308 2248 3380 lnquit
2276 3308 2660 3378 Philosophia.

1998 3395 2034 3416 "‘
2072 3385 2298 3438 Ratione
2327 3385 2429 3434 sui.

1999 3468 2022 3495 ιι
2063 3455 2150 3506 Ad
2158 3457 2380 3506 versari.

1770 3580 1988 3634 NOTAS.

154 3689 290 3743 strat,
327 3681 565 3752 aliquod
607 3696 730 3734 esse
786 3694 1080 3731 summum
1127 3678 1345 3752 bonum
1389 3676 1564 3746 :quia
1591 3692 1723 3752 cum
1753 3692 1820 3729 ex

153 3753 291 3805 dictis
320 3749 542 3806 con—stet
579 3766 872 3804 summum
915 3752 1129 3802 bonum
1161 3749 1313 3801 idem
1344 3764 1463 3800 esse
1505 3749 1660 3817 quod
1690 3762 1818 3815 per-

154 3824 354 3888 fectum,
389 3826 434 3876 si
467 3824 678 3878 existat
712 3821 942 3890 aliquod
973 3821 1310 3890 perfectum,
1346 3834 1574 3872 necesse
1622 3827 1725 3882 est,
1759 3822 1822 3890 ut

155 3897 356 3963 aliquod
388 3909 685 3948 summum
719 3888 935 3946 bonum
961 3888 1204 3963 existat:
1243 3891 1483 3943 existere
1505 3888 1818 3963 autem_ali-

156 3961 283 4032 quod
313 3968 634 4036 perfectum
656 4035 659 4036 ν
683 3963 790 4016 hac
823 3963 1099 4032 probatur
1143 3962 1676 4036 demonstratione:
1704 3961 1816 4036 lm-

156 4031 445 4102 perfec'tum
476 4039 538 4088 in
591 4035 786 4104 aliquo
818 4031 1029 4103 genere
1073 4034 1316 4104 existere
1364 4033 1583 4101 nequit,
1615 4031 1726 4083 nisi
1760 4032 1820 4104 in

158 4100 329 4160 eodem
363 4124 574 4176 genere
599 4100 844 4175 aliquod
864 4105 1181 4174 perfectum
1200 4102 1402 4156 existat
1425 4117 1436 4156 :
1457 4100 1820 4176 quandoqui-

160 4177 267 4230 dem
290 4174 425 4233 illud
456 4174 862 4247 imperfectum
886 4191 990 4227 nec
1012 4176 1240 4247 dicitur,
1264 4189 1368 4226 nec
1387 4174 1694 4240 cogitatur,
1718 4188 1822 4247 nec

160 4257 228 4300 est
251 4251 350 4302 nisi
401 4245 559 4302 facta
583 4248 1015 4316 comparatione
1062 4261 1193 4298 cum
1220 4246 1329 4297 hoc
1359 4247 1627 4313 perfecto,
1662 4245 1825 4310 cujus

160 4320 278 4372 illud
307 4321 527 4373 dicatur
558 4318 954 4387 cogiteturque
1003 4319 1306 4369 imminutio
1343 4323 1400 4368 et
1421 4331 1460 4387 7a
1486 4330 1600 4387 quo
1617 4316 1826 4387 ceperit

159 4392 434 4444 exordium.
458 4385 727 4460 Atqui—in
752 4385 961 4458 genere
992 4389 1129 4460 boni
1151 4387 1338 4460 existit
1358 4385 1591 4454 aliquod
1611 4385 1825 4460 imper-

163 4461 346 4514 fectum
380 4478 392 4514 :
424 4456 573 4514 illud
613 4456 826 4512 scilicet
875 4459 1030 4528 quod
1077 4459 1281 4526 fragile
1313 4463 1396 4510 est
1424 4464 1479 4508 et
1523 4456 1822 4519 caducum,

163 4534 218 4583 de
241 4548 346 4601 quo
379 4535 654 4586 hactenus
682 4531 1037 4601 disputatum
1068 4535 1170 4582 est.

220 4605 234 4637 ¹
255 4597 364 4667 Quo
381 4619 505 4656 vero
524 4597 784 4672 habitet.]
807 4603 870 4653 Il.
893 4599 1264 4672 Philosophia
1281 4600 1657 4672 demonstrat,
1681 4597 1831 4650 hanc

164 4675 339 4726 summi
382 4675 521 4727 boni
571 4669 929 4741 qualitatem,
965 4672 1066 4724 Dei
1096 4669 1215 4724 esse
1253 4686 1266 4722 :
1314 4670 1585 4739 quoniam
1638 4683 1830 4741 rerum

166 4758 398 4798 omnium
412 4739 681 4815 princeps
694 4747 973 4796 rationem
990 4743 1105 4795 sive
1119 4742 1451 4815 qualitatem
1474 4739 1684 4792 summi
1697 4739 1833 4815 boni

166 4815 348 4868 habeat
375 4810 633 4869 necesse'
649 4821 735 4867 est
767 4830 779 4866 :
815 4815 1067 4882 alioquin
1101 4813 1208 4866 erit
1237 4812 1453 4880 aliquid
1508 4827 1574 4862 eo
1605 4810 1830 4869 melius,

169 4887 467 4950 perfectius,
501 4889 710 4957 priust
737 4891 910 4955 atque
939 4886 1251 4953 antiquius,
1284 4886 1543 4957 adeoque
1583 4882 1680 4933 ille
1717 4896 1833 4957 non

169 4957 258 5008 erit
289 4952 572 5026 princeps.
626 4952 979 5024 Atqui—Deus
1024 4952 1108 5008 est
1137 4970 1331 5006 rerum
1364 4955 1623 5026 omnium
1677 4952 1833 5026 prin-

169 5024 323 5095 ceps':
360 5035 421 5080 ut
449 5024 748 5081 communis
780 5029 1138 5079 humanorum
1178 5029 1447 5092 conceptio
1485 5024 1680 5095 probat
1712 5025 1832 5074 ani-

169 5094 349 5151 marum
382 5116 393 5152 :
425 5116 557 5151 cum
598 5100 749 5151 enim
781 5100 902 5151 haec
932 5098 1228 5165 conceptio
1261 5113 1364 5148 nec
1393 5096 1460 5148 de
1495 5094 1694 5159 nihilo,
1733 5110 1835 5165 nec

170 5183 196 5216 a
221 5173 387 5222 nihilo
405 5187 528 5222 esse
552 5172 753 5238 possit,
775 5186 821 5221 δι
847 5164 1142 5236 conceptio
1165 5167 1262 5219 illa
1283 5168 1458 5219 fuerit
1487 5168 1546 5238 in
1569 5164 1836 5238 omnibus

173 5241 433 5293 mentibus
463 5234 733 5293 humanis
761 5243 851 5310 (ut
880 5234 1076 5292 revera
1097 5253 1216 5291 esse
1246 5237 1642 5310 unusquisque
1665 5234 1836 5310 hujus

172 5313 404 5363 conscius
436 5308 780 5380 experitur),
821 5327 1051 5363 necesse
1083 5317 1169 5362 est
1194 5315 1256 5360 ut
1305 5308 1707 5380 existatDeus,
1741 5308 1836 5357 ille

173 5395 341 5435 rerum
367 5378 625 5435 omnium
661 5378 945 5451 princeps,
972 5381 1042 5434 de
1065 5385 1245 5450 quoet
1278 5399 1304 5429 a
1340 5396 1453 5448 quo
1486 5378 1558 5430 sit
1582 5379 1678 5429 illa
1694 5392 1836 5428 com-

173 5456 326 5504 munis
359 5458 662 5506 unimorum
693 5455 1052 5506 humanorum
1091 5452 1388 5518 conceptio.

229 5523 246 5553 ²
283 5525 352 5577 Ne
383 5525 518 5577 hunc
559 5540 736 5576 rerum
767 5526 1006 5577 omnium
1039 5515 1304 5590 patr-emi]
1343 5521 1430 5574 III.
1466 5515 1836 5590 Philosophia

174 5590 511 5654 demonstrat,
535 5595 679 5648 hanc
707 5595 919 5648 summi
950 5588 1087 5646 boni
1117 5588 1400 5645 rationem
1435 5591 1549 5644 sive
1587 5588 1836 5658 qualita-

175 5667 271 5716 tem
299 5681 411 5718 esse
453 5666 524 5719 ab
555 5666 676 5735 ipso
717 5668 833 5720 Deo
864 5665 1290 5719 indistinctam:
1323 5664 1460 5733 quia
1503 5676 1634 5714 cum
1664 5658 1834 5729 plilo-

1933 3674 2150 3742 sophiae
2182 3673 2339 3725 nefas
2353 3670 2691 3739 sitjudicare
2723 3668 2831 3720 nisi
2853 3664 3614 3742 praeeuntibusnotionibus,

1933 3738 2071 3815 quas
2098 3743 2406 3814 judicando
2437 3738 2587 3815 inter
2617 3759 2673 3792 se
2707 3745 2904 3806 jungat
2937 3745 3034 3815 aut
3051 3742 3308 3815 separet,
3346 3738 3466 3788 haec
3500 3751 3617 3815 non

1932 3806 2118 3885 potest
2159 3815 2417 3883 judicare
2459 3813 2738 3864 rationem
2795 3810 3006 3885 summi
3050 3809 3184 3861 boni
3242 3823 3364 3885 esse
3423 3824 3455 3858 a
3505 3806 3619 3858 Deo

1930 3881 2278 3948 distinctam,
2325 3884 2432 3936 nisi
2465 3888 2520 3935 et
2569 3897 2860 3934 summum
2906 3881 3145 3939 bonum,
3179 3885 3235 3931 et
3284 3881 3485 3940 Deum,
3519 3893 3620 3928 sua

1930 3957 2244 4027 quemlibet
2267 3968 2521 4006 seorsum
2545 3953 2800 4027 notione,
2844 3951 2992 4003 clare
3011 3956 3067 4027 et
3086 3951 3346 4003 distincte
3368 3949 3619 4027 cogitare

1931 4019 2104 4098 possit
2137 4043 2150 4079 :
2194 4029 2271 4078 ita
2301 4029 2364 4077 ut
2405 4025 2830 4098 veremcogitare
2874 4022 3050 4090 possit
3080 4019 3620 4098 summum‘bonum

1935 4090 2045 4152 non
2077 4114 2198 4150 esse
2233 4098 2434 4159 Deum,
2464 4101 2520 4146 et
2552 4095 2728 4146 Deum
2763 4108 2875 4143 non
2909 4108 3029 4143 esse
3061 4106 3351 4143 summum
3380 4090 3618 4152 bonum;

1938 4175 2237 4239 propterea
2267 4167 2449 4239 enim“
2473 4167 2672 4239 eadem
2704 4163 3072 4231 philosophia
3115 4161 3334 4229 judicat
3367 4164 3618 4210 mentem

1935 4237 2187 4294 nostram
2230 4254 2350 4291 esse.
2399 4237 2724 4289 distinctam
2756 4251 2786 4285 a
2841 4240 3034 4284 nostro
3078 4246 3316 4298 oorpore
3347 4245 3359 4281 :
3396 4245 3457 4281 ex
3508 4244 3621 4296 quo

1937 4315 2273 4380 sequeretur
2306 4309 2588 4361 rationem
2602 4306 2808 4357 summi
2831 4304 2988 4380 boni,
3005 4317 3176 4372 quam
3198 4303 3344 4380 Deus
3366 4300 3620 4380 haberet,

1937 4370 2056 4435 esse
2089 4382 2437 4433 extrinsecus
2468 4385 2777 4446 acceptam,
2811 4370 3068 4442 adeoque
3088 4388 3207 4446 esse
3237 4371 3490 4446 aliquam
3527 4370 3624 4420 Dei

1937 4469 2188 4515 causam,
2233 4467 2360 4520 qua)
2389 4451 2567 4502 Deum
2600 4441 2655 4500 et
2672 4446 2880 4499 summi
2913 4441 3046 4520 boni
3072 4444 3356 4496 rationem
3389 4441 3537 4493 inter
3567 4457 3624 4492 se

1939 4515 2304 4593 conjunxerit
2337 4538 2349 4574 :
2376 4537 2493 4573 non
2517 4535 2675 4593 secus
2700 4535 2761 4570 ac
2791 4533 2951 4569 mens
2973 4515 3244 4593 humana,
3279 4528 3392 4593 qua
3423 4527 3627 4593 corp-us

1941 4583 2300 4658 informatur,
2334 4597 2416 4644 est
2448 4592 2795 4644 extrinsecus
2827 4592 3076 4661 accepta,
3113 4583 3493 4661 agnoscitque.
3519 4583 3626 4661 ali-

1940 4682 2112 4736 quam
2140 4666 2225 4718 sui
2251 4678 2500 4736 causam,
2535 4677 2668 4736 quas,
2695 4665 2945 4736 mentem
2969 4658 3153 4725 ipsam
3181 4661 3236 4736 et
3253 4670 3459 4736 corpus
3482 4658 3631 4704 inter

1942 4728 1997 4788 ἐρ
2018 4735 2398 4804 conjunxerit.
2423 4728 2597 4801 Atqui
2615 4728 2980 4804 philosophia
2998 4743 3112 4779 non
3127 4732 3317 4804 potest
3337 4739 3630 4804 summum

1942 4794 2155 4861 bonum
2189 4813 2243 4858 et
2277 4807 2454 4857 Deum
2487 4794 2920 4870 suaquemlibet
2941 4794 3198 4850 seorsum
3227 4798 3462 4870 notione
3485 4794 3631 4870 clare

1943 4886 2000 4931 et
2055 4878 2320 4931 distincte
2365 4866 2657 4943 cogitare}
2703 4870 3171 4943 quandoquidem
3216 4876 3279 4920 ut
3341 4869 3505 4932 Deus,
3554 4866 3632 4917 sic

1944 4963 2233 5002 summum
2258 4942 2474 4999 bonum
2497 4945 2798 5012 cogitatur,
2833 4957 2937 5008 quo
2966 4942 3106 4994 nihil
3132 4945 3342 4992 constat
3366 4953 3475 4991 esse
3495 4951 3634 5005 prae-

1943 5024 2198 5083 stantius,
2232 5020 2439 5080 melius,
2468 5014 2644 5083 prius.

2014 5096 2034 5125 ³
2064 5079 2284 5157 Respice
2305 5104 2372 5140 an
2403 5079 2526 5139 hinc
2549 5101 2778 5155 quoque.
2808 5082 2823 5151 ]
2859 5085 2943 5135 IV.
2982 5081 3352 5157 Philosophia
3391 5079 3633 5131 demon—

1945 5167 2106 5226 strat,
2139 5152 2357 5228 aliquid
2394 5174 2508 5210 non
2533 5152 2701 5225 posse
2731 5171 2860 5207 cum
2901 5157 3009 5228 Deo
3042 5152 3464 5228 communicare
3500 5163 3635 5228 pra-3-

1944 5222 2153 5286 dictam
2195 5222 2407 5282 summi
2442 5222 2576 5280 boni
2624 5227 2931 5290 rationem,
2965 5225 3099 5287 sive,
3156 5223 3309 5298 quod
3332 5222 3630 5298 tidemnest,

1947 5321 2061 5356 non
2094 5318 2256 5373 posse
2284 5301 2543 5373 esseduo
2577 5314 2800 5350 summa
2833 5297 3030 5373 bona:
3077 5290 3209 5362 quia
3238 5308 3300 5342 ex
3322 5290 3636 5373 j_ain.dictis

1945 5364 2112 5444 quod.
2131 5374 2305 5426 habet
2323 5371 2605 5444 rationem
2632 5370 2846 5444 summi
2871 5367 3029 5444 boni,
3063 5380 3175 5416 sive
3197 5364 3348 5431 quod
3383 5366 3465 5444 est
3479 5375 3638 5444 sum:

1947 5434 2106 5497 11111111
2147 5445 2386 5506 bonum,
2420 5441 2561 5494 illud
2592 5441 2904 5509 perfectum
2935 5438 3025 5498 sit,
3059 5449 3304 5509 necesse“
3326 5437 3428 5483 est.
3463 5434 3636 5499 Atqui

1946 5518 2069 5569 fieri
2102 5532 2218 5567 non
2261 5503 2446 5582 potest
2481 5520 2542 5564 ut
2573 5503 2688 5564 sint
2719 5512 2830 5582 duo
2857 5509 3128 5582 absolute
3178 5503 3425 5582 perfecta
3460 5518 3471 5553 :
3505 5518 3636 5553 cuin

1947 5580 2272 5655 perfectum
2301 5584 2569 5655 gabsolute
2610 5580 2869 5655 nec__d_ici
2917 5592 3021 5655 nec
3067 5580 3310 5644 cogitari
3368 5589 3472 5655 nec
3517 5588 3638 5655 esse

1947 5644 2135 5727 possit,
2166 5657 2274 5709 nisi
2301 5644 2446 5708 illud
2477 5654 2565 5707 eui
2601 5652 2744 5704 nihil
2780 5651 2935 5703 deest
2968 5664 2979 5700 :
3014 5661 3258 5716 cumque
3305 5661 3369 5697 ex
3413 5644 3637 5696 duobus
