3972 6172
325 235 428 288 767

1671 236 1781 290 AN.
1823 237 1990 291 MAN.
2034 235 2185 292 SEV.
2229 234 2460 290 BOETII
3679 247 3766 298 768

327 372 701 441 approbatur,
726 373 879 443 quod
914 373 1027 426 duo
1055 389 1281 426 summa
1310 373 1476 439 bona,
1501 389 1630 443 quae
1654 389 1685 425 a
1714 389 1771 425 se
1794 372 2017 425 diversa
2055 374 2101 426 Α
2123 371 2358 426 scmus?
2389 373 2466 425 Ac
2495 386 2789 425 summum
2819 372 3072 442 quidem,
3111 372 3367 444 inquam.
3390 373 3585 441 Addas,
3614 377 3773 446 inquit

327 463 477 525 sunt,
511 476 632 514 esse
663 474 782 513 non
799 466 1055 530 possunt.
1096 461 1314 514 Etenim
1335 477 1460 531 quae
1490 462 1812 528 discrepant
1843 459 2016 525 bona,

324 564 441 602 non
472 564 592 603 esse
633 548 898 616 alterum,
945 549 1100 619 quod
1139 549 1213 601 sit
1270 550 1535 608 alterum,
1584 549 1810 619 liquet:
1842 563 2019 618 quare

323 642 594 692 neutrum
635 637 849 706 poterit
879 653 998 690 esse
1051 638 1390 707 perfectum,
1425 653 1553 691 cum
1587 637 1844 690 alterutri
1877 637 2018 690 alte-

326 742 452 780 rum
486 726 664 780 deest.
699 726 807 780 Sed
842 727 990 796 quod
1016 727 1331 798 perfectum
1363 743 1478 780 non
1515 727 1608 791 sit,
1641 726 1692 779 id
1727 742 2016 779 summum

327 832 438 869 non
481 831 599 867 esse
643 816 1005 868 manifestum
1058 823 1143 868 est
1186 833 1196 868 :
1235 817 1391 868 nullo
1449 815 1622 869 modo
1668 816 1844 885 igitur
1890 831 2017 884 quin

326 920 551 958 summa
605 911 737 958 sunt
796 905 964 969 bona,
1017 921 1080 956 ea
1134 916 1370 975 possunt
1438 905 1546 971 (‘20)
1604 921 1724 957 esse
1772 904 2013 957 diversa.

326 993 498 1063 Atqui
530 997 584 1045 et
638 993 1077 1058 beatitudinem,
1126 1000 1180 1045 et
1218 995 1414 1058 Deum,
1467 1009 1758 1046 summum
1800 993 2016 1046 bonum

325 1097 446 1135 esse
476 1081 815 1151 collegimus
857 1099 1072 1153 :quare
1125 1083 1307 1153 ipsam
1352 1098 1578 1136 necesse
1611 1088 1695 1134 est
1730 1098 2014 1135 summam

326 1185 445 1223 esse
485 1169 923 1237 beatitudinem,
961 1187 1088 1240 quin
1118 1172 1190 1224 sit
1235 1186 1462 1223 summa
1503 1171 1796 1223 llivinitas.
1845 1171 2014 1233 Nihil,

326 1258 702 1328 inquam,nec
736 1275 794 1311 re
824 1259 925 1312 hac
958 1259 1162 1322 verius,
1189 1276 1288 1312 nec
1312 1259 2013 1324 ratiocinationeﬁirmius,

326 1363 428 1400 nec
481 1349 595 1401 Deo
639 1349 865 1418 dignius
905 1348 1168 1401 concludi
1201 1354 1408 1418 potest.
1460 1353 1602 1402 23!
1657 1348 1841 1418 Super
1872 1349 2010 1411 haec,

325 1437 530 1507 inquit,
577 1437 754 1505 igitur
806 1437 979 1490 veluti
1023 1444 1333 1507 geometrae
1380 1438 1580 1502 solent,
1614 1437 2016 1490 demonstratis

325 1524 650 1595 propositis,
702 1525 916 1596 aliquid
972 1526 1202 1588 inferre,
1260 1527 1278 1561 ¹
1325 1541 1451 1595 quin
1512 1524 1859 1598 λπέρίσματα
1906 1526 2014 1595 ipsi

324 1618 545 1679 vocant,
583 1614 661 1666 ita
691 1631 800 1684 ego
834 1631 1068 1684 quoque
1107 1615 1208 1667 tibi
1239 1615 1415 1667 veluti
1450 1615 1815 1667 corollarium
1844 1614 2008 1669 dabo.

323 1703 345 1735 ⁸
370 1700 507 1752 Nam
533 1717 812 1771 quoniam
844 1701 1217 1755 beatitudinis
1241 1702 1541 1772 adeptione
1568 1701 1714 1755 ﬁunt
1751 1702 2017 1756 homines

324 1787 493 1850 beati,
533 1788 823 1842 beatitudo
869 1805 1001 1841 vero
1047 1795 1126 1842 est
1173 1789 1292 1860 ipsa
1347 1790 1643 1856 Divinitas,
1697 1789 2017 1842 Divinitatis

326 1875 404 1945 (5)
439 1877 747 1946 adeptione
801 1877 925 1930 ﬁeri
976 1879 1191 1944 beatos,
1229 1879 1596 1932 manifestum
1643 1885 1745 1931 est.
1797 1879 1902 1933 Sed
1937 1880 2018 1932 uti

322 1964 560 2034 justitiaa
589 1966 894 2036 adeptione
922 1967 1084 2036 justi,
1117 1968 1410 2037 sapientia:
1436 1967 1720 2038 sapientes
1751 1967 1915 2034 ﬁunt,
1940 1969 2020 2022 ita

327 2053 688 2108 Divinitatem
723 2055 974 2124 adeptos,
1001 2055 1136 2109 deos
1166 2057 1289 2108 ﬁeri
1319 2056 1491 2109 simili
1527 2057 1748 2109 ratione
1790 2071 2017 2110 necesse

327 2146 430 2196 est.
478 2143 674 2197 Omnis
704 2144 881 2214 igitur
927 2145 1146 2211 beatus,
1180 2147 1359 2209 Deus;
1385 2145 1483 2198 sed
1533 2151 1738 2198 natura
1783 2147 2018 2216 quidem

326 2245 497 2296 unus,
544 2232 979 2304 participatione
1029 2251 1162 2287 vero
1195 2233 1338 2287 nihil
1377 2235 1645 2304 prohibet
1691 2251 1812 2288 esse
1845 2251 2018 2305 quam

326 2320 628 2388 plurimos.
674 2323 746 2377 Et
790 2324 1116 2392 pulchrum,
1149 2323 1408 2393 inquam.
1444 2324 1567 2387 hoc,
1600 2328 1769 2393 atque
1815 2323 2021 2393 pretio-

328 2425 473 2473 sum,
511 2410 627 2463 sive
664 2415 938 2484 δπερίσμα,
985 2412 1100 2464 sive
1130 2413 1489 2464 corollarium
1533 2412 1641 2480 (l0)
1674 2413 1857 2465 vocari
1891 2429 2016 2466 ma-

329 2497 430 2551 vis.
462 2498 483 2529 ³
519 2501 691 2568 Atqui
723 2499 829 2552 hoc
855 2517 1086 2570 quoque
1119 2500 1414 2568 pulchrius
1448 2500 1587 2553 nihil
1617 2507 1718 2565 est,
1754 2501 1896 2570 quod
1930 2500 2015 2553 his

328 2587 748 2640 annecteudum
795 2604 915 2640 esse
971 2591 1115 2641 ratio
1159 2589 1481 2658 persuadet.
1531 2589 1716 2652 Quid?
1755 2589 2014 2658 inquam.

329 2675 470 2728 Cum
533 2677 730 2739 multa,
776 2677 986 2747 inquit,
1036 2677 1327 2731 beatitudo
1379 2679 1669 2730 continere
1736 2677 2014 2740 videatur,

329 2768 600 2817 utrumne
653 2765 771 2818 base
799 2777 820 2805 ε
853 2765 1046 2818 omnia
1079 2782 1254 2818 unum
1297 2767 1472 2820 veluti
1512 2783 1719 2836 corpus
1771 2765 2014 2819 beatitu-

330 2852 480 2906 dinis
520 2854 768 2923 quadam
819 2856 1069 2924 partium
1105 2856 1376 2908 varietate
1416 2857 1789 2925 conjungant,
1833 2873 1901 2909 an
1944 2857 2016 2908 sit

2130 460 2235 514 hoc
2268 460 2536 513 omnibus
2584 459 2735 514 licet.
2792 461 2933 514 Nam
2967 461 3165 515 eadem
3206 463 3538 516 sufﬁcientia
3583 480 3777 517 summa

2128 554 2232 616 est,
2267 549 2465 602 eadem
2505 564 2732 602 summa
2769 549 3048 618 potentia,
3082 554 3402 603 reverentia
3430 566 3664 620 quoque,
3683 554 3777 605 cla-

2127 637 2284 702 ritas,
2318 642 2374 690 et
2401 637 2666 706 voluptas
2697 637 2990 690 beatitudo
3025 654 3147 690 esse
3179 638 3484 706 judicatnr.
3528 639 3660 702 Quid
3688 640 3778 706 (20;

2125 725 2343 794 igitur?
2377 726 2636 780 Haeccine
2650 726 2864 790 omnia,
2885 727 3125 791 bonum,
3147 727 3506 791 sufﬁcientia,
3529 729 3776 797 potentia,

2125 819 2445 884 caateraque
2480 814 2656 867 veluti
2687 814 2953 884 quaedam
2981 815 3349 870 beatitudinis
3382 819 3628 868 membra
3652 825 3780 879 sunt,

2126 920 2197 957 an
2224 903 2293 956 ad
2325 903 2562 967 bonum,
2594 903 2769 956 veluti
2799 903 2868 956 ad
2911 905 3179 957 verticem
3209 907 3415 957 cuncta
3456 905 3782 960 referuntur?

2120 993 2410 1062 Intelligo,
2431 991 2689 1062 inquam,
2717 993 2854 1062 quid
2881 993 3354 1062 investigandum
3382 996 3781 1063 proponaszsed

2127 1081 2267 1152 quid
2315 1081 2649 1147 constituas,
2681 1082 2877 1136 audire
2927 1082 3208 1135 desidero.
3262 1083 3442 1152 Hujus
3481 1083 3558 1134 rei
3605 1081 3782 1134 discre-

2125 1173 2343 1224 tionem
2372 1171 2450 1224 sic
2478 1170 2690 1240 accipe.
2727 1171 2785 1225 Si
2819 1172 2937 1224 haec
2959 1170 3147 1223 omnia
3169 1170 3542 1224 beatitudinis
3565 1172 3785 1222 membra

2125 1261 2332 1324 forent,
2366 1276 2399 1312 a
2443 1276 2501 1312 se
2545 1275 2774 1331 quoque
2807 1259 3056 1313 invicem
3111 1259 3226 1328 (ἳὸ)
3259 1259 3660 1328 discreparent.
3686 1260 3785 1311 llaec

2128 1354 2212 1402 est
2251 1347 2408 1402 enim
2440 1348 2692 1418 partium
2739 1352 2962 1411 natura,
3010 1350 3075 1399 ut
3124 1362 3302 1399 unum
3356 1362 3564 1414 corpus
3603 1347 3786 1399 diversa

2125 1442 2490 1507 componant.
2523 1435 2697 1506 Atqui
2746 1435 2865 1488 haec
2895 1435 3089 1487 omnia
3135 1434 3287 1486 idem
3337 1449 3461 1486 esse
3511 1439 3787 1485 monstrata

2125 1531 2278 1580 sunt.
2312 1530 2460 1580 232
2505 1525 2733 1578 Minime
2753 1523 2949 1593 igitur
2973 1522 3229 1576 membra
3259 1527 3399 1575 sunt
3425 1538 3438 1574 :
3471 1521 3710 1591 alioquin
3733 1538 3784 1574 ex

2127 1632 2239 1668 uno
2263 1613 2519 1667 membro
2548 1613 2840 1666 beatitudo
2863 1611 3153 1665 videbitur
3172 1627 3294 1664 esse
3313 1611 3638 1680 conjuncta,
3660 1613 3785 1679 quod

2126 1703 2251 1757 ﬁeri
2283 1701 2499 1772 nequit.
2528 1702 2589 1755 Id
2616 1701 2870 1772 quidem,
2895 1701 3153 1771 inquam,
3177 1699 3425 1754 dubium
3451 1715 3565 1752 non
3582 1702 3661 1752 est
3682 1715 3693 1752 :
3711 1702 3784 1752 sed

2127 1794 2203 1858 id,
2247 1792 2402 1862 quod
2449 1796 2643 1854 restat,
2691 1797 2971 1860 exspecto.
3019 1790 3099 1844 Ad
3166 1790 3386 1844 bonum
3443 1804 3572 1841 vero
3616 1795 3786 1841 cetera

2128 1880 2324 1933 referri
2356 1880 2544 1950 palam
2578 1884 2679 1932 est.
2735 1880 2948 1933 Idcirco
2990 1879 3146 1932 enim
3197 1877 3546 1932 sufﬁcientia
3587 1878 3784 1947 petitur,

2126 1968 2400 2039 quoniam
2442 1970 2660 2023 bonum
2691 1984 2810 2022 esse
2842 1969 2918 2038 (ὅ)
2955 1967 3279 2038 judicatur;
3314 1968 3529 2020 idcirco
3570 1969 3786 2035 potentia

2128 2057 2403 2126 quoniam
2437 2056 2493 2109 id
2538 2071 2770 2126 quoque
2797 2071 2914 2109 esse
2959 2055 3217 2108 creditur
3248 2055 3495 2108 bonum.
3548 2055 3692 2108 Idem
3733 2052 3785 2106 de

2126 2145 2464 2211 reverentia,
2496 2145 2856 2210 claritudine,
2893 2144 3278 2214 jucunditate,
3328 2143 3782 2214 conjectarelicet.

2128 2233 2398 2288 Omnium
2439 2234 2618 2302 igitur
2668 2233 3115 2303 expetendorum
3160 2248 3396 2286 summa
3441 2237 3608 2302 atque
3652 2244 3788 2282 causa

2128 2324 2344 2376 bonum
2377 2327 2480 2375 est.
2512 2322 2672 2386 Quod
2707 2322 2858 2374 enim
2892 2337 3079 2391 neque
3111 2337 3191 2382 re,
3223 2336 3419 2392 neque
3451 2318 3787 2373 similitudine

2129 2415 2310 2466 ullum
2362 2411 2421 2464 in
2471 2428 2528 2465 se
2576 2411 2786 2464 retinet
2814 2411 3050 2476 bonum,
3097 2409 3148 2463 id
3211 2410 3414 2480 expeti
3458 2409 3610 2462 nullo
3652 2407 3786 2460 modo

2127 2505 2334 2571 potest.
2367 2501 2693 2570 Contraque
2718 2501 2912 2565 etiam,
2947 2504 2966 2535 ⁸
2999 2516 3127 2569 quae
3151 2505 3362 2551 natura
3395 2498 3542 2551 bona
3573 2512 3674 2549 non
3703 2497 3787 2558 (illi

2127 2594 2280 2655 sunt,
2321 2593 2514 2641 tamen
2546 2588 2592 2640 si
2621 2604 2740 2640 esse
2776 2587 3094 2649 videantur,
3138 2586 3302 2656 quasi
3338 2603 3475 2640 vera
3513 2586 3652 2638 bona
3679 2585 3786 2642 sint,

2126 2681 2498 2747 appetuntur.
2541 2676 2664 2741 Quo
2697 2676 2779 2740 tit,
2816 2676 2900 2730 uti
2933 2691 3180 2739 summa,
3219 2676 3423 2740 cardo,
3457 2683 3622 2745 atque
3650 2688 3788 2726 causa

2127 2764 2580 2834 expetendorum
2622 2763 2902 2828 omnium,
2948 2763 3176 2816 bonitas
3217 2779 3344 2815 esse
3376 2763 3509 2831 jure
3535 2761 3780 2814 credatur.

2128 2857 2148 2890 ³
2167 2853 2340 2925 Cujus
2369 2867 2502 2907 vera
2530 2868 2700 2905 causa
2729 2851 2864 2922 quid
2888 2852 3194 2920 expetitur,
3231 2851 3286 2904 id
3325 2851 3572 2903 maxime
3592 2850 3786 2903 videtur

329 2957 527 2995 eorum
568 2943 804 3012 aliquid,
848 2944 995 3014 quod
1043 2944 1412 2998 beatitudinis
1443 2945 1820 2998 substantiam
1862 2962 2014 2998 com-
2054 2932 2093 2982 (ἶ
2125 2942 2328 3013 optari.
2360 2941 2547 2994 Veluti
2575 2941 2622 2994 si
2645 2940 2842 2994 salutis
2867 2955 3035 2993 causa
3053 2940 3345 3010 quispiam
3380 2941 3517 2992 velit
3544 2940 3783 3008 equitare,

329 3033 497 3101 pleat,
535 3033 604 3084 ad
651 3033 758 3085 hoc
791 3049 923 3086 vero
967 3033 1080 3102 (t5)
1121 3040 1322 3086 caitera
1372 3034 1730 3086 referantur?
1783 3033 2015 3098 Vellem,

330 3120 590 3190 inquam,
626 3120 681 3174 id
714 3121 1190 3190 ipsarumlrerum
1219 3121 1769 3174 commemoratione
1798 3121 2020 3191 patefa-

329 3223 504 3261 ceres.
539 3208 758 3275 Nonne,
794 3209 1004 3280 inquit,
1045 3209 1458 3263 beatitudinem
1498 3211 1710 3262 bonum
1748 3225 1867 3261 esse
1894 3225 2021 3263 cen-

2127 3037 2389 3086 nontam
2430 3029 2726 3100 equitandi
2771 3034 2994 3082 motum
3034 3029 3347 3092 desiderat,
3399 3044 3570 3098 quam
3615 3025 3784 3078 salutis

2128 3120 2413 3174 effectum.
2447 3119 2584 3173 Cum
2610 3118 2788 3188 igitur
2807 3117 3002 3171 omnia
3034 3119 3146 3187 (15)
3177 3118 3313 3170 boni
3351 3118 3536 3186 gratia
3557 3120 3787 3186 petantur

2131 3225 2244 3262 non
2276 3209 2374 3261 illa
2407 3207 2602 3278 potius
2643 3223 2815 3277 quam
2861 3207 3077 3261 bonum
3113 3207 3298 3276 ipsum
3357 3206 3698 3259 desideratur
3733 3203 3785 3256 ab

1798 3333 2354 3389 INTERPRETATIO

399 3437 424 3462 ⁸
463 3427 824 3483 Consectaria.

397 3501 422 3540 ῐδ
461 3499 878 3554 Consectarium.

2193 3440 2212 3463 ε
2244 3432 2334 3484 An
2363 3429 2471 3484 hac
2502 3435 2680 3483 omnia
2707 3431 2817 3483 sint
2847 3443 3014 3482 unum
3038 3433 3088 3482 et
3121 3442 3328 3494 unum;
3364 3444 3439 3481 an
3460 3428 3639 3497 potius
3657 3423 3794 3477 miunt

2126 3503 2378 3571 pluribus
2401 3501 2576 3555 modis
2596 3516 2650 3554 se
2673 3500 2894 3554 habens.

1971 3625 2192 3681 ΝΟΤᾸΞ.

330 3719 572 3774 summis
621 3719 808 3785 bonis,
860 3723 907 3775 si
956 3723 1218 3775 adessent
1262 3721 1600 3775 alterutrum
1656 3723 1818 3775 alteri
1855 3722 2016 3776 dees-

331 3798 435 3844 set.

405 3861 575 3936 {Quae
603 3863 950 3936 πορίσματα.]
978 3863 1037 3915 V.
1073 3862 1444 3936 Philosophia
1494 3880 1662 3936 more
1685 3865 2018 3931 geometrias

330 3949 394 4009 ex
417 3932 822 4009 demonstratis
844 3935 1110 4009 quaedam
1131 3932 1322 3999 infert,
1347 3951 1471 4009 qua:
1492 3935 1698 4009 Graecis
1720 3935 2018 4009 παρις-ματα

331 4005 540 4058 Latinis
588 4008 935 4059 consectaria
987 4012 1276 4064 vocantur,
1319 4008 1432 4058 sive
1483 4007 1654 4060 etiam
1692 4005 2012 4066 corollaria.

329 4091 596 4147 quaenam
639 4077 853 4129 scilicet
907 4081 1114 4146 praeter
1161 4077 1415 4130 debitum
1460 4079 1608 4144 data,
1647 4079 1945 4132 Normanis
1972 4083 2017 4130 le

326 4153 592 4217 repiquet.

399 4217 418 4250 ²
454 4220 595 4272 Nam
641 4221 918 4284 quoniam,
966 4217 1103 4287 etc.1
1143 4217 1396 4273 Primum
1454 4221 1865 4274 consectarium
1911 4225 2013 4283 est,

327 4288 592 4361 homines
611 4291 915 4360 adeptione
941 4290 1309 4343 beatitudinis
1335 4291 1459 4344 fieri
1487 4293 1623 4344 deos
1653 4307 1665 4344 :
1700 4293 1848 4361 quod
1883 4293 2017 4360 qui-

329 4359 458 4413 dem
490 4363 570 4412 sic
597 4359 857 4415 infertur.
893 4361 989 4413 Est
1022 4363 1166 4414 Deus
1215 4367 1450 4422 natura;
1481 4370 1566 4414 est
1611 4359 1757 4414 Deus
1785 4359 2017 4430 partici-

322 4435 560 4498 patione.
597 4432 743 4485 Deus
772 4437 1005 4497 natura,
1039 4439 1125 4484 est
1163 4447 1251 4484 res
1285 4447 1506 4485 summe
1540 4433 1788 4502 perfecta
1817 4449 1828 4485 :
1869 4435 2016 4485 unde

327 4517 456 4554 cum
497 4519 560 4554 ex
591 4503 753 4556 dictis
785 4520 898 4557 non
931 4503 1110 4571 possit
1138 4518 1258 4554 esse
1307 4505 1609 4571 multiplex
1654 4520 1742 4554 res
1795 4519 2016 4556 summe

330 4573 598 4641 perfecta,
634 4575 844 4628 idcirco
876 4575 1026 4627 Dens
1060 4581 1265 4625 natura
1297 4573 1373 4625 ita
1424 4575 1626 4626 unicus
1658 4580 1761 4637 est,
1799 4581 1859 4626 ut
1903 4592 2014 4626 non

330 4643 506 4714 possit
534 4658 652 4696 esse
687 4647 1002 4714 multiplex.
1039 4645 1186 4698 Deus
1211 4660 1340 4696 vero
1360 4647 1787 4712 participatione
1811 4645 2019 4697 dicitur

329 4711 426 4763 illa
462 4727 643 4785 mens,
677 4731 802 4784 que
841 4711 1187 4785 cogitatione
1217 4711 1422 4768 divinae
1458 4711 1753 4768 simillima
1777 4717 2017 4785 prtedita

329 4785 413 4833 est
449 4797 460 4833 :
497 4784 575 4854 sic
604 4800 688 4852 ps.
725 4801 877 4838 Lxxx1
913 4784 934 4839 ἶ
959 4789 1071 4852 Ego
1120 4790 1250 4839 Dixi
1282 4803 1293 4839 :
1329 4787 1411 4839 dii
1440 4790 1565 4840 estis
1593 4792 1640 4838 et
1669 4789 1772 4854 ﬁlii
1823 4789 2018 4840 emcetsi

330 4866 531 4904 omnes.
557 4853 647 4906 Sic
679 4857 712 4907 Il
747 4859 893 4909 Petr.
929 4873 944 4908 ι
971 4873 983 4908 :
1018 4858 1311 4925 ὑγράν-ἠως
1325 4861 1646 4926 e/‘ﬁciamini
1670 4853 1872 4910 divinw
1895 4874 2017 4910 con-

330 4930 498 4997 sortes
523 4929 1068 4997 ntiturw.7Atqueli(ic
1092 4933 1259 4980 modo
1277 4931 1422 4981 b8dtl
1441 4927 1677 4981 tiuntdii
1707 4944 1719 4980 :
1742 4929 2014 4997 quoniam

331 4995 676 5068 cogitatione
711 4995 916 5068 divinae
949 4999 1237 5050 simillima
1262 4999 1617 5062 afﬁciuntur;
1652 4995 2015 5068 qua'quidem

329 5064 678 5133 cogitatione
714 5065 952 5119 diiﬁunt
975 5073 1427 5134 participatione:
1462 5071 1609 5123 sicut
1633 5064 2020 5138 justus,justi-

331 5138 441 5200 τίω,
470 5142 521 5188 et
549 5139 786 5204 sapiens,
822 5140 1102 5204 sapientia:
1132 5140 1416 5207 adeptione
1436 5145 1515 5209 ﬁt.

402 5209 423 5239 ³
464 5209 641 5275 Atqui
685 5210 778 5260 hoc
818 5223 1046 5275 quoque,
1081 5210 1209 5276 etin]
1243 5211 1562 5265 Secundum
1607 5211 2016 5265 consectarium

331 5285 434 5342 est,
471 5279 762 5332 hominem
789 5280 886 5348 qui
909 5278 1003 5351 Dei
1024 5279 1327 5351 adeptione
1349 5283 1570 5344 beatus,
1591 5282 1847 5351 adeoque
1877 5285 2018 5334 Deus

327 5353 753 5418 participatione
781 5360 883 5413 est,
913 5348 1145 5413 divitiis,
1181 5353 1455 5417 putentia,
1490 5348 1830 5405 claritate—et
1857 5355 2016 5406 volu-

331 5428 484 5493 ptate
517 5424 838 5474 cumulari:
873 5421 1027 5489 quod
1055 5421 1131 5472 sic
1160 5421 1421 5493 infertur.
1459 5423 1514 5476 Si
1546 5424 1779 5480 divitiae.
1813 5432 2016 5493 poten-

332 5489 430 5552 tia,
463 5496 518 5542 et
550 5501 756 5544 cmtera
788 5494 841 5544 id
881 5507 1062 5559 genus
1103 5492 1366 5560 quasdam
1419 5501 1606 5546 essent
1639 5489 1848 5547 summi
1883 5496 2017 5547 boni

331 5560 586 5626 membra,
625 5563 743 5615 hmo
775 5570 1008 5632 possent
1038 5565 1115 5616 ita
1143 5578 1175 5614 a
1204 5577 1428 5615 summo
1464 5563 1614 5617 bono
1647 5568 1920 5633 separari,
1957 5573 2023 5617 ut

331 5645 621 5684 summum
647 5633 863 5688 bonum
899 5650 1021 5688 esse
1051 5633 1375 5704 possetsine
1399 5634 1510 5687 illis
1543 5653 1555 5688 :
1580 5636 1803 5689 utenim
1830 5641 2018 5705 partes

2131 3726 2249 3779 sive
2302 3723 2580 3790 membra,
2644 3739 2745 3776 sua
2792 3721 3064 3793 quaelibet
3107 3736 3372 3775 seorsum
3421 3721 3548 3774 idea
3581 3715 3786 3793 cogitari

2128 3801 2388 3866 possunt,
2421 3795 2498 3848 sic
2532 3812 2563 3847 a
2595 3811 2651 3847 se
2687 3791 2931 3866 invicem
2961 3792 3209 3866 separari
3251 3802 3308 3843 et
3351 3791 3648 3866 separatim
3677 3803 3784 3839 con-

2128 3863 2337 3920 servari
2372 3872 2611 3935 possunt
2645 3882 2656 3917 :
2693 3865 3177 3934 quemadmodum
3209 3871 3434 3935 constat
3454 3863 3721 3935 demente
3746 3865 3786 3906 et

2127 3933 2388 4006 corpore,
2417 3952 2546 4006 qum
2577 3933 2724 3988 sunt
2743 3936 2991 3988 hominis
3012 3947 3200 4004 partes
3231 3949 3241 3986 :
3269 3934 3420 4001 quin
3455 3934 3500 3985 si
3533 3933 3643 3984 huic
3675 3943 3783 3997 pre—

2127 4009 2275 4062 dicta
2287 4014 2477 4060 essent
2497 4007 2787 4074 degenere
2806 4006 3128 4067 modorum,
3146 4007 3265 4058 sine
3281 4006 3499 4073 quibus
3514 4019 3618 4064 res,
3643 4014 3778 4075 cujus

2127 4084 2279 4143 sunt,
2314 4082 2497 4147 potest
2522 4080 2763 4130 existere
2789 4093 2800 4130 :
2824 4079 2971 4130 sicut
2993 4092 3199 4144 corpus
3217 4082 3414 4144 potest
3437 4075 3665 4127 existere
3685 4082 3782 4145 sine

2127 4149 2348 4220 quiete;
2393 4155 2585 4218 potest
2621 4149 2794 4200 etiam
2829 4163 3118 4200 summum
3169 4147 3387 4199 bonum
3421 4147 3652 4220 existere
3682 4156 3780 4220 sine

2127 4215 2436 4290 prmdictis,
2457 4220 2716 4288 adeoque
2745 4235 2856 4271 non
2891 4222 3378 4290 sequeretureum
3404 4217 3510 4290 qui
3535 4215 3783 4290 frueretur

2059 4311 2100 4364 ι)
2130 4283 2356 4344 summo
2387 4291 2558 4354 bono,
2590 4283 2704 4364 frui
2730 4283 3042 4364 propterea
3063 4289 3348 4364 przedictis
3384 4283 3511 4364 :sed
3548 4283 3784 4364 praedicta

2130 4377 2318 4432 neque
2358 4368 2491 4415 sunt
2519 4351 2758 4414 membra
2788 4351 2996 4413 summi
3029 4351 3196 4432 boni;
3221 4374 3412 4427 neque
3437 4351 3603 4409 etiam
3626 4351 3781 4432 _modi.

2127 4425 2249 4486 sine
2282 4433 2490 4503 quibus
2506 4449 2626 4485 esse
2654 4433 2834 4500 possit
2860 4446 3148 4483 summum
3172 4425 3386 4482 bonum
3414 4445 3427 4494 ;
3456 4425 3779 4503 quandoqui-

2125 4505 2252 4558 dem
2287 4498 2576 4556 summum
2613 4498 2826 4556 bonum
2859 4519 2924 4554 ex
2945 4503 3107 4555 dictis
3141 4517 3239 4553 nec
3266 4507 3459 4569 partes
3492 4498 3670 4557 habet,
3703 4505 3781 4569 nec

2126 4576 2298 4628 modo
2326 4573 2593 4638 afﬁcitur,
2629 4589 2744 4644 quo
2770 4574 2952 4642 possit
2982 4587 3203 4634 carere;
3259 4567 3477 4639 alioqui
3521 4583 3627 4644 non
3657 4567 3780 4616 esset

2127 4646 2383 4698 absolute
2415 4641 2730 4714 perfectum
2756 4641 3211 4712 :iquarenecesse
3242 4649 3347 4714 est,
3388 4646 3450 4693 ut
3474 4641 3569 4708 qui
3592 4648 3782 4714 summu

2127 4717 2277 4770 bono
2309 4711 2539 4780 fruitur,
2574 4715 2663 4768 hic
2692 4720 2748 4767 et
2776 4711 3478 4786 voluptate,_et_claritate,
3511 4713 3782 4786 etcmtens

2130 4787 2416 4856 ejusmodi
2447 4788 2690 4840 fruatur.
2727 4787 2845 4838 lmo
2878 4781 3061 4856 neque
3085 4783 3310 4856 divitias
3330 4798 3516 4856 neque
3545 4781 3642 4856 alia
3663 4781 3782 4842 ejus-

2130 4853 2283 4911 modi
2319 4858 2636 4926 expetimus
2675 4857 2783 4909 nisi
2829 4871 2944 4924 qua
2969 4853 3241 4908 videntur
3283 4853 3494 4905 habere
3535 4853 3780 4902 rationem

2137 4930 2348 4981 summi
2380 4927 2537 4990 boni,
2569 4927 2685 4980 sive
2719 4926 3105 4980 beatitudinis.
3240 4993 3246 4994 7
3279 4993 3284 4994 7
3381 4993 3387 4994 7
3417 4993 3427 4994 7
3510 4991 3522 4994 _
3579 4991 3590 4994 _
3706 4984 3715 4994 ,

2198 5004 2219 5034 ⁸
2249 5000 2377 5064 Ουκ
2401 5003 2604 5052 natura
2637 4999 2774 5051 bona
2800 5014 2906 5050 non
2935 4994 3112 5067 sunt.]
3145 4993 3432 5067 Quidquid
3454 4991 3544 5067 _ab
3579 4991 3780 5067 homine

2129 5061 2439 5140 expetitur,
2467 5070 2522 5122 id
2554 5076 2650 5122 aut
2681 5069 2866 5135 reipsa
2887 5061 3203 5140 autspécie
3225 5061 3424 5140 saltem
3454 5063 3656 5140 bonum
3686 5061 3778 5140 esti

2129 5124 2279 5194 unde
2312 5124 2473 5194 aiunt
2503 5124 2833 5209 philosophi
2865 5155 2959 5192 nec
2985 5124 3179 5191 bonum
3211 5152 3318 5205 qua
3353 5135 3544 5188 bonum
3573 5134 3662 5190 est,
3683 5124 3782 5178 odio

2127 5212 2337 5273 haberi,
2371 5227 2465 5264 nec
2489 5213 2712 5275 malum,
2748 5227 2855 5275 qua
2887 5211 3088 5262 malum
3118 5211 3342 5279 amari.7
3515 5278 3519 5279 7
3637 5273 3643 5279 θ

2201 5284 2221 5317 ⁵
2253 5282 2422 5351 Cujus
2449 5298 2614 5334 causa
2642 5282 2776 5350 quid
2813 5285 3103 5349 expetitur,
3140 5278 3269 5347 etc._‘,
3305 5278 3528 5351 Hoc_est
3567 5278 3779 5351 axioma,

2129 5335 2282 5422 quod
2326 5335 2361 5404 a
2391 5335 2745 5422 philosophis
2776 5335 2919 5404 solet
2953 5353 3029 5404 sic
3079 5335 3323 5418 exprimi
3358 5364 3368 5400 :
3417 5335 3780 5422 Proptenquoti

2128 5418 2549 5491 unumquodque
2582 5418 2710 5486 tale,
2731 5422 2872 5476 illud
2891 5425 3067 5488 magis
3101 5425 3206 5474 tale
3253 5425 3358 5480 est;
3389 5418 3539 5487 quod
3587 5418 3776 5491 etiarnsi

2131 5499 2188 5547 in
2219 5488 2346 5547 aliis
2380 5488 2524 5547 forte
2559 5510 2859 5547 causarum
2907 5493 3214 5561 generibus
3259 5491 3450 5544 fallere
3503 5488 3694 5562 possit:
3727 5493 3772 5528 ιη

2130 5580 2338 5634 genere
2381 5570 2570 5618 tamen
2623 5563 2775 5630 finis,
2809 5564 2869 5618 in
2909 5554 3027 5633 quo
3056 5577 3264 5632 genere
3310 5575 3456 5614 nunc
3486 5554 3772 5610 adhibetur.

2130 5640 2370 5689 constat.
