  <div class='ocr_page' id='page_1' title='image "/cluster/home/n/w/nwhite01/storage/ocr_20150623/63/hvd.32044073498800/390.png"; bbox 0 0 3972 6172; ppageno 0'>
   <div class='ocr_carea' id='block_1_1' title="bbox 134 299 2604 359">
    <p class='ocr_par' dir='ltr' id='par_1_1' title="bbox 134 299 2604 359">
     <span class='ocr_line' id='line_1_1' title="bbox 134 299 2604 359; baseline 0 -5"><span class='ocrx_word' id='word_1_1' title='bbox 134 303 221 355; x_wconf 81' lang='grc'>769</span> <span class='ocrx_word' id='word_1_2' title='bbox 1121 301 1214 356; x_wconf 87' lang='lat' dir='ltr'>DE</span> <span class='ocrx_word' id='word_1_3' title='bbox 1248 299 1782 358; x_wconf 83' lang='lat' dir='ltr'>CONSOLATIONE</span> <span class='ocrx_word' id='word_1_4' title='bbox 1818 299 2295 358; x_wconf 67' lang='lat' dir='ltr'>PHILOSOPHIE</span> <span class='ocrx_word' id='word_1_5' title='bbox 2332 300 2462 358; x_wconf 83' lang='lat' dir='ltr'>LIB.</span> <span class='ocrx_word' id='word_1_6' title='bbox 2506 303 2604 359; x_wconf 92' lang='grc' dir='ltr'>ιιι.</span> 
     </span>
    </p>
   </div>
   <div class='ocr_carea' id='block_1_2' title="bbox 131 428 1876 502">
    <p class='ocr_par' dir='ltr' id='par_1_2' title="bbox 131 428 1876 502">
     <span class='ocr_line' id='line_1_2' title="bbox 131 428 1876 502; baseline 0.002 -17"><span class='ocrx_word' id='word_1_7' title='bbox 131 431 389 486; x_wconf 87' lang='lat' dir='ltr'>omnibus.</span> <span class='ocrx_word' id='word_1_8' title='bbox 416 428 523 485; x_wconf 90' lang='lat' dir='ltr'>Sed</span> <span class='ocrx_word' id='word_1_9' title='bbox 551 435 789 500; x_wconf 80' lang='lat' dir='ltr'>propter</span> <span class='ocrx_word' id='word_1_10' title='bbox 806 429 960 500; x_wconf 94' lang='lat' dir='ltr'>quod</span> <span class='ocrx_word' id='word_1_11' title='bbox 990 434 1196 484; x_wconf 67' lang='lat' dir='ltr'>cmtera</span> <span class='ocrx_word' id='word_1_12' title='bbox 1226 435 1516 502; x_wconf 89' lang='lat' dir='ltr'>optantur,</span> <span class='ocrx_word' id='word_1_13' title='bbox 1549 431 1794 486; x_wconf 88' lang='lat' dir='ltr'>beatitu-</span> <span class='ocrx_word' id='word_1_14' title='bbox 1831 435 1876 488; x_wconf 83' lang='grc' dir='ltr'><strong>Α</strong></span> 
     </span>
    </p>
   </div>
   <div class='ocr_carea' id='block_1_3' title="bbox 134 518 1796 592">
    <p class='ocr_par' dir='ltr' id='par_1_3' title="bbox 134 518 1796 592">
     <span class='ocr_line' id='line_1_3' title="bbox 134 518 1796 592; baseline 0.001 -20"><span class='ocrx_word' id='word_1_15' title='bbox 134 521 299 572; x_wconf 84' lang='lat' dir='ltr'>dinem</span> <span class='ocrx_word' id='word_1_16' title='bbox 331 535 449 572; x_wconf 87' lang='lat' dir='ltr'>esse</span> <span class='ocrx_word' id='word_1_17' title='bbox 471 518 848 572; x_wconf 77' lang='lat' dir='ltr'>concessimus</span> <span class='ocrx_word' id='word_1_18' title='bbox 882 534 894 571; x_wconf 92' lang='lat'>:</span> <span class='ocrx_word' id='word_1_19' title='bbox 923 535 1100 590; x_wconf 87' lang='lat' dir='ltr'>quare</span> <span class='ocrx_word' id='word_1_20' title='bbox 1134 519 1213 572; x_wconf 87' lang='lat' dir='ltr'>sic</span> <span class='ocrx_word' id='word_1_21' title='bbox 1235 536 1462 590; x_wconf 90' lang='lat' dir='ltr'>quoque</span> <span class='ocrx_word' id='word_1_22' title='bbox 1494 521 1613 574; x_wconf 89' lang='lat' dir='ltr'>sola</span> <span class='ocrx_word' id='word_1_23' title='bbox 1635 537 1796 592; x_wconf 71' lang='lat' dir='ltr'>qua:-</span> 
     </span>
    </p>
   </div>
   <div class='ocr_carea' id='block_1_4' title="bbox 131 607 1797 679">
    <p class='ocr_par' dir='ltr' id='par_1_4' title="bbox 131 607 1797 679">
     <span class='ocr_line' id='line_1_4' title="bbox 131 607 1797 679; baseline 0.001 -18"><span class='ocrx_word' id='word_1_24' title='bbox 131 610 258 662; x_wconf 86' lang='lat' dir='ltr'>ritur</span> <span class='ocrx_word' id='word_1_25' title='bbox 286 607 597 661; x_wconf 74' lang='lat' dir='ltr'>beatitudo.</span> <span class='ocrx_word' id='word_1_26' title='bbox 636 607 714 660; x_wconf 77' lang='lat' dir='ltr'>Ex</span> <span class='ocrx_word' id='word_1_27' title='bbox 749 623 862 676; x_wconf 86' lang='lat' dir='ltr'>quo</span> <span class='ocrx_word' id='word_1_28' title='bbox 890 619 913 643; x_wconf 72' lang='grc'><em>³</em></span> <span class='ocrx_word' id='word_1_29' title='bbox 943 608 1163 677; x_wconf 88' lang='lat' dir='ltr'>liquido</span> <span class='ocrx_word' id='word_1_30' title='bbox 1193 614 1430 679; x_wconf 80' lang='lat' dir='ltr'>apparet</span> <span class='ocrx_word' id='word_1_31' title='bbox 1459 609 1640 679; x_wconf 84' lang='lat' dir='ltr'>ipsius</span> <span class='ocrx_word' id='word_1_32' title='bbox 1661 609 1797 664; x_wconf 91' lang='lat' dir='ltr'>boni</span> 
     </span>
    </p>
   </div>
   <div class='ocr_carea' id='block_1_5' title="bbox 131 696 1790 765">
    <p class='ocr_par' dir='ltr' id='par_1_5' title="bbox 131 696 1790 765">
     <span class='ocr_line' id='line_1_5' title="bbox 131 696 1790 765; baseline 0.002 -17"><span class='ocrx_word' id='word_1_33' title='bbox 131 703 174 748; x_wconf 85' lang='lat' dir='ltr'>et</span> <span class='ocrx_word' id='word_1_34' title='bbox 195 696 544 749; x_wconf 77' lang='lat' dir='ltr'>beatitudinis</span> <span class='ocrx_word' id='word_1_35' title='bbox 568 712 742 749; x_wconf 90' lang='lat' dir='ltr'>unam</span> <span class='ocrx_word' id='word_1_36' title='bbox 762 701 933 765; x_wconf 89' lang='lat' dir='ltr'>atque</span> <span class='ocrx_word' id='word_1_37' title='bbox 956 696 1220 750; x_wconf 84' lang='lat' dir='ltr'>eamdem</span> <span class='ocrx_word' id='word_1_38' title='bbox 1241 714 1362 752; x_wconf 91' lang='lat' dir='ltr'>esse</span> <span class='ocrx_word' id='word_1_39' title='bbox 1386 698 1790 753; x_wconf 80' lang='lat' dir='ltr'>substantiam.</span> 
     </span>
    </p>
   </div>
   <div class='ocr_carea' id='block_1_6' title="bbox 134 784 1797 856">
    <p class='ocr_par' dir='ltr' id='par_1_6' title="bbox 134 784 1797 856">
     <span class='ocr_line' id='line_1_6' title="bbox 134 784 1797 856; baseline 0.002 -17"><span class='ocrx_word' id='word_1_40' title='bbox 134 786 263 839; x_wconf 80' lang='lat' dir='ltr'>Nihil</span> <span class='ocrx_word' id='word_1_41' title='bbox 305 785 462 837; x_wconf 86' lang='lat' dir='ltr'>video</span> <span class='ocrx_word' id='word_1_42' title='bbox 489 800 589 836; x_wconf 93' lang='lat' dir='ltr'>cur</span> <span class='ocrx_word' id='word_1_43' title='bbox 611 784 907 837; x_wconf 82' lang='lat' dir='ltr'>dissentire</span> <span class='ocrx_word' id='word_1_44' title='bbox 939 785 1222 855; x_wconf 88' lang='lat' dir='ltr'>quispiam</span> <span class='ocrx_word' id='word_1_45' title='bbox 1247 787 1452 856; x_wconf 89' lang='lat' dir='ltr'>possit.</span> <span class='ocrx_word' id='word_1_46' title='bbox 1477 787 1585 841; x_wconf 88' lang='lat' dir='ltr'>Sed</span> <span class='ocrx_word' id='word_1_47' title='bbox 1615 788 1797 842; x_wconf 91' lang='lat' dir='ltr'>Deum</span> 
     </span>
    </p>
   </div>
   <div class='ocr_carea' id='block_1_7' title="bbox 133 872 1798 946">
    <p class='ocr_par' dir='ltr' id='par_1_7' title="bbox 133 872 1798 946">
     <span class='ocr_line' id='line_1_7' title="bbox 133 872 1798 946; baseline 0.004 -21"><span class='ocrx_word' id='word_1_48' title='bbox 133 875 220 942; x_wconf 69' lang='lat'>{&#39;20)</span> <span class='ocrx_word' id='word_1_49' title='bbox 263 889 562 943; x_wconf 77' lang='lat' dir='ltr'>veramque</span> <span class='ocrx_word' id='word_1_50' title='bbox 618 872 1031 927; x_wconf 87' lang='lat' dir='ltr'>beatitudinem</span> <span class='ocrx_word' id='word_1_51' title='bbox 1078 891 1258 928; x_wconf 86' lang='lat' dir='ltr'>unum</span> <span class='ocrx_word' id='word_1_52' title='bbox 1289 881 1458 946; x_wconf 86' lang='lat' dir='ltr'>atque</span> <span class='ocrx_word' id='word_1_53' title='bbox 1490 876 1642 930; x_wconf 91' lang='lat' dir='ltr'>idem</span> <span class='ocrx_word' id='word_1_54' title='bbox 1675 893 1798 931; x_wconf 89' lang='lat' dir='ltr'>esse</span> 
     </span>
    </p>
   </div>
   <div class='ocr_carea' id='block_1_8' title="bbox 133 960 1797 1034">
    <p class='ocr_par' dir='ltr' id='par_1_8' title="bbox 133 960 1797 1034">
     <span class='ocr_line' id='line_1_8' title="bbox 133 960 1797 1034; baseline 0.002 -16"><span class='ocrx_word' id='word_1_55' title='bbox 133 963 566 1018; x_wconf 73' lang='lat' dir='ltr'>monstravimus.</span> <span class='ocrx_word' id='word_1_56' title='bbox 601 963 704 1028; x_wconf 90' lang='lat' dir='ltr'>Ita,</span> <span class='ocrx_word' id='word_1_57' title='bbox 751 962 1010 1032; x_wconf 89' lang='lat' dir='ltr'>inquam.</span> <span class='ocrx_word' id='word_1_58' title='bbox 1041 960 1063 997; x_wconf 72' lang='grc' dir='ltr'>ι’</span> <span class='ocrx_word' id='word_1_59' title='bbox 1113 964 1320 1017; x_wconf 91' lang='lat' dir='ltr'>Secure</span> <span class='ocrx_word' id='word_1_60' title='bbox 1348 965 1523 1034; x_wconf 85' lang='lat' dir='ltr'>igitur</span> <span class='ocrx_word' id='word_1_61' title='bbox 1567 967 1797 1020; x_wconf 89' lang='lat' dir='ltr'>conclu-</span> 
     </span>
    </p>
   </div>
   <div class='ocr_carea' id='block_1_9' title="bbox 130 1051 1797 1126">
    <p class='ocr_par' dir='ltr' id='par_1_9' title="bbox 130 1051 1797 1126">
     <span class='ocr_line' id='line_1_9' title="bbox 130 1051 1797 1126; baseline 0.002 -20"><span class='ocrx_word' id='word_1_62' title='bbox 130 1054 243 1106; x_wconf 82' lang='lat' dir='ltr'>dere</span> <span class='ocrx_word' id='word_1_63' title='bbox 274 1052 423 1118; x_wconf 90' lang='lat' dir='ltr'>licet,</span> <span class='ocrx_word' id='word_1_64' title='bbox 454 1051 554 1105; x_wconf 88' lang='lat' dir='ltr'>Dei</span> <span class='ocrx_word' id='word_1_65' title='bbox 583 1067 810 1121; x_wconf 86' lang='lat' dir='ltr'>quoque</span> <span class='ocrx_word' id='word_1_66' title='bbox 839 1054 898 1105; x_wconf 88' lang='lat' dir='ltr'>in</span> <span class='ocrx_word' id='word_1_67' title='bbox 926 1052 1051 1122; x_wconf 90' lang='lat' dir='ltr'>ipso</span> <span class='ocrx_word' id='word_1_68' title='bbox 1069 1052 1243 1120; x_wconf 88' lang='lat' dir='ltr'>bono,</span> <span class='ocrx_word' id='word_1_69' title='bbox 1267 1069 1373 1108; x_wconf 89' lang='lat' dir='ltr'>nec</span> <span class='ocrx_word' id='word_1_70' title='bbox 1398 1071 1641 1126; x_wconf 88' lang='lat' dir='ltr'>usquam</span> <span class='ocrx_word' id='word_1_71' title='bbox 1664 1055 1797 1123; x_wconf 90' lang='lat' dir='ltr'>alio,</span> 
     </span>
    </p>
   </div>
   <div class='ocr_carea' id='block_1_10' title="bbox 129 1140 846 1205">
    <p class='ocr_par' dir='ltr' id='par_1_10' title="bbox 129 1140 846 1205">
     <span class='ocr_line' id='line_1_10' title="bbox 129 1140 846 1205; baseline -0.003 -11"><span class='ocrx_word' id='word_1_72' title='bbox 129 1141 272 1194; x_wconf 84' lang='lat' dir='ltr'>sitam</span> <span class='ocrx_word' id='word_1_73' title='bbox 306 1156 424 1194; x_wconf 89' lang='lat' dir='ltr'>esse</span> <span class='ocrx_word' id='word_1_74' title='bbox 447 1140 846 1205; x_wconf 86' lang='lat' dir='ltr'>substantiam,</span> 
     </span>
    </p>
   </div>
   <div class='ocr_carea' id='block_1_11' title="bbox 634 1231 1265 1286">
    <p class='ocr_par' dir='ltr' id='par_1_11' title="bbox 634 1231 1265 1286">
     <span class='ocr_line' id='line_1_11' title="bbox 634 1231 1265 1286; baseline 0.003 -3"><span class='ocrx_word' id='word_1_75' title='bbox 634 1234 784 1284; x_wconf 75' lang='lat'><strong>233</strong></span> <span class='ocrx_word' id='word_1_76' title='bbox 828 1231 1116 1285; x_wconf 79' lang='lat' dir='ltr'>METRUM</span> <span class='ocrx_word' id='word_1_77' title='bbox 1146 1233 1166 1252; x_wconf 80' lang='grc'><strong>¹</strong></span> <span class='ocrx_word' id='word_1_78' title='bbox 1194 1232 1265 1286; x_wconf 85' lang='grc' dir='ltr'>Χ.</span> 
     </span>
    </p>
   </div>
   <div class='ocr_carea' id='block_1_12' title="bbox 129 1320 1802 1390">
    <p class='ocr_par' dir='ltr' id='par_1_12' title="bbox 129 1320 1802 1390">
     <span class='ocr_line' id='line_1_12' title="bbox 129 1320 1802 1390; baseline 0.002 -18"><span class='ocrx_word' id='word_1_79' title='bbox 129 1323 509 1372; x_wconf 71' lang='lat' dir='ltr'>Aacuueurun.</span> <span class='ocrx_word' id='word_1_80' title='bbox 545 1348 614 1390; x_wconf 58' lang='grc' dir='ltr'>-έ</span> <span class='ocrx_word' id='word_1_81' title='bbox 661 1320 1008 1387; x_wconf 69' lang='lat' dir='ltr'>Philosophia</span> <span class='ocrx_word' id='word_1_82' title='bbox 1053 1321 1251 1373; x_wconf 79' lang='lat' dir='ltr'>invitat</span> <span class='ocrx_word' id='word_1_83' title='bbox 1298 1321 1533 1374; x_wconf 80' lang='lat' dir='ltr'>homines</span> <span class='ocrx_word' id='word_1_84' title='bbox 1574 1327 1802 1390; x_wconf 85' lang='lat' dir='ltr'>pertur-</span> 
     </span>
    </p>
   </div>
   <div class='ocr_carea' id='block_1_13' title="bbox 189 1389 1805 1458">
    <p class='ocr_par' dir='ltr' id='par_1_13' title="bbox 189 1389 1805 1458">
     <span class='ocr_line' id='line_1_13' title="bbox 189 1389 1805 1458; baseline 0.004 -18"><span class='ocrx_word' id='word_1_85' title='bbox 189 1390 488 1441; x_wconf 81' lang='lat' dir='ltr'>balionibus</span> <span class='ocrx_word' id='word_1_86' title='bbox 566 1389 851 1443; x_wconf 71' lang='lat' dir='ltr'>obcaecatos</span> <span class='ocrx_word' id='word_1_87' title='bbox 920 1390 993 1442; x_wconf 88' lang='lat' dir='ltr'>ad</span> <span class='ocrx_word' id='word_1_88' title='bbox 1041 1391 1361 1458; x_wconf 75' lang='lat' dir='ltr'>praedictam</span> <span class='ocrx_word' id='word_1_89' title='bbox 1428 1389 1626 1445; x_wconf 86' lang='lat' dir='ltr'>summi</span> <span class='ocrx_word' id='word_1_90' title='bbox 1680 1393 1805 1447; x_wconf 87' lang='lat' dir='ltr'>boni</span> 
     </span>
    </p>
   </div>
   <div class='ocr_carea' id='block_1_14' title="bbox 188 1459 1804 1528">
    <p class='ocr_par' dir='ltr' id='par_1_14' title="bbox 188 1459 1804 1528">
     <span class='ocr_line' id='line_1_14' title="bbox 188 1459 1804 1528; baseline 0.003 -17"><span class='ocrx_word' id='word_1_91' title='bbox 188 1464 458 1521; x_wconf 82' lang='lat' dir='ltr'>notionem,</span> <span class='ocrx_word' id='word_1_92' title='bbox 528 1459 675 1528; x_wconf 82' lang='lat' dir='ltr'>quod</span> <span class='ocrx_word' id='word_1_93' title='bbox 738 1461 846 1513; x_wconf 72' lang='lat' dir='ltr'>haec</span> <span class='ocrx_word' id='word_1_94' title='bbox 909 1476 1014 1513; x_wconf 82' lang='lat' dir='ltr'>non</span> <span class='ocrx_word' id='word_1_95' title='bbox 1079 1462 1249 1515; x_wconf 88' lang='lat' dir='ltr'>solum</span> <span class='ocrx_word' id='word_1_96' title='bbox 1327 1466 1398 1514; x_wconf 84' lang='lat' dir='ltr'>sit</span> <span class='ocrx_word' id='word_1_97' title='bbox 1463 1464 1804 1516; x_wconf 81' lang='lat' dir='ltr'>tenebrarum</span> 
     </span>
    </p>
   </div>
   <div class='ocr_carea' id='block_1_15' title="bbox 183 1529 1805 1604">
    <p class='ocr_par' dir='ltr' id='par_1_15' title="bbox 183 1529 1805 1604">
     <span class='ocr_line' id='line_1_15' title="bbox 183 1529 1805 1604; baseline 0.004 -21"><span class='ocrx_word' id='word_1_98' title='bbox 183 1545 379 1604; x_wconf 67' lang='lat' dir='ltr'>expers,</span> <span class='ocrx_word' id='word_1_99' title='bbox 423 1529 520 1583; x_wconf 86' lang='lat' dir='ltr'>sed</span> <span class='ocrx_word' id='word_1_100' title='bbox 572 1533 697 1600; x_wconf 84' lang='lat' dir='ltr'>ipsa</span> <span class='ocrx_word' id='word_1_101' title='bbox 740 1533 868 1586; x_wconf 86' lang='lat' dir='ltr'>solis</span> <span class='ocrx_word' id='word_1_102' title='bbox 899 1533 1012 1586; x_wconf 88' lang='lat' dir='ltr'>luce</span> <span class='ocrx_word' id='word_1_103' title='bbox 1057 1535 1428 1601; x_wconf 78' lang='lat' dir='ltr'>praestantior,</span> <span class='ocrx_word' id='word_1_104' title='bbox 1475 1537 1526 1588; x_wconf 89' lang='lat' dir='ltr'>et</span> <span class='ocrx_word' id='word_1_105' title='bbox 1567 1535 1805 1604; x_wconf 70' lang='lat' dir='ltr'>placidae</span> 
     </span>
    </p>
   </div>
   <div class='ocr_carea' id='block_1_16' title="bbox 188 1603 615 1670">
    <p class='ocr_par' dir='ltr' id='par_1_16' title="bbox 188 1603 615 1670">
     <span class='ocr_line' id='line_1_16' title="bbox 188 1603 615 1670; baseline 0.002 -17"><span class='ocrx_word' id='word_1_106' title='bbox 188 1603 372 1670; x_wconf 78' lang='lat' dir='ltr'>quietis</span> <span class='ocrx_word' id='word_1_107' title='bbox 391 1617 615 1669; x_wconf 82' lang='lat' dir='ltr'>pare-ns.</span> 
     </span>
    </p>
   </div>
   <div class='ocr_carea' id='block_1_17' title="bbox 247 1689 1264 1762">
    <p class='ocr_par' dir='ltr' id='par_1_17' title="bbox 247 1689 1264 1762">
     <span class='ocr_line' id='line_1_17' title="bbox 247 1689 1264 1762; baseline -0.002 -16"><span class='ocrx_word' id='word_1_108' title='bbox 247 1689 368 1746; x_wconf 84' lang='lat' dir='ltr'>Huc</span> <span class='ocrx_word' id='word_1_109' title='bbox 391 1705 598 1744; x_wconf 87' lang='lat' dir='ltr'>omnes</span> <span class='ocrx_word' id='word_1_110' title='bbox 626 1691 845 1761; x_wconf 88' lang='lat' dir='ltr'>pariter</span> <span class='ocrx_word' id='word_1_111' title='bbox 873 1691 1061 1748; x_wconf 76' lang='lat' dir='ltr'>venite</span> <span class='ocrx_word' id='word_1_112' title='bbox 1092 1691 1264 1762; x_wconf 84' lang='lat' dir='ltr'>capti,</span> 
     </span>
    </p>
   </div>
   <div class='ocr_carea' id='block_1_18' title="bbox 3496 310 3600 361">
    <p class='ocr_par' dir='ltr' id='par_1_18' title="bbox 3496 310 3600 361">
     <span class='ocr_line' id='line_1_18' title="bbox 3496 310 3600 361; baseline 0 -1"><span class='ocrx_word' id='word_1_113' title='bbox 3496 310 3600 361; x_wconf 85' lang='lat'>770</span> 
     </span>
    </p>
   </div>
   <div class='ocr_carea' id='block_1_19' title="bbox 2045 431 3116 503">
    <p class='ocr_par' dir='ltr' id='par_1_19' title="bbox 2045 431 3116 503">
     <span class='ocr_line' id='line_1_19' title="bbox 2045 431 3116 503; baseline 0.005 -19"><span class='ocrx_word' id='word_1_114' title='bbox 2045 432 2199 495; x_wconf 86' lang='lat' dir='ltr'>Quos</span> <span class='ocrx_word' id='word_1_115' title='bbox 2228 431 2396 485; x_wconf 80' lang='lat' dir='ltr'>fallax</span> <span class='ocrx_word' id='word_1_116' title='bbox 2427 433 2564 502; x_wconf 87' lang='lat' dir='ltr'>ligat</span> <span class='ocrx_word' id='word_1_117' title='bbox 2592 431 2870 503; x_wconf 89' lang='lat' dir='ltr'>improbis</span> <span class='ocrx_word' id='word_1_118' title='bbox 2900 435 3116 489; x_wconf 86' lang='lat' dir='ltr'>catenis</span> 
     </span>
    </p>
   </div>
   <div class='ocr_carea' id='block_1_20' title="bbox 2043 521 3086 580">
    <p class='ocr_par' dir='ltr' id='par_1_20' title="bbox 2043 521 3086 580">
     <span class='ocr_line' id='line_1_20' title="bbox 2043 521 3086 580; baseline 0.004 -5"><span class='ocrx_word' id='word_1_119' title='bbox 2043 522 2318 575; x_wconf 89' lang='lat' dir='ltr'>Terrenas</span> <span class='ocrx_word' id='word_1_120' title='bbox 2349 521 2612 574; x_wconf 87' lang='lat' dir='ltr'>habitans</span> <span class='ocrx_word' id='word_1_121' title='bbox 2637 521 2816 576; x_wconf 90' lang='lat' dir='ltr'>libido</span> <span class='ocrx_word' id='word_1_122' title='bbox 2841 530 3086 580; x_wconf 89' lang='lat' dir='ltr'>mentes.</span> 
     </span>
    </p>
   </div>
   <div class='ocr_carea' id='block_1_21' title="bbox 2049 610 3219 682">
    <p class='ocr_par' dir='ltr' id='par_1_21' title="bbox 2049 610 3219 682">
     <span class='ocr_line' id='line_1_21' title="bbox 2049 610 3219 682; baseline 0.004 -19"><span class='ocrx_word' id='word_1_123' title='bbox 2049 616 2198 665; x_wconf 67' lang='lat'><strong>234</strong></span> <span class='ocrx_word' id='word_1_124' title='bbox 2235 610 2334 664; x_wconf 87' lang='lat' dir='ltr'>Hic</span> <span class='ocrx_word' id='word_1_125' title='bbox 2363 611 2472 663; x_wconf 89' lang='lat' dir='ltr'>erit</span> <span class='ocrx_word' id='word_1_126' title='bbox 2495 610 2650 664; x_wconf 80' lang='lat' dir='ltr'>Vobis</span> <span class='ocrx_word' id='word_1_127' title='bbox 2680 613 2905 682; x_wconf 86' lang='lat' dir='ltr'>requies</span> <span class='ocrx_word' id='word_1_128' title='bbox 2939 614 3219 681; x_wconf 90' lang='lat' dir='ltr'>laborum,</span> 
     </span>
    </p>
   </div>
   <div class='ocr_carea' id='block_1_22' title="bbox 1908 700 3142 772">
    <p class='ocr_par' dir='ltr' id='par_1_22' title="bbox 1908 700 3142 772">
     <span class='ocr_line' id='line_1_22' title="bbox 1908 700 3142 772; baseline 0.002 -20"><span class='ocrx_word' id='word_1_129' title='bbox 2050 700 2148 754; x_wconf 87' lang='lat' dir='ltr'>Hic</span> <span class='ocrx_word' id='word_1_130' title='bbox 2181 708 2374 770; x_wconf 85' lang='lat' dir='ltr'>portus</span> <span class='ocrx_word' id='word_1_131' title='bbox 2410 700 2630 768; x_wconf 89' lang='lat' dir='ltr'>placida</span> <span class='ocrx_word' id='word_1_132' title='bbox 2663 717 2899 754; x_wconf 90' lang='lat' dir='ltr'>manens</span> <span class='ocrx_word' id='word_1_133' title='bbox 2931 703 3142 772; x_wconf 84' lang='lat' dir='ltr'>quiete,</span> 
     </span>
    </p>
   </div>
   <div class='ocr_carea' id='block_1_23' title="bbox 2049 790 3122 860">
    <p class='ocr_par' dir='ltr' id='par_1_23' title="bbox 2049 790 3122 860">
     <span class='ocr_line' id='line_1_23' title="bbox 2049 790 3122 860; baseline 0.002 -19"><span class='ocrx_word' id='word_1_134' title='bbox 2049 790 2161 842; x_wconf 85' lang='lat' dir='ltr'>Hoc</span> <span class='ocrx_word' id='word_1_135' title='bbox 2183 794 2383 858; x_wconf 89' lang='lat' dir='ltr'>patens</span> <span class='ocrx_word' id='word_1_136' title='bbox 2414 805 2592 841; x_wconf 89' lang='lat' dir='ltr'>unum</span> <span class='ocrx_word' id='word_1_137' title='bbox 2627 790 2846 842; x_wconf 81' lang='lat' dir='ltr'>miseris</span> <span class='ocrx_word' id='word_1_138' title='bbox 2877 794 3122 860; x_wconf 80' lang='lat' dir='ltr'>asylum.</span> 
     </span>
    </p>
   </div>
   <div class='ocr_carea' id='block_1_24' title="bbox 2048 877 3136 948">
    <p class='ocr_par' dir='ltr' id='par_1_24' title="bbox 2048 877 3136 948">
     <span class='ocr_line' id='line_1_24' title="bbox 2048 877 3136 948; baseline 0.003 -18"><span class='ocrx_word' id='word_1_139' title='bbox 2048 878 2171 930; x_wconf 78' lang='lat' dir='ltr'>Non</span> <span class='ocrx_word' id='word_1_140' title='bbox 2203 877 2485 948; x_wconf 86' lang='lat' dir='ltr'>quidquid</span> <span class='ocrx_word' id='word_1_141' title='bbox 2513 878 2698 947; x_wconf 88' lang='lat' dir='ltr'>Tagus</span> <span class='ocrx_word' id='word_1_142' title='bbox 2729 880 2915 931; x_wconf 86' lang='lat' dir='ltr'>aureis</span> <span class='ocrx_word' id='word_1_143' title='bbox 2945 881 3136 933; x_wconf 85' lang='lat' dir='ltr'>arenis</span> 
     </span>
    </p>
   </div>
   <div class='ocr_carea' id='block_1_25' title="bbox 2048 967 3129 1038">
    <p class='ocr_par' dir='ltr' id='par_1_25' title="bbox 2048 967 3129 1038">
     <span class='ocr_line' id='line_1_25' title="bbox 2048 967 3129 1038; baseline 0.002 -18"><span class='ocrx_word' id='word_1_144' title='bbox 2048 967 2248 1032; x_wconf 84' lang='lat' dir='ltr'>Donat,</span> <span class='ocrx_word' id='word_1_145' title='bbox 2279 973 2379 1018; x_wconf 90' lang='lat' dir='ltr'>aut</span> <span class='ocrx_word' id='word_1_146' title='bbox 2409 967 2647 1019; x_wconf 89' lang='lat' dir='ltr'>Hermus</span> <span class='ocrx_word' id='word_1_147' title='bbox 2681 967 2950 1021; x_wconf 88' lang='lat' dir='ltr'>rutilante</span> <span class='ocrx_word' id='word_1_148' title='bbox 2983 969 3129 1038; x_wconf 86' lang='lat' dir='ltr'>ripa,</span> 
     </span>
    </p>
   </div>
   <div class='ocr_carea' id='block_1_26' title="bbox 2050 1054 3163 1126">
    <p class='ocr_par' dir='ltr' id='par_1_26' title="bbox 2050 1054 3163 1126">
     <span class='ocr_line' id='line_1_26' title="bbox 2050 1054 3163 1126; baseline 0.001 -17"><span class='ocrx_word' id='word_1_149' title='bbox 2050 1056 2164 1109; x_wconf 83' lang='lat' dir='ltr'>Aut</span> <span class='ocrx_word' id='word_1_150' title='bbox 2195 1055 2368 1107; x_wconf 82' lang='lat' dir='ltr'>Indus</span> <span class='ocrx_word' id='word_1_151' title='bbox 2401 1054 2585 1107; x_wconf 89' lang='lat' dir='ltr'>calido</span> <span class='ocrx_word' id='word_1_152' title='bbox 2626 1057 2985 1126; x_wconf 86' lang='lat' dir='ltr'>propinquus</span> <span class='ocrx_word' id='word_1_153' title='bbox 3015 1059 3163 1118; x_wconf 92' lang='lat' dir='ltr'>orbi,</span> 
     </span>
    </p>
   </div>
   <div class='ocr_carea' id='block_1_27' title="bbox 1916 1144 3112 1216">
    <p class='ocr_par' dir='ltr' id='par_1_27' title="bbox 1916 1144 3112 1216">
     <span class='ocr_line' id='line_1_27' title="bbox 1916 1144 3112 1216; baseline 0.003 -19"><span class='ocrx_word' id='word_1_154' title='bbox 1916 1147 1976 1197; x_wconf 89' lang='grc'>10</span> <span class='ocrx_word' id='word_1_155' title='bbox 2052 1144 2318 1199; x_wconf 87' lang='lat' dir='ltr'>Candidis</span> <span class='ocrx_word' id='word_1_156' title='bbox 2350 1145 2591 1198; x_wconf 90' lang='lat' dir='ltr'>miscens</span> <span class='ocrx_word' id='word_1_157' title='bbox 2625 1145 2831 1198; x_wconf 87' lang='lat' dir='ltr'>virides</span> <span class='ocrx_word' id='word_1_158' title='bbox 2865 1147 3112 1216; x_wconf 86' lang='lat' dir='ltr'>lapillos,</span> 
     </span>
    </p>
   </div>
   <div class='ocr_carea' id='block_1_28' title="bbox 2047 1234 3112 1304">
    <p class='ocr_par' dir='ltr' id='par_1_28' title="bbox 2047 1234 3112 1304">
     <span class='ocr_line' id='line_1_28' title="bbox 2047 1234 3112 1304; baseline 0.001 -17"><span class='ocrx_word' id='word_1_159' title='bbox 2047 1234 2342 1287; x_wconf 89' lang='lat' dir='ltr'>Illustrant</span> <span class='ocrx_word' id='word_1_160' title='bbox 2365 1234 2566 1298; x_wconf 89' lang='lat' dir='ltr'>aciem,</span> <span class='ocrx_word' id='word_1_161' title='bbox 2605 1234 2900 1304; x_wconf 80' lang='lat' dir='ltr'>magisque</span> <span class='ocrx_word' id='word_1_162' title='bbox 2932 1251 3112 1288; x_wconf 73' lang='lat' dir='ltr'>caecos</span> 
     </span>
    </p>
   </div>
   <div class='ocr_carea' id='block_1_29' title="bbox 2054 1322 3132 1378">
    <p class='ocr_par' dir='ltr' id='par_1_29' title="bbox 2054 1322 3132 1378">
     <span class='ocr_line' id='line_1_29' title="bbox 2054 1322 3132 1378; baseline 0.002 -4"><span class='ocrx_word' id='word_1_163' title='bbox 2054 1322 2119 1375; x_wconf 90' lang='lat' dir='ltr'>In</span> <span class='ocrx_word' id='word_1_164' title='bbox 2152 1339 2282 1375; x_wconf 88' lang='lat' dir='ltr'>suas</span> <span class='ocrx_word' id='word_1_165' title='bbox 2312 1322 2567 1375; x_wconf 89' lang='lat' dir='ltr'>condunt</span> <span class='ocrx_word' id='word_1_166' title='bbox 2595 1322 2818 1376; x_wconf 89' lang='lat' dir='ltr'>animos</span> <span class='ocrx_word' id='word_1_167' title='bbox 2852 1323 3132 1378; x_wconf 82' lang='lat' dir='ltr'>tenebras.</span> 
     </span>
    </p>
   </div>
   <div class='ocr_carea' id='block_1_30' title="bbox 2053 1411 3328 1484">
    <p class='ocr_par' dir='ltr' id='par_1_30' title="bbox 2053 1411 3328 1484">
     <span class='ocr_line' id='line_1_30' title="bbox 2053 1411 3328 1484; baseline 0.004 -20"><span class='ocrx_word' id='word_1_168' title='bbox 2053 1412 2166 1465; x_wconf 85' lang='lat' dir='ltr'>Hoc</span> <span class='ocrx_word' id='word_1_169' title='bbox 2195 1411 2474 1481; x_wconf 91' lang='lat' dir='ltr'>quidquid</span> <span class='ocrx_word' id='word_1_170' title='bbox 2508 1412 2709 1481; x_wconf 89' lang='lat' dir='ltr'>placet,</span> <span class='ocrx_word' id='word_1_171' title='bbox 2742 1411 3059 1483; x_wconf 87' lang='lat' dir='ltr'>excitatque</span> <span class='ocrx_word' id='word_1_172' title='bbox 3082 1419 3328 1484; x_wconf 89' lang='lat' dir='ltr'>mentes,</span> 
     </span>
    </p>
   </div>
   <div class='ocr_carea' id='block_1_31' title="bbox 2053 1499 2934 1556">
    <p class='ocr_par' dir='ltr' id='par_1_31' title="bbox 2053 1499 2934 1556">
     <span class='ocr_line' id='line_1_31' title="bbox 2053 1499 2934 1556; baseline 0.003 -3"><span class='ocrx_word' id='word_1_173' title='bbox 2053 1499 2270 1554; x_wconf 84' lang='lat' dir='ltr'>Inﬁmis</span> <span class='ocrx_word' id='word_1_174' title='bbox 2291 1501 2460 1554; x_wconf 89' lang='lat' dir='ltr'>tellus</span> <span class='ocrx_word' id='word_1_175' title='bbox 2489 1501 2630 1555; x_wconf 87' lang='lat' dir='ltr'>aluit</span> <span class='ocrx_word' id='word_1_176' title='bbox 2660 1502 2934 1556; x_wconf 87' lang='lat' dir='ltr'>cavernis.</span> 
     </span>
    </p>
   </div>
   <div class='ocr_carea' id='block_1_32' title="bbox 1917 1606 3498 1682">
    <p class='ocr_par' dir='ltr' id='par_1_32' title="bbox 1917 1606 3498 1682">
     <span class='ocr_line' id='line_1_32' title="bbox 1917 1606 3498 1682; baseline 0.003 -22"><span class='ocrx_word' id='word_1_177' title='bbox 1917 1609 1979 1660; x_wconf 77' lang='lat' dir='ltr'>l5</span> <span class='ocrx_word' id='word_1_178' title='bbox 2056 1611 2208 1662; x_wconf 68' lang='lat'>235</span> <span class='ocrx_word' id='word_1_179' title='bbox 2239 1606 2540 1676; x_wconf 89' lang='lat' dir='ltr'>Splendor,</span> <span class='ocrx_word' id='word_1_180' title='bbox 2573 1623 2686 1677; x_wconf 90' lang='lat' dir='ltr'>quo</span> <span class='ocrx_word' id='word_1_181' title='bbox 2714 1608 2935 1678; x_wconf 90' lang='lat' dir='ltr'>regitur</span> <span class='ocrx_word' id='word_1_182' title='bbox 2966 1610 3234 1682; x_wconf 84' lang='lat' dir='ltr'>vigetque</span> <span class='ocrx_word' id='word_1_183' title='bbox 3267 1612 3498 1677; x_wconf 64' lang='lat' dir='ltr'>caelum,</span> 
     </span>
    </p>
   </div>
   <div class='ocr_carea' id='block_1_33' title="bbox 2057 1695 2988 1752">
    <p class='ocr_par' dir='ltr' id='par_1_33' title="bbox 2057 1695 2988 1752">
     <span class='ocr_line' id='line_1_33' title="bbox 2057 1695 2988 1752; baseline 0.01 -9"><span class='ocrx_word' id='word_1_184' title='bbox 2057 1695 2208 1749; x_wconf 86' lang='lat' dir='ltr'>Vitat</span> <span class='ocrx_word' id='word_1_185' title='bbox 2237 1695 2508 1751; x_wconf 89' lang='lat' dir='ltr'>obscuras</span> <span class='ocrx_word' id='word_1_186' title='bbox 2537 1697 2746 1752; x_wconf 69' lang='lat' dir='ltr'>animai</span> <span class='ocrx_word' id='word_1_187' title='bbox 2773 1697 2988 1752; x_wconf 90' lang='lat' dir='ltr'>ruinas.</span> 
     </span>
    </p>
   </div>
   <div class='ocr_carea' id='block_1_34' title="bbox 1561 1792 2147 1851">
    <p class='ocr_par' dir='ltr' id='par_1_34' title="bbox 1561 1792 2147 1851">
     <span class='ocr_line' id='line_1_34' title="bbox 1561 1792 2147 1851; baseline 0.003 -5"><span class='ocrx_word' id='word_1_188' title='bbox 1561 1792 1631 1846; x_wconf 84' lang='lat' dir='ltr'>1N</span> <span class='ocrx_word' id='word_1_189' title='bbox 1641 1793 2147 1851; x_wconf 79' lang='lat' dir='ltr'>TERPRETATIO.</span> 
     </span>
    </p>
   </div>
   <div class='ocr_carea' id='block_1_35' title="bbox 189 1885 556 1939">
    <p class='ocr_par' dir='ltr' id='par_1_35' title="bbox 189 1885 556 1939">
     <span class='ocr_line' id='line_1_35' title="bbox 189 1885 556 1939; baseline 0.003 -1"><span class='ocrx_word' id='word_1_190' title='bbox 189 1899 210 1928; x_wconf 78' lang='grc' dir='ltr'>ι</span> <span class='ocrx_word' id='word_1_191' title='bbox 244 1885 556 1939; x_wconf 76' lang='lat' dir='ltr'>Evidenter.</span> 
     </span>
    </p>
   </div>
   <div class='ocr_carea' id='block_1_36' title="bbox 187 1958 403 2013">
    <p class='ocr_par' dir='ltr' id='par_1_36' title="bbox 187 1958 403 2013">
     <span class='ocr_line' id='line_1_36' title="bbox 187 1958 403 2013; baseline -0.019 0"><span class='ocrx_word' id='word_1_192' title='bbox 187 1960 208 1998; x_wconf 74' lang='grc' dir='ltr'>ι’</span> <span class='ocrx_word' id='word_1_193' title='bbox 240 1958 403 2013; x_wconf 84' lang='lat' dir='ltr'>Certo.</span> 
     </span>
    </p>
   </div>
   <div class='ocr_carea' id='block_1_37' title="bbox 181 2027 1787 2096">
    <p class='ocr_par' dir='ltr' id='par_1_37' title="bbox 181 2027 1787 2096">
     <span class='ocr_line' id='line_1_37' title="bbox 181 2027 1787 2096; baseline 0 -12"><span class='ocrx_word' id='word_1_194' title='bbox 181 2029 453 2084; x_wconf 79' lang='lat' dir='ltr'>Conuenite</span> <span class='ocrx_word' id='word_1_195' title='bbox 486 2030 592 2082; x_wconf 85' lang='lat' dir='ltr'>huc</span> <span class='ocrx_word' id='word_1_196' title='bbox 613 2043 790 2082; x_wconf 88' lang='lat' dir='ltr'>omnes</span> <span class='ocrx_word' id='word_1_197' title='bbox 837 2027 1064 2096; x_wconf 76' lang='lat' dir='ltr'>decepti,</span> <span class='ocrx_word' id='word_1_198' title='bbox 1117 2043 1251 2096; x_wconf 85' lang='lat' dir='ltr'>quos</span> <span class='ocrx_word' id='word_1_199' title='bbox 1305 2029 1472 2082; x_wconf 86' lang='lat' dir='ltr'>libido</span> <span class='ocrx_word' id='word_1_200' title='bbox 1530 2030 1787 2095; x_wconf 70' lang='lat' dir='ltr'>mendam,</span> 
     </span>
    </p>
   </div>
   <div class='ocr_carea' id='block_1_38' title="bbox 127 2101 1793 2166">
    <p class='ocr_par' dir='ltr' id='par_1_38' title="bbox 127 2101 1793 2166">
     <span class='ocr_line' id='line_1_38' title="bbox 127 2101 1793 2166; baseline 0.002 -16"><span class='ocrx_word' id='word_1_201' title='bbox 127 2114 360 2166; x_wconf 81' lang='lat' dir='ltr'>occupans</span> <span class='ocrx_word' id='word_1_202' title='bbox 404 2103 607 2152; x_wconf 87' lang='lat' dir='ltr'>mentes</span> <span class='ocrx_word' id='word_1_203' title='bbox 649 2104 944 2162; x_wconf 81' lang='lat' dir='ltr'>terrestres,</span> <span class='ocrx_word' id='word_1_204' title='bbox 978 2101 1306 2165; x_wconf 73' lang='lat' dir='ltr'>constringit</span> <span class='ocrx_word' id='word_1_205' title='bbox 1348 2101 1582 2153; x_wconf 78' lang='lat' dir='ltr'>uinculis</span> <span class='ocrx_word' id='word_1_206' title='bbox 1607 2101 1793 2153; x_wconf 81' lang='lat' dir='ltr'>crude-</span> 
     </span>
    </p>
   </div>
   <div class='ocr_carea' id='block_1_39' title="bbox 129 2171 1791 2238">
    <p class='ocr_par' dir='ltr' id='par_1_39' title="bbox 129 2171 1791 2238">
     <span class='ocr_line' id='line_1_39' title="bbox 129 2171 1791 2238; baseline 0.004 -20"><span class='ocrx_word' id='word_1_207' title='bbox 129 2171 262 2222; x_wconf 84' lang='lat' dir='ltr'>libus.</span> <span class='ocrx_word' id='word_1_208' title='bbox 289 2172 387 2223; x_wconf 86' lang='lat' dir='ltr'>Hic</span> <span class='ocrx_word' id='word_1_209' title='bbox 429 2172 586 2238; x_wconf 86' lang='lat' dir='ltr'>quies</span> <span class='ocrx_word' id='word_1_210' title='bbox 633 2171 877 2222; x_wconf 86' lang='lat' dir='ltr'>laborum</span> <span class='ocrx_word' id='word_1_211' title='bbox 907 2173 1008 2223; x_wconf 88' lang='lat' dir='ltr'>erit</span> <span class='ocrx_word' id='word_1_212' title='bbox 1061 2171 1243 2223; x_wconf 80' lang='lat' dir='ltr'>vobis:</span> <span class='ocrx_word' id='word_1_213' title='bbox 1279 2172 1364 2223; x_wconf 86' lang='lat' dir='ltr'>hic</span> <span class='ocrx_word' id='word_1_214' title='bbox 1408 2175 1572 2224; x_wconf 78' lang='lat' dir='ltr'>statio</span> <span class='ocrx_word' id='word_1_215' title='bbox 1601 2174 1791 2235; x_wconf 81' lang='lat' dir='ltr'>fruens</span> 
     </span>
    </p>
   </div>
   <div class='ocr_carea' id='block_1_40' title="bbox 130 2241 1798 2310">
    <p class='ocr_par' dir='ltr' id='par_1_40' title="bbox 130 2241 1798 2310">
     <span class='ocr_line' id='line_1_40' title="bbox 130 2241 1798 2310; baseline 0.002 -17"><span class='ocrx_word' id='word_1_216' title='bbox 130 2241 502 2310; x_wconf 70' lang='lat' dir='ltr'>tranquillitate</span> <span class='ocrx_word' id='word_1_217' title='bbox 548 2249 851 2310; x_wconf 84' lang='lat' dir='ltr'>perpetua:</span> <span class='ocrx_word' id='word_1_218' title='bbox 886 2242 982 2295; x_wconf 89' lang='lat' dir='ltr'>hoc</span> <span class='ocrx_word' id='word_1_219' title='bbox 1010 2255 1179 2294; x_wconf 85' lang='lat' dir='ltr'>unum</span> <span class='ocrx_word' id='word_1_220' title='bbox 1223 2243 1502 2308; x_wconf 77' lang='lat' dir='ltr'>refugium</span> <span class='ocrx_word' id='word_1_221' title='bbox 1549 2247 1798 2310; x_wconf 86' lang='lat' dir='ltr'>apertum</span> 
     </span>
    </p>
   </div>
   <div class='ocr_carea' id='block_1_41' title="bbox 1839 1891 3602 1960">
    <p class='ocr_par' dir='ltr' id='par_1_41' title="bbox 1839 1891 3602 1960">
     <span class='ocr_line' id='line_1_41' title="bbox 1839 1891 3602 1960; baseline 0.007 -16"><span class='ocrx_word' id='word_1_222' title='bbox 1839 1891 1878 1944; x_wconf 88' lang='grc' dir='ltr'><strong>Β</strong></span> <span class='ocrx_word' id='word_1_223' title='bbox 1906 1893 2132 1944; x_wconf 79' lang='lat' dir='ltr'>miseris.</span> <span class='ocrx_word' id='word_1_224' title='bbox 2163 1893 2269 1946; x_wconf 88' lang='lat' dir='ltr'>Nec</span> <span class='ocrx_word' id='word_1_225' title='bbox 2298 1893 2476 1959; x_wconf 89' lang='lat' dir='ltr'>Tagus</span> <span class='ocrx_word' id='word_1_226' title='bbox 2517 1893 2634 1946; x_wconf 86' lang='lat' dir='ltr'>suis</span> <span class='ocrx_word' id='word_1_227' title='bbox 2664 1896 2844 1948; x_wconf 86' lang='lat' dir='ltr'>arenis</span> <span class='ocrx_word' id='word_1_228' title='bbox 2875 1899 3076 1960; x_wconf 84' lang='lat' dir='ltr'>aureis,</span> <span class='ocrx_word' id='word_1_229' title='bbox 3109 1914 3204 1952; x_wconf 87' lang='lat' dir='ltr'>nec</span> <span class='ocrx_word' id='word_1_230' title='bbox 3241 1901 3472 1955; x_wconf 89' lang='lat' dir='ltr'>Hermus</span> <span class='ocrx_word' id='word_1_231' title='bbox 3497 1917 3602 1956; x_wconf 92' lang='lat' dir='ltr'>suo</span> 
     </span>
    </p>
   </div>
   <div class='ocr_carea' id='block_1_42' title="bbox 1909 1961 3605 2034">
    <p class='ocr_par' dir='ltr' id='par_1_42' title="bbox 1909 1961 3605 2034">
     <span class='ocr_line' id='line_1_42' title="bbox 1909 1961 3605 2034; baseline 0.008 -22"><span class='ocrx_word' id='word_1_232' title='bbox 1909 1961 2094 2034; x_wconf 77' lang='lat' dir='ltr'>littore</span> <span class='ocrx_word' id='word_1_233' title='bbox 2125 1964 2313 2024; x_wconf 84' lang='lat' dir='ltr'>rutilo,</span> <span class='ocrx_word' id='word_1_234' title='bbox 2344 1978 2459 2034; x_wconf 78' lang='lat' dir='ltr'>nec</span> <span class='ocrx_word' id='word_1_235' title='bbox 2508 1964 2693 2025; x_wconf 85' lang='lat' dir='ltr'>Indus,</span> <span class='ocrx_word' id='word_1_236' title='bbox 2727 1968 2938 2020; x_wconf 83' lang='lat' dir='ltr'>vicinus</span> <span class='ocrx_word' id='word_1_237' title='bbox 2994 1971 3208 2034; x_wconf 85' lang='lat' dir='ltr'>regioni</span> <span class='ocrx_word' id='word_1_238' title='bbox 3236 1971 3462 2026; x_wconf 64' lang='lat' dir='ltr'>calide:</span> <span class='ocrx_word' id='word_1_239' title='bbox 3487 1973 3605 2026; x_wconf 86' lang='lat' dir='ltr'>suis</span> 
     </span>
    </p>
   </div>
   <div class='ocr_carea' id='block_1_43' title="bbox 1897 2030 3606 2111">
    <p class='ocr_par' dir='ltr' id='par_1_43' title="bbox 1897 2030 3606 2111">
     <span class='ocr_line' id='line_1_43' title="bbox 1897 2030 3606 2111; baseline 0.009 -28"><span class='ocrx_word' id='word_1_240' title='bbox 1897 2030 2120 2097; x_wconf 85' lang='lat' dir='ltr'>gemmis</span> <span class='ocrx_word' id='word_1_241' title='bbox 2150 2033 2402 2111; x_wconf 65' lang='lat' dir='ltr'>candidis</span> <span class='ocrx_word' id='word_1_242' title='bbox 2446 2035 2827 2111; x_wconf 81' lang='lat' dir='ltr'>viridibusque</span> <span class='ocrx_word' id='word_1_243' title='bbox 2877 2030 3192 2093; x_wconf 73' lang='lat' dir='ltr'>illuminant</span> <span class='ocrx_word' id='word_1_244' title='bbox 3215 2047 3437 2109; x_wconf 86' lang='lat' dir='ltr'>mentes,</span> <span class='ocrx_word' id='word_1_245' title='bbox 3470 2046 3606 2111; x_wconf 88' lang='lat' dir='ltr'>quin</span> 
     </span>
    </p>
   </div>
   <div class='ocr_carea' id='block_1_44' title="bbox 1902 2104 3600 2181">
    <p class='ocr_par' dir='ltr' id='par_1_44' title="bbox 1902 2104 3600 2181">
     <span class='ocr_line' id='line_1_44' title="bbox 1902 2104 3600 2181; baseline 0.009 -28"><span class='ocrx_word' id='word_1_246' title='bbox 1902 2117 1996 2181; x_wconf 53' lang='grc' dir='ltr'>(ἕλε</span> <span class='ocrx_word' id='word_1_247' title='bbox 2047 2106 2222 2181; x_wconf 84' lang='lat' dir='ltr'>magis</span> <span class='ocrx_word' id='word_1_248' title='bbox 2253 2104 2570 2181; x_wconf 67' lang='lat' dir='ltr'>obcaecalas</span> <span class='ocrx_word' id='word_1_249' title='bbox 2626 2108 2916 2181; x_wconf 13' lang='lat' dir='ltr'>involvunt,</span> <span class='ocrx_word' id='word_1_250' title='bbox 2955 2113 3012 2162; x_wconf 85' lang='lat' dir='ltr'>in</span> <span class='ocrx_word' id='word_1_251' title='bbox 3079 2125 3234 2164; x_wconf 89' lang='lat' dir='ltr'>suam</span> <span class='ocrx_word' id='word_1_252' title='bbox 3291 2104 3600 2181; x_wconf 74' lang='lat' dir='ltr'>caliginem.</span> 
     </span>
    </p>
   </div>
   <div class='ocr_carea' id='block_1_45' title="bbox 1905 2175 3600 2252">
    <p class='ocr_par' dir='ltr' id='par_1_45' title="bbox 1905 2175 3600 2252">
     <span class='ocr_line' id='line_1_45' title="bbox 1905 2175 3600 2252; baseline 0.009 -28"><span class='ocrx_word' id='word_1_253' title='bbox 1905 2175 2340 2252; x_wconf 81' lang='lat' dir='ltr'>Terra_n_utrivi_t</span> <span class='ocrx_word' id='word_1_254' title='bbox 2366 2177 2423 2227; x_wconf 90' lang='lat' dir='ltr'>in</span> <span class='ocrx_word' id='word_1_255' title='bbox 2465 2177 2580 2228; x_wconf 87' lang='lat' dir='ltr'>suis</span> <span class='ocrx_word' id='word_1_256' title='bbox 2611 2180 2788 2231; x_wconf 82' lang='lat' dir='ltr'>antris</span> <span class='ocrx_word' id='word_1_257' title='bbox 2827 2180 3183 2244; x_wconf 79' lang='lat' dir='ltr'>inferioribus</span> <span class='ocrx_word' id='word_1_258' title='bbox 3213 2182 3323 2236; x_wconf 59' lang='lat' dir='ltr'>hac</span> <span class='ocrx_word' id='word_1_259' title='bbox 3350 2175 3600 2252; x_wconf 62' lang='lat' dir='ltr'>corpora,</span> 
     </span>
    </p>
   </div>
   <div class='ocr_carea' id='block_1_46' title="bbox 1907 2244 3602 2320">
    <p class='ocr_par' dir='ltr' id='par_1_46' title="bbox 1907 2244 3602 2320">
     <span class='ocr_line' id='line_1_46' title="bbox 1907 2244 3602 2320; baseline 0.007 -23"><span class='ocrx_word' id='word_1_260' title='bbox 1907 2259 2026 2310; x_wconf 74' lang='lat' dir='ltr'>qua:</span> <span class='ocrx_word' id='word_1_261' title='bbox 2065 2244 2331 2299; x_wconf 87' lang='lat' dir='ltr'>delectant</span> <span class='ocrx_word' id='word_1_262' title='bbox 2373 2253 2802 2317; x_wconf 87' lang='lat' dir='ltr'>commoventque</span> <span class='ocrx_word' id='word_1_263' title='bbox 2840 2253 3069 2305; x_wconf 86' lang='lat' dir='ltr'>animos.</span> <span class='ocrx_word' id='word_1_264' title='bbox 3103 2255 3174 2304; x_wconf 83' lang='lat' dir='ltr'>At</span> <span class='ocrx_word' id='word_1_265' title='bbox 3217 2267 3350 2307; x_wconf 91' lang='lat' dir='ltr'>vero</span> <span class='ocrx_word' id='word_1_266' title='bbox 3402 2244 3602 2320; x_wconf 73' lang='lat' dir='ltr'>lumen,</span> 
     </span>
    </p>
   </div>
   <div class='ocr_carea' id='block_1_47' title="bbox 1749 2364 1975 2420">
    <p class='ocr_par' dir='ltr' id='par_1_47' title="bbox 1749 2364 1975 2420">
     <span class='ocr_line' id='line_1_47' title="bbox 1749 2364 1975 2420; baseline 0 -2"><span class='ocrx_word' id='word_1_267' title='bbox 1749 2364 1975 2420; x_wconf 62' lang='lat' dir='ltr'>NOTE.</span> 
     </span>
    </p>
   </div>
   <div class='ocr_carea' id='block_1_48' title="bbox 185 2460 1799 2530">
    <p class='ocr_par' dir='ltr' id='par_1_48' title="bbox 185 2460 1799 2530">
     <span class='ocr_line' id='line_1_48' title="bbox 185 2460 1799 2530; baseline -0.001 -15"><span class='ocrx_word' id='word_1_268' title='bbox 185 2475 201 2493; x_wconf 83' lang='lat'><strong><em>°</em></strong></span> <span class='ocrx_word' id='word_1_269' title='bbox 232 2461 467 2516; x_wconf 84' lang='lat' dir='ltr'>Carmen</span> <span class='ocrx_word' id='word_1_270' title='bbox 500 2467 774 2514; x_wconf 85' lang='lat' dir='ltr'>constans</span> <span class='ocrx_word' id='word_1_271' title='bbox 808 2476 875 2513; x_wconf 82' lang='lat' dir='ltr'>ex</span> <span class='ocrx_word' id='word_1_272' title='bbox 914 2460 1129 2530; x_wconf 87' lang='lat' dir='ltr'>duplici</span> <span class='ocrx_word' id='word_1_273' title='bbox 1164 2477 1372 2530; x_wconf 82' lang='lat' dir='ltr'>genere</span> <span class='ocrx_word' id='word_1_274' title='bbox 1405 2477 1673 2516; x_wconf 85' lang='lat' dir='ltr'>versuum</span> <span class='ocrx_word' id='word_1_275' title='bbox 1717 2462 1799 2514; x_wconf 90' lang='lat' dir='ltr'>al-</span> 
     </span>
    </p>
   </div>
   <div class='ocr_carea' id='block_1_49' title="bbox 131 2531 1803 2602">
    <p class='ocr_par' dir='ltr' id='par_1_49' title="bbox 131 2531 1803 2602">
     <span class='ocr_line' id='line_1_49' title="bbox 131 2531 1803 2602; baseline 0.001 -17"><span class='ocrx_word' id='word_1_276' title='bbox 131 2537 418 2598; x_wconf 85' lang='lat' dir='ltr'>ternorum,</span> <span class='ocrx_word' id='word_1_277' title='bbox 453 2547 709 2602; x_wconf 89' lang='lat' dir='ltr'>quorum</span> <span class='ocrx_word' id='word_1_278' title='bbox 733 2531 890 2600; x_wconf 92' lang='lat' dir='ltr'>prior</span> <span class='ocrx_word' id='word_1_279' title='bbox 914 2532 1217 2586; x_wconf 86' lang='lat' dir='ltr'>Phaleucus</span> <span class='ocrx_word' id='word_1_280' title='bbox 1245 2532 1588 2602; x_wconf 90' lang='lat' dir='ltr'>spondeum,</span> <span class='ocrx_word' id='word_1_281' title='bbox 1611 2534 1803 2599; x_wconf 86' lang='lat' dir='ltr'>dacty-</span> 
     </span>
    </p>
   </div>
   <div class='ocr_carea' id='block_1_50' title="bbox 131 2601 1800 2672">
    <p class='ocr_par' dir='ltr' id='par_1_50' title="bbox 131 2601 1800 2672">
     <span class='ocr_line' id='line_1_50' title="bbox 131 2601 1800 2672; baseline 0.001 -18"><span class='ocrx_word' id='word_1_282' title='bbox 131 2604 248 2666; x_wconf 87' lang='lat' dir='ltr'>lum,</span> <span class='ocrx_word' id='word_1_283' title='bbox 278 2612 333 2658; x_wconf 90' lang='lat' dir='ltr'>et</span> <span class='ocrx_word' id='word_1_284' title='bbox 380 2601 498 2656; x_wconf 84' lang='lat' dir='ltr'>tres</span> <span class='ocrx_word' id='word_1_285' title='bbox 551 2619 748 2656; x_wconf 83' lang='lat' dir='ltr'>cureos</span> <span class='ocrx_word' id='word_1_286' title='bbox 805 2601 994 2658; x_wconf 83' lang='lat' dir='ltr'>liabet.</span> <span class='ocrx_word' id='word_1_287' title='bbox 1049 2604 1330 2672; x_wconf 84' lang='lat' dir='ltr'>posterior</span> <span class='ocrx_word' id='word_1_288' title='bbox 1372 2604 1678 2672; x_wconf 82' lang='lat' dir='ltr'>Sapphicus</span> <span class='ocrx_word' id='word_1_289' title='bbox 1710 2621 1800 2656; x_wconf 89' lang='lat' dir='ltr'>co-</span> 
     </span>
    </p>
   </div>
   <div class='ocr_carea' id='block_1_51' title="bbox 132 2673 1802 2744">
    <p class='ocr_par' dir='ltr' id='par_1_51' title="bbox 132 2673 1802 2744">
     <span class='ocr_line' id='line_1_51' title="bbox 132 2673 1802 2744; baseline 0.001 -18"><span class='ocrx_word' id='word_1_290' title='bbox 132 2690 287 2740; x_wconf 88' lang='lat' dir='ltr'>reum,</span> <span class='ocrx_word' id='word_1_291' title='bbox 343 2675 694 2744; x_wconf 90' lang='lat' dir='ltr'>spondeum,</span> <span class='ocrx_word' id='word_1_292' title='bbox 728 2673 1037 2740; x_wconf 85' lang='lat' dir='ltr'>dactylum,</span> <span class='ocrx_word' id='word_1_293' title='bbox 1091 2677 1148 2728; x_wconf 91' lang='lat' dir='ltr'>et</span> <span class='ocrx_word' id='word_1_294' title='bbox 1194 2673 1338 2727; x_wconf 90' lang='lat' dir='ltr'>duos</span> <span class='ocrx_word' id='word_1_295' title='bbox 1393 2690 1630 2727; x_wconf 90' lang='lat' dir='ltr'>coreos:</span> <span class='ocrx_word' id='word_1_296' title='bbox 1691 2675 1802 2728; x_wconf 88' lang='lat' dir='ltr'>nisi</span> 
     </span>
    </p>
   </div>
   <div class='ocr_carea' id='block_1_52' title="bbox 133 2743 1802 2816">
    <p class='ocr_par' dir='ltr' id='par_1_52' title="bbox 133 2743 1802 2816">
     <span class='ocr_line' id='line_1_52' title="bbox 133 2743 1802 2816; baseline 0.002 -20"><span class='ocrx_word' id='word_1_297' title='bbox 133 2746 259 2814; x_wconf 87' lang='lat' dir='ltr'>quod</span> <span class='ocrx_word' id='word_1_298' title='bbox 297 2743 397 2816; x_wconf 81' lang='lat' dir='ltr'>pro</span> <span class='ocrx_word' id='word_1_299' title='bbox 437 2745 749 2815; x_wconf 84' lang='lat' dir='ltr'>Sapphico,</span> <span class='ocrx_word' id='word_1_300' title='bbox 782 2743 944 2814; x_wconf 92' lang='lat' dir='ltr'>cujus</span> <span class='ocrx_word' id='word_1_301' title='bbox 976 2749 1098 2816; x_wconf 83' lang='lat' dir='ltr'>erat</span> <span class='ocrx_word' id='word_1_302' title='bbox 1136 2744 1514 2816; x_wconf 86' lang='lat' dir='ltr'>alternareiu</span> <span class='ocrx_word' id='word_1_303' title='bbox 1554 2745 1802 2799; x_wconf 89' lang='lat' dir='ltr'>secundo</span> 
     </span>
    </p>
   </div>
   <div class='ocr_carea' id='block_1_53' title="bbox 131 2815 1797 2940">
    <p class='ocr_par' dir='ltr' id='par_1_53' title="bbox 131 2815 1797 2940">
     <span class='ocr_line' id='line_1_53' title="bbox 131 2815 1797 2886; baseline 0.001 -20"><span class='ocrx_word' id='word_1_304' title='bbox 131 2815 381 2880; x_wconf 41' lang='lat' dir='ltr'>versu,&#39;re</span> <span class='ocrx_word' id='word_1_305' title='bbox 426 2817 608 2870; x_wconf 89' lang='lat' dir='ltr'>etitur</span> <span class='ocrx_word' id='word_1_306' title='bbox 665 2816 999 2869; x_wconf 83' lang='lat' dir='ltr'>Phaleucns.</span> <span class='ocrx_word' id='word_1_307' title='bbox 1036 2815 1336 2886; x_wconf 89' lang='lat' dir='ltr'>Corrigere</span> <span class='ocrx_word' id='word_1_308' title='bbox 1365 2815 1562 2868; x_wconf 85' lang='lat' dir='ltr'>fuisset</span> <span class='ocrx_word' id='word_1_309' title='bbox 1596 2816 1797 2869; x_wconf 87' lang='lat' dir='ltr'>facilli-</span> 
     </span>
     <span class='ocr_line' id='line_1_54' title="bbox 132 2835 1797 2940; baseline 0 0"><span class='ocrx_word' id='word_1_310' title='bbox 132 2903 282 2940; x_wconf 88' lang='lat' dir='ltr'>mum.</span> <span class='ocrx_word' id='word_1_311' title='bbox 313 2835 422 2940; x_wconf 62' lang='lat' dir='ltr'>sed)</span> <span class='ocrx_word' id='word_1_312' title='bbox 440 2888 496 2940; x_wconf 92' lang='lat' dir='ltr'>id</span> <span class='ocrx_word' id='word_1_313' title='bbox 536 2887 677 2939; x_wconf 84' lang='lat' dir='ltr'>forte</span> <span class='ocrx_word' id='word_1_314' title='bbox 707 2887 958 2940; x_wconf 74' lang='lat' dir='ltr'>neglexit</span> <span class='ocrx_word' id='word_1_315' title='bbox 987 2892 1205 2940; x_wconf 88' lang='lat' dir='ltr'>auctor.</span> <span class='ocrx_word' id='word_1_316' title='bbox 1231 2886 1385 2940; x_wconf 88' lang='lat' dir='ltr'>anod</span> <span class='ocrx_word' id='word_1_317' title='bbox 1406 2892 1644 2940; x_wconf 87' lang='lat' dir='ltr'>uteruue</span> <span class='ocrx_word' id='word_1_318' title='bbox 1677 2902 1797 2940; x_wconf 87' lang='lat' dir='ltr'>ver-</span> 
     </span>
    </p>
   </div>
   <div class='ocr_carea' id='block_1_54' title="bbox 132 2886 1801 2956">
    <p class='ocr_par' dir='ltr' id='par_1_54' title="bbox 132 2886 1801 2956">
     <span class='ocr_line' id='line_1_55' title="bbox 132 2886 1801 2956; baseline 0 -16"><span class='ocrx_word' id='word_1_319' title='bbox 132 2903 282 2952; x_wconf 89' lang='lat' dir='ltr'>mum,</span> <span class='ocrx_word' id='word_1_320' title='bbox 313 2886 408 2940; x_wconf 90' lang='lat' dir='ltr'>sed</span> <span class='ocrx_word' id='word_1_321' title='bbox 440 2888 496 2940; x_wconf 92' lang='lat' dir='ltr'>id</span> <span class='ocrx_word' id='word_1_322' title='bbox 536 2887 677 2939; x_wconf 83' lang='lat' dir='ltr'>forte</span> <span class='ocrx_word' id='word_1_323' title='bbox 707 2887 958 2955; x_wconf 79' lang='lat' dir='ltr'>neglexit</span> <span class='ocrx_word' id='word_1_324' title='bbox 987 2892 1205 2953; x_wconf 88' lang='lat' dir='ltr'>auctor,</span> <span class='ocrx_word' id='word_1_325' title='bbox 1231 2886 1385 2956; x_wconf 89' lang='lat' dir='ltr'>quod</span> <span class='ocrx_word' id='word_1_326' title='bbox 1406 2892 1644 2956; x_wconf 82' lang='lat' dir='ltr'>uterque</span> <span class='ocrx_word' id='word_1_327' title='bbox 1677 2902 1801 2940; x_wconf 88' lang='lat' dir='ltr'>ver-</span> 
     </span>
    </p>
   </div>
   <div class='ocr_carea' id='block_1_55' title="bbox 133 2957 842 3012">
    <p class='ocr_par' dir='ltr' id='par_1_55' title="bbox 133 2957 842 3012">
     <span class='ocr_line' id='line_1_56' title="bbox 133 2957 842 3012; baseline 0.003 -4"><span class='ocrx_word' id='word_1_328' title='bbox 133 2975 209 3010; x_wconf 89' lang='lat' dir='ltr'>sus</span> <span class='ocrx_word' id='word_1_329' title='bbox 235 2957 702 3012; x_wconf 80' lang='lat' dir='ltr'>enaecasvllabus</span> <span class='ocrx_word' id='word_1_330' title='bbox 737 2963 842 3010; x_wconf 87' lang='lat' dir='ltr'>est.</span> 
     </span>
    </p>
   </div>
   <div class='ocr_carea' id='block_1_56' title="bbox 192 3015 1652 3097">
    <p class='ocr_par' dir='ltr' id='par_1_56' title="bbox 192 3015 1652 3097">
     <span class='ocr_line' id='line_1_57' title="bbox 192 3015 1652 3097; baseline 0.001 -18"><span class='ocrx_word' id='word_1_331' title='bbox 192 3031 230 3079; x_wconf 95' lang='grc'>1.</span> <span class='ocrx_word' id='word_1_332' title='bbox 270 3031 418 3095; x_wconf 67' lang='lat' dir='ltr'>Huc]</span> <span class='ocrx_word' id='word_1_333' title='bbox 450 3015 539 3082; x_wconf 75' lang='grc' dir='ltr'>Ᾰει</span> <span class='ocrx_word' id='word_1_334' title='bbox 575 3028 904 3097; x_wconf 62' lang='lat' dir='ltr'>praedictam</span> <span class='ocrx_word' id='word_1_335' title='bbox 931 3027 1142 3097; x_wconf 83' lang='lat' dir='ltr'>summi</span> <span class='ocrx_word' id='word_1_336' title='bbox 1175 3026 1311 3080; x_wconf 90' lang='lat' dir='ltr'>boni</span> <span class='ocrx_word' id='word_1_337' title='bbox 1344 3027 1652 3081; x_wconf 90' lang='lat' dir='ltr'>notionem.</span> 
     </span>
    </p>
   </div>
   <div class='ocr_carea' id='block_1_57' title="bbox 193 3095 1795 3169">
    <p class='ocr_par' dir='ltr' id='par_1_57' title="bbox 193 3095 1795 3169">
     <span class='ocr_line' id='line_1_58' title="bbox 193 3095 1795 3169; baseline -0.001 -19"><span class='ocrx_word' id='word_1_338' title='bbox 193 3103 231 3152; x_wconf 94' lang='grc'>1.</span> <span class='ocrx_word' id='word_1_339' title='bbox 262 3101 444 3154; x_wconf 87' lang='lat' dir='ltr'>Omnes</span> <span class='ocrx_word' id='word_1_340' title='bbox 471 3095 690 3166; x_wconf 76' lang='lat' dir='ltr'>pariter</span> <span class='ocrx_word' id='word_1_341' title='bbox 715 3102 892 3151; x_wconf 87' lang='lat' dir='ltr'>venite</span> <span class='ocrx_word' id='word_1_342' title='bbox 919 3095 1115 3169; x_wconf 84' lang='lat' dir='ltr'>capti.]</span> <span class='ocrx_word' id='word_1_343' title='bbox 1159 3099 1372 3152; x_wconf 72' lang='lat' dir='ltr'>Par-iter</span> <span class='ocrx_word' id='word_1_344' title='bbox 1405 3098 1650 3166; x_wconf 82' lang='lat' dir='ltr'>intelligi</span> <span class='ocrx_word' id='word_1_345' title='bbox 1691 3115 1795 3166; x_wconf 89' lang='lat' dir='ltr'>po-</span> 
     </span>
    </p>
   </div>
   <div class='ocr_carea' id='block_1_58' title="bbox 133 3169 1797 3241">
    <p class='ocr_par' dir='ltr' id='par_1_58' title="bbox 133 3169 1797 3241">
     <span class='ocr_line' id='line_1_59' title="bbox 133 3169 1797 3241; baseline 0.001 -21"><span class='ocrx_word' id='word_1_346' title='bbox 133 3170 397 3241; x_wconf 82' lang='lat' dir='ltr'>testjungi</span> <span class='ocrx_word' id='word_1_347' title='bbox 440 3171 530 3222; x_wconf 90' lang='lat' dir='ltr'>vel</span> <span class='ocrx_word' id='word_1_348' title='bbox 565 3185 696 3222; x_wconf 91' lang='lat' dir='ltr'>cum</span> <span class='ocrx_word' id='word_1_349' title='bbox 725 3169 898 3241; x_wconf 86' lang='lat' dir='ltr'>verbo</span> <span class='ocrx_word' id='word_1_350' title='bbox 934 3172 1127 3235; x_wconf 78' lang='lat' dir='ltr'>venite,</span> <span class='ocrx_word' id='word_1_351' title='bbox 1166 3176 1226 3222; x_wconf 90' lang='lat' dir='ltr'>ut</span> <span class='ocrx_word' id='word_1_352' title='bbox 1265 3169 1642 3241; x_wconf 77' lang='lat' dir='ltr'>signiﬁcetur,</span> <span class='ocrx_word' id='word_1_353' title='bbox 1679 3185 1797 3222; x_wconf 89' lang='lat' dir='ltr'>con-</span> 
     </span>
    </p>
   </div>
   <div class='ocr_carea' id='block_1_59' title="bbox 133 3238 1796 3308">
    <p class='ocr_par' dir='ltr' id='par_1_59' title="bbox 133 3238 1796 3308">
     <span class='ocr_line' id='line_1_60' title="bbox 133 3238 1796 3308; baseline 0.001 -16"><span class='ocrx_word' id='word_1_354' title='bbox 133 3243 312 3306; x_wconf 82' lang='lat' dir='ltr'>venite;</span> <span class='ocrx_word' id='word_1_355' title='bbox 338 3238 420 3294; x_wconf 74' lang='lat' dir='ltr'>vel</span> <span class='ocrx_word' id='word_1_356' title='bbox 447 3256 586 3294; x_wconf 88' lang='lat' dir='ltr'>cum</span> <span class='ocrx_word' id='word_1_357' title='bbox 617 3238 918 3308; x_wconf 82' lang='lat' dir='ltr'>participio</span> <span class='ocrx_word' id='word_1_358' title='bbox 945 3242 1114 3307; x_wconf 86' lang='lat' dir='ltr'>capti,</span> <span class='ocrx_word' id='word_1_359' title='bbox 1145 3246 1208 3292; x_wconf 89' lang='lat' dir='ltr'>ut</span> <span class='ocrx_word' id='word_1_360' title='bbox 1239 3240 1609 3308; x_wconf 83' lang='lat' dir='ltr'>signiﬁcetur,</span> <span class='ocrx_word' id='word_1_361' title='bbox 1641 3242 1796 3293; x_wconf 49' lang='lat' dir='ltr'>simis</span> 
     </span>
    </p>
   </div>
   <div class='ocr_carea' id='block_1_60' title="bbox 135 3310 1800 3380">
    <p class='ocr_par' dir='ltr' id='par_1_60' title="bbox 135 3310 1800 3380">
     <span class='ocr_line' id='line_1_61' title="bbox 135 3310 1800 3380; baseline 0.001 -18"><span class='ocrx_word' id='word_1_362' title='bbox 135 3312 235 3364; x_wconf 85' lang='lat' dir='ltr'>liter</span> <span class='ocrx_word' id='word_1_363' title='bbox 260 3313 496 3380; x_wconf 81' lang='lat' dir='ltr'>decepti:</span> <span class='ocrx_word' id='word_1_364' title='bbox 533 3316 723 3377; x_wconf 88' lang='lat' dir='ltr'>captus</span> <span class='ocrx_word' id='word_1_365' title='bbox 751 3312 904 3362; x_wconf 90' lang='lat' dir='ltr'>enim</span> <span class='ocrx_word' id='word_1_366' title='bbox 933 3311 1252 3379; x_wconf 89' lang='lat' dir='ltr'>generatim</span> <span class='ocrx_word' id='word_1_367' title='bbox 1287 3313 1333 3363; x_wconf 90' lang='lat' dir='ltr'>is</span> <span class='ocrx_word' id='word_1_368' title='bbox 1361 3310 1591 3371; x_wconf 89' lang='lat' dir='ltr'>dicitur,</span> <span class='ocrx_word' id='word_1_369' title='bbox 1616 3311 1714 3379; x_wconf 89' lang='lat' dir='ltr'>qui</span> <span class='ocrx_word' id='word_1_370' title='bbox 1739 3311 1800 3363; x_wconf 90' lang='lat' dir='ltr'>in</span> 
     </span>
    </p>
   </div>
   <div class='ocr_carea' id='block_1_61' title="bbox 135 3381 1799 3452">
    <p class='ocr_par' dir='ltr' id='par_1_61' title="bbox 135 3381 1799 3452">
     <span class='ocr_line' id='line_1_62' title="bbox 135 3381 1799 3452; baseline 0.001 -20"><span class='ocrx_word' id='word_1_371' title='bbox 135 3383 336 3436; x_wconf 78' lang='lat' dir='ltr'>alteriUs</span> <span class='ocrx_word' id='word_1_372' title='bbox 364 3386 652 3452; x_wconf 88' lang='lat' dir='ltr'>potestate</span> <span class='ocrx_word' id='word_1_373' title='bbox 683 3387 804 3434; x_wconf 89' lang='lat' dir='ltr'>est:</span> <span class='ocrx_word' id='word_1_374' title='bbox 841 3384 994 3433; x_wconf 89' lang='lat' dir='ltr'>unde</span> <span class='ocrx_word' id='word_1_375' title='bbox 1029 3383 1276 3448; x_wconf 86' lang='lat' dir='ltr'>captivus</span> <span class='ocrx_word' id='word_1_376' title='bbox 1302 3397 1314 3434; x_wconf 94' lang='lat'>:</span> <span class='ocrx_word' id='word_1_377' title='bbox 1347 3381 1645 3452; x_wconf 88' lang='lat' dir='ltr'>speciatim</span> <span class='ocrx_word' id='word_1_378' title='bbox 1668 3397 1799 3434; x_wconf 88' lang='lat' dir='ltr'>vero</span> 
     </span>
    </p>
   </div>
   <div class='ocr_carea' id='block_1_62' title="bbox 138 3451 1800 3524">
    <p class='ocr_par' dir='ltr' id='par_1_62' title="bbox 138 3451 1800 3524">
     <span class='ocr_line' id='line_1_63' title="bbox 138 3451 1800 3524; baseline 0.001 -21"><span class='ocrx_word' id='word_1_379' title='bbox 138 3454 173 3504; x_wconf 86' lang='lat' dir='ltr'>is</span> <span class='ocrx_word' id='word_1_380' title='bbox 198 3463 272 3524; x_wconf 81' lang='lat' dir='ltr'>est</span> <span class='ocrx_word' id='word_1_381' title='bbox 298 3451 390 3524; x_wconf 79' lang='lat' dir='ltr'>qui</span> <span class='ocrx_word' id='word_1_382' title='bbox 422 3452 659 3524; x_wconf 86' lang='lat' dir='ltr'>corpori</span> <span class='ocrx_word' id='word_1_383' title='bbox 683 3469 784 3505; x_wconf 89' lang='lat' dir='ltr'>suo</span> <span class='ocrx_word' id='word_1_384' title='bbox 806 3467 1022 3524; x_wconf 85' lang='lat' dir='ltr'>morem</span> <span class='ocrx_word' id='word_1_385' title='bbox 1046 3467 1258 3524; x_wconf 87' lang='lat' dir='ltr'>gerens</span> <span class='ocrx_word' id='word_1_386' title='bbox 1286 3454 1400 3504; x_wconf 89' lang='lat' dir='ltr'>suis</span> <span class='ocrx_word' id='word_1_387' title='bbox 1427 3451 1655 3506; x_wconf 88' lang='lat' dir='ltr'>ducitur</span> <span class='ocrx_word' id='word_1_388' title='bbox 1669 3468 1800 3522; x_wconf 89' lang='lat' dir='ltr'>per-</span> 
     </span>
    </p>
   </div>
   <div class='ocr_carea' id='block_1_63' title="bbox 137 3521 1365 3592">
    <p class='ocr_par' dir='ltr' id='par_1_63' title="bbox 137 3521 1365 3592">
     <span class='ocr_line' id='line_1_64' title="bbox 137 3521 1365 3592; baseline 0.002 -19"><span class='ocrx_word' id='word_1_389' title='bbox 137 3521 552 3578; x_wconf 76' lang='lat' dir='ltr'>turbationibus.</span> <span class='ocrx_word' id='word_1_390' title='bbox 592 3523 742 3592; x_wconf 86' lang='lat' dir='ltr'>Virg.</span> <span class='ocrx_word' id='word_1_391' title='bbox 779 3538 827 3574; x_wconf 84' lang='lat' dir='ltr'>tV</span> <span class='ocrx_word' id='word_1_392' title='bbox 862 3521 1106 3588; x_wconf 65' lang='lat' dir='ltr'>:Eneid.,</span> <span class='ocrx_word' id='word_1_393' title='bbox 1134 3539 1184 3575; x_wconf 86' lang='grc' dir='ltr'>ν.</span> <span class='ocrx_word' id='word_1_394' title='bbox 1221 3523 1319 3576; x_wconf 68' lang='grc'>194</span> <span class='ocrx_word' id='word_1_395' title='bbox 1353 3538 1365 3575; x_wconf 88' lang='lat'>:</span> 
     </span>
    </p>
   </div>
   <div class='ocr_carea' id='block_1_64' title="bbox 237 3611 1678 3675">
    <p class='ocr_par' dir='ltr' id='par_1_64' title="bbox 237 3611 1678 3675">
     <span class='ocr_line' id='line_1_65' title="bbox 237 3611 1678 3675; baseline -0.002 -14"><span class='ocrx_word' id='word_1_396' title='bbox 237 3612 540 3675; x_wconf 80' lang='lat' dir='ltr'>Regnorum</span> <span class='ocrx_word' id='word_1_397' title='bbox 570 3611 907 3659; x_wconf 87' lang='lat' dir='ltr'>immemores</span> <span class='ocrx_word' id='word_1_398' title='bbox 929 3611 1173 3672; x_wconf 88' lang='lat' dir='ltr'>turpique</span> <span class='ocrx_word' id='word_1_399' title='bbox 1205 3611 1452 3674; x_wconf 87' lang='lat' dir='ltr'>cupidine</span> <span class='ocrx_word' id='word_1_400' title='bbox 1481 3616 1678 3674; x_wconf 90' lang='lat' dir='ltr'>captos.</span> 
     </span>
    </p>
   </div>
   <div class='ocr_carea' id='block_1_65' title="bbox 196 3690 1806 3760">
    <p class='ocr_par' dir='ltr' id='par_1_65' title="bbox 196 3690 1806 3760">
     <span class='ocr_line' id='line_1_66' title="bbox 196 3690 1806 3760; baseline 0 -17"><span class='ocrx_word' id='word_1_401' title='bbox 196 3692 319 3743; x_wconf 89' lang='lat' dir='ltr'>Hinc</span> <span class='ocrx_word' id='word_1_402' title='bbox 349 3693 545 3755; x_wconf 77' lang='lat' dir='ltr'>libido,</span> <span class='ocrx_word' id='word_1_403' title='bbox 577 3707 706 3760; x_wconf 71' lang='lat' dir='ltr'>qua:</span> <span class='ocrx_word' id='word_1_404' title='bbox 740 3692 942 3743; x_wconf 89' lang='lat' dir='ltr'>merito</span> <span class='ocrx_word' id='word_1_405' title='bbox 979 3691 1188 3743; x_wconf 90' lang='lat' dir='ltr'>dicitur</span> <span class='ocrx_word' id='word_1_406' title='bbox 1234 3692 1436 3756; x_wconf 70' lang='lat' dir='ltr'>fultam,</span> <span class='ocrx_word' id='word_1_407' title='bbox 1473 3690 1806 3760; x_wconf 87' lang='lat' dir='ltr'>perhibetur</span> 
     </span>
    </p>
   </div>
   <div class='ocr_carea' id='block_1_66' title="bbox 140 3762 1803 3831">
    <p class='ocr_par' dir='ltr' id='par_1_66' title="bbox 140 3762 1803 3831">
     <span class='ocr_line' id='line_1_67' title="bbox 140 3762 1803 3831; baseline 0.002 -21"><span class='ocrx_word' id='word_1_408' title='bbox 140 3763 283 3828; x_wconf 75' lang='lat' dir='ltr'>ligare</span> <span class='ocrx_word' id='word_1_409' title='bbox 299 3769 494 3817; x_wconf 84' lang='lat' dir='ltr'>mentes</span> <span class='ocrx_word' id='word_1_410' title='bbox 516 3771 760 3816; x_wconf 86' lang='lat' dir='ltr'>terrenas</span> <span class='ocrx_word' id='word_1_411' title='bbox 778 3762 1036 3829; x_wconf 79' lang='lat' dir='ltr'>improbis</span> <span class='ocrx_word' id='word_1_412' title='bbox 1058 3764 1279 3815; x_wconf 84' lang='lat' dir='ltr'>catenis.</span> <span class='ocrx_word' id='word_1_413' title='bbox 1303 3763 1517 3827; x_wconf 85' lang='lat' dir='ltr'>Libido,</span> <span class='ocrx_word' id='word_1_414' title='bbox 1545 3762 1803 3831; x_wconf 88' lang='lat' dir='ltr'>inquam,</span> 
     </span>
    </p>
   </div>
   <div class='ocr_carea' id='block_1_67' title="bbox 139 3832 1807 3902">
    <p class='ocr_par' dir='ltr' id='par_1_67' title="bbox 139 3832 1807 3902">
     <span class='ocr_line' id='line_1_68' title="bbox 139 3832 1807 3902; baseline -0.001 -18"><span class='ocrx_word' id='word_1_415' title='bbox 139 3849 241 3900; x_wconf 72' lang='lat' dir='ltr'>qua:</span> <span class='ocrx_word' id='word_1_416' title='bbox 261 3835 393 3887; x_wconf 82' lang='lat' dir='ltr'>nihil</span> <span class='ocrx_word' id='word_1_417' title='bbox 422 3842 510 3886; x_wconf 90' lang='lat' dir='ltr'>est</span> <span class='ocrx_word' id='word_1_418' title='bbox 528 3833 683 3886; x_wconf 89' lang='lat' dir='ltr'>aliud</span> <span class='ocrx_word' id='word_1_419' title='bbox 704 3848 876 3902; x_wconf 91' lang='lat' dir='ltr'>quam</span> <span class='ocrx_word' id='word_1_420' title='bbox 896 3833 1164 3901; x_wconf 87' lang='lat' dir='ltr'>cogitatio</span> <span class='ocrx_word' id='word_1_421' title='bbox 1192 3833 1397 3885; x_wconf 88' lang='lat' dir='ltr'>mentis</span> <span class='ocrx_word' id='word_1_422' title='bbox 1415 3832 1666 3885; x_wconf 74' lang='lat' dir='ltr'>motibus</span> <span class='ocrx_word' id='word_1_423' title='bbox 1687 3848 1807 3884; x_wconf 92' lang='lat' dir='ltr'>cor-</span> 
     </span>
    </p>
   </div>
   <div class='ocr_carea' id='block_1_68' title="bbox 141 3903 1808 3974">
    <p class='ocr_par' dir='ltr' id='par_1_68' title="bbox 141 3903 1808 3974">
     <span class='ocr_line' id='line_1_69' title="bbox 141 3903 1808 3974; baseline 0 -18"><span class='ocrx_word' id='word_1_424' title='bbox 141 3904 301 3969; x_wconf 86' lang='lat' dir='ltr'>poreis</span> <span class='ocrx_word' id='word_1_425' title='bbox 322 3903 724 3974; x_wconf 84' lang='lat' dir='ltr'>obsequentis.</span> <span class='ocrx_word' id='word_1_426' title='bbox 744 3905 949 3974; x_wconf 87' lang='lat' dir='ltr'>merito</span> <span class='ocrx_word' id='word_1_427' title='bbox 969 3903 1178 3974; x_wconf 86' lang='lat' dir='ltr'>dicitur</span> <span class='ocrx_word' id='word_1_428' title='bbox 1187 3904 1388 3969; x_wconf 66' lang='lat' dir='ltr'>fallam,</span> <span class='ocrx_word' id='word_1_429' title='bbox 1405 3903 1541 3973; x_wconf 89' lang='lat' dir='ltr'>quia</span> <span class='ocrx_word' id='word_1_430' title='bbox 1555 3909 1808 3974; x_wconf 84' lang='lat' dir='ltr'>mentem</span> 
     </span>
    </p>
   </div>
   <div class='ocr_carea' id='block_1_69' title="bbox 139 3973 1808 4046">
    <p class='ocr_par' dir='ltr' id='par_1_69' title="bbox 139 3973 1808 4046">
     <span class='ocr_line' id='line_1_70' title="bbox 139 3973 1808 4046; baseline -0.001 -19"><span class='ocrx_word' id='word_1_431' title='bbox 139 3989 164 4046; x_wconf 79' lang='lat' dir='ltr'>a</span> <span class='ocrx_word' id='word_1_432' title='bbox 193 3975 308 4040; x_wconf 91' lang='lat' dir='ltr'>Deo,</span> <span class='ocrx_word' id='word_1_433' title='bbox 341 3976 440 4046; x_wconf 91' lang='lat' dir='ltr'>qui</span> <span class='ocrx_word' id='word_1_434' title='bbox 469 3973 559 4028; x_wconf 81' lang='lat' dir='ltr'>est</span> <span class='ocrx_word' id='word_1_435' title='bbox 607 3975 793 4044; x_wconf 89' lang='lat' dir='ltr'>prima</span> <span class='ocrx_word' id='word_1_436' title='bbox 825 3973 1033 4046; x_wconf 88' lang='lat' dir='ltr'>veritas</span> <span class='ocrx_word' id='word_1_437' title='bbox 1080 3973 1402 4046; x_wconf 8' lang='lat' dir='ltr'>primaque,</span> <span class='ocrx_word' id='word_1_438' title='bbox 1431 3973 1688 4046; x_wconf 70' lang='lat' dir='ltr'>bonitas,</span> <span class='ocrx_word' id='word_1_439' title='bbox 1712 3973 1808 4046; x_wconf 80' lang='lat' dir='ltr'>ab-</span> 
     </span>
    </p>
   </div>
   <div class='ocr_carea' id='block_1_70' title="bbox 140 4043 1808 4113">
    <p class='ocr_par' dir='ltr' id='par_1_70' title="bbox 140 4043 1808 4113">
     <span class='ocr_line' id='line_1_71' title="bbox 140 4043 1808 4113; baseline 0 -17"><span class='ocrx_word' id='word_1_440' title='bbox 140 4045 320 4099; x_wconf 79' lang='lat' dir='ltr'>ducens</span> <span class='ocrx_word' id='word_1_441' title='bbox 355 4043 409 4100; x_wconf 82' lang='lat' dir='ltr'>in</span> <span class='ocrx_word' id='word_1_442' title='bbox 457 4043 715 4099; x_wconf 84' lang='lat' dir='ltr'>errorem</span> <span class='ocrx_word' id='word_1_443' title='bbox 767 4043 1092 4113; x_wconf 85' lang='lat' dir='ltr'>vitiumque</span> <span class='ocrx_word' id='word_1_444' title='bbox 1131 4043 1310 4098; x_wconf 63' lang='lat' dir='ltr'>ducit.</span> <span class='ocrx_word' id='word_1_445' title='bbox 1371 4045 1578 4098; x_wconf 88' lang='lat' dir='ltr'>Eadem</span> <span class='ocrx_word' id='word_1_446' title='bbox 1633 4043 1808 4097; x_wconf 92' lang='lat' dir='ltr'>libido</span> 
     </span>
    </p>
   </div>
   <div class='ocr_carea' id='block_1_71' title="bbox 142 4113 1806 4185">
    <p class='ocr_par' dir='ltr' id='par_1_71' title="bbox 142 4113 1806 4185">
     <span class='ocr_line' id='line_1_72' title="bbox 142 4113 1806 4185; baseline 0 -19"><span class='ocrx_word' id='word_1_447' title='bbox 142 4117 254 4182; x_wconf 79' lang='lat' dir='ltr'>ligat</span> <span class='ocrx_word' id='word_1_448' title='bbox 286 4124 482 4171; x_wconf 70' lang='lat' dir='ltr'>mentes</span> <span class='ocrx_word' id='word_1_449' title='bbox 511 4117 773 4185; x_wconf 83' lang='lat' dir='ltr'>improbis</span> <span class='ocrx_word' id='word_1_450' title='bbox 820 4119 1057 4180; x_wconf 87' lang='lat' dir='ltr'>catenis;</span> <span class='ocrx_word' id='word_1_451' title='bbox 1096 4115 1232 4185; x_wconf 90' lang='lat' dir='ltr'>quia</span> <span class='ocrx_word' id='word_1_452' title='bbox 1261 4121 1515 4168; x_wconf 90' lang='lat' dir='ltr'>mentem</span> <span class='ocrx_word' id='word_1_453' title='bbox 1547 4113 1806 4183; x_wconf 91' lang='lat' dir='ltr'>impedit,</span> 
     </span>
    </p>
   </div>
   <div class='ocr_carea' id='block_1_72' title="bbox 143 4185 1810 4256">
    <p class='ocr_par' dir='ltr' id='par_1_72' title="bbox 143 4185 1810 4256">
     <span class='ocr_line' id='line_1_73' title="bbox 143 4185 1810 4256; baseline -0.001 -18"><span class='ocrx_word' id='word_1_454' title='bbox 143 4189 419 4254; x_wconf 82' lang='lat' dir='ltr'>quominus</span> <span class='ocrx_word' id='word_1_455' title='bbox 451 4189 578 4242; x_wconf 62' lang='lat' dir='ltr'>haec</span> <span class='ocrx_word' id='word_1_456' title='bbox 610 4187 676 4240; x_wconf 88' lang='lat' dir='ltr'>ad</span> <span class='ocrx_word' id='word_1_457' title='bbox 721 4186 933 4256; x_wconf 88' lang='lat' dir='ltr'>summi</span> <span class='ocrx_word' id='word_1_458' title='bbox 961 4186 1117 4249; x_wconf 88' lang='lat' dir='ltr'>boni,</span> <span class='ocrx_word' id='word_1_459' title='bbox 1157 4186 1310 4256; x_wconf 90' lang='lat' dir='ltr'>quod</span> <span class='ocrx_word' id='word_1_460' title='bbox 1345 4185 1686 4239; x_wconf 88' lang='lat' dir='ltr'>naturaliter</span> <span class='ocrx_word' id='word_1_461' title='bbox 1715 4200 1810 4237; x_wconf 89' lang='lat' dir='ltr'>co-</span> 
     </span>
    </p>
   </div>
   <div class='ocr_carea' id='block_1_73' title="bbox 143 4255 1809 4329">
    <p class='ocr_par' dir='ltr' id='par_1_73' title="bbox 143 4255 1809 4329">
     <span class='ocr_line' id='line_1_74' title="bbox 143 4255 1809 4329; baseline -0.001 -20"><span class='ocrx_word' id='word_1_462' title='bbox 143 4261 335 4323; x_wconf 73' lang='lat' dir='ltr'>gnoscit</span> <span class='ocrx_word' id='word_1_463' title='bbox 356 4261 714 4329; x_wconf 86' lang='lat' dir='ltr'>appetitque,</span> <span class='ocrx_word' id='word_1_464' title='bbox 747 4255 1114 4329; x_wconf 87' lang='lat' dir='ltr'>adeptionem</span> <span class='ocrx_word' id='word_1_465' title='bbox 1154 4255 1470 4326; x_wconf 85' lang='lat' dir='ltr'>perveniat.</span> <span class='ocrx_word' id='word_1_466' title='bbox 1502 4260 1570 4308; x_wconf 86' lang='lat' dir='ltr'>At</span> <span class='ocrx_word' id='word_1_467' title='bbox 1589 4261 1809 4329; x_wconf 76' lang='lat' dir='ltr'>mentes,</span> 
     </span>
    </p>
   </div>
   <div class='ocr_carea' id='block_1_74' title="bbox 144 4325 1811 4396">
    <p class='ocr_par' dir='ltr' id='par_1_74' title="bbox 144 4325 1811 4396">
     <span class='ocr_line' id='line_1_75' title="bbox 144 4325 1811 4396; baseline -0.001 -17"><span class='ocrx_word' id='word_1_468' title='bbox 144 4344 260 4395; x_wconf 79' lang='lat' dir='ltr'>quas</span> <span class='ocrx_word' id='word_1_469' title='bbox 287 4325 452 4383; x_wconf 71' lang='lat' dir='ltr'>libido</span> <span class='ocrx_word' id='word_1_470' title='bbox 493 4325 734 4391; x_wconf 80' lang='lat' dir='ltr'>habitat,</span> <span class='ocrx_word' id='word_1_471' title='bbox 767 4328 883 4379; x_wconf 88' lang='lat' dir='ltr'>sive</span> <span class='ocrx_word' id='word_1_472' title='bbox 926 4333 986 4380; x_wconf 89' lang='lat' dir='ltr'>ut</span> <span class='ocrx_word' id='word_1_473' title='bbox 1017 4325 1226 4396; x_wconf 78' lang='lat' dir='ltr'>saepius</span> <span class='ocrx_word' id='word_1_474' title='bbox 1270 4332 1467 4380; x_wconf 87' lang='lat' dir='ltr'>auctor</span> <span class='ocrx_word' id='word_1_475' title='bbox 1497 4329 1691 4380; x_wconf 89' lang='lat' dir='ltr'>noster</span> <span class='ocrx_word' id='word_1_476' title='bbox 1729 4325 1811 4378; x_wconf 89' lang='lat' dir='ltr'>lo-</span> 
     </span>
    </p>
   </div>
   <div class='ocr_carea' id='block_1_75' title="bbox 141 4397 1811 4468">
    <p class='ocr_par' dir='ltr' id='par_1_75' title="bbox 141 4397 1811 4468">
     <span class='ocr_line' id='line_1_76' title="bbox 141 4397 1811 4468; baseline 0 -18"><span class='ocrx_word' id='word_1_477' title='bbox 141 4397 327 4466; x_wconf 83' lang='lat' dir='ltr'>quitur,</span> <span class='ocrx_word' id='word_1_478' title='bbox 355 4401 589 4464; x_wconf 86' lang='lat' dir='ltr'>hebetat,</span> <span class='ocrx_word' id='word_1_479' title='bbox 620 4405 750 4451; x_wconf 87' lang='lat' dir='ltr'>sunt</span> <span class='ocrx_word' id='word_1_480' title='bbox 799 4403 1056 4464; x_wconf 63' lang='lat' dir='ltr'>terrenae;</span> <span class='ocrx_word' id='word_1_481' title='bbox 1103 4398 1253 4468; x_wconf 88' lang='lat' dir='ltr'>quod</span> <span class='ocrx_word' id='word_1_482' title='bbox 1308 4404 1538 4450; x_wconf 91' lang='lat' dir='ltr'>terreno</span> <span class='ocrx_word' id='word_1_483' title='bbox 1582 4397 1811 4467; x_wconf 86' lang='lat' dir='ltr'>corpori</span> 
     </span>
    </p>
   </div>
   <div class='ocr_carea' id='block_1_76' title="bbox 1912 2461 3610 2540">
    <p class='ocr_par' dir='ltr' id='par_1_76' title="bbox 1912 2461 3610 2540">
     <span class='ocr_line' id='line_1_77' title="bbox 1912 2461 3610 2540; baseline 0.009 -26"><span class='ocrx_word' id='word_1_484' title='bbox 1912 2461 2009 2540; x_wconf 85' lang='lat' dir='ltr'>qui</span> <span class='ocrx_word' id='word_1_485' title='bbox 2038 2464 2199 2540; x_wconf 75' lang='lat' dir='ltr'>juxta</span> <span class='ocrx_word' id='word_1_486' title='bbox 2230 2466 2536 2540; x_wconf 69' lang='lat' dir='ltr'>Dorylaum</span> <span class='ocrx_word' id='word_1_487' title='bbox 2567 2467 2827 2538; x_wconf 67' lang='lat' dir='ltr'>Phrygia:</span> <span class='ocrx_word' id='word_1_488' title='bbox 2858 2469 3146 2525; x_wconf 85' lang='lat' dir='ltr'>civitatem</span> <span class='ocrx_word' id='word_1_489' title='bbox 3193 2477 3370 2540; x_wconf 90' lang='lat' dir='ltr'>ortus,</span> <span class='ocrx_word' id='word_1_490' title='bbox 3408 2477 3610 2530; x_wconf 90' lang='lat' dir='ltr'>Pacto-</span> 
     </span>
    </p>
   </div>
   <div class='ocr_carea' id='block_1_77' title="bbox 1909 2535 3610 2616">
    <p class='ocr_par' dir='ltr' id='par_1_77' title="bbox 1909 2535 3610 2616">
     <span class='ocr_line' id='line_1_78' title="bbox 1909 2535 3610 2616; baseline 0.009 -30"><span class='ocrx_word' id='word_1_491' title='bbox 1909 2535 2084 2616; x_wconf 53' lang='lat' dir='ltr'>tneque</span> <span class='ocrx_word' id='word_1_492' title='bbox 2102 2536 2344 2614; x_wconf 73' lang='lat' dir='ltr'>junctus</span> <span class='ocrx_word' id='word_1_493' title='bbox 2366 2536 2633 2616; x_wconf 60' lang='lat' dir='ltr'>Smyrnm</span> <span class='ocrx_word' id='word_1_494' title='bbox 2651 2535 2890 2616; x_wconf 68' lang='lat' dir='ltr'>campos</span> <span class='ocrx_word' id='word_1_495' title='bbox 2914 2541 3135 2612; x_wconf 88' lang='lat' dir='ltr'>irrigat,</span> <span class='ocrx_word' id='word_1_496' title='bbox 3169 2535 3517 2616; x_wconf 86' lang='lat' dir='ltr'>tandemque</span> <span class='ocrx_word' id='word_1_497' title='bbox 3552 2547 3610 2600; x_wconf 89' lang='lat' dir='ltr'>in</span> 
     </span>
    </p>
   </div>
   <div class='ocr_carea' id='block_1_78' title="bbox 1913 2605 3610 2671">
    <p class='ocr_par' dir='ltr' id='par_1_78' title="bbox 1913 2605 3610 2671">
     <span class='ocr_line' id='line_1_79' title="bbox 1913 2605 3610 2671; baseline 0.009 -15"><span class='ocrx_word' id='word_1_498' title='bbox 1913 2605 2251 2659; x_wconf 84' lang='lat' dir='ltr'>Pbocaicum</span> <span class='ocrx_word' id='word_1_499' title='bbox 2281 2611 2474 2661; x_wconf 84' lang='lat' dir='ltr'>sinum</span> <span class='ocrx_word' id='word_1_500' title='bbox 2521 2605 2799 2664; x_wconf 59' lang='lat' dir='ltr'>illabitur:</span> <span class='ocrx_word' id='word_1_501' title='bbox 2830 2611 2929 2664; x_wconf 83' lang='lat' dir='ltr'>Hic</span> <span class='ocrx_word' id='word_1_502' title='bbox 2959 2605 3131 2667; x_wconf 65' lang='lat' dir='ltr'>etiam</span> <span class='ocrx_word' id='word_1_503' title='bbox 3173 2632 3375 2669; x_wconf 64' lang='lat' dir='ltr'>aureas</span> <span class='ocrx_word' id='word_1_504' title='bbox 3406 2605 3610 2671; x_wconf 73' lang='lat' dir='ltr'>arenas</span> 
     </span>
    </p>
   </div>
   <div class='ocr_carea' id='block_1_79' title="bbox 1909 2676 3376 2754">
    <p class='ocr_par' dir='ltr' id='par_1_79' title="bbox 1909 2676 3376 2754">
     <span class='ocr_line' id='line_1_80' title="bbox 1909 2676 3376 2754; baseline 0.008 -26"><span class='ocrx_word' id='word_1_505' title='bbox 1909 2677 2137 2729; x_wconf 88' lang='lat' dir='ltr'>trahere</span> <span class='ocrx_word' id='word_1_506' title='bbox 2166 2676 2379 2732; x_wconf 84' lang='lat' dir='ltr'>fertur:</span> <span class='ocrx_word' id='word_1_507' title='bbox 2423 2679 2574 2732; x_wconf 89' lang='lat' dir='ltr'>unde</span> <span class='ocrx_word' id='word_1_508' title='bbox 2613 2680 2766 2750; x_wconf 84' lang='lat' dir='ltr'>Virg.</span> <span class='ocrx_word' id='word_1_509' title='bbox 2803 2698 2841 2734; x_wconf 94' lang='grc' dir='ltr'>ιι</span> <span class='ocrx_word' id='word_1_510' title='bbox 2871 2682 3102 2754; x_wconf 88' lang='lat' dir='ltr'>Georg.,</span> <span class='ocrx_word' id='word_1_511' title='bbox 3136 2701 3187 2739; x_wconf 93' lang='lat' dir='ltr'>v.</span> <span class='ocrx_word' id='word_1_512' title='bbox 3233 2689 3326 2742; x_wconf 80' lang='grc'>137</span> <span class='ocrx_word' id='word_1_513' title='bbox 3364 2705 3376 2740; x_wconf 90' lang='lat'>:</span> 
     </span>
    </p>
   </div>
   <div class='ocr_carea' id='block_1_80' title="bbox 2035 2773 3546 2839">
    <p class='ocr_par' dir='ltr' id='par_1_80' title="bbox 2035 2773 3546 2839">
     <span class='ocr_line' id='line_1_81' title="bbox 2035 2773 3546 2839; baseline 0.007 -19"><span class='ocrx_word' id='word_1_514' title='bbox 2035 2773 2139 2822; x_wconf 86' lang='lat' dir='ltr'>Nec</span> <span class='ocrx_word' id='word_1_515' title='bbox 2167 2774 2387 2836; x_wconf 84' lang='lat' dir='ltr'>pulcher</span> <span class='ocrx_word' id='word_1_516' title='bbox 2418 2776 2641 2835; x_wconf 82' lang='lat' dir='ltr'>Ganges,</span> <span class='ocrx_word' id='word_1_517' title='bbox 2673 2782 2830 2839; x_wconf 85' lang='lat' dir='ltr'>atque</span> <span class='ocrx_word' id='word_1_518' title='bbox 2859 2793 2989 2828; x_wconf 90' lang='lat' dir='ltr'>auro</span> <span class='ocrx_word' id='word_1_519' title='bbox 3019 2781 3266 2831; x_wconf 85' lang='lat' dir='ltr'>turbidus</span> <span class='ocrx_word' id='word_1_520' title='bbox 3300 2784 3546 2833; x_wconf 84' lang='lat' dir='ltr'>Hermus.</span> 
     </span>
    </p>
   </div>
   <div class='ocr_carea' id='block_1_81' title="bbox 1983 2852 3615 2932">
    <p class='ocr_par' dir='ltr' id='par_1_81' title="bbox 1983 2852 3615 2932">
     <span class='ocr_line' id='line_1_82' title="bbox 1983 2852 3615 2932; baseline 0.006 -25"><span class='ocrx_word' id='word_1_521' title='bbox 1983 2856 2033 2907; x_wconf 87' lang='lat'>9.</span> <span class='ocrx_word' id='word_1_522' title='bbox 2080 2857 2191 2907; x_wconf 84' lang='lat' dir='ltr'>Aut</span> <span class='ocrx_word' id='word_1_523' title='bbox 2235 2852 2451 2932; x_wconf 49' lang='lat' dir='ltr'>Iulius]</span> <span class='ocrx_word' id='word_1_524' title='bbox 2485 2857 2660 2932; x_wconf 81' lang='lat' dir='ltr'>Indus</span> <span class='ocrx_word' id='word_1_525' title='bbox 2689 2858 2895 2912; x_wconf 85' lang='lat' dir='ltr'>ﬂuvius</span> <span class='ocrx_word' id='word_1_526' title='bbox 2924 2860 3209 2932; x_wconf 75' lang='lat' dir='ltr'>Orientis,</span> <span class='ocrx_word' id='word_1_527' title='bbox 3244 2863 3341 2932; x_wconf 91' lang='lat' dir='ltr'>qui</span> <span class='ocrx_word' id='word_1_528' title='bbox 3393 2864 3615 2918; x_wconf 87' lang='lat' dir='ltr'>Indiam</span> 
     </span>
    </p>
   </div>
   <div class='ocr_carea' id='block_1_82' title="bbox 1913 2925 3613 2988">
    <p class='ocr_par' dir='ltr' id='par_1_82' title="bbox 1913 2925 3613 2988">
     <span class='ocr_line' id='line_1_83' title="bbox 1913 2925 3613 2988; baseline 0.008 -13"><span class='ocrx_word' id='word_1_529' title='bbox 1913 2925 1981 2976; x_wconf 86' lang='lat' dir='ltr'>ab</span> <span class='ocrx_word' id='word_1_530' title='bbox 2001 2941 2201 2977; x_wconf 87' lang='lat' dir='ltr'>occasu</span> <span class='ocrx_word' id='word_1_531' title='bbox 2235 2926 2534 2988; x_wconf 91' lang='lat' dir='ltr'>detiniens,</span> <span class='ocrx_word' id='word_1_532' title='bbox 2567 2926 2618 2980; x_wconf 88' lang='lat' dir='ltr'>ei</span> <span class='ocrx_word' id='word_1_533' title='bbox 2664 2943 2874 2982; x_wconf 89' lang='lat' dir='ltr'>nomen</span> <span class='ocrx_word' id='word_1_534' title='bbox 2905 2929 3094 2984; x_wconf 89' lang='lat' dir='ltr'>dedit:</span> <span class='ocrx_word' id='word_1_535' title='bbox 3131 2925 3223 2985; x_wconf 85' lang='lat' dir='ltr'>hic</span> <span class='ocrx_word' id='word_1_536' title='bbox 3260 2925 3452 2988; x_wconf 72' lang='lat' dir='ltr'>autem</span> <span class='ocrx_word' id='word_1_537' title='bbox 3497 2935 3613 2988; x_wconf 80' lang='lat' dir='ltr'>ilu-</span> 
     </span>
    </p>
   </div>
   <div class='ocr_carea' id='block_1_83' title="bbox 1914 2996 3616 3074">
    <p class='ocr_par' dir='ltr' id='par_1_83' title="bbox 1914 2996 3616 3074">
     <span class='ocr_line' id='line_1_84' title="bbox 1914 2996 3616 3074; baseline 0.009 -31"><span class='ocrx_word' id='word_1_538' title='bbox 1914 2996 2056 3074; x_wconf 76' lang='lat' dir='ltr'>v_ius,</span> <span class='ocrx_word' id='word_1_539' title='bbox 2084 3003 2188 3074; x_wconf 77' lang='lat' dir='ltr'>aut</span> <span class='ocrx_word' id='word_1_540' title='bbox 2239 2996 2456 3074; x_wconf 64' lang='lat' dir='ltr'>salteur</span> <span class='ocrx_word' id='word_1_541' title='bbox 2496 2998 2691 3074; x_wconf 69' lang='lat' dir='ltr'>tellus,</span> <span class='ocrx_word' id='word_1_542' title='bbox 2742 2999 2834 3074; x_wconf 83' lang='lat' dir='ltr'>cui</span> <span class='ocrx_word' id='word_1_543' title='bbox 2877 3016 3088 3074; x_wconf 88' lang='lat' dir='ltr'>nomen</span> <span class='ocrx_word' id='word_1_544' title='bbox 3129 3003 3307 3074; x_wconf 90' lang='lat' dir='ltr'>dedit,</span> <span class='ocrx_word' id='word_1_545' title='bbox 3366 3005 3616 3074; x_wconf 89' lang='lat' dir='ltr'>gemmis</span> 
     </span>
    </p>
   </div>
   <div class='ocr_carea' id='block_1_84' title="bbox 1909 3066 3613 3141">
    <p class='ocr_par' dir='ltr' id='par_1_84' title="bbox 1909 3066 3613 3141">
     <span class='ocr_line' id='line_1_85' title="bbox 1909 3066 3613 3141; baseline 0.008 -24"><span class='ocrx_word' id='word_1_546' title='bbox 1909 3066 2194 3119; x_wconf 88' lang='lat' dir='ltr'>abundat:</span> <span class='ocrx_word' id='word_1_547' title='bbox 2229 3067 2604 3141; x_wconf 86' lang='lat' dir='ltr'>quamobrem</span> <span class='ocrx_word' id='word_1_548' title='bbox 2635 3067 2979 3124; x_wconf 86' lang='lat' dir='ltr'>Claudianus</span> <span class='ocrx_word' id='word_1_549' title='bbox 3035 3066 3460 3141; x_wconf 60' lang='lat' dir='ltr'>signiﬁcaturus</span> <span class='ocrx_word' id='word_1_550' title='bbox 3516 3091 3613 3129; x_wconf 85' lang='lat' dir='ltr'>ve-</span> 
     </span>
    </p>
   </div>
   <div class='ocr_carea' id='block_1_85' title="bbox 1836 3139 3424 3212">
    <p class='ocr_par' dir='ltr' id='par_1_85' title="bbox 1836 3139 3424 3212">
     <span class='ocr_line' id='line_1_86' title="bbox 1836 3139 3424 3212; baseline 0.005 -19"><span class='ocrx_word' id='word_1_551' title='bbox 1836 3139 1876 3193; x_wconf 88' lang='lat' dir='ltr'><strong><em>C</em></strong></span> <span class='ocrx_word' id='word_1_552' title='bbox 1908 3143 2051 3190; x_wconf 88' lang='lat' dir='ltr'>stem</span> <span class='ocrx_word' id='word_1_553' title='bbox 2077 3139 2320 3206; x_wconf 89' lang='lat' dir='ltr'>gemmis</span> <span class='ocrx_word' id='word_1_554' title='bbox 2353 3144 2678 3192; x_wconf 84' lang='lat' dir='ltr'>contextam</span> <span class='ocrx_word' id='word_1_555' title='bbox 2709 3156 2881 3194; x_wconf 91' lang='lat' dir='ltr'>carm.</span> <span class='ocrx_word' id='word_1_556' title='bbox 2913 3144 2965 3210; x_wconf 89' lang='lat'>8,</span> <span class='ocrx_word' id='word_1_557' title='bbox 2999 3159 3051 3196; x_wconf 92' lang='lat' dir='ltr'>v.</span> <span class='ocrx_word' id='word_1_558' title='bbox 3084 3139 3206 3212; x_wconf 71' lang='lat'>584,</span> <span class='ocrx_word' id='word_1_559' title='bbox 3231 3145 3424 3200; x_wconf 86' lang='lat' dir='ltr'>canit:</span> 
     </span>
    </p>
   </div>
   <div class='ocr_carea' id='block_1_86' title="bbox 2279 3227 2686 3288">
    <p class='ocr_par' dir='ltr' id='par_1_86' title="bbox 2279 3227 2686 3288">
     <span class='ocr_line' id='line_1_87' title="bbox 2279 3227 2686 3288; baseline 0.01 -16"><span class='ocrx_word' id='word_1_560' title='bbox 2279 3227 2497 3288; x_wconf 82' lang='lat' dir='ltr'>Asperat</span> <span class='ocrx_word' id='word_1_561' title='bbox 2522 3227 2686 3276; x_wconf 88' lang='lat' dir='ltr'>Indus</span> 
     </span>
    </p>
   </div>
   <div class='ocr_carea' id='block_1_87' title="bbox 2031 3286 2520 3350">
    <p class='ocr_par' dir='ltr' id='par_1_87' title="bbox 2031 3286 2520 3350">
     <span class='ocr_line' id='line_1_88' title="bbox 2031 3286 2520 3350; baseline 0 -16"><span class='ocrx_word' id='word_1_562' title='bbox 2031 3286 2338 3336; x_wconf 86' lang='lat' dir='ltr'>Velementa</span> <span class='ocrx_word' id='word_1_563' title='bbox 2355 3286 2520 3350; x_wconf 83' lang='lat' dir='ltr'>lapis.</span> 
     </span>
    </p>
   </div>
   <div class='ocr_carea' id='block_1_88' title="bbox 1908 3368 3608 3444">
    <p class='ocr_par' dir='ltr' id='par_1_88' title="bbox 1908 3368 3608 3444">
     <span class='ocr_line' id='line_1_89' title="bbox 1908 3368 3608 3444; baseline 0.008 -25"><span class='ocrx_word' id='word_1_564' title='bbox 1908 3368 2159 3444; x_wconf 60' lang='lat' dir='ltr'>Gemmas</span> <span class='ocrx_word' id='word_1_565' title='bbox 2189 3383 2358 3444; x_wconf 77' lang='lat' dir='ltr'>porro</span> <span class='ocrx_word' id='word_1_566' title='bbox 2389 3369 2680 3444; x_wconf 70' lang='lat' dir='ltr'>alimsunt</span> <span class='ocrx_word' id='word_1_567' title='bbox 2713 3372 3007 3444; x_wconf 76' lang='lat' dir='ltr'>candidae,</span> <span class='ocrx_word' id='word_1_568' title='bbox 3054 3376 3178 3428; x_wconf 72' lang='lat' dir='ltr'>alim</span> <span class='ocrx_word' id='word_1_569' title='bbox 3208 3376 3435 3444; x_wconf 86' lang='lat' dir='ltr'>virides,</span> <span class='ocrx_word' id='word_1_570' title='bbox 3481 3378 3608 3432; x_wconf 65' lang='lat' dir='ltr'>aliae</span> 
     </span>
    </p>
   </div>
   <div class='ocr_carea' id='block_1_89' title="bbox 1909 3439 3611 3512">
    <p class='ocr_par' dir='ltr' id='par_1_89' title="bbox 1909 3439 3611 3512">
     <span class='ocr_line' id='line_1_90' title="bbox 1909 3439 3611 3512; baseline 0.008 -24"><span class='ocrx_word' id='word_1_571' title='bbox 1909 3442 2185 3512; x_wconf 72' lang='lat' dir='ltr'>caeruleae,</span> <span class='ocrx_word' id='word_1_572' title='bbox 2220 3439 2346 3512; x_wconf 67' lang='lat' dir='ltr'>alia:</span> <span class='ocrx_word' id='word_1_573' title='bbox 2379 3440 2612 3512; x_wconf 86' lang='lat' dir='ltr'>alterius</span> <span class='ocrx_word' id='word_1_574' title='bbox 2643 3443 2869 3505; x_wconf 89' lang='lat' dir='ltr'>coloris,</span> <span class='ocrx_word' id='word_1_575' title='bbox 2901 3460 3003 3512; x_wconf 90' lang='lat' dir='ltr'>pro</span> <span class='ocrx_word' id='word_1_576' title='bbox 3031 3446 3187 3499; x_wconf 87' lang='lat' dir='ltr'>varia</span> <span class='ocrx_word' id='word_1_577' title='bbox 3226 3439 3460 3502; x_wconf 86' lang='lat' dir='ltr'>luminis</span> <span class='ocrx_word' id='word_1_578' title='bbox 3491 3464 3611 3502; x_wconf 88' lang='lat' dir='ltr'>mo-</span> 
     </span>
    </p>
   </div>
   <div class='ocr_carea' id='block_1_90' title="bbox 1909 3509 3617 3575">
    <p class='ocr_par' dir='ltr' id='par_1_90' title="bbox 1909 3509 3617 3575">
     <span class='ocr_line' id='line_1_91' title="bbox 1909 3509 3617 3575; baseline 0.008 -13"><span class='ocrx_word' id='word_1_579' title='bbox 1909 3509 2120 3562; x_wconf 85' lang='lat' dir='ltr'>diticati</span> <span class='ocrx_word' id='word_1_580' title='bbox 2153 3510 2373 3562; x_wconf 87' lang='lat' dir='ltr'>ratione</span> <span class='ocrx_word' id='word_1_581' title='bbox 2401 3511 2581 3565; x_wconf 87' lang='lat' dir='ltr'>:unde</span> <span class='ocrx_word' id='word_1_582' title='bbox 2605 3513 2774 3567; x_wconf 87' lang='lat' dir='ltr'>Indus</span> <span class='ocrx_word' id='word_1_583' title='bbox 2788 3513 2879 3567; x_wconf 87' lang='lat' dir='ltr'>hic</span> <span class='ocrx_word' id='word_1_584' title='bbox 2896 3509 3103 3569; x_wconf 83' lang='lat' dir='ltr'>dicitur</span> <span class='ocrx_word' id='word_1_585' title='bbox 3146 3519 3368 3574; x_wconf 85' lang='lat' dir='ltr'>miscere</span> <span class='ocrx_word' id='word_1_586' title='bbox 3409 3521 3617 3575; x_wconf 80' lang='lat' dir='ltr'>virides</span> 
     </span>
    </p>
   </div>
   <div class='ocr_carea' id='block_1_91' title="bbox 1911 3581 2950 3649">
    <p class='ocr_par' dir='ltr' id='par_1_91' title="bbox 1911 3581 2950 3649">
     <span class='ocr_line' id='line_1_92' title="bbox 1911 3581 2950 3649; baseline 0.004 -15"><span class='ocrx_word' id='word_1_587' title='bbox 1911 3582 2126 3649; x_wconf 81' lang='lat' dir='ltr'>lapillos</span> <span class='ocrx_word' id='word_1_588' title='bbox 2149 3581 2401 3635; x_wconf 79' lang='lat' dir='ltr'>candidis</span> <span class='ocrx_word' id='word_1_589' title='bbox 2422 3599 2440 3635; x_wconf 87' lang='lat'>:</span> <span class='ocrx_word' id='word_1_590' title='bbox 2464 3589 2521 3634; x_wconf 86' lang='lat' dir='ltr'>et</span> <span class='ocrx_word' id='word_1_591' title='bbox 2545 3583 2767 3637; x_wconf 87' lang='lat' dir='ltr'>Lucret.</span> <span class='ocrx_word' id='word_1_592' title='bbox 2799 3585 2838 3638; x_wconf 86' lang='grc' dir='ltr'>ι.</span> <span class='ocrx_word' id='word_1_593' title='bbox 2874 3601 2910 3638; x_wconf 90' lang='grc' dir='ltr'>ιι</span> <span class='ocrx_word' id='word_1_594' title='bbox 2939 3602 2950 3639; x_wconf 92' lang='lat'>:</span> 
     </span>
    </p>
   </div>
   <div class='ocr_carea' id='block_1_92' title="bbox 2068 3667 3270 3776">
    <p class='ocr_par' dir='ltr' id='par_1_92' title="bbox 2068 3667 3270 3776">
     <span class='ocr_line' id='line_1_93' title="bbox 2068 3667 3270 3776; baseline 0.009 -63"><span class='ocrx_word' id='word_1_595' title='bbox 2068 3667 2336 3715; x_wconf 88' lang='lat' dir='ltr'>Interdum</span> <span class='ocrx_word' id='word_1_596' title='bbox 2363 3669 2591 3776; x_wconf 72' lang='lat' dir='ltr'>quodam</span> <span class='ocrx_word' id='word_1_597' title='bbox 2625 3684 2781 3719; x_wconf 87' lang='lat' dir='ltr'>sensu</span> <span class='ocrx_word' id='word_1_598' title='bbox 2809 3671 2883 3729; x_wconf 84' lang='lat' dir='ltr'>ﬁt,</span> <span class='ocrx_word' id='word_1_599' title='bbox 2917 3673 2992 3721; x_wconf 90' lang='lat' dir='ltr'>uti</span> <span class='ocrx_word' id='word_1_600' title='bbox 3022 3675 3270 3724; x_wconf 85' lang='lat' dir='ltr'>videatur</span> 
     </span>
     <span class='ocr_line' id='line_1_94' title="bbox 2070 3728 3263 3776; baseline 0.002 -2"><span class='ocrx_word' id='word_1_601' title='bbox 2070 3728 2213 3776; x_wconf 87' lang='lat' dir='ltr'>Inter</span> <span class='ocrx_word' id='word_1_602' title='bbox 2232 3744 2374 3776; x_wconf 76' lang='lat' dir='ltr'>cmru</span> <span class='ocrx_word' id='word_1_603' title='bbox 2399 3743 2520 3776; x_wconf 86' lang='lat' dir='ltr'>eum</span> <span class='ocrx_word' id='word_1_604' title='bbox 2551 3732 2745 3776; x_wconf 78' lang='lat' dir='ltr'>virides</span> <span class='ocrx_word' id='word_1_605' title='bbox 2771 3734 2991 3776; x_wconf 70' lang='lat' dir='ltr'>miscere</span> <span class='ocrx_word' id='word_1_606' title='bbox 3021 3739 3263 3776; x_wconf 69' lang='lat' dir='ltr'>amnt-agri</span> 
     </span>
    </p>
   </div>
   <div class='ocr_carea' id='block_1_93' title="bbox 2070 3728 3349 3801">
    <p class='ocr_par' dir='ltr' id='par_1_93' title="bbox 2070 3728 3349 3801">
     <span class='ocr_line' id='line_1_95' title="bbox 2070 3728 3349 3801; baseline 0.01 -26"><span class='ocrx_word' id='word_1_607' title='bbox 2070 3728 2213 3776; x_wconf 88' lang='lat' dir='ltr'>Inter</span> <span class='ocrx_word' id='word_1_608' title='bbox 2232 3728 2520 3778; x_wconf 68' lang='lat' dir='ltr'>caeruleum</span> <span class='ocrx_word' id='word_1_609' title='bbox 2551 3732 2745 3781; x_wconf 89' lang='lat' dir='ltr'>virides</span> <span class='ocrx_word' id='word_1_610' title='bbox 2771 3728 2991 3784; x_wconf 86' lang='lat' dir='ltr'>miscere</span> <span class='ocrx_word' id='word_1_611' title='bbox 3021 3739 3349 3801; x_wconf 85' lang='lat' dir='ltr'>smaragdos.</span> 
     </span>
    </p>
   </div>
   <div class='ocr_carea' id='block_1_94' title="bbox 1991 3809 3157 3882">
    <p class='ocr_par' dir='ltr' id='par_1_94' title="bbox 1991 3809 3157 3882">
     <span class='ocr_line' id='line_1_96' title="bbox 1991 3809 3157 3882; baseline 0.008 -22"><span class='ocrx_word' id='word_1_612' title='bbox 1991 3811 2068 3861; x_wconf 91' lang='grc'>11.</span> <span class='ocrx_word' id='word_1_613' title='bbox 2104 3809 2394 3882; x_wconf 79' lang='lat' dir='ltr'>Illustrant</span> <span class='ocrx_word' id='word_1_614' title='bbox 2432 3811 2652 3882; x_wconf 71' lang='lat' dir='ltr'>aciem]</span> <span class='ocrx_word' id='word_1_615' title='bbox 2687 3813 2903 3882; x_wconf 89' lang='lat' dir='ltr'>Nempe</span> <span class='ocrx_word' id='word_1_616' title='bbox 2928 3817 3157 3870; x_wconf 89' lang='lat' dir='ltr'>mentis.</span> 
     </span>
    </p>
   </div>
   <div class='ocr_carea' id='block_1_95' title="bbox 1990 3811 3618 3961">
    <p class='ocr_par' dir='ltr' id='par_1_95' title="bbox 1990 3811 3618 3961">
     <span class='ocr_line' id='line_1_97' title="bbox 1991 3811 3157 3953; baseline 0.008 -93"><span class='ocrx_word' id='word_1_617' title='bbox 1991 3811 2068 3861; x_wconf 91' lang='grc'>11.</span> <span class='ocrx_word' id='word_1_618' title='bbox 2104 3811 2394 3862; x_wconf 86' lang='lat' dir='ltr'>Illustrant</span> <span class='ocrx_word' id='word_1_619' title='bbox 2432 3811 2661 3953; x_wconf 43' lang='lat' dir='ltr'>aciem.5</span> <span class='ocrx_word' id='word_1_620' title='bbox 2687 3813 2903 3882; x_wconf 89' lang='lat' dir='ltr'>Nempe</span> <span class='ocrx_word' id='word_1_621' title='bbox 2928 3817 3157 3870; x_wconf 89' lang='lat' dir='ltr'>mentis.</span> 
     </span>
     <span class='ocr_line' id='line_1_98' title="bbox 1990 3881 3618 3961; baseline 0.01 -30"><span class='ocrx_word' id='word_1_622' title='bbox 1990 3881 2399 3958; x_wconf 29' lang='lat' dir='ltr'>liablagisque</span> <span class='ocrx_word' id='word_1_623' title='bbox 2453 3897 2632 3935; x_wconf 76' lang='lat' dir='ltr'>caecos.</span> <span class='ocrx_word' id='word_1_624' title='bbox 2695 3885 2961 3961; x_wconf 84' lang='lat' dir='ltr'>Alludere</span> <span class='ocrx_word' id='word_1_625' title='bbox 3009 3887 3235 3942; x_wconf 89' lang='lat' dir='ltr'>videtur</span> <span class='ocrx_word' id='word_1_626' title='bbox 3283 3890 3354 3944; x_wconf 85' lang='lat' dir='ltr'>ad</span> <span class='ocrx_word' id='word_1_627' title='bbox 3394 3894 3618 3961; x_wconf 91' lang='lat' dir='ltr'>oculos,</span> 
     </span>
    </p>
   </div>
   <div class='ocr_carea' id='block_1_96' title="bbox 1915 3955 3618 4028">
    <p class='ocr_par' dir='ltr' id='par_1_96' title="bbox 1915 3955 3618 4028">
     <span class='ocr_line' id='line_1_99' title="bbox 1915 3955 3618 4028; baseline 0.011 -29"><span class='ocrx_word' id='word_1_628' title='bbox 1915 3955 2013 4028; x_wconf 77' lang='lat' dir='ltr'>qui</span> <span class='ocrx_word' id='word_1_629' title='bbox 2046 3955 2225 4028; x_wconf 79' lang='lat' dir='ltr'>nimio</span> <span class='ocrx_word' id='word_1_630' title='bbox 2256 3955 2416 4028; x_wconf 80' lang='lat' dir='ltr'>auri,_</span> <span class='ocrx_word' id='word_1_631' title='bbox 2436 3955 3040 4028; x_wconf 14' lang='lat' dir='ltr'>gemmae,dalteriusve</span> <span class='ocrx_word' id='word_1_632' title='bbox 3071 3961 3331 4028; x_wconf 89' lang='lat' dir='ltr'>corporis</span> <span class='ocrx_word' id='word_1_633' title='bbox 3373 3955 3618 4018; x_wconf 82' lang='lat' dir='ltr'>lucentis</span> 
     </span>
    </p>
   </div>
   <div class='ocr_carea' id='block_1_97' title="bbox 1918 4020 3619 4090">
    <p class='ocr_par' dir='ltr' id='par_1_97' title="bbox 1918 4020 3619 4090">
     <span class='ocr_line' id='line_1_100' title="bbox 1918 4020 3619 4090; baseline 0.01 -19"><span class='ocrx_word' id='word_1_634' title='bbox 1918 4020 2292 4072; x_wconf 87' lang='lat' dir='ltr'>relucentisve</span> <span class='ocrx_word' id='word_1_635' title='bbox 2334 4022 2638 4088; x_wconf 86' lang='lat' dir='ltr'>splendore</span> <span class='ocrx_word' id='word_1_636' title='bbox 2670 4024 3066 4090; x_wconf 77' lang='lat' dir='ltr'>offunduntur,</span> <span class='ocrx_word' id='word_1_637' title='bbox 3103 4020 3206 4081; x_wconf 78' lang='lat' dir='ltr'>nec</span> <span class='ocrx_word' id='word_1_638' title='bbox 3237 4046 3348 4082; x_wconf 90' lang='lat' dir='ltr'>non</span> <span class='ocrx_word' id='word_1_639' title='bbox 3383 4033 3619 4087; x_wconf 87' lang='lat' dir='ltr'>inducta</span> 
     </span>
    </p>
   </div>
   <div class='ocr_carea' id='block_1_98' title="bbox 1920 4091 3618 4172">
    <p class='ocr_par' dir='ltr' id='par_1_98' title="bbox 1920 4091 3618 4172">
     <span class='ocr_line' id='line_1_101' title="bbox 1920 4091 3618 4172; baseline 0.009 -31"><span class='ocrx_word' id='word_1_640' title='bbox 1920 4091 2165 4159; x_wconf 90' lang='lat' dir='ltr'>caligine</span> <span class='ocrx_word' id='word_1_641' title='bbox 2197 4091 2502 4172; x_wconf 84' lang='lat' dir='ltr'>aliquando</span> <span class='ocrx_word' id='word_1_642' title='bbox 2534 4100 2892 4172; x_wconf 77' lang='lat' dir='ltr'>excaecantur</span> <span class='ocrx_word' id='word_1_643' title='bbox 2919 4111 2930 4148; x_wconf 92' lang='lat'>:</span> <span class='ocrx_word' id='word_1_644' title='bbox 2961 4112 3164 4172; x_wconf 73' lang='lat' dir='ltr'>aurum</span> <span class='ocrx_word' id='word_1_645' title='bbox 3186 4100 3345 4172; x_wconf 88' lang='lat' dir='ltr'>enim</span> <span class='ocrx_word' id='word_1_646' title='bbox 3377 4109 3432 4155; x_wconf 91' lang='lat' dir='ltr'>et</span> <span class='ocrx_word' id='word_1_647' title='bbox 3460 4119 3618 4172; x_wconf 85' lang='lat' dir='ltr'>gem-</span> 
     </span>
    </p>
   </div>
   <div class='ocr_carea' id='block_1_99' title="bbox 1922 4163 3621 4242">
    <p class='ocr_par' dir='ltr' id='par_1_99' title="bbox 1922 4163 3621 4242">
     <span class='ocr_line' id='line_1_102' title="bbox 1922 4163 3621 4242; baseline 0.009 -30"><span class='ocrx_word' id='word_1_648' title='bbox 1922 4177 2051 4242; x_wconf 65' lang='lat' dir='ltr'>mas,</span> <span class='ocrx_word' id='word_1_649' title='bbox 2085 4163 2346 4242; x_wconf 78' lang='lat' dir='ltr'>quamvis</span> <span class='ocrx_word' id='word_1_650' title='bbox 2370 4165 2547 4242; x_wconf 75' lang='lat' dir='ltr'>multo</span> <span class='ocrx_word' id='word_1_651' title='bbox 2577 4165 2883 4242; x_wconf 81' lang='lat' dir='ltr'>splendore</span> <span class='ocrx_word' id='word_1_652' title='bbox 2907 4165 3086 4220; x_wconf 90' lang='lat' dir='ltr'>oculis</span> <span class='ocrx_word' id='word_1_653' title='bbox 3109 4167 3410 4242; x_wconf 84' lang='lat' dir='ltr'>videantur</span> <span class='ocrx_word' id='word_1_654' title='bbox 3436 4163 3621 4242; x_wconf 68' lang='lat' dir='ltr'>splen-</span> 
     </span>
    </p>
   </div>
   <div class='ocr_carea' id='block_1_100' title="bbox 1919 4231 3620 4308">
    <p class='ocr_par' dir='ltr' id='par_1_100' title="bbox 1919 4231 3620 4308">
     <span class='ocr_line' id='line_1_103' title="bbox 1919 4231 3620 4308; baseline 0.009 -25"><span class='ocrx_word' id='word_1_655' title='bbox 1919 4233 2072 4308; x_wconf 86' lang='lat' dir='ltr'>dere,</span> <span class='ocrx_word' id='word_1_656' title='bbox 2108 4231 2315 4308; x_wconf 82' lang='lat' dir='ltr'>mentis</span> <span class='ocrx_word' id='word_1_657' title='bbox 2347 4231 2721 4308; x_wconf 81' lang='lat' dir='ltr'>nihilominus</span> <span class='ocrx_word' id='word_1_658' title='bbox 2759 4236 2941 4290; x_wconf 90' lang='lat' dir='ltr'>aciem</span> <span class='ocrx_word' id='word_1_659' title='bbox 2986 4253 3098 4289; x_wconf 90' lang='lat' dir='ltr'>non</span> <span class='ocrx_word' id='word_1_660' title='bbox 3147 4231 3620 4308; x_wconf 35' lang='lat' dir='ltr'>illustrantfimo</span> 
     </span>
    </p>
   </div>
   <div class='ocr_carea' id='block_1_101' title="bbox 1919 4303 3623 4377">
    <p class='ocr_par' dir='ltr' id='par_1_101' title="bbox 1919 4303 3623 4377">
     <span class='ocr_line' id='line_1_104' title="bbox 1919 4303 3623 4377; baseline 0.008 -23"><span class='ocrx_word' id='word_1_661' title='bbox 1919 4303 2110 4372; x_wconf 91' lang='lat' dir='ltr'>potius</span> <span class='ocrx_word' id='word_1_662' title='bbox 2135 4303 2364 4356; x_wconf 90' lang='lat' dir='ltr'>inducta</span> <span class='ocrx_word' id='word_1_663' title='bbox 2413 4305 2913 4372; x_wconf 86' lang='lat' dir='ltr'>perturbationum</span> <span class='ocrx_word' id='word_1_664' title='bbox 2944 4309 3190 4377; x_wconf 88' lang='lat' dir='ltr'>caligine</span> <span class='ocrx_word' id='word_1_665' title='bbox 3243 4303 3494 4367; x_wconf 84' lang='lat' dir='ltr'>mentem</span> <span class='ocrx_word' id='word_1_666' title='bbox 3543 4315 3623 4368; x_wconf 89' lang='lat' dir='ltr'>ita</span> 
     </span>
    </p>
   </div>
   <div class='ocr_carea' id='block_1_102' title="bbox 1920 4376 3623 4442">
    <p class='ocr_par' dir='ltr' id='par_1_102' title="bbox 1920 4376 3623 4442">
     <span class='ocr_line' id='line_1_105' title="bbox 1920 4376 3623 4442; baseline 0.008 -17"><span class='ocrx_word' id='word_1_667' title='bbox 1920 4385 2220 4439; x_wconf 75' lang='lat' dir='ltr'>exciecant,</span> <span class='ocrx_word' id='word_1_668' title='bbox 2257 4383 2317 4427; x_wconf 89' lang='lat' dir='ltr'>ut</span> <span class='ocrx_word' id='word_1_669' title='bbox 2349 4376 2494 4428; x_wconf 87' lang='lat' dir='ltr'>hanc</span> <span class='ocrx_word' id='word_1_670' title='bbox 2540 4377 2595 4427; x_wconf 91' lang='lat' dir='ltr'>in</span> <span class='ocrx_word' id='word_1_671' title='bbox 2648 4377 2886 4430; x_wconf 84' lang='lat' dir='ltr'>obscura</span> <span class='ocrx_word' id='word_1_672' title='bbox 2922 4376 3114 4442; x_wconf 69' lang='lat' dir='ltr'>terrae,</span> <span class='ocrx_word' id='word_1_673' title='bbox 3149 4381 3300 4433; x_wconf 89' lang='lat' dir='ltr'>unde</span> <span class='ocrx_word' id='word_1_674' title='bbox 3337 4381 3458 4437; x_wconf 74' lang='lat' dir='ltr'>haec</span> <span class='ocrx_word' id='word_1_675' title='bbox 3487 4400 3623 4438; x_wconf 88' lang='lat' dir='ltr'>cor-</span> 
     </span>
    </p>
   </div>
   <div class='ocr_carea' id='block_1_103' title="bbox 143 4449 3623 4540">
    <p class='ocr_par' dir='ltr' id='par_1_103' title="bbox 143 4449 3623 4540">
     <span class='ocr_line' id='line_1_106' title="bbox 143 4449 3623 4540; baseline 0.001 -21"><span class='ocrx_word' id='word_1_676' title='bbox 143 4449 544 4540; x_wconf 48' lang='lat' dir='ltr'>obsequantur.&quot;</span> <span class='ocrx_word' id='word_1_677' title='bbox 554 4449 602 4524; x_wconf 70' lang='grc'>⁷1⁷.</span> <span class='ocrx_word' id='word_1_678' title='bbox 801 4449 1174 4540; x_wconf 15' lang='grc' dir='ltr'>ήένίςηΡι-έηιῖιε</span> <span class='ocrx_word' id='word_1_679' title='bbox 1205 4471 1355 4522; x_wconf 90' lang='lat' dir='ltr'>homo</span> <span class='ocrx_word' id='word_1_680' title='bbox 1386 4468 1451 4522; x_wconf 85' lang='lat' dir='ltr'>de</span> <span class='ocrx_word' id='word_1_681' title='bbox 1487 4474 1660 4532; x_wconf 86' lang='lat' dir='ltr'>terra,</span> <span class='ocrx_word' id='word_1_682' title='bbox 1681 4449 1809 4520; x_wconf 39' lang='lat' dir='ltr'>(ter-</span> <span class='ocrx_word' id='word_1_683' title='bbox 1850 4449 1894 4503; x_wconf 79' lang='lat' dir='ltr'><strong>D</strong></span> <span class='ocrx_word' id='word_1_684' title='bbox 2119 4450 2281 4540; x_wconf 56' lang='grc' dir='ltr'>ῗξῗξῖξ</span> <span class='ocrx_word' id='word_1_685' title='bbox 2791 4450 3056 4540; x_wconf 41' lang='lat'>3913462,</span> <span class='ocrx_word' id='word_1_686' title='bbox 3090 4451 3438 4540; x_wconf 33' lang='lat' dir='ltr'>ﬁge???“</span> <span class='ocrx_word' id='word_1_687' title='bbox 3485 4471 3623 4535; x_wconf 48' lang='lat' dir='ltr'>quae</span> 
     </span>
    </p>
   </div>
   <div class='ocr_carea' id='block_1_104' title="bbox 148 4539 1814 4610">
    <p class='ocr_par' dir='ltr' id='par_1_104' title="bbox 148 4539 1814 4610">
     <span class='ocr_line' id='line_1_107' title="bbox 148 4539 1814 4610; baseline 0.001 -19"><span class='ocrx_word' id='word_1_688' title='bbox 148 4539 312 4610; x_wconf 80' lang='lat' dir='ltr'>renus;</span> <span class='ocrx_word' id='word_1_689' title='bbox 358 4541 625 4596; x_wconf 86' lang='lat' dir='ltr'>secundus</span> <span class='ocrx_word' id='word_1_690' title='bbox 673 4540 827 4593; x_wconf 89' lang='lat' dir='ltr'>homo</span> <span class='ocrx_word' id='word_1_691' title='bbox 875 4539 941 4592; x_wconf 83' lang='lat' dir='ltr'>de</span> <span class='ocrx_word' id='word_1_692' title='bbox 982 4541 1125 4604; x_wconf 74' lang='lat' dir='ltr'>cmlo,</span> <span class='ocrx_word' id='word_1_693' title='bbox 1177 4541 1421 4593; x_wconf 75' lang='lat' dir='ltr'>ccclesiis.</span> <span class='ocrx_word' id='word_1_694' title='bbox 1475 4540 1667 4603; x_wconf 87' lang='lat' dir='ltr'>Qualis</span> <span class='ocrx_word' id='word_1_695' title='bbox 1701 4544 1814 4593; x_wconf 83' lang='lat' dir='ltr'>ter—</span> 
     </span>
    </p>
   </div>
   <div class='ocr_carea' id='block_1_105' title="bbox 147 4611 1818 4680">
    <p class='ocr_par' dir='ltr' id='par_1_105' title="bbox 147 4611 1818 4680">
     <span class='ocr_line' id='line_1_108' title="bbox 147 4611 1818 4680; baseline 0.002 -19"><span class='ocrx_word' id='word_1_696' title='bbox 147 4626 282 4666; x_wconf 83' lang='lat' dir='ltr'>renus</span> <span class='ocrx_word' id='word_1_697' title='bbox 334 4615 464 4668; x_wconf 85' lang='lat' dir='ltr'>tales</span> <span class='ocrx_word' id='word_1_698' title='bbox 505 4619 556 4667; x_wconf 88' lang='lat' dir='ltr'>et</span> <span class='ocrx_word' id='word_1_699' title='bbox 587 4615 820 4667; x_wconf 83' lang='lat' dir='ltr'>terreni:</span> <span class='ocrx_word' id='word_1_700' title='bbox 869 4616 919 4664; x_wconf 88' lang='lat' dir='ltr'>et</span> <span class='ocrx_word' id='word_1_701' title='bbox 973 4611 1154 4680; x_wconf 85' lang='lat' dir='ltr'>quatis</span> <span class='ocrx_word' id='word_1_702' title='bbox 1179 4611 1422 4676; x_wconf 81' lang='lat' dir='ltr'>caelestis,</span> <span class='ocrx_word' id='word_1_703' title='bbox 1468 4611 1601 4665; x_wconf 87' lang='lat' dir='ltr'>tales</span> <span class='ocrx_word' id='word_1_704' title='bbox 1631 4614 1682 4664; x_wconf 87' lang='lat' dir='ltr'>et</span> <span class='ocrx_word' id='word_1_705' title='bbox 1723 4625 1818 4664; x_wconf 72' lang='lat' dir='ltr'>caa-</span> 
     </span>
    </p>
   </div>
   <div class='ocr_carea' id='block_1_106' title="bbox 148 4681 294 4735">
    <p class='ocr_par' dir='ltr' id='par_1_106' title="bbox 148 4681 294 4735">
     <span class='ocr_line' id='line_1_109' title="bbox 148 4681 294 4735; baseline 0.041 -5"><span class='ocrx_word' id='word_1_706' title='bbox 148 4681 294 4735; x_wconf 78' lang='lat' dir='ltr'>testes.</span> 
     </span>
    </p>
   </div>
   <div class='ocr_carea' id='block_1_107' title="bbox 203 4750 1817 4822">
    <p class='ocr_par' dir='ltr' id='par_1_107' title="bbox 203 4750 1817 4822">
     <span class='ocr_line' id='line_1_110' title="bbox 203 4750 1817 4822; baseline -0.001 -18"><span class='ocrx_word' id='word_1_707' title='bbox 203 4753 246 4805; x_wconf 68' lang='grc'>4.</span> <span class='ocrx_word' id='word_1_708' title='bbox 277 4755 370 4808; x_wconf 83' lang='lat' dir='ltr'>Hic</span> <span class='ocrx_word' id='word_1_709' title='bbox 399 4757 502 4808; x_wconf 82' lang='lat' dir='ltr'>erit</span> <span class='ocrx_word' id='word_1_710' title='bbox 529 4754 678 4808; x_wconf 80' lang='lat' dir='ltr'>vobis</span> <span class='ocrx_word' id='word_1_711' title='bbox 727 4758 836 4806; x_wconf 88' lang='lat' dir='ltr'>etc.</span> <span class='ocrx_word' id='word_1_712' title='bbox 870 4754 884 4822; x_wconf 73' lang='lat'>]</span> <span class='ocrx_word' id='word_1_713' title='bbox 945 4752 1186 4807; x_wconf 88' lang='lat' dir='ltr'>Evidens</span> <span class='ocrx_word' id='word_1_714' title='bbox 1236 4752 1389 4806; x_wconf 90' lang='lat' dir='ltr'>enim</span> <span class='ocrx_word' id='word_1_715' title='bbox 1423 4753 1633 4806; x_wconf 90' lang='lat' dir='ltr'>summi</span> <span class='ocrx_word' id='word_1_716' title='bbox 1679 4750 1817 4804; x_wconf 89' lang='lat' dir='ltr'>boni</span> 
     </span>
    </p>
   </div>
   <div class='ocr_carea' id='block_1_108' title="bbox 149 4822 1812 4895">
    <p class='ocr_par' dir='ltr' id='par_1_108' title="bbox 149 4822 1812 4895">
     <span class='ocr_line' id='line_1_111' title="bbox 149 4822 1812 4895; baseline 0.001 -23"><span class='ocrx_word' id='word_1_717' title='bbox 149 4825 296 4883; x_wconf 86' lang='lat' dir='ltr'>notio,</span> <span class='ocrx_word' id='word_1_718' title='bbox 328 4833 526 4894; x_wconf 90' lang='lat' dir='ltr'>utpote</span> <span class='ocrx_word' id='word_1_719' title='bbox 559 4825 908 4895; x_wconf 85' lang='lat' dir='ltr'>principium</span> <span class='ocrx_word' id='word_1_720' title='bbox 959 4840 1086 4877; x_wconf 90' lang='lat' dir='ltr'>cum</span> <span class='ocrx_word' id='word_1_721' title='bbox 1127 4825 1382 4877; x_wconf 87' lang='lat' dir='ltr'>veritatis</span> <span class='ocrx_word' id='word_1_722' title='bbox 1413 4828 1534 4895; x_wconf 83' lang='lat' dir='ltr'>tum</span> <span class='ocrx_word' id='word_1_723' title='bbox 1567 4822 1812 4887; x_wconf 87' lang='lat' dir='ltr'>virtutis,</span> 
     </span>
    </p>
   </div>
   <div class='ocr_carea' id='block_1_109' title="bbox 152 4893 1813 4965">
    <p class='ocr_par' dir='ltr' id='par_1_109' title="bbox 152 4893 1813 4965">
     <span class='ocr_line' id='line_1_112' title="bbox 152 4893 1813 4965; baseline 0.002 -23"><span class='ocrx_word' id='word_1_724' title='bbox 152 4900 367 4948; x_wconf 88' lang='lat' dir='ltr'>mentem</span> <span class='ocrx_word' id='word_1_725' title='bbox 392 4893 680 4950; x_wconf 69' lang='lat' dir='ltr'>liberabit</span> <span class='ocrx_word' id='word_1_726' title='bbox 709 4893 1031 4963; x_wconf 55' lang='lat' dir='ltr'>a&#39;procellis</span> <span class='ocrx_word' id='word_1_727' title='bbox 1062 4910 1346 4960; x_wconf 90' lang='lat' dir='ltr'>errorum,</span> <span class='ocrx_word' id='word_1_728' title='bbox 1386 4893 1813 4965; x_wconf 88' lang='lat' dir='ltr'>vitiorumque:</span> 
     </span>
    </p>
   </div>
   <div class='ocr_carea' id='block_1_110' title="bbox 152 4966 1236 5035">
    <p class='ocr_par' dir='ltr' id='par_1_110' title="bbox 152 4966 1236 5035">
     <span class='ocr_line' id='line_1_113' title="bbox 152 4966 1236 5035; baseline 0.004 -21"><span class='ocrx_word' id='word_1_729' title='bbox 152 4966 279 5019; x_wconf 89' lang='lat' dir='ltr'>unde</span> <span class='ocrx_word' id='word_1_730' title='bbox 309 4967 414 5019; x_wconf 89' lang='lat' dir='ltr'>erit</span> <span class='ocrx_word' id='word_1_731' title='bbox 441 4969 896 5035; x_wconf 82' lang='lat' dir='ltr'>requies,partus,</span> <span class='ocrx_word' id='word_1_732' title='bbox 932 4972 983 5020; x_wconf 85' lang='lat' dir='ltr'>et</span> <span class='ocrx_word' id='word_1_733' title='bbox 1004 4967 1236 5033; x_wconf 83' lang='lat' dir='ltr'>asylum.</span> 
     </span>
    </p>
   </div>
   <div class='ocr_carea' id='block_1_111' title="bbox 207 5053 1816 5124">
    <p class='ocr_par' dir='ltr' id='par_1_111' title="bbox 207 5053 1816 5124">
     <span class='ocr_line' id='line_1_114' title="bbox 207 5053 1816 5124; baseline 0.002 -21"><span class='ocrx_word' id='word_1_734' title='bbox 207 5057 250 5104; x_wconf 77' lang='lat'>7.</span> <span class='ocrx_word' id='word_1_735' title='bbox 283 5057 457 5121; x_wconf 85' lang='lat' dir='ltr'>Tagus</span> <span class='ocrx_word' id='word_1_736' title='bbox 503 5059 687 5109; x_wconf 83' lang='lat' dir='ltr'>aureis</span> <span class='ocrx_word' id='word_1_737' title='bbox 731 5054 961 5121; x_wconf 57' lang='lat' dir='ltr'>arenis}</span> <span class='ocrx_word' id='word_1_738' title='bbox 995 5055 1179 5124; x_wconf 82' lang='lat' dir='ltr'>Tagus</span> <span class='ocrx_word' id='word_1_739' title='bbox 1232 5060 1321 5108; x_wconf 89' lang='lat' dir='ltr'>est</span> <span class='ocrx_word' id='word_1_740' title='bbox 1351 5053 1564 5108; x_wconf 83' lang='lat' dir='ltr'>ﬂuvius</span> <span class='ocrx_word' id='word_1_741' title='bbox 1597 5054 1816 5107; x_wconf 88' lang='lat' dir='ltr'>Lusita-</span> 
     </span>
    </p>
   </div>
   <div class='ocr_carea' id='block_1_112' title="bbox 154 5123 1820 5193">
    <p class='ocr_par' dir='ltr' id='par_1_112' title="bbox 154 5123 1820 5193">
     <span class='ocr_line' id='line_1_115' title="bbox 154 5123 1820 5193; baseline 0.002 -20"><span class='ocrx_word' id='word_1_742' title='bbox 154 5123 242 5174; x_wconf 78' lang='lat' dir='ltr'>nia-</span> <span class='ocrx_word' id='word_1_743' title='bbox 269 5127 378 5193; x_wconf 87' lang='lat' dir='ltr'>qui,</span> <span class='ocrx_word' id='word_1_744' title='bbox 429 5127 490 5178; x_wconf 89' lang='lat' dir='ltr'>iu</span> <span class='ocrx_word' id='word_1_745' title='bbox 541 5127 836 5179; x_wconf 80' lang='lat' dir='ltr'>Celtiberis</span> <span class='ocrx_word' id='word_1_746' title='bbox 867 5129 1047 5192; x_wconf 88' lang='lat' dir='ltr'>ortus,</span> <span class='ocrx_word' id='word_1_747' title='bbox 1088 5123 1449 5179; x_wconf 83' lang='lat' dir='ltr'>Lusitaniam</span> <span class='ocrx_word' id='word_1_748' title='bbox 1499 5124 1715 5184; x_wconf 85' lang='lat' dir='ltr'>dividit,</span> <span class='ocrx_word' id='word_1_749' title='bbox 1764 5131 1820 5177; x_wconf 93' lang='lat' dir='ltr'>et</span> 
     </span>
    </p>
   </div>
   <div class='ocr_carea' id='block_1_113' title="bbox 155 5195 1815 5265">
    <p class='ocr_par' dir='ltr' id='par_1_113' title="bbox 155 5195 1815 5265">
     <span class='ocr_line' id='line_1_116' title="bbox 155 5195 1815 5265; baseline 0.003 -22"><span class='ocrx_word' id='word_1_750' title='bbox 155 5195 277 5265; x_wconf 68' lang='lat' dir='ltr'>ultra</span> <span class='ocrx_word' id='word_1_751' title='bbox 298 5197 708 5265; x_wconf 82' lang='lat' dir='ltr'>Ulyssiponem,</span> <span class='ocrx_word' id='word_1_752' title='bbox 741 5197 1026 5257; x_wconf 85' lang='lat' dir='ltr'>Lisbonne,</span> <span class='ocrx_word' id='word_1_753' title='bbox 1064 5197 1121 5248; x_wconf 90' lang='lat' dir='ltr'>in</span> <span class='ocrx_word' id='word_1_754' title='bbox 1145 5197 1430 5251; x_wconf 89' lang='lat' dir='ltr'>Oceanum</span> <span class='ocrx_word' id='word_1_755' title='bbox 1462 5195 1815 5264; x_wconf 86' lang='lat' dir='ltr'>prorumpit.</span> 
     </span>
    </p>
   </div>
   <div class='ocr_carea' id='block_1_114' title="bbox 157 5261 1820 5322">
    <p class='ocr_par' dir='ltr' id='par_1_114' title="bbox 157 5261 1820 5322">
     <span class='ocr_line' id='line_1_117' title="bbox 157 5261 1820 5322; baseline 0.003 -8"><span class='ocrx_word' id='word_1_756' title='bbox 157 5261 234 5316; x_wconf 81' lang='lat' dir='ltr'>llic</span> <span class='ocrx_word' id='word_1_757' title='bbox 261 5261 375 5318; x_wconf 57' lang='lat' dir='ltr'>non&#39;</span> <span class='ocrx_word' id='word_1_758' title='bbox 394 5284 552 5320; x_wconf 87' lang='lat' dir='ltr'>secus</span> <span class='ocrx_word' id='word_1_759' title='bbox 595 5285 658 5320; x_wconf 90' lang='lat' dir='ltr'>ac</span> <span class='ocrx_word' id='word_1_760' title='bbox 696 5261 962 5322; x_wconf 81' lang='lat' dir='ltr'>Pactolus</span> <span class='ocrx_word' id='word_1_761' title='bbox 995 5273 1050 5319; x_wconf 90' lang='lat' dir='ltr'>et</span> <span class='ocrx_word' id='word_1_762' title='bbox 1095 5268 1337 5320; x_wconf 86' lang='lat' dir='ltr'>Hermus</span> <span class='ocrx_word' id='word_1_763' title='bbox 1385 5261 1586 5320; x_wconf 79' lang='lat' dir='ltr'>aureas</span> <span class='ocrx_word' id='word_1_764' title='bbox 1617 5261 1820 5320; x_wconf 76' lang='lat' dir='ltr'>arenas</span> 
     </span>
    </p>
   </div>
   <div class='ocr_carea' id='block_1_115' title="bbox 155 5333 1179 5393">
    <p class='ocr_par' dir='ltr' id='par_1_115' title="bbox 155 5333 1179 5393">
     <span class='ocr_line' id='line_1_118' title="bbox 155 5333 1179 5393; baseline 0.007 -11"><span class='ocrx_word' id='word_1_765' title='bbox 155 5333 311 5389; x_wconf 83' lang='lat' dir='ltr'>fertur</span> <span class='ocrx_word' id='word_1_766' title='bbox 340 5340 596 5392; x_wconf 89' lang='lat' dir='ltr'>volvere:</span> <span class='ocrx_word' id='word_1_767' title='bbox 633 5340 780 5393; x_wconf 90' lang='lat' dir='ltr'>unde</span> <span class='ocrx_word' id='word_1_768' title='bbox 811 5339 901 5392; x_wconf 82' lang='lat' dir='ltr'>liic</span> <span class='ocrx_word' id='word_1_769' title='bbox 934 5354 1126 5390; x_wconf 90' lang='lat' dir='ltr'>versus</span> <span class='ocrx_word' id='word_1_770' title='bbox 1167 5354 1179 5390; x_wconf 90' lang='lat'>:</span> 
     </span>
    </p>
   </div>
   <div class='ocr_carea' id='block_1_116' title="bbox 291 5425 1724 5488">
    <p class='ocr_par' dir='ltr' id='par_1_116' title="bbox 291 5425 1724 5488">
     <span class='ocr_line' id='line_1_119' title="bbox 291 5425 1724 5488; baseline 0.001 -16"><span class='ocrx_word' id='word_1_771' title='bbox 291 5426 490 5474; x_wconf 78' lang='lat' dir='ltr'>Aurifer</span> <span class='ocrx_word' id='word_1_772' title='bbox 518 5431 593 5476; x_wconf 89' lang='lat' dir='ltr'>est</span> <span class='ocrx_word' id='word_1_773' title='bbox 622 5427 795 5475; x_wconf 87' lang='lat' dir='ltr'>amnis</span> <span class='ocrx_word' id='word_1_774' title='bbox 824 5426 1016 5488; x_wconf 87' lang='lat' dir='ltr'>Tagus,</span> <span class='ocrx_word' id='word_1_775' title='bbox 1046 5430 1099 5474; x_wconf 89' lang='lat' dir='ltr'>ct</span> <span class='ocrx_word' id='word_1_776' title='bbox 1128 5425 1371 5474; x_wconf 89' lang='lat' dir='ltr'>Pactolus</span> <span class='ocrx_word' id='word_1_777' title='bbox 1402 5429 1454 5475; x_wconf 90' lang='lat' dir='ltr'>et</span> <span class='ocrx_word' id='word_1_778' title='bbox 1482 5426 1724 5474; x_wconf 83' lang='lat' dir='ltr'>Hermus.</span> 
     </span>
    </p>
   </div>
   <div class='ocr_carea' id='block_1_117' title="bbox 162 5509 432 5568">
    <p class='ocr_par' dir='ltr' id='par_1_117' title="bbox 162 5509 432 5568">
     <span class='ocr_line' id='line_1_120' title="bbox 162 5509 432 5568; baseline 0.03 -7"><span class='ocrx_word' id='word_1_779' title='bbox 162 5509 393 5568; x_wconf 80' lang='lat' dir='ltr'>Juvenal.</span> <span class='ocrx_word' id='word_1_780' title='bbox 419 5531 432 5568; x_wconf 75' lang='grc' dir='ltr'>ε</span> 
     </span>
    </p>
   </div>
   <div class='ocr_carea' id='block_1_118' title="bbox 297 5603 1553 5668">
    <p class='ocr_par' dir='ltr' id='par_1_118' title="bbox 297 5603 1553 5668">
     <span class='ocr_line' id='line_1_121' title="bbox 297 5603 1553 5668; baseline 0.002 -20"><span class='ocrx_word' id='word_1_781' title='bbox 297 5605 440 5658; x_wconf 75' lang='lat' dir='ltr'>Quod</span> <span class='ocrx_word' id='word_1_782' title='bbox 466 5607 630 5668; x_wconf 75' lang='lat' dir='ltr'>Tagus</span> <span class='ocrx_word' id='word_1_783' title='bbox 663 5612 712 5654; x_wconf 75' lang='lat' dir='ltr'>ul.</span> <span class='ocrx_word' id='word_1_784' title='bbox 732 5605 889 5654; x_wconf 75' lang='lat' dir='ltr'>rutila</span> <span class='ocrx_word' id='word_1_785' title='bbox 911 5605 1154 5655; x_wconf 84' lang='lat' dir='ltr'>Pactolus</span> <span class='ocrx_word' id='word_1_786' title='bbox 1179 5603 1344 5653; x_wconf 86' lang='lat' dir='ltr'>volvit</span> <span class='ocrx_word' id='word_1_787' title='bbox 1377 5617 1553 5652; x_wconf 86' lang='lat' dir='ltr'>arena.</span> 
     </span>
    </p>
   </div>
   <div class='ocr_carea' id='block_1_119' title="bbox 224 5683 1817 5758">
    <p class='ocr_par' dir='ltr' id='par_1_119' title="bbox 224 5683 1817 5758">
     <span class='ocr_line' id='line_1_122' title="bbox 224 5683 1817 5758; baseline 0.003 -25"><span class='ocrx_word' id='word_1_788' title='bbox 224 5685 268 5733; x_wconf 89' lang='lat'>8.</span> <span class='ocrx_word' id='word_1_789' title='bbox 302 5686 406 5737; x_wconf 74' lang='lat' dir='ltr'>Aut</span> <span class='ocrx_word' id='word_1_790' title='bbox 440 5686 717 5758; x_wconf 77' lang='lat' dir='ltr'>Hermus.|</span> <span class='ocrx_word' id='word_1_791' title='bbox 754 5688 996 5740; x_wconf 86' lang='lat' dir='ltr'>Hermus</span> <span class='ocrx_word' id='word_1_792' title='bbox 1025 5691 1109 5740; x_wconf 88' lang='lat' dir='ltr'>est</span> <span class='ocrx_word' id='word_1_793' title='bbox 1135 5685 1342 5740; x_wconf 77' lang='lat' dir='ltr'>ﬂuvius</span> <span class='ocrx_word' id='word_1_794' title='bbox 1373 5683 1608 5739; x_wconf 82' lang='lat' dir='ltr'>Minoris</span> <span class='ocrx_word' id='word_1_795' title='bbox 1652 5683 1817 5751; x_wconf 71' lang='lat' dir='ltr'>Asiae,</span> 
     </span>
    </p>
   </div>
   <div class='ocr_carea' id='block_1_120' title="bbox 1923 4517 3621 4639">
    <p class='ocr_par' dir='ltr' id='par_1_120' title="bbox 1923 4517 3621 4639">
     <span class='ocr_line' id='line_1_123' title="bbox 1923 4517 3621 4639; baseline 0.008 -71"><span class='ocrx_word' id='word_1_796' title='bbox 1923 4523 2090 4639; x_wconf 49' lang='lat' dir='ltr'>tertius</span> <span class='ocrx_word' id='word_1_797' title='bbox 2120 4532 2282 4570; x_wconf 90' lang='lat' dir='ltr'>mens</span> <span class='ocrx_word' id='word_1_798' title='bbox 2330 4517 2537 4570; x_wconf 88' lang='lat' dir='ltr'>horum</span> <span class='ocrx_word' id='word_1_799' title='bbox 2569 4535 2759 4572; x_wconf 89' lang='lat' dir='ltr'>amore</span> <span class='ocrx_word' id='word_1_800' title='bbox 2785 4527 2951 4590; x_wconf 89' lang='lat' dir='ltr'>capta</span> <span class='ocrx_word' id='word_1_801' title='bbox 2981 4520 3061 4574; x_wconf 92' lang='lat' dir='ltr'>nil</span> <span class='ocrx_word' id='word_1_802' title='bbox 3090 4521 3196 4574; x_wconf 92' lang='lat' dir='ltr'>nisi</span> <span class='ocrx_word' id='word_1_803' title='bbox 3226 4517 3439 4578; x_wconf 81' lang='lat' dir='ltr'>terram</span> <span class='ocrx_word' id='word_1_804' title='bbox 3469 4517 3621 4597; x_wconf 76' lang='lat' dir='ltr'>cogi-</span> 
     </span>
     <span class='ocr_line' id='line_1_124' title="bbox 1950 4603 2030 4639; baseline -0.013 0"><span class='ocrx_word' id='word_1_805' title='bbox 1950 4603 1982 4639; x_wconf 89' lang='lat' dir='ltr'>a</span> <span class='ocrx_word' id='word_1_806' title='bbox 2020 4627 2030 4638; x_wconf 95' lang='lat'>.</span> 
     </span>
    </p>
   </div>
   <div class='ocr_carea' id='block_1_121' title="bbox 1950 4603 2030 4639">
    <p class='ocr_par' dir='ltr' id='par_1_121' title="bbox 1950 4603 2030 4639">
     <span class='ocr_line' id='line_1_125' title="bbox 1950 4603 2030 4639; baseline -0.013 0"><span class='ocrx_word' id='word_1_807' title='bbox 1950 4603 2030 4639; x_wconf 73' lang='lat' dir='ltr'>al.</span> 
     </span>
    </p>
   </div>
   <div class='ocr_carea' id='block_1_122' title="bbox 2001 4656 3615 4738">
    <p class='ocr_par' dir='ltr' id='par_1_122' title="bbox 2001 4656 3615 4738">
     <span class='ocr_line' id='line_1_126' title="bbox 2001 4656 3615 4738; baseline 0.008 -30"><span class='ocrx_word' id='word_1_808' title='bbox 2115 4656 2456 4738; x_wconf 43' lang='lat' dir='ltr'>‘Splerrrior.]</span> <span class='ocrx_word' id='word_1_809' title='bbox 2506 4661 2804 4738; x_wconf 63' lang='lat' dir='ltr'>§urnmnm</span> <span class='ocrx_word' id='word_1_810' title='bbox 2849 4661 3090 4738; x_wconf 82' lang='lat' dir='ltr'>bonum,</span> <span class='ocrx_word' id='word_1_811' title='bbox 3138 4662 3251 4738; x_wconf 65' lang='lat' dir='ltr'>sive</span> <span class='ocrx_word' id='word_1_812' title='bbox 3293 4666 3466 4732; x_wconf 90' lang='lat' dir='ltr'>Deus,</span> <span class='ocrx_word' id='word_1_813' title='bbox 3520 4669 3615 4738; x_wconf 89' lang='lat' dir='ltr'>qui</span> 
     </span>
    </p>
   </div>
   <div class='ocr_carea' id='block_1_123' title="bbox 1925 4727 3624 4806">
    <p class='ocr_par' dir='ltr' id='par_1_123' title="bbox 1925 4727 3624 4806">
     <span class='ocr_line' id='line_1_127' title="bbox 1925 4727 3624 4806; baseline 0.009 -26"><span class='ocrx_word' id='word_1_814' title='bbox 1925 4727 1995 4806; x_wconf 76' lang='lat' dir='ltr'>ad</span> <span class='ocrx_word' id='word_1_815' title='bbox 2030 4727 2210 4806; x_wconf 80' lang='lat' dir='ltr'>Heb.i</span> <span class='ocrx_word' id='word_1_816' title='bbox 2253 4727 2461 4806; x_wconf 81' lang='lat' dir='ltr'>dicitur</span> <span class='ocrx_word' id='word_1_817' title='bbox 2506 4731 2772 4799; x_wconf 84' lang='lat' dir='ltr'>Splendor</span> <span class='ocrx_word' id='word_1_818' title='bbox 2829 4734 3036 4801; x_wconf 75' lang='lat' dir='ltr'>gloriae,</span> <span class='ocrx_word' id='word_1_819' title='bbox 3086 4740 3143 4787; x_wconf 89' lang='lat' dir='ltr'>et</span> <span class='ocrx_word' id='word_1_820' title='bbox 3168 4734 3301 4806; x_wconf 88' lang='lat' dir='ltr'>Sap.</span> <span class='ocrx_word' id='word_1_821' title='bbox 3343 4727 3462 4804; x_wconf 76' lang='lat' dir='ltr'>vui,</span> <span class='ocrx_word' id='word_1_822' title='bbox 3494 4727 3624 4794; x_wconf 78' lang='lat' dir='ltr'>can-</span> 
     </span>
    </p>
   </div>
   <div class='ocr_carea' id='block_1_124' title="bbox 1925 4798 2475 4854">
    <p class='ocr_par' dir='ltr' id='par_1_124' title="bbox 1925 4798 2475 4854">
     <span class='ocr_line' id='line_1_128' title="bbox 1925 4798 2475 4854; baseline 0.005 -3"><span class='ocrx_word' id='word_1_823' title='bbox 1925 4798 2027 4851; x_wconf 81' lang='lat' dir='ltr'>dor</span> <span class='ocrx_word' id='word_1_824' title='bbox 2069 4801 2200 4852; x_wconf 83' lang='lat' dir='ltr'>lucis</span> <span class='ocrx_word' id='word_1_825' title='bbox 2245 4805 2475 4854; x_wconf 67' lang='lat' dir='ltr'>aeternae.</span> 
     </span>
    </p>
   </div>
   <div class='ocr_carea' id='block_1_125' title="bbox 2003 4886 3620 4963">
    <p class='ocr_par' dir='ltr' id='par_1_125' title="bbox 2003 4886 3620 4963">
     <span class='ocr_line' id='line_1_129' title="bbox 2003 4886 3620 4963; baseline 0.009 -24"><span class='ocrx_word' id='word_1_826' title='bbox 2003 4891 2082 4940; x_wconf 74' lang='lat'>15.</span> <span class='ocrx_word' id='word_1_827' title='bbox 2117 4889 2228 4952; x_wconf 85' lang='lat' dir='ltr'>Quo</span> <span class='ocrx_word' id='word_1_828' title='bbox 2279 4886 2496 4958; x_wconf 81' lang='lat' dir='ltr'>regitur</span> <span class='ocrx_word' id='word_1_829' title='bbox 2536 4893 2784 4963; x_wconf 72' lang='lat' dir='ltr'>vigetque</span> <span class='ocrx_word' id='word_1_830' title='bbox 2831 4893 3080 4963; x_wconf 71' lang='lat' dir='ltr'>emtum]</span> <span class='ocrx_word' id='word_1_831' title='bbox 3117 4895 3270 4948; x_wconf 88' lang='lat' dir='ltr'>Deus</span> <span class='ocrx_word' id='word_1_832' title='bbox 3311 4897 3470 4952; x_wconf 88' lang='lat' dir='ltr'>enim</span> <span class='ocrx_word' id='word_1_833' title='bbox 3504 4914 3620 4952; x_wconf 88' lang='lat' dir='ltr'>non</span> 
     </span>
    </p>
   </div>
   <div class='ocr_carea' id='block_1_126' title="bbox 1927 4960 3629 5034">
    <p class='ocr_par' dir='ltr' id='par_1_126' title="bbox 1927 4960 3629 5034">
     <span class='ocr_line' id='line_1_130' title="bbox 1927 4960 3629 5034; baseline 0.008 -25"><span class='ocrx_word' id='word_1_834' title='bbox 1927 4960 2131 5034; x_wconf 76' lang='lat' dir='ltr'>solum</span> <span class='ocrx_word' id='word_1_835' title='bbox 2168 4974 2452 5034; x_wconf 46' lang='lat' dir='ltr'>corpora,</span> <span class='ocrx_word' id='word_1_836' title='bbox 2484 4960 2579 5013; x_wconf 93' lang='lat' dir='ltr'>sed</span> <span class='ocrx_word' id='word_1_837' title='bbox 2615 4968 2835 5014; x_wconf 89' lang='lat' dir='ltr'>mentes</span> <span class='ocrx_word' id='word_1_838' title='bbox 2883 4960 3084 5016; x_wconf 81' lang='lat' dir='ltr'>omnes</span> <span class='ocrx_word' id='word_1_839' title='bbox 3113 4972 3289 5034; x_wconf 87' lang='lat' dir='ltr'>creat,</span> <span class='ocrx_word' id='word_1_840' title='bbox 3327 4975 3629 5023; x_wconf 87' lang='lat' dir='ltr'>conservat</span> 
     </span>
    </p>
   </div>
   <div class='ocr_carea' id='block_1_127' title="bbox 1928 5028 3625 5118">
    <p class='ocr_par' dir='ltr' id='par_1_127' title="bbox 1928 5028 3625 5118">
     <span class='ocr_line' id='line_1_131' title="bbox 1928 5028 3625 5118; baseline 0.007 -36"><span class='ocrx_word' id='word_1_841' title='bbox 1928 5034 1983 5118; x_wconf 74' lang='lat' dir='ltr'>et</span> <span class='ocrx_word' id='word_1_842' title='bbox 2013 5028 2181 5108; x_wconf 78' lang='lat' dir='ltr'>regit.</span> <span class='ocrx_word' id='word_1_843' title='bbox 2216 5029 2520 5118; x_wconf 53' lang='lat' dir='ltr'>S&#39;peciatim</span> <span class='ocrx_word' id='word_1_844' title='bbox 2551 5046 2683 5083; x_wconf 88' lang='lat' dir='ltr'>vero</span> <span class='ocrx_word' id='word_1_845' title='bbox 2717 5034 2926 5087; x_wconf 79' lang='lat' dir='ltr'>ccelum</span> <span class='ocrx_word' id='word_1_846' title='bbox 2957 5028 3474 5118; x_wconf 66' lang='lat' dir='ltr'>vigetregiturque</span> <span class='ocrx_word' id='word_1_847' title='bbox 3509 5056 3625 5118; x_wconf 80' lang='lat' dir='ltr'>mo-</span> 
     </span>
    </p>
   </div>
   <div class='ocr_carea' id='block_1_128' title="bbox 1927 5101 3620 5180">
    <p class='ocr_par' dir='ltr' id='par_1_128' title="bbox 1927 5101 3620 5180">
     <span class='ocr_line' id='line_1_132' title="bbox 1927 5101 3620 5180; baseline 0.007 -29"><span class='ocrx_word' id='word_1_848' title='bbox 1927 5104 2008 5165; x_wconf 90' lang='lat' dir='ltr'>tu,</span> <span class='ocrx_word' id='word_1_849' title='bbox 2043 5101 2211 5180; x_wconf 81' lang='lat' dir='ltr'>cujus</span> <span class='ocrx_word' id='word_1_850' title='bbox 2238 5101 2384 5153; x_wconf 90' lang='lat' dir='ltr'>Deus</span> <span class='ocrx_word' id='word_1_851' title='bbox 2440 5102 2780 5180; x_wconf 61' lang='lat' dir='ltr'>ita_au_ctor_</span> <span class='ocrx_word' id='word_1_852' title='bbox 2811 5112 2916 5180; x_wconf 83' lang='lat' dir='ltr'>est,</span> <span class='ocrx_word' id='word_1_853' title='bbox 2943 5101 3046 5180; x_wconf 54' lang='lat' dir='ltr'>_ut&#39;</span> <span class='ocrx_word' id='word_1_854' title='bbox 3077 5107 3170 5160; x_wconf 89' lang='lat' dir='ltr'>hic</span> <span class='ocrx_word' id='word_1_855' title='bbox 3204 5101 3327 5162; x_wconf 68' lang='lat' dir='ltr'>non</span> <span class='ocrx_word' id='word_1_856' title='bbox 3365 5101 3620 5180; x_wconf 78' lang='lat' dir='ltr'>incipiat</span> 
     </span>
    </p>
   </div>
   <div class='ocr_carea' id='block_1_129' title="bbox 1928 5171 3484 5250">
    <p class='ocr_par' dir='ltr' id='par_1_129' title="bbox 1928 5171 3484 5250">
     <span class='ocr_line' id='line_1_133' title="bbox 1928 5171 3484 5250; baseline 0.006 -27"><span class='ocrx_word' id='word_1_857' title='bbox 1928 5171 2550 5241; x_wconf 79' lang='lat' dir='ltr'>continueturque-nisi</span> <span class='ocrx_word' id='word_1_858' title='bbox 2587 5173 2813 5227; x_wconf 84' lang='lat' dir='ltr'>statutis</span> <span class='ocrx_word' id='word_1_859' title='bbox 2841 5176 2912 5228; x_wconf 89' lang='lat' dir='ltr'>ab</span> <span class='ocrx_word' id='word_1_860' title='bbox 2938 5177 3062 5245; x_wconf 90' lang='lat' dir='ltr'>ipso</span> <span class='ocrx_word' id='word_1_861' title='bbox 3096 5180 3210 5232; x_wconf 91' lang='lat' dir='ltr'>Deo</span> <span class='ocrx_word' id='word_1_862' title='bbox 3242 5179 3484 5250; x_wconf 90' lang='lat' dir='ltr'>legibus.</span> 
     </span>
    </p>
   </div>
   <div class='ocr_carea' id='block_1_130' title="bbox 2007 5260 3626 5337">
    <p class='ocr_par' dir='ltr' id='par_1_130' title="bbox 2007 5260 3626 5337">
     <span class='ocr_line' id='line_1_134' title="bbox 2007 5260 3626 5337; baseline 0.006 -26"><span class='ocrx_word' id='word_1_863' title='bbox 2007 5262 2085 5311; x_wconf 87' lang='grc'>16.</span> <span class='ocrx_word' id='word_1_864' title='bbox 2133 5261 2283 5337; x_wconf 79' lang='lat' dir='ltr'>Vitat</span> <span class='ocrx_word' id='word_1_865' title='bbox 2323 5260 2578 5337; x_wconf 73' lang='lat' dir='ltr'>obscurus</span> <span class='ocrx_word' id='word_1_866' title='bbox 2635 5263 2830 5337; x_wconf 60' lang='lat' dir='ltr'>anime</span> <span class='ocrx_word' id='word_1_867' title='bbox 2882 5263 3136 5337; x_wconf 49' lang='grc' dir='ltr'>Μίνωι]</span> <span class='ocrx_word' id='word_1_868' title='bbox 3193 5267 3391 5320; x_wconf 84' lang='lat' dir='ltr'>Mentis</span> <span class='ocrx_word' id='word_1_869' title='bbox 3431 5272 3626 5337; x_wconf 81' lang='lat' dir='ltr'>utpote</span> 
     </span>
    </p>
   </div>
   <div class='ocr_carea' id='block_1_131' title="bbox 1931 5330 3616 5405">
    <p class='ocr_par' dir='ltr' id='par_1_131' title="bbox 1931 5330 3616 5405">
     <span class='ocr_line' id='line_1_135' title="bbox 1931 5330 3616 5405; baseline 0.006 -23"><span class='ocrx_word' id='word_1_870' title='bbox 1931 5330 2273 5405; x_wconf 78' lang='lat' dir='ltr'>immortalis</span> <span class='ocrx_word' id='word_1_871' title='bbox 2309 5332 2466 5405; x_wconf 83' lang='lat' dir='ltr'>nulla</span> <span class='ocrx_word' id='word_1_872' title='bbox 2512 5338 2599 5405; x_wconf 79' lang='lat' dir='ltr'>est</span> <span class='ocrx_word' id='word_1_873' title='bbox 2627 5335 2813 5397; x_wconf 85' lang='lat' dir='ltr'>ruina,</span> <span class='ocrx_word' id='word_1_874' title='bbox 2863 5337 3055 5405; x_wconf 89' lang='lat' dir='ltr'>quoad</span> <span class='ocrx_word' id='word_1_875' title='bbox 3082 5330 3205 5390; x_wconf 71' lang='lat' dir='ltr'>rém</span> <span class='ocrx_word' id='word_1_876' title='bbox 3249 5330 3616 5403; x_wconf 40' lang='lat' dir='ltr'>spectatfsed</span> 
     </span>
    </p>
   </div>
   <div class='ocr_carea' id='block_1_132' title="bbox 1930 5401 3629 5473">
    <p class='ocr_par' dir='ltr' id='par_1_132' title="bbox 1930 5401 3629 5473">
     <span class='ocr_line' id='line_1_136' title="bbox 1930 5401 3629 5473; baseline 0.005 -19"><span class='ocrx_word' id='word_1_877' title='bbox 1930 5401 2202 5454; x_wconf 79' lang='lat' dir='ltr'>duntaxat</span> <span class='ocrx_word' id='word_1_878' title='bbox 2231 5403 2421 5473; x_wconf 84' lang='lat' dir='ltr'>quoad</span> <span class='ocrx_word' id='word_1_879' title='bbox 2474 5403 2732 5470; x_wconf 91' lang='lat' dir='ltr'>modum,</span> <span class='ocrx_word' id='word_1_880' title='bbox 2764 5401 3036 5459; x_wconf 83' lang='lat' dir='ltr'>nimirum</span> <span class='ocrx_word' id='word_1_881' title='bbox 3071 5401 3492 5473; x_wconf 82' lang='lat' dir='ltr'>cogitationem.</span> <span class='ocrx_word' id='word_1_882' title='bbox 3535 5410 3629 5462; x_wconf 89' lang='lat' dir='ltr'>Est</span> 
     </span>
    </p>
   </div>
   <div class='ocr_carea' id='block_1_133' title="bbox 1932 5472 3628 5541">
    <p class='ocr_par' dir='ltr' id='par_1_133' title="bbox 1932 5472 3628 5541">
     <span class='ocr_line' id='line_1_137' title="bbox 1932 5472 3628 5541; baseline 0.006 -17"><span class='ocrx_word' id='word_1_883' title='bbox 1932 5478 2125 5524; x_wconf 90' lang='lat' dir='ltr'>autem</span> <span class='ocrx_word' id='word_1_884' title='bbox 2154 5472 2420 5541; x_wconf 88' lang='lat' dir='ltr'>cogitatio</span> <span class='ocrx_word' id='word_1_885' title='bbox 2447 5475 2651 5527; x_wconf 89' lang='lat' dir='ltr'>mentis</span> <span class='ocrx_word' id='word_1_886' title='bbox 2675 5475 2844 5529; x_wconf 90' lang='lat' dir='ltr'>ruina</span> <span class='ocrx_word' id='word_1_887' title='bbox 2874 5485 3016 5538; x_wconf 88' lang='lat' dir='ltr'>tum,</span> <span class='ocrx_word' id='word_1_888' title='bbox 3050 5472 3182 5530; x_wconf 86' lang='lat' dir='ltr'>cum</span> <span class='ocrx_word' id='word_1_889' title='bbox 3231 5493 3390 5530; x_wconf 90' lang='lat' dir='ltr'>mens</span> <span class='ocrx_word' id='word_1_890' title='bbox 3417 5495 3448 5530; x_wconf 88' lang='lat' dir='ltr'>a</span> <span class='ocrx_word' id='word_1_891' title='bbox 3473 5486 3628 5534; x_wconf 88' lang='lat' dir='ltr'>recta</span> 
     </span>
    </p>
   </div>
   <div class='ocr_carea' id='block_1_134' title="bbox 1925 5542 3630 5612">
    <p class='ocr_par' dir='ltr' id='par_1_134' title="bbox 1925 5542 3630 5612">
     <span class='ocr_line' id='line_1_138' title="bbox 1925 5542 3630 5612; baseline 0.007 -19"><span class='ocrx_word' id='word_1_892' title='bbox 1925 5542 2224 5612; x_wconf 85' lang='lat' dir='ltr'>judicandi</span> <span class='ocrx_word' id='word_1_893' title='bbox 2253 5548 2310 5594; x_wconf 90' lang='lat' dir='ltr'>et</span> <span class='ocrx_word' id='word_1_894' title='bbox 2339 5543 2585 5612; x_wconf 88' lang='lat' dir='ltr'>eligendi</span> <span class='ocrx_word' id='word_1_895' title='bbox 2615 5561 2819 5599; x_wconf 88' lang='lat' dir='ltr'>norma</span> <span class='ocrx_word' id='word_1_896' title='bbox 2851 5546 3144 5612; x_wconf 87' lang='lat' dir='ltr'>recedens,</span> <span class='ocrx_word' id='word_1_897' title='bbox 3196 5547 3256 5601; x_wconf 91' lang='lat' dir='ltr'>in</span> <span class='ocrx_word' id='word_1_898' title='bbox 3288 5563 3543 5605; x_wconf 87' lang='lat' dir='ltr'>errorem</span> <span class='ocrx_word' id='word_1_899' title='bbox 3573 5557 3630 5605; x_wconf 88' lang='lat' dir='ltr'>et</span> 
     </span>
    </p>
   </div>
   <div class='ocr_carea' id='block_1_135' title="bbox 1934 5611 3628 5681">
    <p class='ocr_par' dir='ltr' id='par_1_135' title="bbox 1934 5611 3628 5681">
     <span class='ocr_line' id='line_1_139' title="bbox 1934 5611 3628 5681; baseline 0.008 -18"><span class='ocrx_word' id='word_1_900' title='bbox 1934 5611 2133 5664; x_wconf 83' lang='lat' dir='ltr'>vitium</span> <span class='ocrx_word' id='word_1_901' title='bbox 2167 5612 2397 5666; x_wconf 79' lang='lat' dir='ltr'>labitur.</span> <span class='ocrx_word' id='word_1_902' title='bbox 2425 5611 2667 5669; x_wconf 34' lang='lat' dir='ltr'>’Vitium</span> <span class='ocrx_word' id='word_1_903' title='bbox 2718 5616 2924 5668; x_wconf 85' lang='lat' dir='ltr'>mentis</span> <span class='ocrx_word' id='word_1_904' title='bbox 2969 5611 3195 5671; x_wconf 88' lang='lat' dir='ltr'>nullum</span> <span class='ocrx_word' id='word_1_905' title='bbox 3246 5618 3368 5673; x_wconf 86' lang='lat' dir='ltr'>sine</span> <span class='ocrx_word' id='word_1_906' title='bbox 3409 5637 3628 5681; x_wconf 85' lang='lat' dir='ltr'>errore.</span> 
     </span>
    </p>
   </div>
   <div class='ocr_carea' id='block_1_136' title="bbox 1933 5684 3630 5757">
    <p class='ocr_par' dir='ltr' id='par_1_136' title="bbox 1933 5684 3630 5757">
     <span class='ocr_line' id='line_1_140' title="bbox 1933 5684 3630 5757; baseline 0.006 -21"><span class='ocrx_word' id='word_1_907' title='bbox 1933 5698 2094 5737; x_wconf 86' lang='lat' dir='ltr'>error</span> <span class='ocrx_word' id='word_1_908' title='bbox 2114 5684 2306 5738; x_wconf 90' lang='lat' dir='ltr'>nullus</span> <span class='ocrx_word' id='word_1_909' title='bbox 2323 5685 2445 5738; x_wconf 90' lang='lat' dir='ltr'>sine</span> <span class='ocrx_word' id='word_1_910' title='bbox 2471 5686 2817 5740; x_wconf 87' lang='lat' dir='ltr'>obscuritate</span> <span class='ocrx_word' id='word_1_911' title='bbox 2840 5687 3249 5757; x_wconf 80' lang='lat' dir='ltr'>;quamobrem</span> <span class='ocrx_word' id='word_1_912' title='bbox 3271 5693 3439 5748; x_wconf 90' lang='lat' dir='ltr'>ruina</span> <span class='ocrx_word' id='word_1_913' title='bbox 3471 5709 3630 5747; x_wconf 86' lang='lat' dir='ltr'>men-</span> 
     </span>
    </p>
   </div>
  </div>
