3982 6182
313 321 406 372 771
1654 301 1765 354 ΑΝ.
1811 295 2018 353 MANL.

2142 293 2203 349 V.
2248 288 2500 348 BOETII.
3656 285 3741 335 T72

461 448 614 500 Hanc
647 441 910 514 quisquis
941 437 1154 510 POterit
1183 440 1382 490 Ποίδτε
1424 435 1628 494 lucem»
2044 429 2089 480 Α
2114 441 2360 513 petenda
2417 434 2840 492 numerentur?
2887 432 3347 486 Demonstratum
3389 436 3484 494 est,
3525 432 3748 503 inquam,

459 533 745 589 Candidos
779 529 974 584 Phoebi
1004 527 1190 580 radios
1221 523 1474 593 negabit.

892 632 1048 680 136
1101 621 1324 678 PROSA
1353 623 1433 674 Xl.

324 735 726 786 ARGUMENTUM.
795 756 853 762 —
940 725 1243 789 Postquam
1325 717 1671 784 Philosophia
1730 715 2012 789 proposuit

398 805 590 854 bonum
641 814 751 851 esse
801 811 994 859 unum,
1053 786 1196 861 quod
1225 793 1425 852 omnia,
1460 805 1554 841 suo
1595 803 1817 856 quaeque
1860 786 2014 838 modo

395 877 678 940 appetunt,
709 869 894 921 cadem
943 864 1213 919 concludit
1238 877 1418 915 rerum
1449 861 1686 914 omnium
1729 861 1885 922 ﬁnem
1907 871 2016 909 esse

400 946 612 995 bonum.

396 1012 712 1074 Asseutior,
748 1009 1004 1078 inquam.
1037 1006 1250 1060 Cuncta
1302 1002 1454 1055 enim
1491 999 1836 1054 ﬁrmissimis
1875 1013 2019 1050 nexa

328 1101 648 1156 rationibus
665 1101 944 1151 constant.
973 1096 1112 1148 Tum
1137 1093 1233 1144 illa
1256 1109 1268 1144 :
1293 1089 1521 1154 Quanti,
1548 1089 1753 1158 inquit,
1779 1086 2022 1140 aestima—

328 1194 434 1254 bis,
468 1191 515 1242 si
548 1191 565 1224 ί
600 1189 819 1241 bonum
851 1185 1039 1255 ipsum
1071 1182 1209 1252 quid
1263 1181 1355 1240 sit,
1389 1177 1738 1247 agnoveris?
1783 1174 2018 1234 Inﬁniti,

330 1283 604 1349 inquam:
651 1277 696 1327 si
733 1275 964 1345 quidem
999 1271 1140 1324 mihi
1173 1270 1386 1340 pariter
1424 1268 1603 1319 Deum
1640 1281 1892 1335 quoque,
1925 1265 2022 1334 qui

333 1373 545 1424 bonum
579 1370 682 1429 est,
717 1363 1008 1423 continget
1055 1374 1376 1427 agnoscere.
1421 1357 1593 1426 Atqui
1653 1356 1758 1408 hoc
1788 1353 2023 1405 verissi-

334 1475 444 1520 ma,
475 1458 552 1523 (εἰ)
585 1453 792 1523 inquit,
839 1450 1060 1504 ratione
1089 1447 1445 1517 patefaciam,
1479 1454 1500 1476 τι
1534 1448 1805 1496 maneant
1851 1443 2024 1495 modo

335 1562 465 1616 quae
493 1543 664 1614 paulo
696 1546 825 1593 ante
867 1539 1134 1591 conclusa
1169 1542 1317 1586 sunt.
1353 1537 1375 1575 ι»
1407 1533 1730 1595 Manehunt,
1763 1531 2023 1600 inquam.

337 1636 563 1700 Nonne,
594 1630 802 1700 inquit,
835 1630 855 1660 ²
881 1625 1323 1680 monstravimus
1357 1640 1422 1675 ea
1455 1638 1582 1691 quas
1622 1624 1974 1690 appetuntur
1998 1635 2029 1672 a

339 1722 620 1795 pluribus,
676 1718 886 1772 idcirco
917 1732 1050 1768 vera
1088 1714 1456 1783 perfectaque
1481 1716 1501 1745 ³
1543 1711 1692 1764 bona
1724 1726 1840 1763 non
1887 1725 2028 1772 esse,
2071 1724 2110 1774 Β

341 1810 617 1883 quoniam
651 1825 681 1861 a
729 1823 786 1859 se
833 1805 1076 1858 invicem
1120 1801 1531 1870 discreparent,
1593 1815 1839 1868 cumque
1870 1797 2034 1851 alteri

343 1902 564 1955 abesset
577 1899 843 1961 alterum,
867 1896 1098 1964 plenum
1113 1933 1125 1956 ,
1144 1891 1586 1960 absolutumque
1601 1889 1817 1942 bonum
1833 1888 2036 1940 atlerre

344 2007 460 2045 non
493 2003 657 2059 posse
687 1988 714 2038 ‘?
735 1991 860 2039 tum
893 1987 1085 2036 autem
1107 1997 1303 2034 verum
1340 1981 1449 2047 (10‘)
1484 1979 1694 2032 bonum
1727 1978 1873 2041 tieri,
1908 1993 2038 2030 cum

347 2082 404 2134 in
433 2093 612 2132 unum
646 2074 822 2128 veluti
859 2073 1126 2135 formam,
1156 2075 1326 2140 atque
1355 2068 1721 2121 efficientiam
1754 2066 2038 2135 colligun-

347 2173 457 2231 tur,
496 2171 556 2218 ut
586 2181 712 2236 qua!
747 2161 1091 2216 sufﬁcientia
1117 2165 1220 2224 est,
1255 2158 1456 2211 eadem
1481 2157 1551 2209 sit
1575 2156 1853 2226 potentia,
1886 2171 2041 2208 reve-

346 2255 550 2319 rentia,
612 2253 861 2310 claritas,
907 2256 1077 2319 atque
1117 2246 1481 2317 jucunditas:
1530 2245 1641 2298 nisi
1669 2261 1801 2297 vero
1838 2260 2040 2306 unum,

363 2350 533 2414 atque
559 2344 710 2395 idem
744 2341 938 2392 omnia
985 2340 1112 2401 sint,
1160 2337 1301 2389 nihil
1345 2336 1574 2398 habere,
1621 2350 1734 2403 quo
1768 2334 1917 2386 inter
1948 2350 2040 2384 ex-

2117 547 2223 584 nec
2254 525 2504 584 dubitari
2534 524 2650 577 ullo
2683 521 2854 576 modo
2886 524 3092 590 potest.
3137 519 3274 582 Quae
3314 518 3500 587 igitur,
3534 537 3648 574 cum
3688 523 3754 575 di-

2121 621 2383 688 screpant
2440 617 2518 684 (Si)
2576 611 2815 666 minime
2861 610 3011 663 bona
3069 614 3236 672 sunt;
3287 624 3411 660 cum
3442 624 3562 661 vero
3605 626 3756 664 unum

2123 725 2246 764 esse
2281 703 2575 775 cmperint,
2609 701 2762 754 bona
2791 701 2973 752 ﬁunt:
3008 713 3201 751 nonne
3231 697 3351 750 haec
3389 702 3448 749 ut
3473 697 3612 750 bona
3649 701 3760 764 sint,

2126 796 2357 852 unitatis
2377 793 2501 848 ﬁeri
2535 790 2836 860 adeptione
2869 787 3197 856 contingit?
3231 788 3332 850 Ita,
3365 786 3608 856 inquam,
3634 788 3761 842 vide-

2126 894 2236 941 tur.
2276 885 2383 939 Sed
2416 898 2584 936 omne
2616 880 2767 950 quod
2799 879 3018 932 bonum
3054 882 3158 940 est,
3211 875 3346 930 boni
3374 877 3764 945 participatione

2129 977 2343 1029 bonum
2377 987 2498 1025 esse
2531 967 2812 1031 concedis,
2845 983 2917 1018 an
2940 964 3178 1018 minime
3199 963 3227 1017 ‘?
3259 965 3344 1018 Ita
3373 968 3455 1016 est
3475 973 3493 995 ε
3524 1005 3535 1017 .
3569 963 3770 1033 Oportet

2131 1065 2304 1132 igitur
2335 1062 2483 1114 idem
2514 1075 2636 1112 esse
2669 1072 2874 1121 unum,
2926 1059 3092 1124 atque
3124 1053 3338 1106 bonum
3381 1051 3549 1105 simili
3587 1053 3772 1106 ratione

2131 1153 2422 1207 concedas.
2459 1154 2603 1203 ειη
2637 1153 2656 1182 ⁴
2703 1145 2912 1199 Eadem
2964 1159 3212 1212 namque
3266 1141 3577 1195 substantia
3601 1147 3675 1193 est
3699 1159 3774 1194 eo-

2133 1258 2280 1302 rum,
2334 1254 2580 1310 quorum
2610 1234 2950 1290 naturaliter
2978 1249 3096 1286 non
3145 1237 3228 1285 est
3267 1232 3521 1285 diversus
3559 1231 3775 1285 etl‘ectus.

2136 1333 2372 1400 Negare,
2426 1329 2686 1398 inquam,
2731 1339 2976 1394 nequeo.
3005 1320 3027 1355 ⁵
3073 1321 3309 1375 Nostine
3361 1320 3553 1389 igitur,
3603 1320 3777 1390 inquit.

2137 1436 2306 1474 omne
2356 1417 2511 1488 quod
2568 1420 2671 1478 est,
2695 1419 2811 1468 tam
2843 1412 2945 1466 diu
2993 1427 3224 1464 manere
3281 1415 3451 1480 atque
3496 1408 3779 1474 subsistere,

2139 1525 2313 1580 quam
2341 1507 2441 1561 diu
2463 1507 2534 1558 sit
2572 1520 2753 1558 unum
2780 1523 2791 1565 ;
2828 1501 2926 1555 sed
2955 1501 3187 1554 interire
3212 1503 3387 1569 atque
3413 1498 3634 1552 dissolvi
3654 1499 3784 1566 pari-

2139 1605 2242 1664 ter,
2275 1602 2446 1666 atque
2486 1609 2667 1648 unum
2707 1607 2826 1646 esse
2859 1588 3184 1644 destiterit?
3219 1588 3296 1657 (Si)
3329 1587 3582 1651 Quonam
3615 1587 3785 1640 modo?

2142 1687 2210 1740 Ut
2241 1687 2297 1738 in
2331 1683 2697 1742 animalibus,
2738 1680 2952 1750 inquit,
3007 1694 3139 1732 cum
3168 1678 3228 1730 in
3275 1693 3460 1731 unum
3504 1681 3712 1741 coeunt,
3741 1693 3790 1729 ac

2144 1779 2484 1846 permanent
2513 1771 2704 1824 anima
2732 1784 3073 1838 corpusque,
3096 1767 3149 1820 id
3173 1766 3388 1820 animal
3417 1770 3657 1820 vocatur.
3679 1765 3791 1820 Cum

2145 1881 2277 1918 vero
2313 1864 2435 1916 haec
2494 1861 2680 1914 unitas
2711 1859 3010 1927 utriusque
3070 1856 3434 1926 separatione
3491 1855 3790 1920 dissolvitur,

2149 1954 2406 2019 interire,
2437 1967 2541 2004 nec
2570 1952 2688 2019 jam
2733 1965 2853 2001 esse
2884 1947 3097 2000 animal
3137 1946 3339 2016 liquet.
3385 1947 3576 2015 Ipsum
3603 1961 3794 2016 quoque

2149 2057 2354 2112 corpus
2386 2056 2515 2093 cum
2534 2038 2595 2090 in
2624 2054 2741 2090 una
2769 2036 2975 2094 forma,
2996 2032 3391 2086 membrorum
3413 2032 3796 2102 conjunctione,

2149 2128 2468 2197 permanet,
2501 2124 2755 2176 humana
2805 2121 3004 2173 visitur
3049 2119 3284 2189 species.
3317 2121 3391 2172 At
3421 2118 3467 2171 si
3501 2118 3798 2180 distributae,

2151 2220 2579 2284 segregatteque
2612 2211 2724 2279 (-tO)
2766 2213 2955 2280 partes
3006 2208 3261 2278 corporis
3307 2207 3666 2262 distraxerint
3699 2208 3800 2260 uni-

2151 2309 2348 2368 tatem,
2381 2300 2594 2356 desinit
2619 2315 2738 2353 esse
2771 2299 2926 2368 quod
2947 2297 3158 2367 fuerat.
3189 2297 3387 2367 quue
3422 2296 3587 2350 modo
3619 2311 3805 2366 percur-

1807 2416 2393 2472 INTERPRETATIO.

357 2566 458 2618 quo
480 2549 667 2602 callum
687 2548 1023 2611 gubernatur
1053 2550 1102 2595 et
1132 2545 1294 2606 riget,
1326 2548 1477 2594 caret
1512 2542 1696 2608 lapsus
1726 2541 2047 2604 caliginosos

879 2621 1184 2683 quicunque
1228 2614 1425 2664 ualebit
1474 2613 1904 2663 animadvertere
1956 2612 2050 2663 hoc

355 2624 584 2672 mentis:
620 2635 796 2685 quam
831 2635 844 2668 :

356 2693 553 2753 lumen,
589 2691 680 2741 ille
701 2689 920 2753 negabit
950 2687 1134 2740 radios
1158 2687 1286 2738 solis
1317 2701 1436 2736 esse
1467 2699 1628 2752 aeque
1657 2698 1844 2751 puros.

2227 2548 2251 2571 ει
2282 2540 2343 2592 Si
2371 2552 2570 2591 memor
2597 2538 3020 2604 praeteritorum,
3055 2535 3163 2588 haec
3194 2537 3535 2589 concesseris.

2229 2613 2253 2651 ιι
2294 2613 2413 2662 Haec
2438 2611 2520 2662 ita
2550 2614 2724 2661 erunt.

2224 2694 2248 2722 c
2286 2680 2438 2745 Quod
2478 2681 2669 2732 bonum
2701 2684 2800 2742 est,
2831 2679 2890 2732 id
2917 2679 3151 2731 bonitate
3193 2679 3463 2745 afﬁcitur.

1991 2804 2212 2859 NCT/ﬁ.

363 2912 432 2964 tis
468 2911 544 2962 ita
577 2910 818 2962 obscura
852 2912 952 2967 est,
994 2912 1057 2958 ut
1088 2906 1156 2957 ab
1201 2905 1303 2957 hac
1367 2905 1479 2956 Lux
1512 2907 1726 2954 alterna
1759 2903 1904 2954 Deus
1937 2902 2063 2954 lon-
2172 2901 2322 2953 clara
2352 2903 2775 2970 proponuntur,
2805 2903 2866 2951 ut
2911 2899 3286 2969 explicatione
3343 2908 3538 2955 nostra
3567 2915 3672 2952 non
3702 2897 3818 2950 indi-

363 2985 491 3052 gius
521 2981 749 3042 distare,
792 2981 1383 3052 hauequeﬂpropterea
1409 2978 1592 3052 vitare
1616 2974 1869 3052 dicatur:
1905 2974 2053 3052 unde
2093 2977 2132 3029 C
2163 2976 2351 3041 geant.
2403 2972 2604 3052 Moneo
2656 2973 2839 3052 solum
2898 2971 3181 3050 duplicem
3239 2971 3330 3024 hic
3391 2972 3820 3040 distinguendum

365 3043 511 3107 Deus
546 3053 742 3110 efticit,
778 3056 841 3102 ut
872 3043 1016 3120 quos
1048 3043 1352 3110 illuminat,
1407 3045 1463 3097 lii
1511 3045 1796 3113 ejusmodi
1831 3045 2057 3096 ruinam
2169 3043 3820 3120 esseappetitum;voluntariumunum,alterumnaturalem.

363 3125 534 3177 etiam
567 3126 762 3174 vitent.
891 3113 906 3120 ’
2239 3113 2539 3183 Appetitus
2571 3114 2927 3165 voluntarius
2964 3119 3047 3166 est
3081 3113 3201 3184 ipsa
3229 3116 3442 3166 mentis
3475 3113 3824 3182 cognoscentis

443 3199 520 3246 t7.
565 3197 712 3246 Ilanc
755 3193 1006 3258 quisquis
1045 3194 1242 3259 poterit
1273 3194 1461 3240 notare
1509 3189 1732 3250 lucem,
1775 3190 1934 3239 Deum
1962 3185 2060 3255 qui
2170 3187 2452 3248 voluntas,
2516 3184 2676 3253 cujus
2740 3184 2819 3236 ita
2873 3200 3071 3236 sumus
3136 3187 3370 3252 conscii,
3437 3184 3670 3239 docente
3729 3186 3826 3252 ipso

365 3272 447 3318 est
476 3255 1056 3315 summum—bonum;
1481 3329 1490 3330 ί
1580 3327 1596 3330 ἡ
1647 3328 1660 3330 _
1771 3328 1780 3330 ᾼ
1981 3329 1989 3330 7
2173 3262 2385 3330 nostra).
2439 3256 2646 3330 mentis
2685 3255 3127 3330 rvoluntatisque
3179 3261 3437 3320 auctore,
3491 3271 3748 3324 majorem
3776 3258 3826 3304 ut

445 3339 524 3388 18.
557 3334 828 3389 Candidas
877 3332 1057 3383 Plia'bi
1093 3330 1278 3381 radios
1332 3327 1597 3398 negabit]
1633 3328 1875 3388 Candor,
1911 3329 2063 3379 color
2173 3327 2341 3395 hujus
2372 3324 2815 3398 intelligentiam
2856 3342 2887 3376 a
2918 3323 3078 3378 nullo
3112 3329 3345 3380 homine
3402 3323 3650 3397 accipere
3679 3323 3825 3395 possi-

370 3411 456 3457 est
487 3405 746 3457 omnium
784 3402 892 3453 luci
946 3401 1311 3452 simillimus:
1351 3401 1481 3450 hinc
1513 3396 1628 3450 sive
1677 3414 1917 3466 corpora
1947 3400 2062 3449 sive
2173 3413 2323 3450 mus.
2384 3396 2534 3449 Talis
2592 3401 2676 3449 est
2734 3396 2830 3448 ille
2889 3398 3192 3466 appetitus,
3245 3413 3359 3466 quo
3430 3396 3684 3450 volumus
3731 3410 3828 3448 esse

373 3482 594 3528 mentes
626 3492 692 3522 eo
730 3471 931 3540 majori
959 3471 1203 3522 candore
1236 3472 1382 3521 attici
1404 3471 1693 3526 dicuntur,
1719 3486 1832 3538 quo
1858 3469 2065 3536 majori
2175 3469 2360 3540 beati:
2397 3467 2526 3520 talis
2553 3473 2637 3519 est
2658 3467 2763 3518 iste
2790 3467 3099 3536 appetitus,
3131 3483 3255 3535 quo,
3288 3470 3484 3538 inquit
3515 3484 3657 3521 nunc
3683 3466 3832 3521 Philo-

373 3545 800 3617 perfunduntur
825 3539 982 3617 luce:
1018 3541 1370 3617 sicutAste‘lla,
1412 3541 1660 3617 scriptio,
1698 3540 1816 3617 ipsa
1845 3545 2061 3617 cogita-
2175 3539 2396 3608 sophia,
2425 3553 2574 3617 ‘saepe
2620 3543 2842 3590 mortem
2886 3541 3194 3603 cogentibus
3246 3546 3432 3594 causis
3458 3556 3618 3608 quam
3664 3545 3832 3591 natura

373 3606 473 3677 iio,
525 3615 776 3674 Horatio,
813 3612 1088 3672 Ciceroni,
1147 3610 1346 3663 Ovidio
1408 3606 1613 3661 dicitur
1656 3606 1826 3662 modo
1860 3611 2062 3676 magis,
2177 3606 2519 3675 reformidat,
2573 3624 2716 3661 mens
2777 3609 3017 3661 humana
3066 3606 3592 3678 amplectiturfaut
3616 3606 3835 3676 gignendi

373 3687 542 3763 modo
576 3687 774 3763 minus
801 3683 1062 3763 candida.
1101 3682 1462 3763 Radiinn't‘em
1497 3682 1728 3759 solares,
1762 3689 2069 3763 quantum-
2177 3696 2308 3748 opus
2333 3679 2635 3763 ‘interdum
2663 3684 2876 3731 coercet.
2934 3679 3040 3733 Sed
3083 3681 3161 3732 ait
3205 3683 3596 3751 Philosophia,
3629 3697 3679 3732 se
3725 3691 3835 3730 nunc

374 3759 455 3810 vis
489 3757 661 3809 lucidi
687 3755 1007 3806 videantur:
1046 3760 1266 3805 tantum
1301 3751 1679 3804 nihilominus
1714 3768 1823 3804 non
1855 3753 2067 3816 lucent,

375 3835 653 3896 quantum
708 3827 874 3886 Deus,
909 3825 1025 3892 qui,
1080 3823 1214 3874 Inde
1269 3823 1411 3874 Tim.
1459 3837 1532 3887 Vl,
1578 3823 1741 3875 lucem
1793 3823 2069 3876 inhabitat

376 3898 822 3951 inaccessibilcm.

2176 3767 2282 3875 nton
2311 3751 2376 3804 de
2394 3752 2477 3804 his
2508 3751 2832 3802 uoluntariis
2879 3755 3072 3803 animae
3101 3758 3470 3819 cognoscentis
3499 3754 3716 3806 motibus
3742 3755 3836 3802 tra—

2178 3839 2203 3875 c
2231 3837 2342 3875 are.

2178 3837 2342 3876 czare.

2249 3892 2551 3961 Appetitus
2577 3896 2767 3945 autem
2801 3893 3097 3958 naturalis,
3133 3899 3215 3946 est
3244 3895 3553 3949 instinctus
3591 3894 3669 3948 rei
3697 3892 3838 3944 etiam

2178 3965 2374 4042 inscite
2405 3963 2474 4017 ad
2497 3963 2676 4042 ipsius
2708 3964 3202 4042 oqnservationem
3229 3965 3508 4019 divinitus
3539 3968 3839 4035 impre-sus.

2178 4035 2438 4087 Primum
2461 4034 2693 4102 quidem
2726 4035 2819 4086 hic
2855 4035 3142 4104 appetitus
3171 4036 3382 4089 dicitur
3413 4034 3734 4091 instinctus.
3774 4038 3841 4086 est

450 3971 463 4001 ¹
510 3972 713 4022 Bonum
761 3970 938 4034 ipsum
991 3965 1125 4032 quid
1177 3963 1292 4034 sit]
1355 3965 1570 4016 Bonum
1617 3963 1968 4032 simpliciter,
1998 3965 2066 4017 de

377 4057 489 4110 quo
541 4055 689 4091 nunc
717 4039 925 4110 agitur,
977 4043 1061 4088 est
1117 4051 1440 4110 summum:
1480 4035 1536 4087 id
1569 4035 1811 4087 sut'ticint
1844 4037 2068 4098 idixisse

382 4105 564 4186 semel
591 4126 694 4178 pro
724 4115 844 4186 toto
879 4109 984 4186 isto
1008 4107 1236 4186 capite.“
1272 4177 1284 4186 ι
1359 4177 1368 4185 ,
1583 4175 1592 4184 .
2179 4105 2335 4186 enim
2385 4105 2788 4186 impulsioset
2831 4105 3108 4184 quaelibet
3159 4107 3433 4175 impulsio
3474 4113 3622 4161 recte
3666 4107 3842 4159 dicitur

451 4185 471 4214 ²
511 4173 980 4244 monstravimus]
1008 4173 1180 4229 Prosa
1211 4180 1240 4227 9
1272 4177 1444 4244 hujus
1465 4175 1618 4229 libri.

2179 4177 2481 4228 instinctus
2506 4191 2517 4228 :
2556 4191 2684 4227 cum
2711 4173 3013 4247 instinctus
3043 4173 3265 4230 dicatur
3295 4179 3365 4231 ab
3396 4181 3727 4247 instigando,
3758 4178 3842 4229 hoc

450 4253 470 4284 ³
506 4255 651 4305 Bona
691 4267 792 4303 non
825 4265 934 4301 esse
959 4251 1216 4316 quoniam
1247 4265 1279 4298 a
1307 4263 1361 4299 se
1393 4251 1617 4299 invicem
1646 4245 2063 4317 discreparent]
2112 4263 2153 4314 ι)
2186 4247 2256 4299 ab
2288 4248 2544 4300 instando
2565 4264 2586 4310 ;
2618 4246 2771 4315 quod
2797 4247 2896 4314 qui
2942 4248 3198 4317 instigat,
3230 4248 3321 4301 hic
3372 4245 3549 4303 instat
3587 4257 3641 4302 et
3687 4253 3840 4315 urget.

383 4326 420 4398 l.
459 4322 837 4398 Philosophia
859 4311 1147 4389 proponit,
1181 4319 1403 4398 honuni
1453 4322 1586 4386 (quo
1621 4311 1848 4398 nomine
1899 4311 2073 4398 inte];
2113 4311 2145 4314 ν
2190 4317 2403 4398 Deinde
2426 4318 2576 4396 idem
2609 4311 2896 4398 appetitus
2927 4324 3012 4398 est
3042 4311 3118 4371 rei
3154 4311 3328 4372 etiam
3362 4321 3589 4380 insciipz
3623 4311 3845 4392 quan-dn-

384 4396 510 4461 ligit
532 4387 995 4457 summumlesse
1029 4406 1210 4462 unum
1243 4389 1348 4442 hoc
1383 4390 1496 4462 fere
1519 4388 1883 4462 modo._Cum
1908 4389 2076 4462 inter
2187 4388 2421 4458 quidem
2476 4387 2535 4440 in
2579 4388 2914 4456 corporibus
2968 4389 3316 4452 inanimatis,
3373 4393 3432 4444 in
3471 4387 3675 4462 quibus
3715 4389 3847 4443 nulla

382 4459 562 4517 unum
596 4470 651 4516 et
701 4465 878 4514 multa
931 4461 1169 4512 mullum
1228 4460 1534 4524 excogitari
1579 4460 1758 4527 possit
1796 4460 2074 4522 medium,
2187 4463 2521 4530 potestesse
2553 4459 2824 4524 cognitio,
2850 4461 3034 4513 locum
3069 4461 3254 4514 habet.
3289 4459 3573 4516 Praeterea
3592 4465 3675 4517 hic
3707 4475 3849 4530 appe-

384 4551 608 4587 necesse
640 4540 723 4585 est
773 4541 833 4584 ut
872 4547 1160 4584 summum
1195 4531 1407 4582 bonum
1445 4531 1516 4582 sit
1552 4546 1730 4582 unum
1761 4537 1858 4582 aut
1892 4530 2079 4581 ninlti-
2190 4529 3070 4597 titusdivinitusimpressusest:
3095 4547 3211 4584 non
3235 4549 3474 4587 secusac
3492 4529 3846 4587 voluntarius:

383 4608 533 4675 plex.
566 4605 740 4673 Atqui
771 4619 1060 4655 summum
1097 4603 1310 4675 bonum
1349 4617 1460 4652 non.
1494 4607 1699 4675 potest,
1730 4617 1850 4652 esse
1883 4601 2080 4652 multi-
2193 4603 2339 4675 Deus
2369 4601 2522 4675 enim
2556 4605 2748 4675 movet
2777 4601 2992 4654 omnia.
3019 4603 3279 4675 Denique
3310 4605 3465 4658 idem
3490 4607 3762 4675 appetitus
3782 4604 3851 4654 est

382 4671 547 4745 plex:
607 4671 812 4727 idcirco
869 4674 1019 4725 enim
1077 4673 1497 4745 prohatuqmrst
1549 4672 1792 4745 divitias,
1827 4677 2078 4745 potestas
2193 4672 2260 4724 ad
2303 4671 2384 4724 rei
2421 4671 2948 4745 conservationem:
2985 4674 3142 4726 Dedit
3184 4671 3326 4728 enim
3371 4671 3851 4745 vimina-providen-

386 4741 577 4825 temet
614 4753 814 4824 uetera
845 4743 1131 4825 ejusmodi
1165 4759 1274 4794 non
1318 4743 1526 4795 habere
1561 4743 1837 4794 rationem
1871 4743 2081 4794 summi
2194 4745 2296 4804 tia,
2327 4746 2392 4794 ut
2420 4741 2511 4794 hic
2541 4742 2770 4805 dicitur,
2804 4745 2999 4795 creatis
3033 4760 3066 4795 a
3096 4759 3150 4796 se
3197 4746 3354 4798 rebus
3405 4747 3546 4801 hanc
3591 4741 3668 4800 uel
3695 4745 3850 4798 maxi-

386 4817 542 4876 boni,
578 4817 717 4884 quia
747 4823 878 4866 sunt
903 4816 1097 4866 multa.
1706 4885 1711 4886 ν
2191 4829 2336 4865 mam
2373 4813 2630 4886 manendi
2660 4827 2904 4886 causam,
2937 4821 2997 4867 ut
3049 4816 3228 4881 quoad
3252 4824 3502 4886 possunt,
3559 4817 3854 4870 naturaliter

459 4892 478 4921 ‘
509 4887 710 4939 Eadem
739 4887 1051 4959 substantia
1102 4890 1178 4936 est
1199 4955 1208 4959 _
1231 4900 1457 4959 quorum
1490 4885 1816 4959 naturaliter
1872 4899 1976 4959 non
2007 4888 2084 4936 est
2192 4899 2408 4959 manere
2428 4884 2766 4959 deside-rent.
2809 4885 2925 4937 l-loc
2958 4884 3264 4954 appetitu,‘
3288 4894 3349 4940 ut
3404 4889 3638 4954 quodam
3674 4892 3855 4940 natura

389 4959 640 5010 diversus
687 4957 921 5021 effictus.
956 4956 971 5024 'j
1013 4957 1135 5027 Non
1189 4955 1512 5023 judicamns
1542 4955 1609 5006 de
1643 4971 1808 5006 causa
1842 4955 1949 5007 nisi
1983 4970 2085 5023 per
2193 4956 2468 5022 principio
2498 4955 2765 5027 animalia
2801 4971 3017 5008 manere
3054 4962 3258 5010 amant.
3308 4960 3514 5011 Eodem
3550 4976 3748 5027 semper
3772 4971 3854 5022 ap-

390 5030 654 5096 ejusdem
689 5027 957 5080 etl‘ectus:
1002 5026 1153 5078 unde
1189 5042 1434 5094 quorum
1468 5042 1578 5076 non
1607 5026 1866 5077 videmus
1893 5027 2084 5077 diver-
2191 5030 2383 5093 petiuit
2414 5025 2673 5091 gignendi
2715 5040 2867 5095 opus,
2911 5042 3014 5094 quo
3035 5029 3145 5080 solo
3178 5031 3490 5082 mortalium
3525 5025 3696 5083 rerum
3717 5029 3855 5079 durat

391 5119 480 5179 sos
517 5100 774 5179 effectus,
808 5099 1028 5150 nullum
1077 5107 1484 5179 argumentum
1523 5096 1816 5160 habemus,
1851 5113 1963 5166 quo
1992 5098 2084 5164 ju-
2197 5097 2557 5148 diuturnitas.
2621 5096 2734 5150 Hoc
2767 5099 3027 5179 appetitu
3055 5107 3299 5167 acceptas
3333 5117 3479 5153 escas
3519 5106 3631 5154 sine
3677 5102 3855 5165 cogita-

393 5172 654 5224 dicemns
691 5172 808 5222 htI‘C
841 5187 958 5219 esse
995 5185 1080 5221 res
1109 5163 1372 5220 diversas.
1544 5235 1556 5237 _
1870 5153 1883 5166 ⁸
1992 5153 2011 5164 υ
2199 5171 2340 5220 tione
2367 5169 2748 5232 transigimus.
2782 5153 3012 5234 Eddeni,
3045 5172 3103 5221 in
3134 5153 3314 5223 somno
3361 5175 3616 5237 spiritum
3639 5153 3857 5222 ducimus

467 5240 488 5272 ⁵
528 5245 747 5295 Nostine
794 5244 991 5304 igitur,
1041 5256 1189 5291 omne
1240 5239 1386 5305 quod
1437 5235 1561 5310 est]
1614 5239 1680 5288 ll.
1723 5237 2087 5303 Philosophia
2198 5240 2508 5291 nescientes.
2566 5238 2679 5290 Hoc
2741 5237 2990 5308 denique
3049 5242 3303 5309 appetitu
3359 5235 3701 5310 cunctaque?
3733 5244 3855 5292 sunt.

393 5314 684 5381 proponit,
715 5313 929 5390 omnia,
953 5327 1054 5361 suo
1077 5326 1317 5390 quaeque.
1340 5309 1532 5390 modo,
1559 5325 1846 5390 summum
1873 5310 2087 5390 bonum
2201 5313 2467 5390 appetunt
2507 5310 2836 5390 naturaliter
2877 5315 3235 5364 constantiam
3263 5309 3857 5379 permaneni'lintevitant

396 5379 687 5451 appetere,
723 5383 821 5432 sic.
863 5382 1001 5434 Cum
1049 5397 1224 5431 unum
1255 5385 1310 5430 et
1342 5380 1552 5452 bonum
1588 5380 1927 5452 sinteadem
1956 5379 2088 5431 sub—
2199 5381 2512 5446 perniciem.
2550 5379 2638 5452 Sic
2682 5380 2739 5432 in
2770 5395 2886 5443 ove,
2918 5382 3038 5434 viso
3080 5383 3235 5451 lupo,
3293 5385 3523 5452 spiritus
3572 5402 3603 5436 a
3654 5382 3859 5436 cerebro

396 5450 625 5526 stantia,
677 5453 956 5521 quidquid
993 5452 1206 5520 appetit
1237 5466 1461 5526 unum,‘
1486 5450 1622 5501 illud
1658 5450 1825 5501 etiam
1861 5454 2090 5518 appetat
2205 5465 2306 5518 per
2345 5465 2546 5526 nervos
2592 5451 2770 5502 tluere
2802 5450 2952 5503 soliti
2988 5452 3058 5504 ad
3089 5450 3185 5505 eas
3232 5450 3516 5507 declinant
3556 5455 3669 5506 ovis
3697 5457 3862 5522 partes

398 5524 616 5602 bonum
667 5520 894 5602 necesse
927 5528 1028 5602 est.
1085 5521 1271 5602 Atqui
1309 5520 1502 5602 omnia
1561 5526 1836 5598 appetunt
1868 5535 2088 5602 unum:
2204 5537 2334 5588 quae
2366 5520 2438 5573 ad
2479 5520 2674 5588 fugam
2725 5522 3123 5576 destinantur:
3170 5525 3228 5575 in
3279 5525 3514 5578 formica
3562 5520 3710 5588 vero,
3760 5522 3862 5572 Viso

398 5594 683 5673 siquidem
709 5599 991 5673 appetunt
1022 5608 1140 5673 esse
1169 5595 1280 5670 :iut
1307 5590 1497 5673 videre
1529 5593 1692 5673 estin
1723 5591 2090 5673 animalibus,
2204 5593 2514 5655 frumento,
2544 5592 2717 5673 iidem
2745 5593 2978 5662 spiritus
3008 5593 3385 5649 deturbantur
3414 5597 3482 5650 ad
3510 5613 3602 5650 eas
3631 5594 3855 5650 formij

402 5659 713 5732 inplentis,
749 5659 805 5716 in
839 5664 1172 5732 corporibus
1200 5659 1548 5714 inauimatis.
1581 5659 1716 5722 Quae
1753 5661 1945 5714 omnia
1977 5665 2097 5714 tam
2207 5667 2417 5731 partes,
2450 5677 2578 5732 quia
2609 5662 2682 5716 ad
2711 5659 3050 5734 capiendam
3083 5664 3375 5735 dispositae
3402 5673 3551 5722 sunt.
