3972 6182
123 334 212 386 773
1086 331 1176 383 DE
1215 327 1735 385 CONSOLATIONE
1775 327 2260 384 PHILOSOPHUS
2304 327 2437 381 LIB.
2490 327 2589 380 ΙΙΙ.

3488 331 3589 382 ’774

118 461 248 515 renti
276 465 473 514 caetera
527 461 726 530 procul
757 459 932 514 dubio
972 459 1192 529 patebit
1233 459 1540 514 subsistere
1572 474 1790 514 unum—
1829 465 1875 513 A
1906 458 2306 523 dissolvantur,
2359 459 2646 511 resistunt.
2683 459 2819 521 Quae
2849 474 2982 510 vero
3028 457 3306 528 liquentia
3356 464 3508 514 239
3530 464 3592 512 ut

119 549 388 619 quodque,
416 548 550 601 dum
581 564 760 601 unum
793 553 909 600 est:
935 563 1068 600 cum
1094 563 1227 600 vero
1260 563 1439 600 unum
1477 563 1600 600 esse
1633 545 1788 599 desi-

116 639 209 701 nit,
277 637 525 690 interire.
595 636 1009 700 Consideranti,
1080 636 1315 705 inquam
1379 635 1521 688 mihi
1595 637 1786 705 plura,

118 726 333 779 minime
365 726 516 778 aliud
547 725 790 779 videtur.
829 725 927 778 Est
957 741 1028 777 ne
1061 725 1261 792 igitur,
1300 725 1507 793 inquit,
1541 724 1694 792 quod
1729 725 1788 776 in

115 821 369 885 quantum
403 815 742 867 naturaliter
774 819 906 882 agat
926 823 972 880 ει,
1006 814 1206 867 relicta
1229 813 1580 866 subsistendi
1606 829 1789 882 appe-

115 903 288 966 tentia,
337 905 446 971 (l5)
501 904 697 956 venire
752 903 821 956 ad
868 902 1189 967 interitum,
1242 903 1788 972 corruptionemque

113 992 406 1045 desideret?
454 992 512 1045 Si
555 992 851 1058 animalia,
906 991 1166 1061 inquam,
1219 991 1601 1051 considerem,
1659 1006 1788 1059 quae

119 1081 305 1134 habent
338 1081 587 1151 aliquam
635 1079 856 1133 volendi
906 1079 1257 1150 nolendique
1301 1084 1587 1142 naturam,
1642 1078 1786 1131 nihil

119 1168 348 1232 invenio,
376 1170 532 1238 quod
568 1172 612 1235 ιι,
651 1170 822 1221 nullis
847 1173 1004 1222 extra
1026 1168 1380 1238 cogentibus,
1415 1167 1645 1237 adjiciat
1674 1182 1789 1219 ma-

119 1259 269 1310 nendi
328 1258 733 1321 intentionem,
775 1261 831 1310 et
860 1257 926 1310 ad
960 1257 1262 1309 interitum
1291 1260 1492 1325 sponte
1535 1255 1784 1314 festinet.

119 1348 271 1401 Omne
300 1363 554 1417 namque
596 1347 807 1399 animal
839 1347 985 1400 tueri
1020 1346 1262 1398 salutem
1294 1345 1516 1398 laborat
1547 1361 1559 1397 :
1629 1359 1778 1397 mor-

115 1442 208 1488 tem
235 1452 364 1488 vero
406 1436 840 1506 perniciemque
879 1435 1108 1488 devitat.
1160 1434 1266 1488 Sed
1313 1439 1461 1490 288
1522 1433 1658 1502 quid
1719 1433 1786 1485 de

113 1524 299 1592 herbis,
346 1524 792 1594 arboribusque,
857 1522 998 1593 quid
1051 1523 1118 1575 de
1165 1522 1498 1576 inanimatis
1549 1521 1786 1574 omnino

115 1613 443 1666 consentiam
476 1613 669 1678 rebus,
697 1628 929 1682 prorsus
952 1611 1168 1665 dubito.
1193 1611 1367 1682 Atqui
1393 1627 1509 1664 non
1533 1615 1617 1664 est
1630 1609 1785 1679 quod

109 1701 165 1756 de
190 1702 285 1755 hoc
313 1701 525 1772 possis"-
567 1701 882 1770 ambigere,
913 1716 1044 1753 cum
1084 1700 1290 1753 herbas
1323 1704 1492 1769 atque
1548 1699 1780 1751 arbores
1823 1739 1862 1790 Β

109 1791 357 1843 intuearis
379 1789 642 1860 primum
680 1789 786 1843 sibi
811 1789 1284 1842 convenientibus
1342 1788 1562 1841 innasci
1614 1786 1779 1854 locis,

111 1879 186 1932 ubi
231 1885 518 1949 quantum
581 1893 782 1934 earum
831 1883 1035 1932 natura
1067 1881 1257 1946 queat,
1292 1877 1403 1930 cito
1434 1892 1782 1930 exarescere.

112 1976 253 2038 atque
283 1968 357 2038 (5)
386 1967 633 2021 interire
663 1983 779 2020 non
797 1966 1036 2036 possint.
1065 1967 1202 2019 Nam
1228 1965 1353 2018 aliae
1378 1965 1612 2035 quidem
1639 1981 1788 2017 cam-

108 2058 327 2127 pis,alia3
357 2057 668 2110 montibus
699 2056 986 2121 oriuntur,
1009 2055 1148 2108 alias
1175 2055 1634 2124 feruntpaludes,
1657 2053 1784 2106 aliae

111 2148 231 2199 saxis
280 2147 536 2215 haerent,
562 2145 805 2198 aliarum
837 2144 1113 2213 {fecundae
1144 2149 1276 2197 sunt
1301 2144 1519 2196 steriles
1571 2159 1779 2203 arenae,

109 2254 224 2306 quas
270 2237 314 2290 si
373 2236 432 2289 in
502 2236 611 2288 alia
641 2234 926 2305 quispiam
978 2234 1102 2286 loca
1169 2233 1475 2286 transferre
1523 2237 1781 2297 conetur,

111 2332 354 2379 arescant.
395 2324 517 2378 Sed
550 2323 899 2392 dat;cuique
939 2327 1144 2375 natura
1181 2321 1335 2391 quod
1369 2322 1653 2388 convenit,
1707 2326 1782 2385 et,

117 2433 188 2480 ne,
217 2418 343 2469 dum
391 2430 637 2468 manere
665 2417 921 2484 possunt,
945 2411 1265 2481 [intereant,
1297 2412 1570 2464 elaborat.
1636 2410 1783 2474 Quid

118 2503 294 2563 dicam,
327 2504 479 2574 quod
513 2518 735 2567 omnes,
768 2502 922 2554 velut
951 2501 1010 2553 in
1029 2504 1209 2553 terras
1243 2516 1339 2553 ore.
1363 2501 1472 2571 (10)
1499 2501 1779 2562 demerso,

117 2593 317 2645 trahunt
353 2593 637 2645 alimenta
665 2591 975 2656 radicibus,
1019 2606 1082 2642 ac
1113 2606 1214 2660 per
1248 2589 1532 2642 medullas
1583 2589 1781 2652 robur,

115 2681 465 2750 corticemque
525 2679 892 2734 diffundunt?
944 2679 1108 2742 Quid,
1159 2678 1310 2746 quod
1371 2677 1780 2730 mollissimum

116 2772 371 2840 quodque,
415 2769 589 2823 sicuti
635 2767 888 2822 medulla
917 2772 1021 2826 est,
1057 2766 1328 2819 interiore
1374 2782 1603 2835 semper
1651 2768 1782 2818 sede

118 2861 428 2924 reconditur,
485 2862 649 2911 extra
696 2872 828 2909 vero
857 2855 1102 2926 quadam
1135 2855 1277 2923 ligni
1319 2855 1587 2907 firmitate
1634 2854 1785 2922 tegi-

117 2953 230 3000 tur:
259 2947 493 3001 ultimus
531 2951 721 2999 autem
763 2950 953 2999 cortex
987 2944 1286 2998 adversum
1319 2942 1446 2996 coeli
1493 2943 1784 3012 intempe—

1898 564 1994 601 aer
2033 552 2201 618 atque
2233 564 2398 616 aqua,
2449 547 2612 600 facile
2656 547 2887 617 quidem
2923 546 3310 600 dividentibus
3354 549 3586 611 cedunt,

1897 638 1990 690 sed
2023 637 2132 689 cito
2179 637 2236 689 in
2265 654 2330 688 ea
2360 653 2555 688 rursus
2592 636 2846 706 aquibus
2878 641 3010 688 sunt
3044 635 3286 687 abscissa
3316 637 3590 689 relabun-

1896 731 2008 778 tur.
2042 726 2198 794 Ignis
2245 741 2379 778 vero
2439 741 2668 776 onmem
2728 725 2942 792 refugit
2993 725 3324 776 sectionem.
3397 727 3589 794 Neque

1898 831 2048 866 nunc
2071 832 2176 867 nos
2205 815 2273 867 de
2305 814 2638 866 voluntariis
2670 813 2874 865 animze
2895 814 3291 880 cognoscentis
3316 815 3588 878 motibus,

1897 903 1992 955 sed
2016 903 2083 956 de
2107 903 2691 954 naturaliintentione
2723 907 3052 954 tractamus.
3079 902 3251 954 Sicuti
3267 902 3398 972 dest,
3438 903 3590 971 quod

1895 998 2153 1060 exceptas
2188 993 2264 1060 (2i)
2289 1007 2442 1043 escas
2473 991 2595 1042 sine
2629 990 2976 1057 cogitatione
3007 991 3398 1058 transigimus,
3435 992 3591 1060 quod

1894 1080 1953 1132 in
1986 1096 2206 1133 sommo
2238 1089 2258 1110 “
2289 1079 2553 1148 spiritum
2589 1080 2850 1132 ducimus
2879 1078 3216 1131 nescientes.
3254 1080 3393 1132 Nam
3426 1095 3497 1131 ne
3530 1080 3589 1132 in

1897 1169 2239 1222 animalibus
2271 1169 2501 1238 quidem
2539 1167 2813 1220 manendi
2845 1183 3007 1219 amor
3038 1184 3099 1219 ex
3134 1167 3339 1219 animae
3383 1169 3592 1220 volun-

1895 1258 2129 1323 tatibus,
2167 1273 2358 1309 verum
2394 1273 2460 1309 ex
2492 1262 2710 1309 natura!
2745 1256 3041 1325 principiis
3069 1255 3240 1308 venit.
3277 1257 3414 1309 Nam
3441 1273 3591 1326 Stl‘pe

1896 1352 2136 1400 mortem
2161 1347 2497 1416 cogentibus
2539 1346 2744 1408 causis,
2773 1362 2946 1415 quam
2980 1351 3184 1398 natura
3233 1345 3588 1410 reformidat,

1905 1437 2167 1491 voluntas
2201 1435 2563 1505 amplectitur
2597 1452 2608 1487 :
2646 1439 2958 1503 contraque
2989 1434 3128 1486 illud
3161 1451 3274 1504 quo
3291 1435 3408 1487 solo
3435 1451 3593 1487 mor-

1895 1525 2096 1578 talium
2123 1540 2315 1578 rerum
2349 1525 2516 1576 durat
2549 1523 2914 1597 diuturnitas,
2952 1522 3062 1592 (t0)
3095 1522 3369 1592 gignendi
3423 1539 3587 1592 opus,

1894 1614 2047 1684 quod
2083 1619 2289 1666 natura
2321 1628 2548 1681 semper
2571 1611 2809 1681 appetit,
2840 1611 3128 1664 interdum
3157 1616 3378 1664 coercet
3395 1613 3591 1664 volun-

1893 1705 1995 1754 tas.
2029 1701 2184 1754 Adeo
2218 1701 2336 1754 haec
2358 1701 2444 1754 sui
2479 1699 2496 1733 τ
2526 1700 2731 1753 caritas
2762 1716 2877 1752 non
2911 1716 2977 1752 ex
3019 1699 3254 1752 animali
3299 1698 3578 1766 motione,

1895 1791 1994 1843 sed
2026 1806 2090 1844 ex
2118 1790 2365 1843 naturali
2397 1789 2720 1843 intentione
2750 1789 3027 1859 procedit.
3075 1787 3239 1841 Dedit
3260 1787 3417 1841 enim
3446 1789 3586 1841 Pro-

1898 1879 2147 1932 videntia
2177 1879 2376 1931 creatis
2436 1894 2468 1930 a
2509 1895 2566 1930 se
2596 1878 2764 1931 rebus
2815 1878 2960 1931 hanc
2991 1877 3081 1929 vel
3120 1875 3428 1930 maximam
3475 1892 3593 1928 ma-

1894 1967 2071 2021 nendi
2105 1984 2352 2031 causam,
2385 1972 2452 2020 ut
2477 1968 2666 2037 quoad
2689 1971 2949 2035 possunt,
2978 1966 3318 2019 naturaliter
3347 1981 3582 2017 manere

1892 2056 2261 2111 desiderent:
2319 2072 2494 2125 quare
2525 2056 2664 2108 nihil
2705 2059 2790 2108 est
2821 2055 2972 2124 quod
3004 2055 3120 2106 ullo
3175 2054 3345 2108 modo
3406 2070 3583 2124 queas

1896 2145 2179 2208 dubitare,
2231 2150 2451 2209 cuncta,
2487 2145 2598 2212 (tri)
2645 2160 2770 2213 qum
2807 2148 2956 2202 sunt,
2999 2148 3267 2212 appetere
3304 2142 3589 2195 naturali—

1892 2239 1980 2285 ter
2035 2233 2410 2287 constantiam
2469 2231 2866 2302 permanendi,
2928 2232 3177 2284 devitarc
3245 2229 3580 2301 perniciem.

1894 2323 2200 2388 Confiteor,
2262 2324 2570 2392 inquam,5
2619 2338 2770 2374 nunc
2806 2338 2893 2374 me
2945 2320 3264 2373 indubitato
3321 2335 3577 2382 cernere,

1895 2428 2020 2481 qua:
2054 2413 2271 2465 dudum
2305 2412 2521 2464 incerta
2548 2410 2902 2463 videbantur.
2938 2409 3096 2472 Quod
3131 2413 3345 2476 autem,
3378 2408 3583 2478 inquit,

1894 2501 2198 2553 subsistere
2229 2517 2290 2552 ac
2323 2516 2662 2568 permanere
2696 2498 2934 2567 appetit,
2967 2498 3022 2550 id
3063 2513 3242 2550 unum
3277 2513 3397 2547 esse
3432 2496 3581 2549 desi-

1893 2589 2076 2654 derat,
2119 2589 2222 2642 hoc
2282 2589 2433 2640 enim
2466 2588 2726 2657 :sulﬂato,
2785 2604 2856 2640 ne
2889 2603 3006 2638 esse
3039 2586 3271 2655 quidem
3317 2585 3586 2655 cuiquam

1894 2677 2242 2746 pemanebit.
2292 2677 2496 2727 Verum
2549 2680 2652 2738 est,
2708 2675 2964 2742 inquam.
3017 2672 3215 2726 Omnia
3251 2672 3446 2740 igitur,
3497 2672 3586 2724 in-

1891 2765 2035 2834 quit,
2086 2767 2196 2833 (20)
2247 2780 2426 2817 unum
2466 2763 2811 2815 desiderant.
2871 2763 3164 2814 Consensi.
3225 2762 3333 2815 Sed
3391 2776 3573 2813 unum

1894 2854 2142 2922 idipsum
2177 2852 2617 2905 monstravimus
2651 2868 2794 2917 esse,
2828 2851 2978 2921 quod
3003 2851 3212 2903 bonum
3237 2855 3338 2901 est.
3367 2851 3444 2901 lta
3462 2849 3586 2918 qui-

1895 2943 2046 2996 dem.
2084 2944 2300 2995 Cuncta
2329 2941 2506 3008 igitur
2532 2940 2746 2992 bonum
2779 2945 3013 3009 petunt:
3051 2939 3198 3007 quod
3237 2938 3467 3005 quidem
3501 2937 3581 2989 ita

119 3035 251 3102 riem,
284 3035 496 3105 quasid
533 3034 667 3087 mali
706 3034 930 3103 patiens
959 3033 1226 3085 defensor
1257 3032 1611 3101 opponitur?
1657 3035 1779 3086 Jam
1822 3035 1862 3090 C
1895 3031 2179 3084 describas
2225 3030 2374 3093 licet,
2422 3029 2609 3098 ipsum
2652 3030 2862 3080 bonum
2914 3043 3055 3093 esse,
3089 3025 3243 3095 quod
3290 3023 3581 3077 desidere-

120 3139 226 3175 vero
250 3129 455 3194 quanta
483 3128 576 3175 est
599 3128 818 3175 naturae
850 3121 1166 3190 diligentia,
1210 3121 1319 3190 (153)
1354 3124 1419 3173 ut
1448 3126 1652 3175 cuncta
1690 3138 1778 3175 se-

120 3212 244 3265 mine
271 3211 651 3282 multiplicato
677 3215 1088 3280 propagentur,
1116 3225 1241 3278 qua:
1258 3209 1454 3262 omnia
1471 3224 1586 3262 non
1607 3210 1780 3264 modo

119 3301 171 3352 ad
198 3307 408 3370 tempus
442 3300 742 3363 manendi,
769 3315 967 3352 verum
1000 3298 1314 3368 generatim
1340 3314 1594 3368 quoque,
1619 3299 1780 3369 quasi

121 3388 163 3440 in
191 3396 524 3460 perpetuum
559 3387 960 3458 permanendi,
991 3387 1169 3439 veluti
1195 3387 1468 3456 quasdam
1491 3387 1783 3440 machinas

120 3493 216 3531 esse
245 3481 363 3549 quis
393 3478 662 3532 nesciat?
693 3479 770 3530 Ea
801 3476 972 3529 etiam
1004 3492 1135 3546 quae
1168 3474 1488 3528 inanimata
1521 3492 1640 3528 esse
1663 3493 1785 3529 cre-

121 3568 320 3634 duntur,
351 3584 548 3621 nonne
589 3566 742 3636 quod
777 3581 943 3618 suum
969 3569 1072 3628 est,
1098 3579 1342 3634 quaeque
1361 3563 1532 3616 simili
1560 3565 1783 3617 ratione

122 3653 457 3711 desiderant?
488 3657 608 3711 Cur
639 3653 792 3707 enim
817 3656 1080 3707 ﬂammas
1121 3653 1352 3721 quidem
1383 3669 1608 3706 sursum
1642 3653 1786 3706 levi-

122 3748 183 3794 tas
200 3748 297 3815 {'20)
329 3748 508 3810 vehit,
543 3750 726 3798 terras
756 3759 888 3796 vero
917 3742 1186 3795 deorsum
1209 3741 1436 3812 pondus
1493 3742 1783 3811 deprimit,

121 3831 204 3885 nisi
231 3835 372 3904 quod
394 3835 522 3888 haec
535 3832 778 3903 singulis
799 3833 942 3898 loca,
973 3831 1371 3900 motionesque
1393 3831 1786 3886 conveniunt?

122 3920 260 3975 Porro
316 3930 516 3976 autem
585 3922 736 3992 quod
790 3922 999 3991 cuique
1057 3925 1506 3974 consentaneum
1565 3923 1669 3984 est,
1722 3920 1783 3974 id

123 4014 546 4084 unumquodque
586 4014 882 4064 conservat
915 4027 926 4063 :
953 4009 1118 4063 sicuti
1150 4025 1217 4062 ea
1239 4025 1367 4078 quae
1393 4014 1525 4062 sunt
1551 4009 1787 4062 inimica

121 4106 477 4171 corrumpunt.
545 4100 668 4152 Jam
714 4115 848 4151 vero
911 4114 1036 4168 quas.
1079 4097 1222 4150 dura
1261 4096 1391 4163 sint,
1428 4101 1491 4149 ut
1544 4097 1783 4166 lapides,

121 4187 376 4243 adhaerent
435 4187 804 4243 tenacissime
863 4186 1122 4257 partibus
1181 4184 1318 4250 suis,
1375 4190 1448 4251 et,
1500 4201 1573 4239 ne
1620 4185 1784 4238 facile

1892 3124 1986 3171 tur
2016 3119 2085 3171 ab
2135 3118 2418 3170 omnibus.
2460 3118 2470 3149 ¹
2518 3117 2689 3180 Nihil,
2733 3116 2990 3184 inquam,
3047 3112 3232 3166 verius
3272 3111 3591 3180 excogitari

1894 3212 2095 3277 potest.
2151 3208 2289 3259 Nam
2349 3205 2432 3257 vel
2490 3205 2560 3257 ad
2590 3204 2837 3256 nihilum
2867 3205 3087 3270 {cuncta
3139 3203 3487 3267 referuntur,
3533 3205 3593 3252 et

1896 3311 2028 3353 uno,
2054 3292 2232 3347 veluti
2253 3292 2460 3344 vertice
2492 3291 2780 3354 destituta,
2810 3291 2918 3357 (⁵25)
2953 3289 3073 3341 sine
3114 3293 3355 3350 rectore,
3391 3286 3581 3338 fluita-

1895 3385 2058 3447 bunt,
2079 3387 2177 3435 aut
2197 3381 2238 3432 si
2260 3381 2399 3451 quid
2423 3386 2524 3446 est,
2551 3381 2618 3432 ad
2645 3379 2794 3449 quod
2811 3377 3074 3430 universa
3089 3376 3378 3440 festinent,
3404 3374 3458 3427 id
3481 3375 3590 3426 erit

1897 3473 2153 3526 omnium
2177 3487 2466 3523 summum
2486 3470 2791 3522 bonorum.
2822 3469 2883 3520 lit
2902 3467 3017 3526 illa,
3043 3465 3292 3518 Nimium
3317 3463 3527 3533 inquit,
3554 3478 3586 3514 o

1895 3564 2148 3626 alumne,
2181 3562 2346 3613 lzetor
2380 3561 2598 3627 :ipsam
2633 3557 2784 3608 enim
2819 3556 2840 3585 ’
2872 3555 3075 3608 medim
3108 3557 3133 3595 ιι
3181 3553 3432 3607 veritatis
3487 3569 3589 3604 no-

1896 3657 2010 3705 tam
2043 3655 2234 3704 mente
2267 3648 2437 3702 fixisti
2474 3665 2484 3700 :
2516 3647 2613 3699 sed
2645 3647 2702 3698 in
2736 3646 2842 3698 hoc
2875 3645 3058 3714 patuit
3086 3644 3210 3707 tibi,
3241 3643 3398 3712 quod
3426 3642 3589 3710 igno—

1898 3756 2021 3792 rare
2054 3745 2107 3791 te
2140 3739 2310 3807 paulo
2342 3741 2471 3788 ante
2495 3736 2740 3788 dicebas.
2770 3733 2950 3796 Quid?
2975 3734 3230 3801 inquam.
3268 3737 3422 3785 210
3447 3730 3589 3793 Quis

1896 3835 2062 3890 esset,
2115 3826 2321 3895 inquit,
2371 3829 2390 3857 ³
2448 3839 2640 3875 rerum
2697 3823 2954 3874 omnium
2987 3821 3158 3873 linis?
3208 3821 3264 3873 Id
3300 3825 3383 3874 est
3432 3819 3587 3872 enim

1897 3913 2342 3986 profecto,quod
2366 3911 2717 3965 desideratur
2747 3911 2816 3962 ab
2856 3908 3122 3962 omnibus
3159 3924 3171 3960 ε
3239 3907 3389 3976 quod
3453 3906 3588 3976 quia

1897 4007 2109 4057 bonum
2142 4018 2260 4054 esse
2291 3999 2647 4069 collegimus,
2701 4003 2944 4068 oportet,
2980 4013 3169 4050 rerum
3206 3997 3464 4049 omnium
3523 3995 3586 4047 li-

1900 4109 2026 4146 nem
2059 4092 2276 4145 bonum
2311 4105 2429 4141 esse
2472 4089 2772 4140 fateamur.

1534 4326 2124 4384 INTERPRETATIO.

175 4469 192 4490 ⁵
219 4463 416 4526 Fugato
433 4477 548 4516 sum
573 4461 995 4515 conservationis
1015 4459 1366 4526 appetitione.

124 4532 191 4646 (Ib
215 4533 422 4600 Absque
447 4535 565 4586 ulla
597 4546 886 4584 causarum
918 4532 1248 4582 exteriorum
1287 4531 1344 4579 υἱ
1381 4531 1543 4596 atque
1570 4530 1775 4583 violen-

142 4616 198 4646 ill-

142 4616 198 4653 ut.

176 4683 193 4710 ε
220 4674 482 4728 Dubitare.

173 4743 190 4782 δ
217 4744 456 4798 Validius
481 4748 756 4799 resistens.

177 4819 193 4840 θ
211 4816 354 4883 Res-pi
361 4832 566 4869 ramus.

1971 4457 1990 4497 ἲ
2015 4455 2183 4508 Amor
2203 4465 2330 4516 erga
2366 4451 2728 4515 semetipsum.

1958 4536 1982 4568 8
2013 4529 2095 4579 Me
2121 4531 2238 4588 jam.
2261 4510 2690 4574 (“ntimadrertcre
2712 4523 2823 4569 tam
2853 4513 3154 4588 eridcnlur,
3189 4527 3249 4562 ea
3377 4510 3575 4588 quibus

1892 4604 2053 4650 antea
2084 4583 2421 4656 dubitabam,
2458 4597 2514 4642 ut
2545 4591 2609 4641 de
2639 4591 2721 4640 his
2768 4602 2872 4639 non
2920 4587 3121 4653 possim
3153 4584 3392 4650 amplius
3423 4583 3583 4634 (lubi-

1894 4675 2026 4720 tare.

1961 4743 1986 4782 ιι
2016 4739 2342 4800 Manifesta.

1732 4883 1949 4938 ΝΟΤΑΞ.

178 5004 352 5081 fNihil
388 5008 610 5081 verius]
651 5011 790 5063 Nam
824 5007 1444 5080 prmdictusknaturalis
1494 5005 1782 5081 appetitus

127 5077 189 5125 vel
219 5086 338 5131 esta
372 5077 684 5141 niliilo,vel
726 5077 906 5133 est’ab
937 5077 1392 5149 aliquo‘summo
1435 5085 1675 5140 rectore,
1699 5077 1778 5149 ad

127 5161 264 5210 'lllem
295 5159 590 5221 propterea
619 5153 789 5204 veluti
816 5153 881 5204 ad
906 5148 1158 5220 primum
1183 5149 1531 5220 principium
1568 5152 1621 5200 et
1653 5148 1787 5199 ulti-

131 5229 259 5291 mum
311 5221 476 5275 finem
512 5223 862 5275 revocandus
895 5227 998 5274 est.
1053 5223 1226 5291 Atqui
1263 5222 1389 5273 fieri
1444 5223 1785 5287 non‘potest

128 5292 177 5336 ut
201 5288 291 5340 iste
320 5294 601 5360 appetitus
633 5295 707 5345 sit
735 5310 768 5345 a
799 5292 980 5346 nihilo
1009 5309 1022 5346 :
1060 5288 1345 5362 siquidem
1383 5291 1631 5343 nihilum
1667 5305 1778 5341 non

130 5363 283 5421 potest
311 5377 423 5414 esse
455 5365 624 5417 ullius
655 5364 736 5416 rei
756 5380 944 5416 causa.

188 5428 204 5458 ²
232 5431 404 5486 Media:
444 5433 730 5505 veritatis]
769 5436 1060 5499 [Manifesta
1094 5451 1106 5487 :
1161 5434 1240 5487 sic
1263 5432 1444 5501 enim,
1473 5432 1784 5500 interprete

1898 5003 2110 5058 Servio.
2147 4999 2342 5068 Virgil.
2389 5016 2422 5051 ιι
2455 4996 2693 5057 Αζηθὶἀ.,
2729 5012 2778 5046 v.
2817 4995 2916 5068 3533
2955 5010 2965 5046 :

1960 5075 2051 5121 llic
2083 5064 2320 5120 Priamus
2346 5080 2643 5130 quanquam
2679 5068 2730 5111 in
2765 5066 2936 5111 media
2961 5063 3068 5125 jam
3099 5066 3264 5110 morte
3297 5067 3520 5110 tenetur.

1968 5147 1986 5173 ³
2013 5145 2217 5196 Rerum
2270 5142 2503 5191 omnium
2541 5136 2709 5204 ﬁnis]
2745 5137 2832 5187 lll.
2869 5135 3235 5202 PliilosOphia
3295 5134 3587 5185 concludit

1897 5231 2087 5266 rerum
2120 5212 2380 5265 omnium
2431 5211 2600 5260 linem
2661 5224 2780 5258 esse
2818 5207 3033 5258 bonum
3069 5206 3381 5274 etquidem
3433 5220 3584 5254 sum—

1897 5301 2051 5337 mum
2091 5300 2101 5336 :
2148 5283 2282 5352 quia
2329 5280 2583 5352 quodab
2615 5279 2884 5330 omnibus
2927 5276 3499 5352 rebusdesideratun
3531 5274 3584 5325 id

1895 5344 2364 5409 rerumomnium
2401 5350 2529 5402 linis
2551 5355 2653 5401 est.
2684 5350 2854 5417 Atqui
2883 5365 2946 5399 ex
2975 5346 3136 5398 dictis
3165 5360 3452 5396 summum
3485 5344 3587 5397 bo-

1901 5444 2036 5480 num
2068 5425 2136 5476 ab
2166 5422 2430 5477 munibus
2465 5421 2629 5473 rebus
2661 5419 3034 5472 desideratur.
