3982 6182
388 296 488 346 775

898 428 1045 479 241
1091 426 1381 482 METRUM
1420 428 1438 447 '
1474 427 1565 482 XI.

383 552 788 602 Ancnuexrnu.
821 578 889 587 -—
922 548 1886 618 Philosophus,inquitPhilosophia,
1908 568 2080 607 unam

455 621 735 675 attentius.
801 618 1099 671 consideret
1154 626 1419 673 mentem:
1492 623 1617 675 huic
1648 626 1849 690 quippe
1904 625 2080 677 lumen

460 692 781 755 ingenitum,
828 690 995 758 quod,
1046 693 1310 755 magistro
1368 692 1603 755 docente,
1641 708 1861 747 summae
1915 695 2078 748 etiam

462 763 706 814 veritatis
722 763 898 829 possit
919 776 1028 815 esse
1052 764 1409 830 principium.

529 866 797 937 Quisquis
826 866 1110 936 profunda
1141 875 1330 921 mente
1370 868 1613 939 vestigat
1643 886 1860 937 verum,

529 955 811 1024 Cupitque
846 956 1016 1008 nullis
1048 956 1142 1008 ille
1176 957 1356 1009 deviis
1386 957 1525 1021 falli,

527 1046 588 1097 In
622 1060 680 1097 se
702 1044 954 1097 revolvat
983 1044 1174 1097 intimi
1197 1046 1383 1098 lucem
1406 1045 1578 1112 visus,

1698 296 1811 354 AN.
1854 298 2070 356 MANL.
2115 298 2271 356 SEV.
2318 300 2567 359 BOETII.
3740 319 3828 370 776

2334 438 2485 488 242
2522 435 2862 506 Longosque
2892 436 2953 490 in
2976 436 3173 491 orbem
3187 438 3639 507 cogatinﬂectens
3652 450 3835 509 motus,

2330 522 2720 595 Animumque
2750 526 2973 589 doceat,
3015 526 3297 596 quidquid
3330 534 3484 581 extra
3515 531 3745 597 molitur,

2330 611 2457 665 Suis
2491 618 2783 668 retrusam
2814 615 3112 684 possidere
3142 616 3421 669 thesauris
3459 634 3471 671 :

2335 701 2562 755 Dudum
2594 703 2743 772 quod
2776 710 2900 757 atra.
2929 704 3071 757 texit
3101 705 3310 758 erroris
3338 706 3537 772 nubes,

2330 789 2564 844 Lucebit
2591 790 2714 860 ipso
2735 792 3119 861 perspicacius
3149 793 3383 847 Phoebo.

2331 877 2455 930 Non
2487 893 2659 932 omne
2693 895 2945 950 namque
2983 887 3175 934 mente
3213 882 3436 951 depulit
3466 884 3670 938 lumen.

2330 969 2481 1020 248
2514 967 2861 1023 Obliviosam
2885 985 3090 1039 corpus
3122 969 3397 1023 invehens
3427 973 3650 1026 molem.

2329 1053 2516 1108 Haeret
2546 1055 2797 1126 profecto
2817 1072 3015 1111 semen
3040 1056 3355 1111 introrsum
3392 1060 3529 1123 veri,

1841 1147 1908 1200 ΙΝ
1915 1147 2052 1201 TER
2065 1147 2241 1202 PRET
2243 1151 2420 1207 ATlO.

455 1211 559 1275 Qui
581 1213 814 1285 inquirit
855 1214 1135 1285 veritatem
1186 1213 1297 1285 alto
1344 1215 1542 1279 animo,
1614 1216 1863 1284 idemque
1920 1222 2075 1285 optat

383 1283 547 1335 nullis
599 1282 775 1348 decipi
827 1283 1123 1345 erroribus,
1172 1282 1274 1343 hic
1330 1292 1533 1337 revocet
1583 1282 2078 1341 lumen‘interioris

384 1358 631 1422 aspectus
661 1353 735 1404 ad
754 1368 912 1405 suam
934 1360 1208 1417 mentem,
1259 1360 1309 1405 et
1348 1365 1653 1409 convertens
1690 1360 2079 1422 cogitationum

383 1426 598 1489 longam
629 1424 834 1475 seriem
855 1425 1106 1491 disponat
1154 1427 1209 1476 in
1230 1428 1538 1489 circuitum,
1577 1432 1628 1479 et
1654 1430 1890 1481 instruat
1928 1445 2081 1482 men-

384 1502 488 1551 tem
511 1495 705 1549 habere
748 1494 1080 1548 reconditum
1102 1496 1157 1548 in
1178 1498 1291 1549 suis
1324 1496 1591 1551 thesauris
1614 1496 1674 1550 id
1700 1513 1871 1565 omne,
1932 1501 2081 1568 quod

2183 1227 2426 1297 emtraise
2458 1228 2651 1297 qumrit
2683 1242 2705 1297 :7
2754 1230 2864 1278 tum
2913 1226 3058 1293 quod
3072 1226 3195 1295 jam
3245 1228 3459 1295 pridem
3508 1230 3674 1296 caligo
3712 1236 3843 1297 nigra

2188 1296 2389 1346 erroris
2406 1296 2708 1371 velavit,_i_d
2726 1298 2927 1371 clarius
2954 1301 3081 1371 ipso
3100 1300 3209 1351 sole
3219 1300 3477 1364 fulgebit.
3502 1301 3638 1353 Nam
3662 1296 3841 1371 corpus.

2189 1365 2448 1441 quamvis
2497 1368 2753 1441 machina
2792 1369 3077 1441 oblivionis
3106 1384 3324 1436 parens,
3381 1385 3490 1422 non
3540 1365 3755 1441 fugavit.
3790 1391 3841 1426 at

2191 1437 2373 1509 animo
2391 1452 2606 1509 omnem
2630 1438 2817 1491 lucem.
2853 1439 3003 1494 Certe
3031 1454 3205 1493 semen
3222 1442 3481 1494 veritatis
3513 1437 3655 1496 intus
3678 1451 3841 1509 manet,

2188 1506 2333 1572 quod
2365 1506 2724 1575 diffunditur,
2758 1515 2948 1577 agente
2976 1513 3260 1577 magistro.
3287 1512 3560 1577 Quomodo
3617 1518 3746 1568 enim
3777 1506 3841 1569 in;

451 1666 473 1687 '
503 1663 663 1728 Quod
721 1662 929 1717 dicitur
1000 1663 1311 1717 iambicum.
1388 1663 1631 1749 Carmen
1687 1670 1983 1749 constans.
2012 1598 2533 1749 Exo'lg/Iintelligitur
2562 1677 2752 1730 moliri
2782 1694 3003 1744 verum,
3039 1694 3170 1733 cum
3199 1680 3415 1749 spretis
3447 1679 3565 1734 suis
3592 1679 3842 1749 cogitatio-

382 1750 497 1806 uno
542 1748 753 1806 genere
783 1749 1073 1806 versuum,
1105 1735 1623 1806 quorumquilibet
1639 1752 1734 1788 sex
1758 1737 1931 1806 pedes
1971 1738 2071 1791 ba-

381 1805 496 1869 bet,
521 1820 671 1873 saape
697 1803 1015 1873 imparibus
1037 1804 1174 1856 locis
1197 1803 1777 1876 spondeum,paribus
1794 1807 2071 1863 iambum.

460 1897 502 1946 Ι.
541 1889 853 1967 Quisquis]
883 1892 1270 1967 Philosophus:
1317 1910 1451 1967 nam
1492 1894 1891 1965 philosophus,
1946 1914 2074 1967 spe-

381 1969 530 2018 ctata
559 1964 812 2017 nominis
842 1963 1343 2036 interpretatione,
1372 1965 1418 2016 is
1449 1963 1775 2034 appellatur
1803 1970 1902 2036 qui
1964 1963 2077 2022 tota

380 2040 551 2089 mente
573 2036 804 2101 vestigat
850 2049 1055 2099 verum,
1106 2034 1401 2103 sapientia:
1431 2035 1740 2089 studiosus.
1793 2034 2074 2092 Nimirum

380 2106 572 2175 inquit
598 2106 815 2158 Tullius
846 2121 874 2155 v
925 2106 1113 2167 Tusc.,
1150 2105 1516 2172 Phythagorae
1553 2110 1830 2173 ingenium
1872 2114 1922 2162 et
1969 2112 2075 2164 elo-

382 2174 658 2245 quentiam
681 2191 799 2229 cum
822 2174 1132 2248 admiratus
1160 2182 1293 2248 esset
1320 2177 1749 2246 Leon,quaesivit
1771 2194 1838 2232 eo:
1868 2195 1943 2246 eo,
1965 2197 2077 2248 qua

380 2250 615 2300 maxime
629 2251 745 2300 arte
774 2247 1101 2313 conﬁderet?
1130 2247 1225 2299 Ille
1255 2252 1426 2299 artem
1470 2249 1688 2315 quidem
1715 2264 1769 2302 se
1796 2252 1931 2303 scire
1956 2247 2076 2304 nul-

381 2319 491 2371 tam
510 2317 807 2383 respondit,
841 2318 935 2369 sed
956 2332 1067 2369 esse
1088 2318 1532 2384 philosophum...
1566 2335 1722 2373 raros
1771 2335 1882 2374 esse
1911 2337 2071 2388 quos-

379 2389 647 2452 dam,qni
702 2390 908 2440 cwteris
958 2388 1203 2440 omnibus
1233 2403 1332 2454 pro
1381 2390 1551 2441 nihilo
1608 2392 1831 2455 habitis,
1890 2408 2074 2446 rerum

378 2464 633 2530 naturam
655 2458 892 2530 studiose
920 2461 1281 2530 intuerentur,
1308 2459 1400 2511 hos
1418 2474 1472 2511 se
1489 2462 1766 2528 appellare
1785 2465 2075 2530 sapientia

379 2529 653 2582 studiosos
684 2528 744 2580 id
776 2533 854 2580 est
886 2530 1047 2591 enim,
1066 2529 1433 2594 philosophos.

455 2602 502 2651 l.
560 2598 857 2670 Profunda
903 2596 1122 2668 mente]
1157 2599 1509 2652 Profundum
1556 2600 1764 2653 dicitur
1816 2602 2070 2670 primum

380 2670 611 2739 quidem
634 2669 703 2722 de
733 2684 969 2737 corpore
996 2670 1157 2737 cujus
1184 2684 1355 2736 porro
1387 2670 1596 2723 fundus
1648 2669 2072 2728 dimensionem

381 2740 695 2793 terminat:
742 2740 818 2791 sic
880 2739 1230 2807 profundum
1268 2741 1507 2810 pelagus
1537 2741 1800 2795 dicimus.
1856 2744 2072 2798 Deinde

381 2827 511 2865 vero
533 2818 771 2880 propter
801 2810 1110 2879 quamdam
1133 2810 1571 2865 similitudinem
1602 2814 1670 2865 de
1702 2813 1826 2882 ipsa
1858 2821 2069 2878 mente,

378 2882 539 2952 cujus
588 2882 856 2952 cogitatio
883 2886 1187 2952 penetrans
1227 2887 1309 2935 est
1353 2883 1469 2936 :sic
1502 2884 1802 2938 consilium
1843 2891 2075 2940 vocatur

380 2950 726 3023 profundum
762 2968 793 3002 ει
817 2950 1077 3023 Quintil“
1109 2952 1252 3004 decl.
1294 2955 1349 3007 2.

455 3028 501 3078 l.
536 3026 783 3089 Vestigat
834 3022 1060 3091 verum].
1122 3023 1327 3075 Verum
1384 3024 1498 3077 sive
1571 3025 1775 3078 veritas
1828 3026 2071 3094 duplicis

375 3101 459 3148 est
487 3096 736 3164 generis,
772 3109 978 3161 nempe
1007 3110 1117 3158 res,
1158 3100 1213 3146 et
1246 3094 1464 3147 modus.
1492 3095 1598 3148 Res
1629 3112 1757 3148 vera
1776 3102 1860 3149 est
1890 3104 2065 3161 extra,

378 3168 580 3219 modus
610 3181 773 3217 verus
801 3170 886 3217 est
918 3165 1067 3216 intra
1113 3172 1361 3217 mentem
1397 3181 1408 3217 :
1446 3167 1594 3218 unde
1626 3168 1909 3232 posterius
1961 3169 2070 3221 hoc

376 3252 574 3289 verum
630 3236 745 3287 sive
794 3234 1000 3286 veritas
1051 3234 1279 3287 deliniri
1310 3242 1498 3301 potest
1540 3237 1809 3305 cogitatio
1860 3240 2069 3292 mentis

376 3313 527 3359 recte
576 3305 947 3375 percipientis
1003 3305 1451 3373 autjudicantis.
1488 3307 1689 3375 Agitur
1733 3313 1924 3361 autem
1977 3309 2068 3362 hic

375 3378 444 3430 de
474 3376 581 3428 hoc
629 3374 925 3444 posteriori
957 3390 1114 3440 vero;
1176 3376 1326 3428 unde
1368 3374 1559 3429 statim
1607 3378 1817 3431 dicitur
1852 3396 2000 3433 vers.
2037 3384 2066 3433 6

379 3449 635 3501 Animum
662 3446 723 3497 id
739 3449 851 3498 suis
881 3450 1152 3498 retrusam
1178 3446 1450 3511 possidere
1479 3447 1767 3501 thesauris.

447 3521 497 3571 3.
532 3517 601 3569 In
647 3531 703 3588 se
756 3516 1048 3588 revolvat,
1082 3515 1210 3588 etc]
1270 3516 1443 3569 Suam
1476 3522 1724 3571 mentem
1761 3519 2062 3588 inspiciat:

378 3604 537 3640 mens
567 3587 717 3639 enim
754 3587 1002 3637 humana
1038 3585 1093 3637 in
1144 3587 1230 3638 liis
1262 3603 1389 3653 qua)
1422 3589 1667 3640 naturali
1705 3585 1923 3642 lumine
1968 3608 2060 3643 co-

376 3657 703 3727 gnoscenda
724 3662 877 3727 sunt,
904 3656 1553 3727 unllumrpotestbabere
1570 3658 1853 3725 judicium
1871 3677 2062 3714 verum

374 3726 709 3797 Certumque
741 3726 919 3795 (quod
945 3743 1095 3779 nunc
1113 3726 1321 3780 dicitur
1350 3744 1546 3801 verum
1571 3731 2062 3801 investigandum)

378 3800 482 3852 nisi
530 3804 824 3868 praeeunte
882 3803 956 3870 et;
990 3804 1221 3870 regente
1283 3798 1567 3852 evidentia
1608 3816 1738 3870 qua:
1788 3798 1932 3855 nihil
1980 3798 2067 3856 est

374 3867 742 3940 aliud’quam
795 3867 1245 3940 cognitiorclara
1301 3876 1356 3921 et
1408 3867 1712 3924 distincta:
1774 3873 2062 3926 evidentia

373 3946 565 3993 autem
593 3939 720 3993 haec
753 3954 866 3991 non
898 3943 1028 3992 ante
1068 3939 1274 4010 haberi
1300 3946 1506 4009 potest,
1539 3957 1711 4010 quam
1753 3957 1913 3995 mens
1960 3943 2063 3997 sei-

374 4027 531 4084 psam
563 4010 893 4084 cognoverit
925 4025 938 4062 :
966 4010 1114 4063 unde
1145 4009 1305 4075 illud,
1339 4026 1508 4065 nosce
1540 4009 1808 4081 teipsum,
1843 4016 1912 4068 de
1949 4030 2062 4084 quo

365 4081 487 4151 jam
522 4081 696 4134 locuti
720 4096 936 4133 sumus.

443 4155 496 4206 4.
529 4152 844 4223 Longosque
881 4154 939 4223 in
969 4151 1168 4218 orbem,
1221 4151 1352 4220 etc.]
1386 4152 1598 4206 Habeat
1656 4152 2059 4223 cogitationem

372 4222 751 4291 cogitationis,
795 4222 1087 4291 ipsiusque
1127 4223 1384 4275 secunda-
1415 4222 1774 4291 cogitationis
1830 4226 2054 4279 tertiam

371 4295 807 4365 cogitationem,
833 4299 888 4344 et
915 4293 993 4343 sic
1052 4291 1341 4365 deinceps,
1382 4293 1462 4345 ita
1500 4300 1561 4345 ut
1589 4294 1687 4347 tiat
1716 4294 1887 4348 veluti
1946 4297 2054 4349 cir-

372 4362 559 4418 cuitus
582 4363 995 4433 cogitationum
1028 4381 1043 4414 :
1080 4362 1182 4413 hac
1237 4364 1390 4415 enim
1413 4365 1596 4416 solum
1622 4365 1842 4417 ratione
1867 4367 2059 4432 praeci-

371 4436 573 4505 pitatio
613 4431 1104 4505 etprzrjudicinm,
1141 4433 1252 4485 duo
1284 4433 1537 4487 veritatis
1567 4431 1926 4491 invenienda:
1948 4438 2056 4490 im-

370 4507 719 4575 pedimenta,
754 4504 919 4556 vitari
943 4509 1203 4575 possunt.

444 4580 492 4631 5.
527 4579 893 4642 Animumque
923 4573 1153 4647 doceat.]
1208 4574 1479 4647 Animum
1536 4575 1737 4628 docere
1825 4578 2057 4647 proprie

371 4648 552 4700 solius
574 4647 671 4699 Dei
706 4652 808 4711 est,
832 4661 865 4696 a
894 4661 1007 4713 quo
1040 4645 1266 4718 animus
1288 4644 1552 4718 conditus
1573 4644 2055 4718 conservatus'que

372 4718 627 4786 primum
661 4716 1051 4768 informatur:
1102 4716 1391 4786 frequenti
1433 4722 1627 4769 tamen
1681 4716 2055 4771 meditatione

372 4785 534 4841 mens
576 4788 831 4859 humana
862 4802 992 4859 suas
1041 4785 1730 4859 cogitationes‘attentius
1776 4789 2053 4859 cogitans,

371 4860 560 4927 ipsum
592 4857 762 4909 etiam
788 4856 1045 4909 animum
1077 4874 1143 4908 eo
1168 4861 1403 4924 putatur
1416 4856 1644 4924 docere,
1666 4856 2053 4926 quod,'mente

370 4930 545 4982 veluti
579 4928 757 4981 Deum
775 4928 1181 4998 interrogante,
1211 4927 1438 4996 Deoque
1459 4927 1641 4981 eidem
1661 4929 2051 4998 respondente,

371 4999 632 5054 naturale
660 4998 851 5051 lumen
885 4998 965 5050 sic
980 4997 1354 5061 diffundatur,
1390 5004 1452 5050 ut
1481 4999 1631 5067 quod
1664 4997 1794 5052 ante
1819 5000 2051 5065 latebat,

368 5073 423 5125 id
458 5071 651 5140 fugata
694 5068 936 5138 caligine
968 5069 1472 5121 animadvertatur.
1525 5070 1674 5122 Inter
1703 5071 1814 5122 alia
1861 5076 2051 5124 autem

372 5158 533 5195 mens
565 5149 779 5205 nostra,
811 5146 1030 5192 attenta
1076 5140 1179 5192 hac
1224 5155 1455 5192 suarum
1488 5140 1902 5208 cogitationum
1936 5159 2051 5194 me-

368 5214 660 5277 ditatione,
709 5212 962 5275 docetur,
1025 5226 1081 5261 se
1134 5210 1191 5261 in
1249 5226 1308 5261 se
1361 5209 1647 5278 possidere
1696 5213 2050 5277 thesaurum,

370 5302 541 5354 quem
574 5289 731 5336 extra
762 5298 821 5354 se
858 5281 1117 5354 invenire
1142 5279 1395 5354 tentabat
1427 5295 1439 5332 :
1483 5281 1634 5354 unde
1667 5281 1895 5335 additur

439 5359 468 5407 5
501 5361 551 5408 et
582 5359 632 5408 6.
664 5352 945 5421 Quidquid
973 5355 1132 5402 extra
1162 5352 1406 5421 molitur
1425 5353 1537 5403 suis
1568 5357 1836 5406 retrusam
1871 5356 2050 5419 possi-

367 5426 491 5477 dere
545 5419 869 5492 thesaurisi]
896 5422 1089 5475 Molior
1117 5419 1325 5472 dicitur
1351 5436 1382 5471 a
1439 5423 1572 5473 mole
1606 5438 1616 5474 :
1648 5424 1805 5476 moles
1835 5423 1981 5477 forte
2020 5442 2052 5477 a

370 5493 646 5565 μοκλένειν,
674 5494 912 5565 vectibus
942 5492 1254 5565 submovere
1284 5506 1295 5542 :
1321 5506 1497 5558 quare
1517 5492 1801 5565 quidquid
1841 5494 2051 5565 majori

369 5560 485 5617 sive
515 5564 768 5633 corporis
800 5562 916 5633 sive
960 5562 1167 5614 mentis
1196 5560 1413 5633 -virtute
1438 5560 1700 5633 agimus;
1727 5564 1871 5618 illud
1911 5560 2049 5617 diei-

369 5651 502 5687 mur
530 5630 713 5687 moliri
744 5650 761 5686 :
802 5632 879 5685 sic
910 5646 1143 5700 corpore
1192 5630 1319 5692 iter,
1346 5636 1531 5684 mente
1563 5631 1837 5700 insidias;
1887 5640 2045 5688 utro-

368 5723 479 5777 que
506 5720 695 5759 arcem
726 5704 969 5757 dicimur
1001 5703 1200 5756 moliri.
1244 5700 1398 5754 Mens
1441 5716 1578 5772 ergo
1614 5709 1772 5757 extra
1819 5720 1879 5759 se
1923 5709 2046 5760 tum

2189 1745 2721 1819 nibus,'subjectam
2762 1749 2898 1819 ipsis
2928 1745 3371 1819 cogitationibus
3400 1745 3691 1804 materiam
3733 1768 3842 1805 con-

2188 1817 2400 1871 siderat
2430 1819 2702 1872 attentius
2735 1836 2747 1873 :
2783 1817 2934 1889 quod
2962 1817 3191 1889 quidem
3222 1822 3430 1875 vitium
3467 1838 3579 1875 non
3606 1828 3714 1875 est:
3740 1840 3841 1877 cum

2186 1894 2382 1961 nostra
2414 1889 2702 1961 cogitatio,
2735 1897 2801 1943 ut
2822 1896 2952 1960 pote
2977 1907 3105 1961 qua:
3135 1908 3253 1945 non
3286 1904 3376 1946 est
3405 1893 3594 1957 nihili,
3624 1910 3656 1947 a
3705 1894 3841 1947 rebus

2187 1959 2563 2013 exterioribus
2605 1959 2871 2029 pendeat,
2912 1959 3067 2014 velut
3099 1963 3389 2017 eﬂ'ectusa
3415 1980 3603 2029 causa,
3644 1981 3736 2017 nec
3776 1965 3840 2018 vi-

2187 2031 2398 2103 tiosum
2426 2032 2518 2103 sit,
2553 2032 2936 2101 cognoscendi
2971 2032 3155 2086 effecti
3186 2034 3396 2103 gratia,
3430 2050 3654 2088 causam
3693 2037 3843 2089 consi-

2186 2099 2404 2174 derare.
2440 2099 2645 2174 Verum
2666 2118 2810 2174 cum
2840 2105 3005 2170 plura
3031 2120 3152 2157 esse
3166 2099 3391 2173 p'ossint
3418 2106 3477 2158 in
3496 2122 3681 2170 causa,
3700 2123 3842 2174 quam

2186 2169 2244 2223 in
2276 2171 2495 2237 effecto,
2556 2172 2699 2226 nihil
2754 2169 2890 2226 vero
2952 2174 3010 2227 in
3072 2169 3295 2242 effecto,
3345 2176 3503 2245 quod
3558 2192 3670 2229 non
3712 2169 3841 2229 sitin

2185 2257 2371 2303 causa,
2408 2248 2712 2312 propterea
2749 2260 2915 2297 mens
2960 2246 3235 2312 humana,
3284 2246 3632 2301 inveniendo
3676 2249 3842 2301 verita-

2185 2317 2321 2387 tem,
2356 2315 2559 2366 melius
2589 2330 2719 2387 suas
2750 2316 3139 2387 cogitationes,
3171 2333 3345 2386 quam
3382 2318 3691 2387 subjectam
3719 2320 3841 2381 cogi-

2184 2384 2465 2459 tationum
2499 2385 3074 2459 materiamprimum
3102 2384 3627 2456 contemplabitur:
3683 2389 3841 2459 sicque

2183 2453 2243 2505 in
2276 2470 2353 2528 se,
2381 2455 2497 2507 sive
2528 2456 2646 2508 suis
2682 2456 2743 2509 in
2774 2453 3057 2510 thesauris
3086 2453 3419 2527 cognoscet,
3471 2476 3530 2513 se
3560 2453 3835 2528 possidere,

2185 2524 2342 2594 quod
2369 2532 2527 2579 extra
2558 2541 2616 2579 se
2648 2529 2897 2595 reperire
2927 2524 3186 2581 tentabat
3214 2546 3225 2582 :
3258 2530 3338 2582 sic
3370 2524 3626 2583 inveniet
3649 2532 3840 2584 eviden-

2182 2598 2321 2671 tiam
2362 2597 2477 2650 sive
2524 2598 2734 2671 claram
2796 2599 3237 2669 distinctumque
3288 2603 3711 2671 cogitationem,
3754 2618 3841 2671 qua

2184 2666 2415 2741 inventa
2444 2684 2560 2721 non
2590 2668 2773 2741 solum
2796 2676 2977 2723 atram
3006 2666 3222 2735 nubem,
3246 2666 3838 2741 hoc'estignorantia'm,

2183 2737 2390 2812 erroris
2419 2754 2669 2812 causam,
2729 2740 2972 2811 fugabit,
3016 2741 3114 2795 sed
3170 2743 3365 2812 ipsum
3414 2737 3587 2797 etiam
3626 2758 3839 2796 errorem

2182 2807 2401 2861 vitabit.
2446 2810 2749 2863 Nimirum.

2255 2878 2308 2933 9.
2339 2881 2458 2935 Non
2506 2895 2657 2953 omne
2688 2886 2860 2935 mente
2906 2881 3116 2949 depulit
3157 2885 3338 2937 lumen
3402 2886 3639 2953 corpus]
3693 2886 3838 2939 Homo

2110 2971 2150 3025 ρ
2183 2965 2299 3025 non
2326 2956 2412 3025 est
2459 2951 2590 3025 sola-
2626 2967 2809 3015 mens,
2845 2968 3030 3025 neque
3078 2955 3260 3007 solum
3293 2951 3535 3024 corpus;
3590 2951 3678 3008 sed
3707 2971 3837 3008 com-

2180 3020 2385 3094 positio
2418 3021 2624 3075 mentis
2646 3028 2703 3076 et
2726 3020 2980 3093 corporis
3007 3024 3066 3076 in
3106 3041 3225 3078 sese
3260 3020 3508 3078 invicem
3539 3026 3797 3094 agentium
3824 3065 3833 3076 .

2181 3090 2314 3144 hinc
2350 3108 2570 3164 corpus
2607 3108 2710 3146 sua
2750 3090 3105 3147 in'mentem
3135 3095 3363 3148 actione
3395 3090 3651 3149 innatum
3693 3094 3835 3164 ipsius

2182 3162 2392 3235 ruentis
2454 3163 2650 3235 lumen
2691 3180 2805 3217 non
2846 3166 3155 3233 exstinguit
3185 3166 3424 3235 quidem
3468 3168 3563 3220 sed
3612 3162 3830 3219 offundit.

2181 3232 2303 3286 Non
2334 3234 2662 3307 exstinguit,
2688 3235 2925 3304 inquam
2959 3252 2970 3287 :
2999 3232 3061 3289 ut
3090 3232 3245 3290 enim
3261 3238 3433 3304 Deus,
3452 3239 3619 3307 hujus
3640 3238 3831 3290 luminis

2182 3304 2459 3357 naturalis
2489 3310 2705 3367 auctor,
2742 3307 3234 3360 constantissimus
3290 3316 3396 3370 est,
3449 3304 3544 3361 sic'
3570 3310 3744 3362 lumen
3779 3308 3829 3359 il-

2179 3374 2272 3427 lud
2303 3376 2522 3441 tandiu,
2571 3376 2825 3446 quandiu
2870 3392 3031 3429 mens
3073 3378 3323 3443 durabit,
3375 3380 3705 3432 duraturum
3736 3395 3831 3445 per-

2179 3454 2415 3518 petuum
2458 3451 2559 3518 est.
2597 3451 2680 3518 At
2705 3447 2951 3501 offundit
2971 3465 2988 3501 :
3037 3450 3241 3517 Corpus
3263 3453 3407 3503 enim
3440 3452 3593 3518 quod
3620 3466 3828 3503 corrum—

2172 3517 2329 3583 pitur
2357 3516 2659 3583 Sapientia:
2684 3534 2757 3581 1x,
2790 3525 3060 3583 aggravet
3085 3516 3350 3580 animum,
3384 3516 3674 3574 et'terrena
3697 3522 3827 3572 inha-

2175 3586 2384 3661 ὀίεαιὶολ
2398 3587 2639 3661 deprimi
2659 3604 2873 3642 sensum
2898 3591 3069 3644 multa
3098 3595 3461 3659 cogitantem:
3507 3592 3636 3646 hinc
3663 3606 3829 3661 corpus

2176 3672 2327 3709 nunc
2355 3658 2579 3711 dicitur.

2250 3730 2332 3779 10.
2367 3729 2702 3805 Obliviosam
2742 3731 2991 3805 invehens
3034 3730 3265 3805 molem]
3315 3734 3495 3801 Cujus
3536 3732 3827 3805 propositio-

2176 3796 2263 3851 nis
2295 3799 2643 3867 explicandee
2674 3801 2882 3869 duplex
2929 3807 3015 3855 est
3055 3796 3296 3856 modus':
3350 3796 3499 3857 alter
3536 3796 3827 3858 'Pla'tonicus

2176 3874 2231 3941 et
2262 3868 2434 3921 falsus
2467 3887 2479 3923 :
2514 3872 2657 3923 alter
2688 3868 3113 3941 philosophicas
3145 3881 3200 3927 et
3229 3890 3419 3928 verus.
3452 3872 3827 3941 Platoniciqui-

2173 3939 2303 3992 dem
2343 3940 2763 4009 existimarunt,
2804 3939 3003 3996 omnes
3048 3944 3354 3998 hominum
3421 3952 3653 4007 mentes,
3707 3939 3827 3997 ante-

2174 4026 2343 4086 quam
2376 4011 2461 4063 bes
2507 4027 2636 4086 cum
2688 4014 3025 4086 corporibus
3058 4017 3571 4086 conjungerentur,
3608 4016 3826 4086 conditas

2173 4081 2365 4146 fuisse,
2401 4083 2674 4155 omnique
2705 4083 3097 4137 doctrinarum
3128 4081 3338 4155 genere
3373 4081 3670 4140 instructas
3700 4102 3712 4139 :
3750 4083 3824 4136 sed

2174 4158 2407 4226 propter
2431 4154 2666 4222 aliquod
2717 4170 2884 4226 suum
2926 4154 3153 4209 crimen
3201 4157 3262 4210 in
3287 4174 3528 4226 corpora
3577 4156 3823 4211 immissas

2173 4222 2386 4275 infelici
2437 4224 2782 4277 commercio
2827 4226 3043 4290 omnia,
3085 4227 3264 4280 veluti
3318 4222 3525 4281 hausto
3569 4227 3824 4280 oblivionis

2174 4294 2398 4361 poculo,
2449 4294 2888 4368 oblitasfuisse,
2940 4296 3019 4349 ita
3076 4304 3139 4349 ut
3178 4304 3236 4349 et
3291 4315 3502 4368 corpus
3559 4298 3823 4368 oblivionis

2169 4380 2356 4431 causa,
2392 4369 2448 4417 et
2477 4380 2638 4437 mens
2667 4364 2787 4434 ipsa
2820 4366 3087 4437 deinceps
3108 4364 3411 4421 addiscens
3445 4370 3719 4422 reminisci
3745 4367 3817 4418 di-

2168 4440 2328 4487 catur
2363 4452 2374 4488 :
2399 4435 2495 4489 sed
2516 4436 2797 4489 sententia
2830 4438 2950 4490 haec
2997 4435 3138 4491 falsa
3158 4446 3245 4491 est
3273 4456 3405 4493 cum
3432 4457 3591 4493 mens
3611 4441 3823 4492 humana

2170 4522 2286 4578 non
2318 4505 2716 4578 priuscreata,
2750 4523 2923 4576 quam
2954 4508 3134 4577 ipsius
3174 4512 3431 4578 corporis
3464 4512 3642 4563 forma
3659 4508 3819 4562 fuerit.

2172 4576 2503 4646 Philosophi
2533 4593 2683 4643 vero,
2717 4579 2917 4650 saltem
2939 4576 2991 4631 ii
3008 4581 3107 4649 qui
3137 4576 3490 4650 praej‘udiciis
3518 4597 3628 4635 non
3648 4582 3824 4634 ducun-

2166 4653 2279 4711 tur,
2329 4653 2553 4716 putant,
2612 4654 2862 4701 mentem
2904 4649 3215 4703 humanam
3261 4654 3415 4704 inter
3445 4654 3640 4714 Deum,
3686 4650 3823 4716 cujus

2166 4716 2287 4785 ipsa
2308 4724 2394 4789 est
2416 4718 2666 4789 effectus.
2727 4724 2785 4772 et
2813 4736 3041 4789 corpus,
3105 4723 3267 4789 cujus
3297 4724 3498 4776 eadem
3540 4730 3622 4775 est
3649 4721 3820 4780 forma,

2168 4788 2412 4863 mediam
2442 4788 2877 4863 allec-quidem
2909 4788 3099 4863 statim
3129 4788 3197 4845 ab
3222 4801 3350 4845 ortu
3394 4794 3624 4863 optimis
3665 4790 3818 4863 infer:

2168 4859 2308 4911 mari
2328 4859 2753 4932 cognitionibus
2784 4862 3193 4932 atfectibusque
3224 4864 3292 4916 de
3306 4859 3535 4916 sum-mo
3568 4859 3819 4923 bono,sed

2165 4945 2194 4980 a
2225 4944 2461 4998 corpore
2492 4931 2743 4983 adversis
2773 4931 3213 5000 cogitationibus
3241 4933 3324 4985 ita
3348 4935 3588 4999 turbari,
3648 4934 3725 4986 his
3770 4937 3819 4982 ut

2163 5000 2259 5077 ille
2282 5002 2699 5077 aut_pellantur
2730 5010 2829 5054 aut
2858 5004 3058 5055 saltem
3081 5005 3459 5077 obscurentur
3491 5013 3726 5077 :tamen.
3768 5071 3795 5077 η

2238 5075 2320 5125 ll.
2355 5073 2532 5125 Haeret
2562 5088 2734 5146 semen
2763 5077 3060 5146 introrsum
3088 5073 3243 5146 veri]
3294 5076 3518 5139 Semen,
3568 5076 3700 5128 illud
3748 5072 3817 5146 di-

2163 5141 2310 5194 citur
2335 5158 2402 5195 ex
2432 5158 2546 5221 quo
2575 5143 2745 5221 insito
2778 5144 2993 5212 aliquid
3012 5145 3104 5199 tit:
3140 5141 3315 5215 quare
3363 5163 3559 5221 semen
3591 5146 3714 5207 veri,
3735 5144 3813 5221 in:

2162 5219 2410 5265 trorsum
2441 5211 2555 5266 sive
2598 5214 2750 5267 intra
2779 5211 3033 5268 nostram
3092 5211 3341 5270 mentem
3391 5217 3652 5279 existens,
3697 5211 3813 5265 nihil

2162 5284 2437 5357 estaliud
2492 5300 2662 5357 quam
2715 5285 3005 5357 cogitatio,
3050 5303 3116 5339 ex
3162 5303 3274 5357 qua
3329 5287 3499 5340 insita
3537 5288 3597 5340 tit
3647 5297 3812 5357 verum

2156 5354 2439 5433 judicium
2474 5370 2487 5407 :
2523 5354 2792 5423 cogitatio
2835 5354 3281 5433 anatemdlla—est
3311 5359 3497 5433 notio;
3561 5355 3811 5433 siquidem

2152 5424 2436 5494 judicium
2469 5440 2666 5502 verum
2699 5441 2814 5502 non
2847 5425 2911 5479 ﬁt
2944 5426 3053 5502 nisi
3076 5444 3142 5480 ex
3182 5430 3570 5502 precantibus
3608 5424 3814 5502 notioni-

2160 5499 2265 5571 bus
2290 5512 2303 5549 :
2328 5495 2704 5565 quamobrem
2747 5496 2943 5571 sinon
2977 5495 3240 5551 obstante
3307 5501 3523 5568 impetu
3562 5495 3807 5571 corporis.

2163 5567 2221 5639 in
2252 5572 2444 5619 mente
2492 5571 2686 5619 nostra
2726 5567 2973 5635 supersit
3013 5585 3240 5638 semper
3278 5567 3469 5639 aliqua
3516 5568 3663 5622 no‘tio
3714 5568 3810 5639 sive

2160 5636 2308 5711 idea,
2340 5639 2752 5704 haeretprofecto
2781 5634 2955 5691 semen
2973 5634 3273 5694 introrsum
3298 5634 3413 5693 veri
3436 5658 3451 5695 :
3486 5646 3539 5691 at
3561 5634 3807 5711 ejusmodi

2162 5708 2319 5761 notio
2350 5723 2577 5777 semper
2605 5714 2884 5779 superest,
2909 5725 2975 5763 ea
3012 5712 3213 5765 saltem
3261 5728 3428 5782 quam
3453 5716 3523 5764 ab
3552 5716 3674 5763 ortu
3700 5707 3811 5760 divi-
