  <div class='ocr_page' id='page_1' title='image "/cluster/home/n/w/nwhite01/storage/ocr_20150623/63/hvd.32044073498800/394.png"; bbox 0 0 3982 6182; ppageno 0'>
   <div class='ocr_carea' id='block_1_1' title="bbox 107 297 196 348">
    <p class='ocr_par' dir='ltr' id='par_1_1' title="bbox 107 297 196 348">
     <span class='ocr_line' id='line_1_1' title="bbox 107 297 196 348; baseline -0.045 0"><span class='ocrx_word' id='word_1_1' title='bbox 107 297 196 348; x_wconf 78' lang='grc'>777</span> 
     </span>
    </p>
   </div>
   <div class='ocr_carea' id='block_1_2' title="bbox 1066 285 2550 344">
    <p class='ocr_par' dir='ltr' id='par_1_2' title="bbox 1066 285 2550 344">
     <span class='ocr_line' id='line_1_2' title="bbox 1066 285 2550 344; baseline 0 -4"><span class='ocrx_word' id='word_1_2' title='bbox 1066 287 1156 340; x_wconf 87' lang='lat' dir='ltr'><strong>DE</strong></span> <span class='ocrx_word' id='word_1_3' title='bbox 1195 285 1727 343; x_wconf 83' lang='lat' dir='ltr'>CONSOLATIONE</span> <span class='ocrx_word' id='word_1_4' title='bbox 1768 286 2248 344; x_wconf 77' lang='lat' dir='ltr'>PHILOSOPHUE</span> <span class='ocrx_word' id='word_1_5' title='bbox 2284 288 2412 342; x_wconf 88' lang='lat' dir='ltr'>LIB.</span> <span class='ocrx_word' id='word_1_6' title='bbox 2455 287 2550 340; x_wconf 92' lang='lat' dir='ltr'><strong>IlI.</strong></span> 
     </span>
    </p>
   </div>
   <div class='ocr_carea' id='block_1_3' title="bbox 223 421 1322 490">
    <p class='ocr_par' dir='ltr' id='par_1_3' title="bbox 223 421 1322 490">
     <span class='ocr_line' id='line_1_3' title="bbox 223 421 1322 490; baseline -0.003 -11"><span class='ocrx_word' id='word_1_7' title='bbox 223 424 374 490; x_wconf 85' lang='lat' dir='ltr'>Quod</span> <span class='ocrx_word' id='word_1_8' title='bbox 404 422 676 478; x_wconf 83' lang='lat' dir='ltr'>excitatur</span> <span class='ocrx_word' id='word_1_9' title='bbox 704 421 1015 476; x_wconf 88' lang='lat' dir='ltr'>ventilante</span> <span class='ocrx_word' id='word_1_10' title='bbox 1044 423 1322 490; x_wconf 83' lang='lat' dir='ltr'>doctrina,</span> 
     </span>
    </p>
   </div>
   <div class='ocr_carea' id='block_1_4' title="bbox 186 512 1416 582">
    <p class='ocr_par' dir='ltr' id='par_1_4' title="bbox 186 512 1416 582">
     <span class='ocr_line' id='line_1_4' title="bbox 186 512 1416 582; baseline -0.004 -12"><span class='ocrx_word' id='word_1_11' title='bbox 186 515 355 570; x_wconf 63' lang='lat' dir='ltr'>sNam</span> <span class='ocrx_word' id='word_1_12' title='bbox 384 529 481 567; x_wconf 89' lang='lat' dir='ltr'>cur</span> <span class='ocrx_word' id='word_1_13' title='bbox 510 512 697 582; x_wconf 86' lang='lat' dir='ltr'>rogati</span> <span class='ocrx_word' id='word_1_14' title='bbox 728 516 933 580; x_wconf 82' lang='lat' dir='ltr'>sponte</span> <span class='ocrx_word' id='word_1_15' title='bbox 968 517 1124 566; x_wconf 90' lang='lat' dir='ltr'>recta</span> <span class='ocrx_word' id='word_1_16' title='bbox 1149 512 1416 578; x_wconf 81' lang='lat' dir='ltr'>censetis,</span> 
     </span>
    </p>
   </div>
   <div class='ocr_carea' id='block_1_5' title="bbox 227 599 1380 658">
    <p class='ocr_par' dir='ltr' id='par_1_5' title="bbox 227 599 1380 658">
     <span class='ocr_line' id='line_1_5' title="bbox 227 599 1380 658; baseline -0.002 -1"><span class='ocrx_word' id='word_1_17' title='bbox 227 605 289 658; x_wconf 82' lang='lat' dir='ltr'>Ni</span> <span class='ocrx_word' id='word_1_18' title='bbox 314 619 527 656; x_wconf 88' lang='lat' dir='ltr'>mersus</span> <span class='ocrx_word' id='word_1_19' title='bbox 553 603 670 656; x_wconf 91' lang='lat' dir='ltr'>alto</span> <span class='ocrx_word' id='word_1_20' title='bbox 702 602 917 655; x_wconf 84' lang='lat' dir='ltr'>viveret</span> <span class='ocrx_word' id='word_1_21' title='bbox 945 599 1128 654; x_wconf 85' lang='lat' dir='ltr'>fomes</span> <span class='ocrx_word' id='word_1_22' title='bbox 1164 601 1331 656; x_wconf 90' lang='lat' dir='ltr'>corde</span> <span class='ocrx_word' id='word_1_23' title='bbox 1351 602 1380 655; x_wconf 84' lang='lat'><strong>?</strong></span> 
     </span>
    </p>
   </div>
   <div class='ocr_carea' id='block_1_6' title="bbox 112 691 1622 760">
    <p class='ocr_par' dir='ltr' id='par_1_6' title="bbox 112 691 1622 760">
     <span class='ocr_line' id='line_1_6' title="bbox 112 691 1622 760; baseline -0.003 -11"><span class='ocrx_word' id='word_1_24' title='bbox 112 699 160 750; x_wconf 81' lang='lat' dir='ltr'>l5</span> <span class='ocrx_word' id='word_1_25' title='bbox 228 697 368 748; x_wconf 66' lang='lat'>244</span> <span class='ocrx_word' id='word_1_26' title='bbox 391 692 544 756; x_wconf 85' lang='lat' dir='ltr'>Quod</span> <span class='ocrx_word' id='word_1_27' title='bbox 583 691 628 744; x_wconf 92' lang='lat' dir='ltr'>si</span> <span class='ocrx_word' id='word_1_28' title='bbox 664 691 914 745; x_wconf 82' lang='lat' dir='ltr'>Platonis</span> <span class='ocrx_word' id='word_1_29' title='bbox 943 691 1096 744; x_wconf 82' lang='lat' dir='ltr'>Musa</span> <span class='ocrx_word' id='word_1_30' title='bbox 1125 695 1398 760; x_wconf 85' lang='lat' dir='ltr'>personat</span> <span class='ocrx_word' id='word_1_31' title='bbox 1423 706 1622 745; x_wconf 88' lang='lat' dir='ltr'>verum</span> 
     </span>
    </p>
   </div>
   <div class='ocr_carea' id='block_1_7' title="bbox 224 780 1584 852">
    <p class='ocr_par' dir='ltr' id='par_1_7' title="bbox 224 780 1584 852">
     <span class='ocr_line' id='line_1_7' title="bbox 224 780 1584 852; baseline -0.002 -15"><span class='ocrx_word' id='word_1_32' title='bbox 224 782 378 846; x_wconf 87' lang='lat' dir='ltr'>Quod</span> <span class='ocrx_word' id='word_1_33' title='bbox 411 781 648 852; x_wconf 88' lang='lat' dir='ltr'>quisque</span> <span class='ocrx_word' id='word_1_34' title='bbox 683 780 865 848; x_wconf 85' lang='lat' dir='ltr'>discit,</span> <span class='ocrx_word' id='word_1_35' title='bbox 899 780 1204 834; x_wconf 91' lang='lat' dir='ltr'>immemor</span> <span class='ocrx_word' id='word_1_36' title='bbox 1234 781 1584 835; x_wconf 81' lang='lat' dir='ltr'>recordatur.</span> 
     </span>
    </p>
   </div>
   <div class='ocr_carea' id='block_1_8' title="bbox 644 914 1198 972">
    <p class='ocr_par' dir='ltr' id='par_1_8' title="bbox 644 914 1198 972">
     <span class='ocr_line' id='line_1_8' title="bbox 644 914 1198 972; baseline -0.005 -1"><span class='ocrx_word' id='word_1_37' title='bbox 644 920 794 971; x_wconf 71' lang='grc'>245</span> <span class='ocrx_word' id='word_1_38' title='bbox 824 914 1053 972; x_wconf 86' lang='lat' dir='ltr'><strong>PROSA</strong></span> <span class='ocrx_word' id='word_1_39' title='bbox 1084 915 1198 969; x_wconf 80' lang='lat' dir='ltr'><strong>XII.</strong></span> 
     </span>
    </p>
   </div>
   <div class='ocr_carea' id='block_1_9' title="bbox 111 1029 1768 1099">
    <p class='ocr_par' dir='ltr' id='par_1_9' title="bbox 111 1029 1768 1099">
     <span class='ocr_line' id='line_1_9' title="bbox 111 1029 1768 1099; baseline -0.002 -11"><span class='ocrx_word' id='word_1_40' title='bbox 111 1037 471 1089; x_wconf 68' lang='lat' dir='ltr'>Auernnxren.</span> <span class='ocrx_word' id='word_1_41' title='bbox 500 1057 573 1070; x_wconf 96' lang='lat'><strong>—</strong></span> <span class='ocrx_word' id='word_1_42' title='bbox 612 1029 970 1099; x_wconf 80' lang='lat' dir='ltr'>Philosophia</span> <span class='ocrx_word' id='word_1_43' title='bbox 1017 1031 1347 1098; x_wconf 67' lang='lat' dir='ltr'>prznotione</span> <span class='ocrx_word' id='word_1_44' title='bbox 1376 1031 1547 1083; x_wconf 82' lang='lat' dir='ltr'>Boetii</span> <span class='ocrx_word' id='word_1_45' title='bbox 1591 1035 1768 1095; x_wconf 86' lang='lat' dir='ltr'>utens,</span> 
     </span>
    </p>
   </div>
   <div class='ocr_carea' id='block_1_10' title="bbox 167 1101 1773 1166">
    <p class='ocr_par' dir='ltr' id='par_1_10' title="bbox 167 1101 1773 1166">
     <span class='ocr_line' id='line_1_10' title="bbox 167 1101 1773 1166; baseline -0.003 -6"><span class='ocrx_word' id='word_1_46' title='bbox 167 1107 388 1160; x_wconf 80' lang='lat' dir='ltr'>Boetium</span> <span class='ocrx_word' id='word_1_47' title='bbox 418 1101 587 1154; x_wconf 79' lang='lat' dir='ltr'>veluti</span> <span class='ocrx_word' id='word_1_48' title='bbox 623 1117 904 1156; x_wconf 83' lang='lat' dir='ltr'>memorem</span> <span class='ocrx_word' id='word_1_49' title='bbox 934 1102 1105 1166; x_wconf 82' lang='lat' dir='ltr'>dacct,</span> <span class='ocrx_word' id='word_1_50' title='bbox 1145 1105 1313 1155; x_wconf 86' lang='lat' dir='ltr'>Deum</span> <span class='ocrx_word' id='word_1_51' title='bbox 1351 1107 1502 1156; x_wconf 86' lang='lat' dir='ltr'>tanta</span> <span class='ocrx_word' id='word_1_52' title='bbox 1536 1101 1773 1155; x_wconf 85' lang='lat' dir='ltr'>bonitate</span> 
     </span>
    </p>
   </div>
   <div class='ocr_carea' id='block_1_11' title="bbox 167 1173 1767 1244">
    <p class='ocr_par' dir='ltr' id='par_1_11' title="bbox 167 1173 1767 1244">
     <span class='ocr_line' id='line_1_11' title="bbox 167 1173 1767 1244; baseline -0.003 -14"><span class='ocrx_word' id='word_1_53' title='bbox 167 1184 207 1230; x_wconf 84' lang='lat' dir='ltr'>et</span> <span class='ocrx_word' id='word_1_54' title='bbox 233 1178 465 1244; x_wconf 83' lang='lat' dir='ltr'>potentia</span> <span class='ocrx_word' id='word_1_55' title='bbox 510 1173 772 1226; x_wconf 79' lang='lat' dir='ltr'>mundum</span> <span class='ocrx_word' id='word_1_56' title='bbox 816 1189 1019 1240; x_wconf 78' lang='lat' dir='ltr'>regere,</span> <span class='ocrx_word' id='word_1_57' title='bbox 1056 1179 1118 1228; x_wconf 80' lang='lat' dir='ltr'>ut</span> <span class='ocrx_word' id='word_1_58' title='bbox 1153 1175 1354 1237; x_wconf 81' lang='lat' dir='ltr'>omnia,</span> <span class='ocrx_word' id='word_1_59' title='bbox 1393 1173 1606 1241; x_wconf 85' lang='lat' dir='ltr'>dempto</span> <span class='ocrx_word' id='word_1_60' title='bbox 1643 1189 1767 1240; x_wconf 82' lang='lat' dir='ltr'>pec-</span> 
     </span>
    </p>
   </div>
   <div class='ocr_carea' id='block_1_12' title="bbox 166 1244 1770 1315">
    <p class='ocr_par' dir='ltr' id='par_1_12' title="bbox 166 1244 1770 1315">
     <span class='ocr_line' id='line_1_12' title="bbox 166 1244 1770 1315; baseline -0.002 -15"><span class='ocrx_word' id='word_1_61' title='bbox 166 1253 285 1310; x_wconf 85' lang='lat' dir='ltr'>cato,</span> <span class='ocrx_word' id='word_1_62' title='bbox 310 1245 454 1315; x_wconf 84' lang='lat' dir='ltr'>quod</span> <span class='ocrx_word' id='word_1_63' title='bbox 478 1246 619 1297; x_wconf 82' lang='lat' dir='ltr'>nihil</span> <span class='ocrx_word' id='word_1_64' title='bbox 639 1250 737 1310; x_wconf 84' lang='lat' dir='ltr'>est,</span> <span class='ocrx_word' id='word_1_65' title='bbox 764 1244 838 1298; x_wconf 88' lang='lat' dir='ltr'>ad</span> <span class='ocrx_word' id='word_1_66' title='bbox 862 1248 1050 1309; x_wconf 85' lang='lat' dir='ltr'>Deum,</span> <span class='ocrx_word' id='word_1_67' title='bbox 1082 1246 1233 1306; x_wconf 81' lang='lat' dir='ltr'>facto</span> <span class='ocrx_word' id='word_1_68' title='bbox 1261 1245 1496 1314; x_wconf 77' lang='lat' dir='ltr'>quodam</span> <span class='ocrx_word' id='word_1_69' title='bbox 1518 1247 1770 1311; x_wconf 79' lang='lat' dir='ltr'>circuitu,</span> 
     </span>
    </p>
   </div>
   <div class='ocr_carea' id='block_1_13' title="bbox 167 1315 1770 1387">
    <p class='ocr_par' dir='ltr' id='par_1_13' title="bbox 167 1315 1770 1387">
     <span class='ocr_line' id='line_1_13' title="bbox 167 1315 1770 1387; baseline -0.001 -15"><span class='ocrx_word' id='word_1_70' title='bbox 167 1323 332 1387; x_wconf 78' lang='lat' dir='ltr'>sponte</span> <span class='ocrx_word' id='word_1_71' title='bbox 352 1321 758 1381; x_wconf 81' lang='lat' dir='ltr'>convertantur,</span> <span class='ocrx_word' id='word_1_72' title='bbox 789 1331 882 1370; x_wconf 88' lang='lat' dir='ltr'>nec</span> <span class='ocrx_word' id='word_1_73' title='bbox 912 1319 987 1369; x_wconf 84' lang='lat' dir='ltr'>sit</span> <span class='ocrx_word' id='word_1_74' title='bbox 1015 1316 1234 1385; x_wconf 82' lang='lat' dir='ltr'>aliquid</span> <span class='ocrx_word' id='word_1_75' title='bbox 1251 1316 1396 1386; x_wconf 81' lang='lat' dir='ltr'>quod</span> <span class='ocrx_word' id='word_1_76' title='bbox 1412 1331 1616 1369; x_wconf 84' lang='lat' dir='ltr'>summo</span> <span class='ocrx_word' id='word_1_77' title='bbox 1643 1315 1770 1370; x_wconf 85' lang='lat' dir='ltr'>huic</span> 
     </span>
    </p>
   </div>
   <div class='ocr_carea' id='block_1_14' title="bbox 171 1388 1151 1457">
    <p class='ocr_par' dir='ltr' id='par_1_14' title="bbox 171 1388 1151 1457">
     <span class='ocr_line' id='line_1_14' title="bbox 171 1388 1151 1457; baseline -0.002 -15"><span class='ocrx_word' id='word_1_78' title='bbox 171 1392 284 1443; x_wconf 81' lang='lat' dir='ltr'>bono</span> <span class='ocrx_word' id='word_1_79' title='bbox 307 1389 384 1442; x_wconf 77' lang='lat' dir='ltr'>vel</span> <span class='ocrx_word' id='word_1_80' title='bbox 411 1389 544 1441; x_wconf 81' lang='lat' dir='ltr'>velit</span> <span class='ocrx_word' id='word_1_81' title='bbox 570 1389 650 1441; x_wconf 84' lang='lat' dir='ltr'>vel</span> <span class='ocrx_word' id='word_1_82' title='bbox 683 1391 856 1457; x_wconf 80' lang='lat' dir='ltr'>possit</span> <span class='ocrx_word' id='word_1_83' title='bbox 881 1388 1151 1441; x_wconf 84' lang='lat' dir='ltr'>obsistere.</span> 
     </span>
    </p>
   </div>
   <div class='ocr_carea' id='block_1_15' title="bbox 3462 291 3568 343">
    <p class='ocr_par' dir='ltr' id='par_1_15' title="bbox 3462 291 3568 343">
     <span class='ocr_line' id='line_1_15' title="bbox 3462 291 3568 343; baseline 0.028 -3"><span class='ocrx_word' id='word_1_84' title='bbox 3462 291 3568 343; x_wconf 81' lang='lat'>778</span> 
     </span>
    </p>
   </div>
   <div class='ocr_carea' id='block_1_16' title="bbox 1791 421 3567 494">
    <p class='ocr_par' dir='ltr' id='par_1_16' title="bbox 1791 421 3567 494">
     <span class='ocr_line' id='line_1_16' title="bbox 1791 421 3567 494; baseline -0.001 -16"><span class='ocrx_word' id='word_1_85' title='bbox 1791 425 1837 478; x_wconf 82' lang='grc' dir='ltr'><strong>Α</strong></span> <span class='ocrx_word' id='word_1_86' title='bbox 1868 425 2000 477; x_wconf 89' lang='lat' dir='ltr'>ante</span> <span class='ocrx_word' id='word_1_87' title='bbox 2035 422 2269 476; x_wconf 87' lang='lat' dir='ltr'>minime</span> <span class='ocrx_word' id='word_1_88' title='bbox 2317 422 2698 477; x_wconf 85' lang='lat' dir='ltr'>dubitandum</span> <span class='ocrx_word' id='word_1_89' title='bbox 2748 423 3007 493; x_wconf 86' lang='lat' dir='ltr'>putabas.</span> <span class='ocrx_word' id='word_1_90' title='bbox 3045 423 3124 478; x_wconf 82' lang='lat' dir='ltr'>Ne</span> <span class='ocrx_word' id='word_1_91' title='bbox 3154 437 3307 476; x_wconf 89' lang='lat' dir='ltr'>nunc</span> <span class='ocrx_word' id='word_1_92' title='bbox 3331 421 3567 494; x_wconf 86' lang='lat' dir='ltr'>quidem</span> 
     </span>
    </p>
   </div>
   <div class='ocr_carea' id='block_1_17' title="bbox 1874 511 3565 584">
    <p class='ocr_par' dir='ltr' id='par_1_17' title="bbox 1874 511 3565 584">
     <span class='ocr_line' id='line_1_17' title="bbox 1874 511 3565 584; baseline 0.001 -18"><span class='ocrx_word' id='word_1_93' title='bbox 1874 512 2142 580; x_wconf 84' lang='lat' dir='ltr'>arbitror,</span> <span class='ocrx_word' id='word_1_94' title='bbox 2172 513 2409 583; x_wconf 90' lang='lat' dir='ltr'>inquam</span> <span class='ocrx_word' id='word_1_95' title='bbox 2434 530 2448 579; x_wconf 87' lang='lat'><strong>;</strong></span> <span class='ocrx_word' id='word_1_96' title='bbox 2484 529 2589 566; x_wconf 90' lang='lat' dir='ltr'>nec</span> <span class='ocrx_word' id='word_1_97' title='bbox 2617 528 2873 584; x_wconf 87' lang='lat' dir='ltr'>unquam</span> <span class='ocrx_word' id='word_1_98' title='bbox 2917 511 3296 567; x_wconf 89' lang='lat' dir='ltr'>dubitandum</span> <span class='ocrx_word' id='word_1_99' title='bbox 3326 512 3565 584; x_wconf 87' lang='lat' dir='ltr'>putabo,</span> 
     </span>
    </p>
   </div>
   <div class='ocr_carea' id='block_1_18' title="bbox 1875 600 3572 672">
    <p class='ocr_par' dir='ltr' id='par_1_18' title="bbox 1875 600 3572 672">
     <span class='ocr_line' id='line_1_18' title="bbox 1875 600 3572 672; baseline 0 -18"><span class='ocrx_word' id='word_1_100' title='bbox 1875 600 1952 670; x_wconf 79' lang='lat'>(5)</span> <span class='ocrx_word' id='word_1_101' title='bbox 1993 601 2316 672; x_wconf 84' lang='lat' dir='ltr'>quibusque</span> <span class='ocrx_word' id='word_1_102' title='bbox 2361 602 2420 654; x_wconf 91' lang='lat' dir='ltr'>in</span> <span class='ocrx_word' id='word_1_103' title='bbox 2464 600 2571 654; x_wconf 90' lang='lat' dir='ltr'>hoc</span> <span class='ocrx_word' id='word_1_104' title='bbox 2621 600 2939 654; x_wconf 85' lang='lat' dir='ltr'>rationibus</span> <span class='ocrx_word' id='word_1_105' title='bbox 2988 601 3272 667; x_wconf 87' lang='lat' dir='ltr'>accedam,</span> <span class='ocrx_word' id='word_1_106' title='bbox 3319 600 3572 655; x_wconf 86' lang='lat' dir='ltr'>breviter</span> 
     </span>
    </p>
   </div>
   <div class='ocr_carea' id='block_1_19' title="bbox 1874 689 3565 760">
    <p class='ocr_par' dir='ltr' id='par_1_19' title="bbox 1874 689 3565 760">
     <span class='ocr_line' id='line_1_19' title="bbox 1874 689 3565 760; baseline 0 -17"><span class='ocrx_word' id='word_1_107' title='bbox 1874 706 2177 760; x_wconf 88' lang='lat' dir='ltr'>exponam.</span> <span class='ocrx_word' id='word_1_108' title='bbox 2213 691 2234 724; x_wconf 84' lang='grc'>³</span> <span class='ocrx_word' id='word_1_109' title='bbox 2266 689 2504 745; x_wconf 84' lang='lat' dir='ltr'>Mundus</span> <span class='ocrx_word' id='word_1_110' title='bbox 2527 690 2616 743; x_wconf 90' lang='lat' dir='ltr'>hic</span> <span class='ocrx_word' id='word_1_111' title='bbox 2646 707 2714 743; x_wconf 86' lang='lat' dir='ltr'>ex</span> <span class='ocrx_word' id='word_1_112' title='bbox 2745 695 2860 743; x_wconf 92' lang='lat' dir='ltr'>tam</span> <span class='ocrx_word' id='word_1_113' title='bbox 2882 690 3117 744; x_wconf 85' lang='lat' dir='ltr'>diversis</span> <span class='ocrx_word' id='word_1_114' title='bbox 3151 689 3565 760; x_wconf 88' lang='lat' dir='ltr'>contrariisque</span> 
     </span>
    </p>
   </div>
   <div class='ocr_carea' id='block_1_20' title="bbox 1877 777 3574 849">
    <p class='ocr_par' dir='ltr' id='par_1_20' title="bbox 1877 777 3574 849">
     <span class='ocr_line' id='line_1_20' title="bbox 1877 777 3574 849; baseline 0 -18"><span class='ocrx_word' id='word_1_115' title='bbox 1877 778 2142 849; x_wconf 88' lang='lat' dir='ltr'>partibus</span> <span class='ocrx_word' id='word_1_116' title='bbox 2170 778 2229 832; x_wconf 91' lang='lat' dir='ltr'>in</span> <span class='ocrx_word' id='word_1_117' title='bbox 2261 793 2434 831; x_wconf 90' lang='lat' dir='ltr'>unam</span> <span class='ocrx_word' id='word_1_118' title='bbox 2482 777 2733 832; x_wconf 86' lang='lat' dir='ltr'>formam</span> <span class='ocrx_word' id='word_1_119' title='bbox 2776 777 3015 832; x_wconf 91' lang='lat' dir='ltr'>minime</span> <span class='ocrx_word' id='word_1_120' title='bbox 3051 777 3428 847; x_wconf 85' lang='lat' dir='ltr'>convenisset,</span> <span class='ocrx_word' id='word_1_121' title='bbox 3463 777 3574 832; x_wconf 87' lang='lat' dir='ltr'>nisi</span> 
     </span>
    </p>
   </div>
   <div class='ocr_carea' id='block_1_21' title="bbox 1876 867 3576 939">
    <p class='ocr_par' dir='ltr' id='par_1_21' title="bbox 1876 867 3576 939">
     <span class='ocr_line' id='line_1_21' title="bbox 1876 867 3576 939; baseline 0.001 -18"><span class='ocrx_word' id='word_1_122' title='bbox 1876 883 2028 922; x_wconf 90' lang='lat' dir='ltr'>unus</span> <span class='ocrx_word' id='word_1_123' title='bbox 2060 872 2208 922; x_wconf 80' lang='lat' dir='ltr'>esset</span> <span class='ocrx_word' id='word_1_124' title='bbox 2254 867 2354 938; x_wconf 90' lang='lat' dir='ltr'>qui</span> <span class='ocrx_word' id='word_1_125' title='bbox 2383 874 2497 922; x_wconf 91' lang='lat' dir='ltr'>tam</span> <span class='ocrx_word' id='word_1_126' title='bbox 2544 867 2769 923; x_wconf 89' lang='lat' dir='ltr'>diversa</span> <span class='ocrx_word' id='word_1_127' title='bbox 2797 869 3208 939; x_wconf 87' lang='lat' dir='ltr'>conjungeret;</span> <span class='ocrx_word' id='word_1_128' title='bbox 3265 868 3576 938; x_wconf 87' lang='lat' dir='ltr'>conjuncta</span> 
     </span>
    </p>
   </div>
   <div class='ocr_carea' id='block_1_22' title="bbox 1878 956 3573 1027">
    <p class='ocr_par' dir='ltr' id='par_1_22' title="bbox 1878 956 3573 1027">
     <span class='ocr_line' id='line_1_22' title="bbox 1878 956 3573 1027; baseline 0.001 -17"><span class='ocrx_word' id='word_1_129' title='bbox 1878 972 2014 1011; x_wconf 81' lang='lat' dir='ltr'>vero</span> <span class='ocrx_word' id='word_1_130' title='bbox 2075 962 2411 1012; x_wconf 85' lang='lat' dir='ltr'>naturarum</span> <span class='ocrx_word' id='word_1_131' title='bbox 2481 956 2604 1027; x_wconf 92' lang='lat' dir='ltr'>ipsa</span> <span class='ocrx_word' id='word_1_132' title='bbox 2659 957 2978 1025; x_wconf 87' lang='lat' dir='ltr'>diversitas,</span> <span class='ocrx_word' id='word_1_133' title='bbox 3041 957 3288 1012; x_wconf 88' lang='lat' dir='ltr'>invicem</span> <span class='ocrx_word' id='word_1_134' title='bbox 3339 957 3573 1026; x_wconf 89' lang='lat' dir='ltr'>discors,</span> 
     </span>
    </p>
   </div>
   <div class='ocr_carea' id='block_1_23' title="bbox 1881 1030 3573 1118">
    <p class='ocr_par' dir='ltr' id='par_1_23' title="bbox 1881 1030 3573 1118">
     <span class='ocr_line' id='line_1_23' title="bbox 1881 1030 3573 1118; baseline 0.001 -17"><span class='ocrx_word' id='word_1_135' title='bbox 1881 1047 2209 1101; x_wconf 89' lang='lat' dir='ltr'>dissociaret</span> <span class='ocrx_word' id='word_1_136' title='bbox 2264 1051 2436 1117; x_wconf 88' lang='lat' dir='ltr'>atque</span> <span class='ocrx_word' id='word_1_137' title='bbox 2506 1030 2836 1113; x_wconf 84' lang='lat' dir='ltr'>divelleret;</span> <span class='ocrx_word' id='word_1_138' title='bbox 2890 1047 2998 1102; x_wconf 89' lang='lat' dir='ltr'>nisi</span> <span class='ocrx_word' id='word_1_139' title='bbox 3057 1063 3208 1102; x_wconf 90' lang='lat' dir='ltr'>unus</span> <span class='ocrx_word' id='word_1_140' title='bbox 3271 1052 3420 1102; x_wconf 88' lang='lat' dir='ltr'>esset</span> <span class='ocrx_word' id='word_1_141' title='bbox 3471 1048 3573 1118; x_wconf 88' lang='lat' dir='ltr'>qui</span> 
     </span>
    </p>
   </div>
   <div class='ocr_carea' id='block_1_24' title="bbox 1881 1132 3574 1207">
    <p class='ocr_par' dir='ltr' id='par_1_24' title="bbox 1881 1132 3574 1207">
     <span class='ocr_line' id='line_1_24' title="bbox 1881 1132 3574 1207; baseline 0.001 -18"><span class='ocrx_word' id='word_1_142' title='bbox 1881 1137 2036 1207; x_wconf 91' lang='lat' dir='ltr'>quod</span> <span class='ocrx_word' id='word_1_143' title='bbox 2067 1132 2282 1199; x_wconf 85' lang='lat' dir='ltr'>nexuit,</span> <span class='ocrx_word' id='word_1_144' title='bbox 2329 1136 2664 1189; x_wconf 89' lang='lat' dir='ltr'>contineret.</span> <span class='ocrx_word' id='word_1_145' title='bbox 2717 1136 2838 1188; x_wconf 88' lang='lat' dir='ltr'>Non</span> <span class='ocrx_word' id='word_1_146' title='bbox 2886 1140 3000 1189; x_wconf 89' lang='lat' dir='ltr'>tam</span> <span class='ocrx_word' id='word_1_147' title='bbox 3055 1152 3187 1190; x_wconf 88' lang='lat' dir='ltr'>vero</span> <span class='ocrx_word' id='word_1_148' title='bbox 3217 1136 3332 1206; x_wconf 86' lang='lat' dir='ltr'>(l0)</span> <span class='ocrx_word' id='word_1_149' title='bbox 3386 1141 3574 1193; x_wconf 89' lang='lat' dir='ltr'>certus</span> 
     </span>
    </p>
   </div>
   <div class='ocr_carea' id='block_1_25' title="bbox 1883 1222 3574 1294">
    <p class='ocr_par' dir='ltr' id='par_1_25' title="bbox 1883 1222 3574 1294">
     <span class='ocr_line' id='line_1_25' title="bbox 1883 1222 3574 1294; baseline 0.002 -17"><span class='ocrx_word' id='word_1_150' title='bbox 1883 1229 2104 1278; x_wconf 70' lang='lat' dir='ltr'>natura:</span> <span class='ocrx_word' id='word_1_151' title='bbox 2135 1224 2274 1277; x_wconf 91' lang='lat' dir='ltr'>ordo</span> <span class='ocrx_word' id='word_1_152' title='bbox 2309 1223 2667 1293; x_wconf 85' lang='lat' dir='ltr'>procederet,</span> <span class='ocrx_word' id='word_1_153' title='bbox 2726 1239 2831 1276; x_wconf 90' lang='lat' dir='ltr'>nec</span> <span class='ocrx_word' id='word_1_154' title='bbox 2861 1229 2980 1277; x_wconf 90' lang='lat' dir='ltr'>tam</span> <span class='ocrx_word' id='word_1_155' title='bbox 3010 1222 3315 1294; x_wconf 90' lang='lat' dir='ltr'>dispositos</span> <span class='ocrx_word' id='word_1_156' title='bbox 3360 1229 3574 1293; x_wconf 90' lang='lat' dir='ltr'>motus,</span> 
     </span>
    </p>
   </div>
   <div class='ocr_carea' id='block_1_26' title="bbox 1885 1313 3579 1385">
    <p class='ocr_par' dir='ltr' id='par_1_26' title="bbox 1885 1313 3579 1385">
     <span class='ocr_line' id='line_1_26' title="bbox 1885 1313 3579 1385; baseline 0.001 -19"><span class='ocrx_word' id='word_1_157' title='bbox 1885 1314 2049 1379; x_wconf 88' lang='lat' dir='ltr'>locis,</span> <span class='ocrx_word' id='word_1_158' title='bbox 2105 1313 2480 1384; x_wconf 87' lang='lat' dir='ltr'>temporibus,</span> <span class='ocrx_word' id='word_1_159' title='bbox 2560 1313 2882 1379; x_wconf 78' lang='lat' dir='ltr'>efﬁcientia,</span> <span class='ocrx_word' id='word_1_160' title='bbox 2924 1313 3140 1384; x_wconf 84' lang='lat' dir='ltr'>spatiis,</span> <span class='ocrx_word' id='word_1_161' title='bbox 3201 1313 3579 1385; x_wconf 86' lang='lat' dir='ltr'>qualitatibus</span> 
     </span>
    </p>
   </div>
   <div class='ocr_carea' id='block_1_27' title="bbox 1885 1403 3581 1473">
    <p class='ocr_par' dir='ltr' id='par_1_27' title="bbox 1885 1403 3581 1473">
     <span class='ocr_line' id='line_1_27' title="bbox 1885 1403 3581 1473; baseline 0.002 -17"><span class='ocrx_word' id='word_1_162' title='bbox 1885 1404 2213 1472; x_wconf 84' lang='lat' dir='ltr'>explicaret,</span> <span class='ocrx_word' id='word_1_163' title='bbox 2255 1403 2366 1456; x_wconf 90' lang='lat' dir='ltr'>nisi</span> <span class='ocrx_word' id='word_1_164' title='bbox 2396 1419 2545 1456; x_wconf 89' lang='lat' dir='ltr'>unus</span> <span class='ocrx_word' id='word_1_165' title='bbox 2582 1407 2727 1456; x_wconf 86' lang='lat' dir='ltr'>esset</span> <span class='ocrx_word' id='word_1_166' title='bbox 2770 1403 2865 1473; x_wconf 90' lang='lat' dir='ltr'>qui</span> <span class='ocrx_word' id='word_1_167' title='bbox 2916 1403 3017 1456; x_wconf 86' lang='lat' dir='ltr'>has</span> <span class='ocrx_word' id='word_1_168' title='bbox 3052 1403 3440 1458; x_wconf 87' lang='lat' dir='ltr'>mutationum</span> <span class='ocrx_word' id='word_1_169' title='bbox 3482 1421 3581 1460; x_wconf 86' lang='lat' dir='ltr'>va-</span> 
     </span>
    </p>
   </div>
   <div class='ocr_carea' id='block_1_28' title="bbox 1885 1492 3581 1564">
    <p class='ocr_par' dir='ltr' id='par_1_28' title="bbox 1885 1492 3581 1564">
     <span class='ocr_line' id='line_1_28' title="bbox 1885 1492 3581 1564; baseline 0.002 -18"><span class='ocrx_word' id='word_1_170' title='bbox 1885 1493 2115 1546; x_wconf 89' lang='lat' dir='ltr'>rietates</span> <span class='ocrx_word' id='word_1_171' title='bbox 2145 1509 2383 1546; x_wconf 89' lang='lat' dir='ltr'>manens</span> <span class='ocrx_word' id='word_1_172' title='bbox 2431 1492 2551 1562; x_wconf 84' lang='lat' dir='ltr'>ipse</span> <span class='ocrx_word' id='word_1_173' title='bbox 2594 1492 2942 1562; x_wconf 86' lang='lat' dir='ltr'>disponeret.</span> <span class='ocrx_word' id='word_1_174' title='bbox 2992 1494 3106 1547; x_wconf 84' lang='lat' dir='ltr'>Hoc</span> <span class='ocrx_word' id='word_1_175' title='bbox 3137 1493 3422 1564; x_wconf 88' lang='lat' dir='ltr'>quidquid</span> <span class='ocrx_word' id='word_1_176' title='bbox 3472 1499 3581 1562; x_wconf 90' lang='lat' dir='ltr'>est,</span> 
     </span>
    </p>
   </div>
   <div class='ocr_carea' id='block_1_29' title="bbox 115 1581 3581 1652">
    <p class='ocr_par' dir='ltr' id='par_1_29' title="bbox 115 1581 3581 1652">
     <span class='ocr_line' id='line_1_29' title="bbox 115 1581 3581 1652; baseline 0 -14"><span class='ocrx_word' id='word_1_177' title='bbox 115 1585 229 1638; x_wconf 87' lang='lat' dir='ltr'>tior:</span> <span class='ocrx_word' id='word_1_178' title='bbox 263 1599 388 1636; x_wconf 90' lang='lat' dir='ltr'>nam</span> <span class='ocrx_word' id='word_1_179' title='bbox 423 1598 518 1636; x_wconf 89' lang='lat' dir='ltr'>me</span> <span class='ocrx_word' id='word_1_180' title='bbox 539 1583 560 1616; x_wconf 84' lang='grc'>²</span> <span class='ocrx_word' id='word_1_181' title='bbox 613 1582 822 1636; x_wconf 91' lang='lat' dir='ltr'>horum</span> <span class='ocrx_word' id='word_1_182' title='bbox 854 1583 1016 1652; x_wconf 78' lang='lat' dir='ltr'>bjam</span> <span class='ocrx_word' id='word_1_183' title='bbox 1050 1583 1300 1636; x_wconf 89' lang='lat' dir='ltr'>secundo</span> <span class='ocrx_word' id='word_1_184' title='bbox 1336 1599 1774 1637; x_wconf 87' lang='lat' dir='ltr'>commemoras.</span> <span class='ocrx_word' id='word_1_185' title='bbox 1887 1597 2002 1652; x_wconf 91' lang='lat' dir='ltr'>quo</span> <span class='ocrx_word' id='word_1_186' title='bbox 2029 1581 2257 1634; x_wconf 90' lang='lat' dir='ltr'>condita</span> <span class='ocrx_word' id='word_1_187' title='bbox 2289 1585 2528 1635; x_wconf 90' lang='lat' dir='ltr'>manent</span> <span class='ocrx_word' id='word_1_188' title='bbox 2574 1586 2745 1651; x_wconf 85' lang='lat' dir='ltr'>atque</span> <span class='ocrx_word' id='word_1_189' title='bbox 2775 1581 3079 1650; x_wconf 80' lang='lat' dir='ltr'>agitantur,</span> <span class='ocrx_word' id='word_1_190' title='bbox 3111 1582 3321 1636; x_wconf 88' lang='lat' dir='ltr'>usitato</span> <span class='ocrx_word' id='word_1_191' title='bbox 3363 1583 3581 1638; x_wconf 85' lang='lat' dir='ltr'>cunctis</span> 
     </span>
    </p>
   </div>
   <div class='ocr_carea' id='block_1_30' title="bbox 117 1669 3579 1743">
    <p class='ocr_par' dir='ltr' id='par_1_30' title="bbox 117 1669 3579 1743">
     <span class='ocr_line' id='line_1_30' title="bbox 117 1669 3579 1743; baseline -0.001 -16"><span class='ocrx_word' id='word_1_192' title='bbox 117 1674 351 1739; x_wconf 89' lang='lat' dir='ltr'>Primum,</span> <span class='ocrx_word' id='word_1_193' title='bbox 372 1672 530 1743; x_wconf 91' lang='lat' dir='ltr'>quod</span> <span class='ocrx_word' id='word_1_194' title='bbox 551 1673 1176 1741; x_wconf 89' lang='lat' dir='ltr'>memoriamcorporea</span> <span class='ocrx_word' id='word_1_195' title='bbox 1191 1672 1777 1742; x_wconf 81' lang='lat' dir='ltr'>contagione,dehinc</span> <span class='ocrx_word' id='word_1_196' title='bbox 1819 1732 1858 1743; x_wconf 49' lang='grc' dir='ltr'>ἢ</span> <span class='ocrx_word' id='word_1_197' title='bbox 1890 1669 2164 1724; x_wconf 90' lang='lat' dir='ltr'>vocabulo</span> <span class='ocrx_word' id='word_1_198' title='bbox 2194 1671 2373 1723; x_wconf 91' lang='lat' dir='ltr'>Deum</span> <span class='ocrx_word' id='word_1_199' title='bbox 2405 1669 2666 1723; x_wconf 91' lang='lat' dir='ltr'>nomino.</span> <span class='ocrx_word' id='word_1_200' title='bbox 2701 1671 2844 1724; x_wconf 85' lang='lat' dir='ltr'>Tum</span> <span class='ocrx_word' id='word_1_201' title='bbox 2869 1670 2986 1734; x_wconf 90' lang='lat' dir='ltr'>illa,</span> <span class='ocrx_word' id='word_1_202' title='bbox 3025 1670 3167 1724; x_wconf 89' lang='lat' dir='ltr'>Cum</span> <span class='ocrx_word' id='word_1_203' title='bbox 3194 1671 3334 1738; x_wconf 73' lang='lat' dir='ltr'>haec,</span> <span class='ocrx_word' id='word_1_204' title='bbox 3368 1671 3579 1743; x_wconf 89' lang='lat' dir='ltr'>inquit,</span> 
     </span>
    </p>
   </div>
   <div class='ocr_carea' id='block_1_31' title="bbox 115 1732 3585 1832">
    <p class='ocr_par' dir='ltr' id='par_1_31' title="bbox 115 1732 3585 1832">
     <span class='ocr_line' id='line_1_31' title="bbox 115 1732 3585 1832; baseline -0.001 -15"><span class='ocrx_word' id='word_1_205' title='bbox 115 1779 216 1817; x_wconf 87' lang='lat' dir='ltr'>cum</span> <span class='ocrx_word' id='word_1_206' title='bbox 238 1761 489 1816; x_wconf 79' lang='lat' dir='ltr'>maeroris</span> <span class='ocrx_word' id='word_1_207' title='bbox 515 1761 664 1814; x_wconf 90' lang='lat' dir='ltr'>mole</span> <span class='ocrx_word' id='word_1_208' title='bbox 698 1777 950 1830; x_wconf 91' lang='lat' dir='ltr'>pressus,</span> <span class='ocrx_word' id='word_1_209' title='bbox 982 1760 1168 1816; x_wconf 89' lang='lat' dir='ltr'>amisi.</span> <span class='ocrx_word' id='word_1_210' title='bbox 1199 1761 1342 1814; x_wconf 90' lang='lat' dir='ltr'>Tum</span> <span class='ocrx_word' id='word_1_211' title='bbox 1377 1761 1495 1825; x_wconf 88' lang='lat' dir='ltr'>illa,</span> <span class='ocrx_word' id='word_1_212' title='bbox 1522 1761 1580 1816; x_wconf 90' lang='lat' dir='ltr'>Si</span> <span class='ocrx_word' id='word_1_213' title='bbox 1607 1777 1777 1831; x_wconf 89' lang='lat' dir='ltr'>supe-</span> <span class='ocrx_word' id='word_1_214' title='bbox 1819 1732 1859 1784; x_wconf 76' lang='grc' dir='ltr'>Β</span> <span class='ocrx_word' id='word_1_215' title='bbox 1891 1760 1972 1814; x_wconf 90' lang='lat' dir='ltr'>ita</span> <span class='ocrx_word' id='word_1_216' title='bbox 2025 1759 2254 1826; x_wconf 85' lang='lat' dir='ltr'>sentias,</span> <span class='ocrx_word' id='word_1_217' title='bbox 2302 1775 2536 1830; x_wconf 87' lang='lat' dir='ltr'>parvam</span> <span class='ocrx_word' id='word_1_218' title='bbox 2578 1759 2687 1830; x_wconf 77' lang='grc'>(15)</span> <span class='ocrx_word' id='word_1_219' title='bbox 2739 1758 2845 1812; x_wconf 87' lang='lat' dir='ltr'>tibi</span> <span class='ocrx_word' id='word_1_220' title='bbox 2888 1763 3130 1813; x_wconf 84' lang='lat' dir='ltr'>restaret</span> <span class='ocrx_word' id='word_1_221' title='bbox 3160 1776 3392 1830; x_wconf 90' lang='lat' dir='ltr'>operam</span> <span class='ocrx_word' id='word_1_222' title='bbox 3422 1765 3585 1832; x_wconf 87' lang='lat' dir='ltr'>puto,</span> 
     </span>
    </p>
   </div>
   <div class='ocr_carea' id='block_1_32' title="bbox 119 1848 3589 1921">
    <p class='ocr_par' dir='ltr' id='par_1_32' title="bbox 119 1848 3589 1921">
     <span class='ocr_line' id='line_1_32' title="bbox 119 1848 3589 1921; baseline -0.001 -15"><span class='ocrx_word' id='word_1_223' title='bbox 119 1855 258 1916; x_wconf 86' lang='lat' dir='ltr'>riora,</span> <span class='ocrx_word' id='word_1_224' title='bbox 309 1851 522 1920; x_wconf 88' lang='lat' dir='ltr'>inquit,</span> <span class='ocrx_word' id='word_1_225' title='bbox 559 1866 826 1904; x_wconf 92' lang='lat' dir='ltr'>concessa</span> <span class='ocrx_word' id='word_1_226' title='bbox 878 1850 1172 1920; x_wconf 89' lang='lat' dir='ltr'>respicias,</span> <span class='ocrx_word' id='word_1_227' title='bbox 1234 1866 1305 1903; x_wconf 91' lang='lat' dir='ltr'>ne</span> <span class='ocrx_word' id='word_1_228' title='bbox 1346 1850 1489 1903; x_wconf 89' lang='lat' dir='ltr'>illud</span> <span class='ocrx_word' id='word_1_229' title='bbox 1546 1851 1779 1921; x_wconf 86' lang='lat' dir='ltr'>quidem</span> <span class='ocrx_word' id='word_1_230' title='bbox 1887 1853 1952 1904; x_wconf 92' lang='lat' dir='ltr'>ut</span> <span class='ocrx_word' id='word_1_231' title='bbox 1995 1848 2279 1902; x_wconf 86' lang='lat' dir='ltr'>felicitatis</span> <span class='ocrx_word' id='word_1_232' title='bbox 2328 1865 2583 1918; x_wconf 89' lang='lat' dir='ltr'>compos,</span> <span class='ocrx_word' id='word_1_233' title='bbox 2639 1848 2886 1918; x_wconf 88' lang='lat' dir='ltr'>patriam</span> <span class='ocrx_word' id='word_1_234' title='bbox 2919 1859 2944 1889; x_wconf 79' lang='grc' dir='ltr'><strong>ο</strong></span> <span class='ocrx_word' id='word_1_235' title='bbox 2977 1865 3168 1919; x_wconf 91' lang='lat' dir='ltr'>sospes</span> <span class='ocrx_word' id='word_1_236' title='bbox 3199 1849 3455 1904; x_wconf 88' lang='lat' dir='ltr'>revisas:</span> <span class='ocrx_word' id='word_1_237' title='bbox 3490 1849 3589 1905; x_wconf 89' lang='lat' dir='ltr'>sed</span> 
     </span>
    </p>
   </div>
   <div class='ocr_carea' id='block_1_33' title="bbox 119 1937 3587 2009">
    <p class='ocr_par' dir='ltr' id='par_1_33' title="bbox 119 1937 3587 2009">
     <span class='ocr_line' id='line_1_33' title="bbox 119 1937 3587 2009; baseline -0.001 -13"><span class='ocrx_word' id='word_1_238' title='bbox 119 1943 304 2009; x_wconf 80' lang='lat' dir='ltr'>longius</span> <span class='ocrx_word' id='word_1_239' title='bbox 335 1941 406 2007; x_wconf 80' lang='grc'>(5)</span> <span class='ocrx_word' id='word_1_240' title='bbox 437 1938 645 2006; x_wconf 91' lang='lat' dir='ltr'>aberit,</span> <span class='ocrx_word' id='word_1_241' title='bbox 695 1938 835 2009; x_wconf 90' lang='lat' dir='ltr'>quin</span> <span class='ocrx_word' id='word_1_242' title='bbox 877 1939 1213 2004; x_wconf 84' lang='lat' dir='ltr'>recorderis,</span> <span class='ocrx_word' id='word_1_243' title='bbox 1256 1939 1408 2009; x_wconf 90' lang='lat' dir='ltr'>quod</span> <span class='ocrx_word' id='word_1_244' title='bbox 1457 1945 1512 1993; x_wconf 92' lang='lat' dir='ltr'>te</span> <span class='ocrx_word' id='word_1_245' title='bbox 1563 1940 1778 1993; x_wconf 89' lang='lat' dir='ltr'>dudum</span> <span class='ocrx_word' id='word_1_246' title='bbox 1889 1953 2018 2008; x_wconf 73' lang='lat' dir='ltr'>quae</span> <span class='ocrx_word' id='word_1_247' title='bbox 2055 1937 2480 2008; x_wconf 84' lang='lat' dir='ltr'>proposuimus,</span> <span class='ocrx_word' id='word_1_248' title='bbox 2505 1937 2896 1992; x_wconf 71' lang='lat' dir='ltr'>intueamur.‘</span> <span class='ocrx_word' id='word_1_249' title='bbox 2924 1939 3124 1992; x_wconf 90' lang='lat' dir='ltr'>Nonne</span> <span class='ocrx_word' id='word_1_250' title='bbox 3153 1937 3213 1992; x_wconf 90' lang='lat' dir='ltr'>in</span> <span class='ocrx_word' id='word_1_251' title='bbox 3233 1938 3587 1994; x_wconf 87' lang='lat' dir='ltr'>beatitudine</span> 
     </span>
    </p>
   </div>
   <div class='ocr_carea' id='block_1_34' title="bbox 120 2025 3588 2098">
    <p class='ocr_par' dir='ltr' id='par_1_34' title="bbox 120 2025 3588 2098">
     <span class='ocr_line' id='line_1_34' title="bbox 120 2025 3588 2098; baseline -0.001 -13"><span class='ocrx_word' id='word_1_252' title='bbox 120 2031 295 2085; x_wconf 81' lang='lat' dir='ltr'>nescire</span> <span class='ocrx_word' id='word_1_253' title='bbox 323 2029 622 2084; x_wconf 83' lang='lat' dir='ltr'>confessus</span> <span class='ocrx_word' id='word_1_254' title='bbox 653 2045 734 2081; x_wconf 87' lang='lat' dir='ltr'>es.</span> <span class='ocrx_word' id='word_1_255' title='bbox 768 2027 961 2092; x_wconf 79' lang='lat' dir='ltr'>Quid?</span> <span class='ocrx_word' id='word_1_256' title='bbox 985 2028 1242 2098; x_wconf 89' lang='lat' dir='ltr'>inquam.</span> <span class='ocrx_word' id='word_1_257' title='bbox 1278 2027 1493 2092; x_wconf 89' lang='lat' dir='ltr'>Quibus</span> <span class='ocrx_word' id='word_1_258' title='bbox 1553 2028 1631 2081; x_wconf 87' lang='lat' dir='ltr'>ait</span> <span class='ocrx_word' id='word_1_259' title='bbox 1661 2029 1779 2096; x_wconf 89' lang='lat' dir='ltr'>illa,</span> <span class='ocrx_word' id='word_1_260' title='bbox 1891 2027 2293 2081; x_wconf 77' lang='lat' dir='ltr'>sufficientiam</span> <span class='ocrx_word' id='word_1_261' title='bbox 2324 2025 2775 2091; x_wconf 81' lang='lat' dir='ltr'>numeravimus,</span> <span class='ocrx_word' id='word_1_262' title='bbox 2822 2026 3120 2098; x_wconf 89' lang='lat' dir='ltr'>Deumque</span> <span class='ocrx_word' id='word_1_263' title='bbox 3169 2027 3588 2084; x_wconf 88' lang='lat' dir='ltr'>beatitudinem</span> 
     </span>
    </p>
   </div>
   <div class='ocr_carea' id='block_1_35' title="bbox 121 2115 3588 2192">
    <p class='ocr_par' dir='ltr' id='par_1_35' title="bbox 121 2115 3588 2192">
     <span class='ocr_line' id='line_1_35' title="bbox 121 2115 3588 2192; baseline -0 -18"><span class='ocrx_word' id='word_1_264' title='bbox 121 2119 481 2192; x_wconf 77' lang='lat' dir='ltr'>gubernaculis</span> <span class='ocrx_word' id='word_1_265' title='bbox 503 2119 757 2172; x_wconf 89' lang='lat' dir='ltr'>mundus</span> <span class='ocrx_word' id='word_1_266' title='bbox 786 2122 1039 2186; x_wconf 88' lang='lat' dir='ltr'>regatur.</span> <span class='ocrx_word' id='word_1_267' title='bbox 1066 2117 1319 2178; x_wconf 85' lang='lat' dir='ltr'>Memini,</span> <span class='ocrx_word' id='word_1_268' title='bbox 1347 2124 1497 2172; x_wconf 65' lang='lat'>216</span> <span class='ocrx_word' id='word_1_269' title='bbox 1519 2119 1779 2189; x_wconf 88' lang='lat' dir='ltr'>inquam,</span> <span class='ocrx_word' id='word_1_270' title='bbox 1890 2115 2074 2185; x_wconf 86' lang='lat' dir='ltr'>ipsam</span> <span class='ocrx_word' id='word_1_271' title='bbox 2106 2131 2227 2169; x_wconf 91' lang='lat' dir='ltr'>esse</span> <span class='ocrx_word' id='word_1_272' title='bbox 2260 2115 2644 2168; x_wconf 90' lang='lat' dir='ltr'>concessimus</span> <span class='ocrx_word' id='word_1_273' title='bbox 2664 2115 2690 2166; x_wconf 88' lang='lat'><strong>?</strong></span> <span class='ocrx_word' id='word_1_274' title='bbox 2724 2116 2806 2169; x_wconf 90' lang='lat' dir='ltr'>Ita</span> <span class='ocrx_word' id='word_1_275' title='bbox 2829 2115 3081 2186; x_wconf 88' lang='lat' dir='ltr'>quidem.</span> <span class='ocrx_word' id='word_1_276' title='bbox 3114 2117 3175 2170; x_wconf 88' lang='lat' dir='ltr'>Et</span> <span class='ocrx_word' id='word_1_277' title='bbox 3201 2117 3274 2171; x_wconf 90' lang='lat' dir='ltr'>ad</span> <span class='ocrx_word' id='word_1_278' title='bbox 3306 2118 3588 2174; x_wconf 88' lang='lat' dir='ltr'>mundum</span> 
     </span>
    </p>
   </div>
   <div class='ocr_carea' id='block_1_36' title="bbox 119 2204 3584 2277">
    <p class='ocr_par' dir='ltr' id='par_1_36' title="bbox 119 2204 3584 2277">
     <span class='ocr_line' id='line_1_36' title="bbox 119 2204 3584 2277; baseline -0.001 -13"><span class='ocrx_word' id='word_1_279' title='bbox 119 2228 188 2264; x_wconf 88' lang='lat' dir='ltr'>me</span> <span class='ocrx_word' id='word_1_280' title='bbox 213 2210 481 2263; x_wconf 88' lang='lat' dir='ltr'>inscitiam</span> <span class='ocrx_word' id='word_1_281' title='bbox 520 2223 709 2261; x_wconf 88' lang='lat' dir='ltr'>meam</span> <span class='ocrx_word' id='word_1_282' title='bbox 759 2207 929 2260; x_wconf 84' lang='lat' dir='ltr'>fuisse</span> <span class='ocrx_word' id='word_1_283' title='bbox 960 2208 1317 2273; x_wconf 87' lang='lat' dir='ltr'>confessum;</span> <span class='ocrx_word' id='word_1_284' title='bbox 1355 2207 1450 2260; x_wconf 90' lang='lat' dir='ltr'>sed</span> <span class='ocrx_word' id='word_1_285' title='bbox 1487 2208 1623 2277; x_wconf 88' lang='lat' dir='ltr'>quid</span> <span class='ocrx_word' id='word_1_286' title='bbox 1646 2208 1779 2261; x_wconf 79' lang='lat' dir='ltr'>ali&#39;e-</span> <span class='ocrx_word' id='word_1_287' title='bbox 1891 2205 2086 2275; x_wconf 82' lang='lat' dir='ltr'>igitur,</span> <span class='ocrx_word' id='word_1_288' title='bbox 2120 2205 2325 2275; x_wconf 89' lang='lat' dir='ltr'>inquit,</span> <span class='ocrx_word' id='word_1_289' title='bbox 2365 2204 2682 2273; x_wconf 85' lang='lat' dir='ltr'>regendum</span> <span class='ocrx_word' id='word_1_290' title='bbox 2735 2205 2910 2258; x_wconf 88' lang='lat' dir='ltr'>nullis</span> <span class='ocrx_word' id='word_1_291' title='bbox 2953 2205 3303 2260; x_wconf 82' lang='lat' dir='ltr'>extrinsecus</span> <span class='ocrx_word' id='word_1_292' title='bbox 3335 2207 3584 2264; x_wconf 90' lang='lat' dir='ltr'>admini-</span> 
     </span>
    </p>
   </div>
   <div class='ocr_carea' id='block_1_37' title="bbox 120 2293 3588 2368">
    <p class='ocr_par' dir='ltr' id='par_1_37' title="bbox 120 2293 3588 2368">
     <span class='ocr_line' id='line_1_37' title="bbox 120 2293 3588 2368; baseline -0 -16"><span class='ocrx_word' id='word_1_293' title='bbox 120 2317 204 2364; x_wconf 88' lang='lat' dir='ltr'>ras,</span> <span class='ocrx_word' id='word_1_294' title='bbox 234 2300 347 2352; x_wconf 90' lang='lat' dir='ltr'>licet</span> <span class='ocrx_word' id='word_1_295' title='bbox 371 2299 495 2368; x_wconf 85' lang='lat' dir='ltr'>jam</span> <span class='ocrx_word' id='word_1_296' title='bbox 532 2296 907 2367; x_wconf 87' lang='lat' dir='ltr'>prospiciam,</span> <span class='ocrx_word' id='word_1_297' title='bbox 941 2296 1167 2366; x_wconf 88' lang='lat' dir='ltr'>planius</span> <span class='ocrx_word' id='word_1_298' title='bbox 1194 2300 1386 2349; x_wconf 91' lang='lat' dir='ltr'>tamen</span> <span class='ocrx_word' id='word_1_299' title='bbox 1410 2310 1473 2350; x_wconf 85' lang='lat' dir='ltr'>ex</span> <span class='ocrx_word' id='word_1_300' title='bbox 1497 2299 1551 2348; x_wconf 89' lang='lat' dir='ltr'>te</span> <span class='ocrx_word' id='word_1_301' title='bbox 1583 2296 1783 2349; x_wconf 89' lang='lat' dir='ltr'>audire</span> <span class='ocrx_word' id='word_1_302' title='bbox 1892 2295 2034 2348; x_wconf 88' lang='lat' dir='ltr'>culis</span> <span class='ocrx_word' id='word_1_303' title='bbox 2069 2293 2387 2360; x_wconf 78' lang='lat' dir='ltr'>indigebit:</span> <span class='ocrx_word' id='word_1_304' title='bbox 2423 2294 2681 2364; x_wconf 90' lang='lat' dir='ltr'>alioquin</span> <span class='ocrx_word' id='word_1_305' title='bbox 2735 2293 2782 2347; x_wconf 90' lang='lat' dir='ltr'>si</span> <span class='ocrx_word' id='word_1_306' title='bbox 2813 2310 2929 2365; x_wconf 89' lang='lat' dir='ltr'>quo</span> <span class='ocrx_word' id='word_1_307' title='bbox 2974 2299 3158 2366; x_wconf 81' lang='lat' dir='ltr'>egeat,</span> <span class='ocrx_word' id='word_1_308' title='bbox 3203 2296 3438 2366; x_wconf 87' lang='lat' dir='ltr'>plenam</span> <span class='ocrx_word' id='word_1_309' title='bbox 3477 2297 3588 2368; x_wconf 81' lang='lat'>(&#39;20)</span> 
     </span>
    </p>
   </div>
   <div class='ocr_carea' id='block_1_38' title="bbox 121 2381 3586 2454">
    <p class='ocr_par' dir='ltr' id='par_1_38' title="bbox 121 2381 3586 2454">
     <span class='ocr_line' id='line_1_38' title="bbox 121 2381 3586 2454; baseline 0 -14"><span class='ocrx_word' id='word_1_310' title='bbox 121 2387 356 2440; x_wconf 86' lang='lat' dir='ltr'>desidero.</span> <span class='ocrx_word' id='word_1_311' title='bbox 391 2384 674 2440; x_wconf 81' lang='lat' dir='ltr'>Mundam</span> <span class='ocrx_word' id='word_1_312' title='bbox 720 2383 893 2450; x_wconf 93' lang='lat' dir='ltr'>hunc,</span> <span class='ocrx_word' id='word_1_313' title='bbox 949 2381 1162 2453; x_wconf 89' lang='lat' dir='ltr'>inquit,</span> <span class='ocrx_word' id='word_1_314' title='bbox 1195 2397 1225 2434; x_wconf 90' lang='lat' dir='ltr'>a</span> <span class='ocrx_word' id='word_1_315' title='bbox 1271 2382 1385 2435; x_wconf 93' lang='lat' dir='ltr'>Deo</span> <span class='ocrx_word' id='word_1_316' title='bbox 1447 2381 1568 2451; x_wconf 82' lang='lat' dir='ltr'>regi</span> <span class='ocrx_word' id='word_1_317' title='bbox 1608 2383 1781 2452; x_wconf 85' lang='lat' dir='ltr'>paulo</span> <span class='ocrx_word' id='word_1_318' title='bbox 1893 2381 2292 2435; x_wconf 81' lang='lat' dir='ltr'>sufﬁcientiam</span> <span class='ocrx_word' id='word_1_319' title='bbox 2318 2397 2432 2436; x_wconf 92' lang='lat' dir='ltr'>non</span> <span class='ocrx_word' id='word_1_320' title='bbox 2464 2382 2717 2437; x_wconf 89' lang='lat' dir='ltr'>habebit.</span> <span class='ocrx_word' id='word_1_321' title='bbox 2750 2382 2832 2452; x_wconf 91' lang='lat' dir='ltr'>Id,</span> <span class='ocrx_word' id='word_1_322' title='bbox 2869 2383 3128 2454; x_wconf 88' lang='lat' dir='ltr'>inquam,</span> <span class='ocrx_word' id='word_1_323' title='bbox 3165 2384 3246 2440; x_wconf 91' lang='lat' dir='ltr'>ita</span> <span class='ocrx_word' id='word_1_324' title='bbox 3277 2389 3364 2440; x_wconf 89' lang='lat' dir='ltr'>est</span> <span class='ocrx_word' id='word_1_325' title='bbox 3390 2401 3586 2441; x_wconf 82' lang='lat' dir='ltr'>neces-</span> 
     </span>
    </p>
   </div>
   <div class='ocr_carea' id='block_1_39' title="bbox 1543 2479 2130 2534">
    <p class='ocr_par' dir='ltr' id='par_1_39' title="bbox 1543 2479 2130 2534">
     <span class='ocr_line' id='line_1_39' title="bbox 1543 2479 2130 2534; baseline -0.003 -2"><span class='ocrx_word' id='word_1_326' title='bbox 1543 2479 2130 2534; x_wconf 73' lang='lat' dir='ltr'>INTEBPRETATlO.</span> 
     </span>
    </p>
   </div>
   <div class='ocr_carea' id='block_1_40' title="bbox 125 2575 3062 2650">
    <p class='ocr_par' dir='ltr' id='par_1_40' title="bbox 125 2575 3062 2650">
     <span class='ocr_line' id='line_1_40' title="bbox 125 2575 3062 2650; baseline -0.001 -14"><span class='ocrx_word' id='word_1_327' title='bbox 125 2586 342 2650; x_wconf 79' lang='lat' dir='ltr'>terrogati</span> <span class='ocrx_word' id='word_1_328' title='bbox 365 2585 509 2637; x_wconf 85' lang='lat' dir='ltr'>recte</span> <span class='ocrx_word' id='word_1_329' title='bbox 540 2578 942 2649; x_wconf 70' lang='lat' dir='ltr'>respondentis</span> <span class='ocrx_word' id='word_1_330' title='bbox 971 2579 1195 2646; x_wconf 81' lang='lat' dir='ltr'>prOprio</span> <span class='ocrx_word' id='word_1_331' title='bbox 1242 2580 1439 2650; x_wconf 70' lang='lat' dir='ltr'>marte,</span> <span class='ocrx_word' id='word_1_332' title='bbox 1469 2575 1581 2650; x_wconf 72' lang='lat' dir='ltr'>nisi</span> <span class='ocrx_word' id='word_1_333' title='bbox 1617 2579 1786 2650; x_wconf 85' lang='lat' dir='ltr'>fomes</span> <span class='ocrx_word' id='word_1_334' title='bbox 1966 2590 1990 2650; x_wconf 60' lang='grc' dir='ltr'><strong>ξι</strong></span> <span class='ocrx_word' id='word_1_335' title='bbox 2023 2577 2202 2630; x_wconf 89' lang='lat' dir='ltr'>Citato</span> <span class='ocrx_word' id='word_1_336' title='bbox 2231 2592 2393 2630; x_wconf 85' lang='lat' dir='ltr'>versu</span> <span class='ocrx_word' id='word_1_337' title='bbox 2432 2580 2494 2632; x_wconf 82' lang='grc'>15</span> <span class='ocrx_word' id='word_1_338' title='bbox 2523 2577 2692 2632; x_wconf 88' lang='lat' dir='ltr'>metri</span> <span class='ocrx_word' id='word_1_339' title='bbox 2728 2577 3062 2649; x_wconf 88' lang='lat' dir='ltr'>superioris.</span> 
     </span>
    </p>
   </div>
   <div class='ocr_carea' id='block_1_41' title="bbox 123 2647 3267 2722">
    <p class='ocr_par' dir='ltr' id='par_1_41' title="bbox 123 2647 3267 2722">
     <span class='ocr_line' id='line_1_41' title="bbox 123 2647 3267 2722; baseline 0.001 -18"><span class='ocrx_word' id='word_1_340' title='bbox 123 2647 334 2708; x_wconf 69' lang='lat' dir='ltr'>veritatis</span> <span class='ocrx_word' id='word_1_341' title='bbox 360 2657 532 2707; x_wconf 80' lang='lat' dir='ltr'>menti</span> <span class='ocrx_word' id='word_1_342' title='bbox 559 2647 852 2722; x_wconf 81' lang='lat' dir='ltr'>profundae</span> <span class='ocrx_word' id='word_1_343' title='bbox 874 2652 1074 2722; x_wconf 84' lang='lat' dir='ltr'>insitus</span> <span class='ocrx_word' id='word_1_344' title='bbox 1103 2647 1355 2715; x_wconf 80' lang='lat' dir='ltr'>vigeret?</span> <span class='ocrx_word' id='word_1_345' title='bbox 1378 2648 1530 2722; x_wconf 77' lang='lat' dir='ltr'>Quod</span> <span class='ocrx_word' id='word_1_346' title='bbox 1553 2649 1790 2722; x_wconf 60' lang='lat' dir='ltr'>silit-usa</span> <span class='ocrx_word' id='word_1_347' title='bbox 1968 2649 1993 2690; x_wconf 71' lang='grc' dir='ltr'><strong>Ι)</strong></span> <span class='ocrx_word' id='word_1_348' title='bbox 2033 2650 2384 2722; x_wconf 25' lang='grc' dir='ltr'>ζΙωοᾼίίρηιγη</span> <span class='ocrx_word' id='word_1_349' title='bbox 2410 2650 2469 2702; x_wconf 87' lang='lat' dir='ltr'>in</span> <span class='ocrx_word' id='word_1_350' title='bbox 2497 2665 2669 2704; x_wconf 89' lang='lat' dir='ltr'>meam</span> <span class='ocrx_word' id='word_1_351' title='bbox 2695 2647 3012 2706; x_wconf 60' lang='lat' dir='ltr'>meritoriam</span> <span class='ocrx_word' id='word_1_352' title='bbox 3031 2667 3267 2708; x_wconf 82' lang='lat' dir='ltr'>revocas.</span> 
     </span>
    </p>
   </div>
   <div class='ocr_carea' id='block_1_42' title="bbox 125 2719 2332 2790">
    <p class='ocr_par' dir='ltr' id='par_1_42' title="bbox 125 2719 2332 2790">
     <span class='ocr_line' id='line_1_42' title="bbox 125 2719 2332 2790; baseline -0.001 -11"><span class='ocrx_word' id='word_1_353' title='bbox 125 2729 328 2780; x_wconf 81' lang='lat' dir='ltr'>Platonis</span> <span class='ocrx_word' id='word_1_354' title='bbox 341 2727 477 2778; x_wconf 78' lang='lat' dir='ltr'>dicit</span> <span class='ocrx_word' id='word_1_355' title='bbox 498 2719 687 2777; x_wconf 68' lang='lat' dir='ltr'>verum</span> <span class='ocrx_word' id='word_1_356' title='bbox 711 2739 722 2776; x_wconf 95' lang='lat'>:</span> <span class='ocrx_word' id='word_1_357' title='bbox 746 2721 890 2790; x_wconf 80' lang='lat' dir='ltr'>quod</span> <span class='ocrx_word' id='word_1_358' title='bbox 918 2723 1292 2790; x_wconf 84' lang='lat' dir='ltr'>unusquisque</span> <span class='ocrx_word' id='word_1_359' title='bbox 1323 2719 1582 2787; x_wconf 85' lang='lat' dir='ltr'>addiscit,</span> <span class='ocrx_word' id='word_1_360' title='bbox 1617 2719 1788 2789; x_wconf 86' lang='lat' dir='ltr'>hujus</span> <span class='ocrx_word' id='word_1_361' title='bbox 1970 2727 1991 2752; x_wconf 89' lang='lat'><strong><em>°</em></strong></span> <span class='ocrx_word' id='word_1_362' title='bbox 2026 2719 2332 2776; x_wconf 86' lang='lat' dir='ltr'>Incolumis.</span> 
     </span>
    </p>
   </div>
   <div class='ocr_carea' id='block_1_43' title="bbox 124 2795 860 2850">
    <p class='ocr_par' dir='ltr' id='par_1_43' title="bbox 124 2795 860 2850">
     <span class='ocr_line' id='line_1_43' title="bbox 124 2795 860 2850; baseline -0.003 0"><span class='ocrx_word' id='word_1_363' title='bbox 124 2801 448 2850; x_wconf 67' lang='lat' dir='ltr'>reminiscitur</span> <span class='ocrx_word' id='word_1_364' title='bbox 477 2801 615 2850; x_wconf 86' lang='lat' dir='ltr'>ante</span> <span class='ocrx_word' id='word_1_365' title='bbox 642 2795 860 2849; x_wconf 84' lang='lat' dir='ltr'>oblitus.</span> 
     </span>
    </p>
   </div>
   <div class='ocr_carea' id='block_1_44' title="bbox 167 1493 1777 1564">
    <p class='ocr_par' dir='ltr' id='par_1_44' title="bbox 167 1493 1777 1564">
     <span class='ocr_line' id='line_1_44' title="bbox 167 1493 1777 1564; baseline -0.001 -16"><span class='ocrx_word' id='word_1_366' title='bbox 167 1496 288 1549; x_wconf 87' lang='lat' dir='ltr'>Tum</span> <span class='ocrx_word' id='word_1_367' title='bbox 323 1511 447 1563; x_wconf 80' lang='lat' dir='ltr'>ego,</span> <span class='ocrx_word' id='word_1_368' title='bbox 483 1495 500 1530; x_wconf 84' lang='grc'>¹</span> <span class='ocrx_word' id='word_1_369' title='bbox 538 1493 759 1547; x_wconf 89' lang='lat' dir='ltr'>Platoni</span> <span class='ocrx_word' id='word_1_370' title='bbox 800 1503 843 1560; x_wconf 69' lang='grc'>⁸,</span> <span class='ocrx_word' id='word_1_371' title='bbox 888 1493 1148 1564; x_wconf 87' lang='lat' dir='ltr'>inquam,</span> <span class='ocrx_word' id='word_1_372' title='bbox 1180 1493 1550 1546; x_wconf 86' lang='lat' dir='ltr'>vehementer</span> <span class='ocrx_word' id='word_1_373' title='bbox 1576 1510 1777 1547; x_wconf 91' lang='lat' dir='ltr'>assen-</span> 
     </span>
    </p>
   </div>
   <div class='ocr_carea' id='block_1_45' title="bbox 1720 2861 1955 2918">
    <p class='ocr_par' dir='ltr' id='par_1_45' title="bbox 1720 2861 1955 2918">
     <span class='ocr_line' id='line_1_45' title="bbox 1720 2861 1955 2918; baseline -0.004 -2"><span class='ocrx_word' id='word_1_374' title='bbox 1720 2861 1955 2918; x_wconf 72' lang='grc' dir='ltr'>ΝΟΤίΕ.</span> 
     </span>
    </p>
   </div>
   <div class='ocr_carea' id='block_1_46' title="bbox 127 2957 1788 3035">
    <p class='ocr_par' dir='ltr' id='par_1_46' title="bbox 127 2957 1788 3035">
     <span class='ocr_line' id='line_1_46' title="bbox 127 2957 1788 3035; baseline -0.003 -17"><span class='ocrx_word' id='word_1_375' title='bbox 127 2967 246 3018; x_wconf 83' lang='lat' dir='ltr'>nitus</span> <span class='ocrx_word' id='word_1_376' title='bbox 275 2965 622 3035; x_wconf 85' lang='lat' dir='ltr'>accepimus,</span> <span class='ocrx_word' id='word_1_377' title='bbox 648 2961 829 3035; x_wconf 78' lang='lat' dir='ltr'>abeo</span> <span class='ocrx_word' id='word_1_378' title='bbox 877 2963 934 3013; x_wconf 91' lang='lat' dir='ltr'>et</span> <span class='ocrx_word' id='word_1_379' title='bbox 962 2959 1031 3012; x_wconf 90' lang='lat' dir='ltr'>de</span> <span class='ocrx_word' id='word_1_380' title='bbox 1063 2973 1129 3035; x_wconf 83' lang='lat' dir='ltr'>eo</span> <span class='ocrx_word' id='word_1_381' title='bbox 1163 2957 1308 3027; x_wconf 87' lang='lat' dir='ltr'>quod</span> <span class='ocrx_word' id='word_1_382' title='bbox 1347 2962 1464 3035; x_wconf 59' lang='lat' dir='ltr'>est;</span> <span class='ocrx_word' id='word_1_383' title='bbox 1510 2958 1788 3035; x_wconf 80' lang='lat' dir='ltr'>nimirum</span> 
     </span>
    </p>
   </div>
   <div class='ocr_carea' id='block_1_47' title="bbox 129 3030 1789 3103">
    <p class='ocr_par' dir='ltr' id='par_1_47' title="bbox 129 3030 1789 3103">
     <span class='ocr_line' id='line_1_47' title="bbox 129 3030 1789 3103; baseline -0.004 -12"><span class='ocrx_word' id='word_1_384' title='bbox 129 3039 245 3092; x_wconf 86' lang='lat' dir='ltr'>Deo:</span> <span class='ocrx_word' id='word_1_385' title='bbox 275 3030 918 3103; x_wconf 54' lang='lat' dir='ltr'>hinc&#39;rcrumjudicium</span> <span class='ocrx_word' id='word_1_386' title='bbox 957 3033 1230 3103; x_wconf 69' lang='lat' dir='ltr'>excitatur</span> <span class='ocrx_word' id='word_1_387' title='bbox 1266 3030 1562 3103; x_wconf 66' lang='lat' dir='ltr'>uentilante</span> <span class='ocrx_word' id='word_1_388' title='bbox 1590 3031 1789 3085; x_wconf 86' lang='lat' dir='ltr'>doctri-</span> 
     </span>
    </p>
   </div>
   <div class='ocr_carea' id='block_1_48' title="bbox 128 3101 1784 3178">
    <p class='ocr_par' dir='ltr' id='par_1_48' title="bbox 128 3101 1784 3178">
     <span class='ocr_line' id='line_1_48' title="bbox 128 3101 1784 3178; baseline -0.004 -17"><span class='ocrx_word' id='word_1_389' title='bbox 128 3126 198 3174; x_wconf 84' lang='lat' dir='ltr'>na,</span> <span class='ocrx_word' id='word_1_390' title='bbox 217 3115 508 3178; x_wconf 85' lang='lat' dir='ltr'>quatenus,</span> <span class='ocrx_word' id='word_1_391' title='bbox 533 3101 802 3175; x_wconf 79' lang='lat' dir='ltr'>Magistro</span> <span class='ocrx_word' id='word_1_392' title='bbox 832 3105 1120 3178; x_wconf 74' lang='lat' dir='ltr'>monente,</span> <span class='ocrx_word' id='word_1_393' title='bbox 1143 3101 1398 3178; x_wconf 72' lang='lat' dir='ltr'>naturale</span> <span class='ocrx_word' id='word_1_394' title='bbox 1426 3101 1567 3178; x_wconf 71' lang='lat' dir='ltr'>illud</span> <span class='ocrx_word' id='word_1_395' title='bbox 1592 3102 1784 3178; x_wconf 81' lang='lat' dir='ltr'>lumen</span> 
     </span>
    </p>
   </div>
   <div class='ocr_carea' id='block_1_49' title="bbox 130 3172 1784 3249">
    <p class='ocr_par' dir='ltr' id='par_1_49' title="bbox 130 3172 1784 3249">
     <span class='ocr_line' id='line_1_49' title="bbox 130 3172 1784 3249; baseline -0.004 -17"><span class='ocrx_word' id='word_1_396' title='bbox 130 3172 272 3232; x_wconf 71' lang='lat' dir='ltr'>instar</span> <span class='ocrx_word' id='word_1_397' title='bbox 301 3181 443 3249; x_wconf 74' lang='lat' dir='ltr'>ignis</span> <span class='ocrx_word' id='word_1_398' title='bbox 470 3193 617 3230; x_wconf 88' lang='lat' dir='ltr'>aura</span> <span class='ocrx_word' id='word_1_399' title='bbox 635 3172 946 3239; x_wconf 51' lang='lat' dir='ltr'>&#39;commoti,</span> <span class='ocrx_word' id='word_1_400' title='bbox 984 3173 1156 3249; x_wconf 83' lang='lat' dir='ltr'>paulo</span> <span class='ocrx_word' id='word_1_401' title='bbox 1178 3172 1405 3241; x_wconf 85' lang='lat' dir='ltr'>longius</span> <span class='ocrx_word' id='word_1_402' title='bbox 1427 3172 1784 3227; x_wconf 84' lang='lat' dir='ltr'>ditl‘unditur.</span> 
     </span>
    </p>
   </div>
   <div class='ocr_carea' id='block_1_50' title="bbox 129 3245 1788 3319">
    <p class='ocr_par' dir='ltr' id='par_1_50' title="bbox 129 3245 1788 3319">
     <span class='ocr_line' id='line_1_50' title="bbox 129 3245 1788 3319; baseline -0.004 -14"><span class='ocrx_word' id='word_1_403' title='bbox 129 3252 302 3305; x_wconf 72' lang='lat' dir='ltr'>Seneca</span> <span class='ocrx_word' id='word_1_404' title='bbox 333 3245 420 3319; x_wconf 77' lang='lat' dir='ltr'>ep.</span> <span class='ocrx_word' id='word_1_405' title='bbox 456 3251 526 3303; x_wconf 70' lang='lat' dir='ltr'>Oi</span> <span class='ocrx_word' id='word_1_406' title='bbox 555 3266 569 3303; x_wconf 93' lang='lat'>:</span> <span class='ocrx_word' id='word_1_407' title='bbox 607 3249 858 3304; x_wconf 84' lang='lat' dir='ltr'>Omnium</span> <span class='ocrx_word' id='word_1_408' title='bbox 906 3248 1047 3319; x_wconf 61' lang='lat' dir='ltr'>enim</span> <span class='ocrx_word' id='word_1_409' title='bbox 1101 3245 1447 3319; x_wconf 82' lang='lat' dir='ltr'>honestarum</span> <span class='ocrx_word' id='word_1_410' title='bbox 1493 3261 1670 3297; x_wconf 82' lang='lat' dir='ltr'>rerum</span> <span class='ocrx_word' id='word_1_411' title='bbox 1699 3262 1788 3298; x_wconf 82' lang='lat' dir='ltr'>se-</span> 
     </span>
    </p>
   </div>
   <div class='ocr_carea' id='block_1_51' title="bbox 129 3316 1788 3390">
    <p class='ocr_par' dir='ltr' id='par_1_51' title="bbox 129 3316 1788 3390">
     <span class='ocr_line' id='line_1_51' title="bbox 129 3316 1788 3390; baseline -0.002 -16"><span class='ocrx_word' id='word_1_412' title='bbox 129 3326 246 3376; x_wconf 81' lang='lat' dir='ltr'>mina</span> <span class='ocrx_word' id='word_1_413' title='bbox 281 3316 445 3376; x_wconf 74' lang='lat' dir='ltr'>animi</span> <span class='ocrx_word' id='word_1_414' title='bbox 477 3325 702 3390; x_wconf 84' lang='lat' dir='ltr'>gerunt,</span> <span class='ocrx_word' id='word_1_415' title='bbox 751 3334 870 3386; x_wconf 76' lang='lat' dir='ltr'>quae</span> <span class='ocrx_word' id='word_1_416' title='bbox 918 3316 1282 3390; x_wconf 68' lang='lat' dir='ltr'>admonitione</span> <span class='ocrx_word' id='word_1_417' title='bbox 1314 3318 1642 3384; x_wconf 64' lang='lat' dir='ltr'>excitantur,</span> <span class='ocrx_word' id='word_1_418' title='bbox 1683 3332 1788 3370; x_wconf 84' lang='lat' dir='ltr'>non</span> 
     </span>
    </p>
   </div>
   <div class='ocr_carea' id='block_1_52' title="bbox 129 3385 1787 3462">
    <p class='ocr_par' dir='ltr' id='par_1_52' title="bbox 129 3385 1787 3462">
     <span class='ocr_line' id='line_1_52' title="bbox 129 3385 1787 3462; baseline -0.002 -17"><span class='ocrx_word' id='word_1_419' title='bbox 129 3395 254 3448; x_wconf 64' lang='lat' dir='ltr'>aliter</span> <span class='ocrx_word' id='word_1_420' title='bbox 297 3385 776 3462; x_wconf 49' lang='lat' dir='ltr'>quam&#39;scintilla</span> <span class='ocrx_word' id='word_1_421' title='bbox 816 3391 952 3458; x_wconf 85' lang='lat' dir='ltr'>ﬂatu</span> <span class='ocrx_word' id='word_1_422' title='bbox 1001 3389 1106 3442; x_wconf 81' lang='lat' dir='ltr'>levi</span> <span class='ocrx_word' id='word_1_423' title='bbox 1156 3385 1355 3456; x_wconf 85' lang='lat' dir='ltr'>adjuta</span> <span class='ocrx_word' id='word_1_424' title='bbox 1403 3390 1580 3455; x_wconf 85' lang='lat' dir='ltr'>ignem</span> <span class='ocrx_word' id='word_1_425' title='bbox 1631 3403 1787 3442; x_wconf 83' lang='lat' dir='ltr'>suum</span> 
     </span>
    </p>
   </div>
   <div class='ocr_carea' id='block_1_53' title="bbox 130 3467 345 3534">
    <p class='ocr_par' dir='ltr' id='par_1_53' title="bbox 130 3467 345 3534">
     <span class='ocr_line' id='line_1_53' title="bbox 130 3467 345 3534; baseline 0.014 -17"><span class='ocrx_word' id='word_1_426' title='bbox 130 3467 345 3534; x_wconf 53' lang='lat' dir='ltr'>eti-plicat.</span> 
     </span>
    </p>
   </div>
   <div class='ocr_carea' id='block_1_54' title="bbox 189 3547 1788 3622">
    <p class='ocr_par' dir='ltr' id='par_1_54' title="bbox 189 3547 1788 3622">
     <span class='ocr_line' id='line_1_54' title="bbox 189 3547 1788 3622; baseline -0.004 -16"><span class='ocrx_word' id='word_1_427' title='bbox 189 3557 255 3606; x_wconf 88' lang='lat' dir='ltr'>l3.</span> <span class='ocrx_word' id='word_1_428' title='bbox 283 3557 381 3610; x_wconf 83' lang='lat' dir='ltr'>Car</span> <span class='ocrx_word' id='word_1_429' title='bbox 402 3555 616 3622; x_wconf 82' lang='lat' dir='ltr'>rogati,</span> <span class='ocrx_word' id='word_1_430' title='bbox 650 3556 752 3606; x_wconf 90' lang='lat' dir='ltr'>etc.</span> <span class='ocrx_word' id='word_1_431' title='bbox 779 3547 802 3620; x_wconf 88' lang='lat'>]</span> <span class='ocrx_word' id='word_1_432' title='bbox 829 3549 942 3622; x_wconf 85' lang='lat' dir='ltr'>Cur</span> <span class='ocrx_word' id='word_1_433' title='bbox 957 3548 1284 3622; x_wconf 84' lang='lat' dir='ltr'>quicunque</span> <span class='ocrx_word' id='word_1_434' title='bbox 1317 3547 1520 3622; x_wconf 84' lang='lat' dir='ltr'>litteris</span> <span class='ocrx_word' id='word_1_435' title='bbox 1554 3563 1788 3617; x_wconf 87' lang='lat' dir='ltr'>operam</span> 
     </span>
    </p>
   </div>
   <div class='ocr_carea' id='block_1_55' title="bbox 133 3620 1792 3691">
    <p class='ocr_par' dir='ltr' id='par_1_55' title="bbox 133 3620 1792 3691">
     <span class='ocr_line' id='line_1_55' title="bbox 133 3620 1792 3691; baseline -0.004 -14"><span class='ocrx_word' id='word_1_436' title='bbox 133 3641 222 3679; x_wconf 86' lang='lat' dir='ltr'>non</span> <span class='ocrx_word' id='word_1_437' title='bbox 249 3620 492 3689; x_wconf 69' lang='lat' dir='ltr'>dedistis,</span> <span class='ocrx_word' id='word_1_438' title='bbox 539 3622 882 3691; x_wconf 79' lang='lat' dir='ltr'>interrogati</span> <span class='ocrx_word' id='word_1_439' title='bbox 918 3621 988 3675; x_wconf 93' lang='lat' dir='ltr'>de</span> <span class='ocrx_word' id='word_1_440' title='bbox 1019 3621 1089 3674; x_wconf 94' lang='lat' dir='ltr'>iis</span> <span class='ocrx_word' id='word_1_441' title='bbox 1133 3636 1261 3691; x_wconf 68' lang='lat' dir='ltr'>quae</span> <span class='ocrx_word' id='word_1_442' title='bbox 1297 3620 1466 3686; x_wconf 80' lang='lat' dir='ltr'>vulgo</span> <span class='ocrx_word' id='word_1_443' title='bbox 1520 3627 1792 3672; x_wconf 82' lang='lat' dir='ltr'>vocantur</span> 
     </span>
    </p>
   </div>
   <div class='ocr_carea' id='block_1_56' title="bbox 133 3691 1793 3760">
    <p class='ocr_par' dir='ltr' id='par_1_56' title="bbox 133 3691 1793 3760">
     <span class='ocr_line' id='line_1_56' title="bbox 133 3691 1793 3760; baseline -0.002 -12"><span class='ocrx_word' id='word_1_444' title='bbox 133 3703 388 3759; x_wconf 71' lang='lat' dir='ltr'>ai-wmata,</span> <span class='ocrx_word' id='word_1_445' title='bbox 432 3704 493 3750; x_wconf 92' lang='lat' dir='ltr'>ut</span> <span class='ocrx_word' id='word_1_446' title='bbox 530 3712 606 3748; x_wconf 90' lang='lat' dir='ltr'>an</span> <span class='ocrx_word' id='word_1_447' title='bbox 643 3701 811 3748; x_wconf 86' lang='lat' dir='ltr'>totum</span> <span class='ocrx_word' id='word_1_448' title='bbox 837 3697 911 3746; x_wconf 85' lang='lat' dir='ltr'>sit</span> <span class='ocrx_word' id='word_1_449' title='bbox 940 3709 1042 3747; x_wconf 90' lang='lat' dir='ltr'>sua</span> <span class='ocrx_word' id='word_1_450' title='bbox 1070 3697 1226 3760; x_wconf 82' lang='lat' dir='ltr'>parte</span> <span class='ocrx_word' id='word_1_451' title='bbox 1255 3691 1435 3757; x_wconf 87' lang='lat' dir='ltr'>majus</span> <span class='ocrx_word' id='word_1_452' title='bbox 1461 3706 1473 3744; x_wconf 91' lang='lat'>:</span> <span class='ocrx_word' id='word_1_453' title='bbox 1528 3706 1599 3743; x_wconf 90' lang='lat' dir='ltr'>an</span> <span class='ocrx_word' id='word_1_454' title='bbox 1630 3691 1793 3744; x_wconf 78' lang='lat' dir='ltr'>alteri</span> 
     </span>
    </p>
   </div>
   <div class='ocr_carea' id='block_1_57' title="bbox 134 3762 1791 3838">
    <p class='ocr_par' dir='ltr' id='par_1_57' title="bbox 134 3762 1791 3838">
     <span class='ocr_line' id='line_1_57' title="bbox 134 3762 1791 3838; baseline -0.004 -18"><span class='ocrx_word' id='word_1_455' title='bbox 134 3770 401 3832; x_wconf 74' lang='lat' dir='ltr'>faciendum</span> <span class='ocrx_word' id='word_1_456' title='bbox 419 3767 571 3838; x_wconf 86' lang='lat' dir='ltr'>quod</span> <span class='ocrx_word' id='word_1_457' title='bbox 605 3766 705 3819; x_wconf 80' lang='lat' dir='ltr'>tibi</span> <span class='ocrx_word' id='word_1_458' title='bbox 731 3768 851 3838; x_wconf 79' lang='lat' dir='ltr'>ﬁeri</span> <span class='ocrx_word' id='word_1_459' title='bbox 873 3781 981 3818; x_wconf 90' lang='lat' dir='ltr'>non</span> <span class='ocrx_word' id='word_1_460' title='bbox 1007 3767 1088 3817; x_wconf 76' lang='lat' dir='ltr'>eis</span> <span class='ocrx_word' id='word_1_461' title='bbox 1111 3767 1138 3818; x_wconf 89' lang='lat'><strong><em>?</em></strong></span> <span class='ocrx_word' id='word_1_462' title='bbox 1159 3770 1311 3816; x_wconf 89' lang='lat' dir='ltr'>recte</span> <span class='ocrx_word' id='word_1_463' title='bbox 1331 3762 1791 3838; x_wconf 79' lang='lat' dir='ltr'>responderetis?</span> 
     </span>
    </p>
   </div>
   <div class='ocr_carea' id='block_1_58' title="bbox 136 3833 1791 3905">
    <p class='ocr_par' dir='ltr' id='par_1_58' title="bbox 136 3833 1791 3905">
     <span class='ocr_line' id='line_1_58' title="bbox 136 3833 1791 3905; baseline -0.002 -15"><span class='ocrx_word' id='word_1_464' title='bbox 136 3856 193 3893; x_wconf 73' lang='grc' dir='ltr'>διε</span> <span class='ocrx_word' id='word_1_465' title='bbox 215 3833 455 3895; x_wconf 78' lang='lat' dir='ltr'>Socrates</span> <span class='ocrx_word' id='word_1_466' title='bbox 502 3845 562 3893; x_wconf 87' lang='lat' dir='ltr'>et</span> <span class='ocrx_word' id='word_1_467' title='bbox 607 3839 765 3892; x_wconf 87' lang='lat' dir='ltr'>Plato</span> <span class='ocrx_word' id='word_1_468' title='bbox 813 3836 1096 3898; x_wconf 87' lang='lat' dir='ltr'>feruntur,</span> <span class='ocrx_word' id='word_1_469' title='bbox 1120 3850 1332 3905; x_wconf 90' lang='lat' dir='ltr'>pueros</span> <span class='ocrx_word' id='word_1_470' title='bbox 1362 3834 1430 3886; x_wconf 93' lang='lat' dir='ltr'>de</span> <span class='ocrx_word' id='word_1_471' title='bbox 1472 3833 1791 3905; x_wconf 78' lang='lat' dir='ltr'>mathema-</span> 
     </span>
    </p>
   </div>
   <div class='ocr_carea' id='block_1_59' title="bbox 135 3904 1796 3984">
    <p class='ocr_par' dir='ltr' id='par_1_59' title="bbox 135 3904 1796 3984">
     <span class='ocr_line' id='line_1_59' title="bbox 135 3904 1796 3984; baseline -0.002 -23"><span class='ocrx_word' id='word_1_472' title='bbox 135 3910 228 3984; x_wconf 81' lang='lat' dir='ltr'>ticis</span> <span class='ocrx_word' id='word_1_473' title='bbox 259 3913 654 3984; x_wconf 87' lang='lat' dir='ltr'>interrogasse,</span> <span class='ocrx_word' id='word_1_474' title='bbox 691 3908 900 3980; x_wconf 87' lang='lat' dir='ltr'>quibus</span> <span class='ocrx_word' id='word_1_475' title='bbox 946 3904 1136 3977; x_wconf 88' lang='lat' dir='ltr'>pueri,</span> <span class='ocrx_word' id='word_1_476' title='bbox 1179 3921 1282 3959; x_wconf 89' lang='lat' dir='ltr'>ceu</span> <span class='ocrx_word' id='word_1_477' title='bbox 1326 3904 1518 3974; x_wconf 89' lang='lat' dir='ltr'>periti,</span> <span class='ocrx_word' id='word_1_478' title='bbox 1563 3920 1796 3975; x_wconf 85' lang='lat' dir='ltr'>respon-</span> 
     </span>
    </p>
   </div>
   <div class='ocr_carea' id='block_1_60' title="bbox 137 3981 302 4038">
    <p class='ocr_par' dir='ltr' id='par_1_60' title="bbox 137 3981 302 4038">
     <span class='ocr_line' id='line_1_60' title="bbox 137 3981 302 4038; baseline 0.024 -4"><span class='ocrx_word' id='word_1_479' title='bbox 137 3981 302 4038; x_wconf 78' lang='lat' dir='ltr'>derint.</span> 
     </span>
    </p>
   </div>
   <div class='ocr_carea' id='block_1_61' title="bbox 196 4063 1795 4139">
    <p class='ocr_par' dir='ltr' id='par_1_61' title="bbox 196 4063 1795 4139">
     <span class='ocr_line' id='line_1_61' title="bbox 196 4063 1795 4139; baseline -0.006 -14"><span class='ocrx_word' id='word_1_480' title='bbox 196 4074 260 4125; x_wconf 72' lang='grc'>14.</span> <span class='ocrx_word' id='word_1_481' title='bbox 301 4075 368 4128; x_wconf 81' lang='lat' dir='ltr'>Ni</span> <span class='ocrx_word' id='word_1_482' title='bbox 413 4085 643 4134; x_wconf 85' lang='lat' dir='ltr'>mersus,</span> <span class='ocrx_word' id='word_1_483' title='bbox 678 4074 782 4122; x_wconf 90' lang='lat' dir='ltr'>etc.</span> <span class='ocrx_word' id='word_1_484' title='bbox 815 4069 832 4139; x_wconf 94' lang='lat'>]</span> <span class='ocrx_word' id='word_1_485' title='bbox 885 4066 1001 4122; x_wconf 78' lang='lat' dir='ltr'>Nisi</span> <span class='ocrx_word' id='word_1_486' title='bbox 1055 4066 1116 4120; x_wconf 89' lang='lat' dir='ltr'>in</span> <span class='ocrx_word' id='word_1_487' title='bbox 1149 4071 1340 4121; x_wconf 90' lang='lat' dir='ltr'>mente</span> <span class='ocrx_word' id='word_1_488' title='bbox 1372 4065 1494 4136; x_wconf 87' lang='lat' dir='ltr'>ipsa</span> <span class='ocrx_word' id='word_1_489' title='bbox 1527 4063 1795 4139; x_wconf 71' lang='lat' dir='ltr'>quaedam</span> 
     </span>
    </p>
   </div>
   <div class='ocr_carea' id='block_1_62' title="bbox 140 4137 1798 4214">
    <p class='ocr_par' dir='ltr' id='par_1_62' title="bbox 140 4137 1798 4214">
     <span class='ocr_line' id='line_1_62' title="bbox 140 4137 1798 4214; baseline -0.005 -19"><span class='ocrx_word' id='word_1_490' title='bbox 140 4151 364 4212; x_wconf 63' lang='lat' dir='ltr'>praesset</span> <span class='ocrx_word' id='word_1_491' title='bbox 391 4146 573 4209; x_wconf 89' lang='lat' dir='ltr'>notio,</span> <span class='ocrx_word' id='word_1_492' title='bbox 609 4157 738 4214; x_wconf 53' lang='lat' dir='ltr'>qua;</span> <span class='ocrx_word' id='word_1_493' title='bbox 773 4137 841 4192; x_wconf 82' lang='lat' dir='ltr'>sit</span> <span class='ocrx_word' id='word_1_494' title='bbox 874 4139 1047 4214; x_wconf 87' lang='lat' dir='ltr'>veluti</span> <span class='ocrx_word' id='word_1_495' title='bbox 1069 4140 1250 4214; x_wconf 81' lang='lat' dir='ltr'>fomes</span> <span class='ocrx_word' id='word_1_496' title='bbox 1272 4144 1328 4191; x_wconf 90' lang='lat' dir='ltr'>et</span> <span class='ocrx_word' id='word_1_497' title='bbox 1360 4142 1600 4214; x_wconf 72' lang='lat' dir='ltr'>materia</span> <span class='ocrx_word' id='word_1_498' title='bbox 1628 4137 1798 4214; x_wconf 81' lang='lat' dir='ltr'>hujus</span> 
     </span>
    </p>
   </div>
   <div class='ocr_carea' id='block_1_63' title="bbox 142 4207 1799 4286">
    <p class='ocr_par' dir='ltr' id='par_1_63' title="bbox 142 4207 1799 4286">
     <span class='ocr_line' id='line_1_63' title="bbox 142 4207 1799 4286; baseline 0.001 -23"><span class='ocrx_word' id='word_1_499' title='bbox 142 4207 230 4267; x_wconf 63' lang='lat' dir='ltr'>veri</span> <span class='ocrx_word' id='word_1_500' title='bbox 251 4217 490 4286; x_wconf 85' lang='lat' dir='ltr'>rectique</span> <span class='ocrx_word' id='word_1_501' title='bbox 537 4207 778 4286; x_wconf 64' lang='lat' dir='ltr'>judimi;</span> <span class='ocrx_word' id='word_1_502' title='bbox 813 4211 968 4282; x_wconf 89' lang='lat' dir='ltr'>quod</span> <span class='ocrx_word' id='word_1_503' title='bbox 995 4211 1160 4286; x_wconf 80' lang='lat' dir='ltr'>enim</span> <span class='ocrx_word' id='word_1_504' title='bbox 1209 4212 1489 4286; x_wconf 62' lang='lat' dir='ltr'>tumente</span> <span class='ocrx_word' id='word_1_505' title='bbox 1521 4207 1666 4285; x_wconf 81' lang='lat' dir='ltr'>ejus,</span> <span class='ocrx_word' id='word_1_506' title='bbox 1698 4207 1799 4275; x_wconf 74' lang='lat' dir='ltr'>qui</span> 
     </span>
    </p>
   </div>
   <div class='ocr_carea' id='block_1_64' title="bbox 143 4279 1797 4351">
    <p class='ocr_par' dir='ltr' id='par_1_64' title="bbox 143 4279 1797 4351">
     <span class='ocr_line' id='line_1_64' title="bbox 143 4279 1797 4351; baseline -0.005 -14"><span class='ocrx_word' id='word_1_507' title='bbox 143 4299 284 4339; x_wconf 66' lang='lat' dir='ltr'>cacus</span> <span class='ocrx_word' id='word_1_508' title='bbox 311 4279 472 4340; x_wconf 46' lang='lat' dir='ltr'>nat-us</span> <span class='ocrx_word' id='word_1_509' title='bbox 502 4279 612 4349; x_wconf 73' lang='lat' dir='ltr'>est,</span> <span class='ocrx_word' id='word_1_510' title='bbox 648 4284 807 4336; x_wconf 89' lang='lat' dir='ltr'>nulla</span> <span class='ocrx_word' id='word_1_511' title='bbox 830 4279 1035 4351; x_wconf 75' lang='lat' dir='ltr'>praesit</span> <span class='ocrx_word' id='word_1_512' title='bbox 1053 4283 1180 4334; x_wconf 89' lang='lat' dir='ltr'>talis</span> <span class='ocrx_word' id='word_1_513' title='bbox 1207 4279 1469 4351; x_wconf 84' lang='lat' dir='ltr'>colorum</span> <span class='ocrx_word' id='word_1_514' title='bbox 1496 4279 1652 4351; x_wconf 87' lang='lat' dir='ltr'>notio</span> <span class='ocrx_word' id='word_1_515' title='bbox 1679 4292 1797 4351; x_wconf 79' lang='lat' dir='ltr'>sive</span> 
     </span>
    </p>
   </div>
   <div class='ocr_carea' id='block_1_65' title="bbox 144 4348 1791 4422">
    <p class='ocr_par' dir='ltr' id='par_1_65' title="bbox 144 4348 1791 4422">
     <span class='ocr_line' id='line_1_65' title="bbox 144 4348 1791 4422; baseline -0.004 -16"><span class='ocrx_word' id='word_1_516' title='bbox 144 4354 256 4419; x_wconf 84' lang='lat' dir='ltr'>idea,</span> <span class='ocrx_word' id='word_1_517' title='bbox 300 4358 502 4411; x_wconf 90' lang='lat' dir='ltr'>idcirco</span> <span class='ocrx_word' id='word_1_518' title='bbox 546 4357 760 4410; x_wconf 83' lang='lat' dir='ltr'>frustra</span> <span class='ocrx_word' id='word_1_519' title='bbox 809 4348 1095 4422; x_wconf 74' lang='lat' dir='ltr'>ejusmodi</span> <span class='ocrx_word' id='word_1_520' title='bbox 1144 4367 1360 4405; x_wconf 73' lang='lat' dir='ltr'>caecum</span> <span class='ocrx_word' id='word_1_521' title='bbox 1410 4349 1637 4403; x_wconf 86' lang='lat' dir='ltr'>docebis</span> <span class='ocrx_word' id='word_1_522' title='bbox 1670 4348 1791 4401; x_wconf 87' lang='lat' dir='ltr'>frn-</span> 
     </span>
    </p>
   </div>
   <div class='ocr_carea' id='block_1_66' title="bbox 146 4424 1795 4499">
    <p class='ocr_par' dir='ltr' id='par_1_66' title="bbox 146 4424 1795 4499">
     <span class='ocr_line' id='line_1_66' title="bbox 146 4424 1795 4499; baseline -0.005 -22"><span class='ocrx_word' id='word_1_523' title='bbox 146 4433 333 4498; x_wconf 81' lang='lat' dir='ltr'>straque</span> <span class='ocrx_word' id='word_1_524' title='bbox 366 4425 764 4499; x_wconf 74' lang='lat' dir='ltr'>interrogabis</span> <span class='ocrx_word' id='word_1_525' title='bbox 800 4426 869 4478; x_wconf 90' lang='lat' dir='ltr'>de</span> <span class='ocrx_word' id='word_1_526' title='bbox 914 4424 1220 4499; x_wconf 81' lang='lat' dir='ltr'>coloribus,</span> <span class='ocrx_word' id='word_1_527' title='bbox 1266 4436 1562 4499; x_wconf 87' lang='lat' dir='ltr'>n_unquam</span> <span class='ocrx_word' id='word_1_528' title='bbox 1597 4433 1795 4499; x_wconf 74' lang='lat' dir='ltr'>verum</span> 
     </span>
    </p>
   </div>
   <div class='ocr_carea' id='block_1_67' title="bbox 148 4491 1798 4571">
    <p class='ocr_par' dir='ltr' id='par_1_67' title="bbox 148 4491 1798 4571">
     <span class='ocr_line' id='line_1_67' title="bbox 148 4491 1798 4571; baseline -0.005 -22"><span class='ocrx_word' id='word_1_529' title='bbox 148 4491 433 4571; x_wconf 69' lang='lat' dir='ltr'>rectumque</span> <span class='ocrx_word' id='word_1_530' title='bbox 464 4500 533 4552; x_wconf 91' lang='lat' dir='ltr'>de</span> <span class='ocrx_word' id='word_1_531' title='bbox 593 4491 686 4571; x_wconf 76' lang='lat' dir='ltr'>his</span> <span class='ocrx_word' id='word_1_532' title='bbox 743 4496 884 4571; x_wconf 78' lang='lat' dir='ltr'>feret</span> <span class='ocrx_word' id='word_1_533' title='bbox 933 4496 1247 4571; x_wconf 87' lang='lat' dir='ltr'>judicium._</span> <span class='ocrx_word' id='word_1_534' title='bbox 1290 4495 1600 4571; x_wconf 76' lang='lat' dir='ltr'>Propterea</span> <span class='ocrx_word' id='word_1_535' title='bbox 1629 4491 1798 4559; x_wconf 90' lang='lat' dir='ltr'>logici</span> 
     </span>
    </p>
   </div>
   <div class='ocr_carea' id='block_1_68' title="bbox 147 4565 1798 4637">
    <p class='ocr_par' dir='ltr' id='par_1_68' title="bbox 147 4565 1798 4637">
     <span class='ocr_line' id='line_1_68' title="bbox 147 4565 1798 4637; baseline -0.004 -18"><span class='ocrx_word' id='word_1_536' title='bbox 147 4565 419 4635; x_wconf 41' lang='lat' dir='ltr'>docentfin</span> <span class='ocrx_word' id='word_1_537' title='bbox 451 4569 612 4623; x_wconf 90' lang='lat' dir='ltr'>omni</span> <span class='ocrx_word' id='word_1_538' title='bbox 642 4567 910 4621; x_wconf 87' lang='lat' dir='ltr'>methodo</span> <span class='ocrx_word' id='word_1_539' title='bbox 938 4583 1166 4637; x_wconf 85' lang='lat' dir='ltr'>semper</span> <span class='ocrx_word' id='word_1_540' title='bbox 1216 4565 1343 4619; x_wconf 89' lang='lat' dir='ltr'>tieri</span> <span class='ocrx_word' id='word_1_541' title='bbox 1367 4578 1737 4634; x_wconf 84' lang='lat' dir='ltr'>progressum</span> <span class='ocrx_word' id='word_1_542' title='bbox 1766 4578 1798 4613; x_wconf 90' lang='lat' dir='ltr'>a</span> 
     </span>
    </p>
   </div>
   <div class='ocr_carea' id='block_1_69' title="bbox 148 4640 946 4695">
    <p class='ocr_par' dir='ltr' id='par_1_69' title="bbox 148 4640 946 4695">
     <span class='ocr_line' id='line_1_69' title="bbox 148 4640 946 4695; baseline 0 -5"><span class='ocrx_word' id='word_1_543' title='bbox 148 4643 426 4694; x_wconf 87' lang='lat' dir='ltr'>notioribus</span> <span class='ocrx_word' id='word_1_544' title='bbox 461 4643 534 4695; x_wconf 89' lang='lat' dir='ltr'>ad</span> <span class='ocrx_word' id='word_1_545' title='bbox 568 4640 758 4694; x_wconf 84' lang='lat' dir='ltr'>minus</span> <span class='ocrx_word' id='word_1_546' title='bbox 791 4643 946 4691; x_wconf 91' lang='lat' dir='ltr'>nota.</span> 
     </span>
    </p>
   </div>
   <div class='ocr_carea' id='block_1_70' title="bbox 211 4721 1800 4797">
    <p class='ocr_par' dir='ltr' id='par_1_70' title="bbox 211 4721 1800 4797">
     <span class='ocr_line' id='line_1_70' title="bbox 211 4721 1800 4797; baseline -0.006 -17"><span class='ocrx_word' id='word_1_547' title='bbox 211 4732 274 4783; x_wconf 78' lang='lat' dir='ltr'>l5.</span> <span class='ocrx_word' id='word_1_548' title='bbox 307 4733 542 4785; x_wconf 84' lang='lat' dir='ltr'>Platonis</span> <span class='ocrx_word' id='word_1_549' title='bbox 570 4727 772 4797; x_wconf 69' lang='lat' dir='ltr'>musa]</span> <span class='ocrx_word' id='word_1_550' title='bbox 809 4728 930 4780; x_wconf 81' lang='lat' dir='ltr'>Non</span> <span class='ocrx_word' id='word_1_551' title='bbox 963 4724 1243 4796; x_wconf 86' lang='lat' dir='ltr'>approbat</span> <span class='ocrx_word' id='word_1_552' title='bbox 1274 4723 1506 4797; x_wconf 90' lang='lat' dir='ltr'>quidem</span> <span class='ocrx_word' id='word_1_553' title='bbox 1547 4721 1800 4797; x_wconf 82' lang='lat' dir='ltr'>Philoso-</span> 
     </span>
    </p>
   </div>
   <div class='ocr_carea' id='block_1_71' title="bbox 151 4795 1804 4866">
    <p class='ocr_par' dir='ltr' id='par_1_71' title="bbox 151 4795 1804 4866">
     <span class='ocr_line' id='line_1_71' title="bbox 151 4795 1804 4866; baseline -0.005 -15"><span class='ocrx_word' id='word_1_554' title='bbox 151 4798 258 4866; x_wconf 84' lang='lat' dir='ltr'>phia</span> <span class='ocrx_word' id='word_1_555' title='bbox 285 4803 619 4856; x_wconf 88' lang='lat' dir='ltr'>sententiam</span> <span class='ocrx_word' id='word_1_556' title='bbox 653 4795 924 4863; x_wconf 79' lang='lat' dir='ltr'>Platonis,</span> <span class='ocrx_word' id='word_1_557' title='bbox 959 4795 1017 4850; x_wconf 83' lang='lat' dir='ltr'>in</span> <span class='ocrx_word' id='word_1_558' title='bbox 1039 4798 1144 4850; x_wconf 88' lang='lat' dir='ltr'>hoc</span> <span class='ocrx_word' id='word_1_559' title='bbox 1165 4797 1314 4866; x_wconf 94' lang='lat' dir='ltr'>quod</span> <span class='ocrx_word' id='word_1_560' title='bbox 1339 4795 1616 4866; x_wconf 83' lang='lat' dir='ltr'>docuerit,</span> <span class='ocrx_word' id='word_1_561' title='bbox 1647 4808 1804 4844; x_wconf 90' lang='lat' dir='ltr'>men-</span> 
     </span>
    </p>
   </div>
   <div class='ocr_carea' id='block_1_72' title="bbox 155 4865 1804 4939">
    <p class='ocr_par' dir='ltr' id='par_1_72' title="bbox 155 4865 1804 4939">
     <span class='ocr_line' id='line_1_72' title="bbox 155 4865 1804 4939; baseline -0.003 -19"><span class='ocrx_word' id='word_1_562' title='bbox 155 4873 219 4939; x_wconf 82' lang='lat' dir='ltr'>tes</span> <span class='ocrx_word' id='word_1_563' title='bbox 243 4872 506 4926; x_wconf 86' lang='lat' dir='ltr'>humanas</span> <span class='ocrx_word' id='word_1_564' title='bbox 528 4872 786 4924; x_wconf 89' lang='lat' dir='ltr'>conditas</span> <span class='ocrx_word' id='word_1_565' title='bbox 816 4869 1012 4930; x_wconf 83' lang='lat' dir='ltr'>fuisse,</span> <span class='ocrx_word' id='word_1_566' title='bbox 1036 4865 1345 4939; x_wconf 81' lang='lat' dir='ltr'>antequam</span> <span class='ocrx_word' id='word_1_567' title='bbox 1379 4867 1463 4918; x_wconf 80' lang='lat' dir='ltr'>hae</span> <span class='ocrx_word' id='word_1_568' title='bbox 1488 4865 1804 4939; x_wconf 64' lang='lat' dir='ltr'>conjunctae</span> 
     </span>
    </p>
   </div>
   <div class='ocr_carea' id='block_1_73' title="bbox 157 4934 1806 5012">
    <p class='ocr_par' dir='ltr' id='par_1_73' title="bbox 157 4934 1806 5012">
     <span class='ocr_line' id='line_1_73' title="bbox 157 4934 1806 5012; baseline -0.004 -21"><span class='ocrx_word' id='word_1_569' title='bbox 157 4938 334 4996; x_wconf 81' lang='lat' dir='ltr'>fuerint</span> <span class='ocrx_word' id='word_1_570' title='bbox 362 4961 486 4998; x_wconf 88' lang='lat' dir='ltr'>cum</span> <span class='ocrx_word' id='word_1_571' title='bbox 521 4941 854 5012; x_wconf 89' lang='lat' dir='ltr'>corporibus</span> <span class='ocrx_word' id='word_1_572' title='bbox 879 4956 891 4994; x_wconf 90' lang='lat'>:</span> <span class='ocrx_word' id='word_1_573' title='bbox 916 4934 1282 5012; x_wconf 75' lang='lat' dir='ltr'>siquideuiid</span> <span class='ocrx_word' id='word_1_574' title='bbox 1303 4934 1806 5012; x_wconf 86' lang='lat' dir='ltr'>_naturali_lumine</span> 
     </span>
    </p>
   </div>
   <div class='ocr_carea' id='block_1_74' title="bbox 158 5007 1806 5083">
    <p class='ocr_par' dir='ltr' id='par_1_74' title="bbox 158 5007 1806 5083">
     <span class='ocr_line' id='line_1_74' title="bbox 158 5007 1806 5083; baseline -0.007 -16"><span class='ocrx_word' id='word_1_575' title='bbox 158 5017 385 5080; x_wconf 77' lang='lat' dir='ltr'>Cognosci</span> <span class='ocrx_word' id='word_1_576' title='bbox 417 5032 528 5068; x_wconf 90' lang='lat' dir='ltr'>non</span> <span class='ocrx_word' id='word_1_577' title='bbox 562 5007 729 5083; x_wconf 80' lang='lat' dir='ltr'>posse</span> <span class='ocrx_word' id='word_1_578' title='bbox 761 5007 1021 5065; x_wconf 61' lang='lat' dir='ltr'>videtun:</span> <span class='ocrx_word' id='word_1_579' title='bbox 1045 5082 1048 5083; x_wconf 15' lang='grc' dir='ltr'><em>ν</em></span> <span class='ocrx_word' id='word_1_580' title='bbox 1075 5013 1172 5063; x_wconf 92' lang='lat' dir='ltr'>sed</span> <span class='ocrx_word' id='word_1_581' title='bbox 1203 5011 1261 5083; x_wconf 90' lang='lat' dir='ltr'>in</span> <span class='ocrx_word' id='word_1_582' title='bbox 1303 5007 1592 5083; x_wconf 80' lang='lat' dir='ltr'>hocquod</span> <span class='ocrx_word' id='word_1_583' title='bbox 1641 5013 1806 5083; x_wconf 84' lang='lat' dir='ltr'>puta-</span> 
     </span>
    </p>
   </div>
   <div class='ocr_carea' id='block_1_75' title="bbox 159 5077 1802 5156">
    <p class='ocr_par' dir='ltr' id='par_1_75' title="bbox 159 5077 1802 5156">
     <span class='ocr_line' id='line_1_75' title="bbox 159 5077 1802 5156; baseline 0.004 -26"><span class='ocrx_word' id='word_1_584' title='bbox 159 5077 292 5148; x_wconf 69' lang='lat' dir='ltr'>verit,</span> <span class='ocrx_word' id='word_1_585' title='bbox 323 5077 703 5156; x_wconf 51' lang='lat' dir='ltr'>cognitio-nem</span> <span class='ocrx_word' id='word_1_586' title='bbox 729 5082 1182 5156; x_wconf 9' lang='lat' dir='ltr'>philosopliircam</span> <span class='ocrx_word' id='word_1_587' title='bbox 1212 5082 1292 5134; x_wconf 88' lang='lat' dir='ltr'>ita</span> <span class='ocrx_word' id='word_1_588' title='bbox 1325 5081 1395 5134; x_wconf 92' lang='lat' dir='ltr'>ab</span> <span class='ocrx_word' id='word_1_589' title='bbox 1420 5077 1615 5156; x_wconf 82' lang='lat' dir='ltr'>innata</span> <span class='ocrx_word' id='word_1_590' title='bbox 1643 5077 1802 5156; x_wconf 77' lang='lat' dir='ltr'>oriri.</span> 
     </span>
    </p>
   </div>
   <div class='ocr_carea' id='block_1_76' title="bbox 162 5150 1805 5228">
    <p class='ocr_par' dir='ltr' id='par_1_76' title="bbox 162 5150 1805 5228">
     <span class='ocr_line' id='line_1_76' title="bbox 162 5150 1805 5228; baseline -0.007 -19"><span class='ocrx_word' id='word_1_591' title='bbox 162 5157 210 5228; x_wconf 67' lang='lat' dir='ltr'>ut</span> <span class='ocrx_word' id='word_1_592' title='bbox 244 5150 617 5228; x_wconf 75' lang='lat' dir='ltr'>philosophica</span> <span class='ocrx_word' id='word_1_593' title='bbox 649 5150 792 5208; x_wconf 78' lang='lat' dir='ltr'>nihil</span> <span class='ocrx_word' id='word_1_594' title='bbox 834 5150 989 5208; x_wconf 79' lang='lat' dir='ltr'>aliud</span> <span class='ocrx_word' id='word_1_595' title='bbox 1021 5155 1092 5207; x_wconf 89' lang='lat' dir='ltr'>sit</span> <span class='ocrx_word' id='word_1_596' title='bbox 1137 5168 1311 5228; x_wconf 84' lang='lat' dir='ltr'>quam</span> <span class='ocrx_word' id='word_1_597' title='bbox 1343 5151 1543 5204; x_wconf 89' lang='lat' dir='ltr'>modus</span> <span class='ocrx_word' id='word_1_598' title='bbox 1575 5150 1805 5228; x_wconf 57' lang='lat' dir='ltr'>innatae,</span> 
     </span>
    </p>
   </div>
   <div class='ocr_carea' id='block_1_77' title="bbox 163 5219 1808 5296">
    <p class='ocr_par' dir='ltr' id='par_1_77' title="bbox 163 5219 1808 5296">
     <span class='ocr_line' id='line_1_77' title="bbox 163 5219 1808 5296; baseline -0.003 -20"><span class='ocrx_word' id='word_1_599' title='bbox 163 5219 258 5296; x_wconf 62' lang='lat' dir='ltr'>sive</span> <span class='ocrx_word' id='word_1_600' title='bbox 283 5219 471 5281; x_wconf 73' lang='lat' dir='ltr'>innata</span> <span class='ocrx_word' id='word_1_601' title='bbox 505 5228 868 5281; x_wconf 76' lang='lat' dir='ltr'>modiﬁcata:</span> <span class='ocrx_word' id='word_1_602' title='bbox 916 5219 1406 5296; x_wconf 81' lang='lat' dir='ltr'>quemadmodum</span> <span class='ocrx_word' id='word_1_603' title='bbox 1431 5220 1707 5296; x_wconf 87' lang='lat' dir='ltr'>appetitio</span> <span class='ocrx_word' id='word_1_604' title='bbox 1738 5219 1808 5272; x_wconf 89' lang='lat' dir='ltr'>li-</span> 
     </span>
    </p>
   </div>
   <div class='ocr_carea' id='block_1_78' title="bbox 162 5291 1810 5366">
    <p class='ocr_par' dir='ltr' id='par_1_78' title="bbox 162 5291 1810 5366">
     <span class='ocr_line' id='line_1_78' title="bbox 162 5291 1810 5366; baseline -0.004 -20"><span class='ocrx_word' id='word_1_605' title='bbox 162 5291 276 5349; x_wconf 86' lang='lat' dir='ltr'>bera</span> <span class='ocrx_word' id='word_1_606' title='bbox 303 5299 635 5366; x_wconf 84' lang='lat' dir='ltr'>divitiarum,</span> <span class='ocrx_word' id='word_1_607' title='bbox 684 5297 824 5351; x_wconf 88' lang='lat' dir='ltr'>nihil</span> <span class='ocrx_word' id='word_1_608' title='bbox 870 5291 1022 5350; x_wconf 78' lang='lat' dir='ltr'>aliud</span> <span class='ocrx_word' id='word_1_609' title='bbox 1054 5303 1137 5349; x_wconf 89' lang='lat' dir='ltr'>est</span> <span class='ocrx_word' id='word_1_610' title='bbox 1167 5311 1339 5366; x_wconf 88' lang='lat' dir='ltr'>quam</span> <span class='ocrx_word' id='word_1_611' title='bbox 1373 5291 1590 5366; x_wconf 74' lang='lat' dir='ltr'>modus</span> <span class='ocrx_word' id='word_1_612' title='bbox 1621 5305 1810 5343; x_wconf 86' lang='lat' dir='ltr'>neces-</span> 
     </span>
    </p>
   </div>
   <div class='ocr_carea' id='block_1_79' title="bbox 167 5365 1848 5440">
    <p class='ocr_par' dir='ltr' id='par_1_79' title="bbox 167 5365 1848 5440">
     <span class='ocr_line' id='line_1_79' title="bbox 167 5365 1848 5440; baseline -0.002 -25"><span class='ocrx_word' id='word_1_613' title='bbox 167 5367 301 5420; x_wconf 67' lang='lat' dir='ltr'>sariae</span> <span class='ocrx_word' id='word_1_614' title='bbox 330 5371 685 5440; x_wconf 86' lang='lat' dir='ltr'>appetitionis</span> <span class='ocrx_word' id='word_1_615' title='bbox 707 5371 854 5422; x_wconf 90' lang='lat' dir='ltr'>circa</span> <span class='ocrx_word' id='word_1_616' title='bbox 874 5368 1090 5422; x_wconf 89' lang='lat' dir='ltr'>bonum</span> <span class='ocrx_word' id='word_1_617' title='bbox 1127 5365 1468 5437; x_wconf 84' lang='lat' dir='ltr'>generatim.</span> <span class='ocrx_word' id='word_1_618' title='bbox 1504 5365 1848 5432; x_wconf 76' lang='lat' dir='ltr'>Propterea&#39;</span> 
     </span>
    </p>
   </div>
   <div class='ocr_carea' id='block_1_80' title="bbox 230 5448 1814 5523">
    <p class='ocr_par' dir='ltr' id='par_1_80' title="bbox 230 5448 1814 5523">
     <span class='ocr_line' id='line_1_80' title="bbox 230 5448 1814 5523; baseline -0.006 -13"><span class='ocrx_word' id='word_1_619' title='bbox 230 5453 244 5484; x_wconf 77' lang='lat'><strong>‘</strong></span> <span class='ocrx_word' id='word_1_620' title='bbox 276 5458 474 5511; x_wconf 84' lang='lat' dir='ltr'>Plutoni</span> <span class='ocrx_word' id='word_1_621' title='bbox 505 5459 834 5512; x_wconf 67' lang='lat' dir='ltr'>vehementer</span> <span class='ocrx_word' id='word_1_622' title='bbox 865 5457 1148 5510; x_wconf 80' lang='lat' dir='ltr'>assentior.</span> <span class='ocrx_word' id='word_1_623' title='bbox 1185 5454 1203 5523; x_wconf 91' lang='lat'>]</span> <span class='ocrx_word' id='word_1_624' title='bbox 1253 5452 1522 5506; x_wconf 80' lang='lat' dir='ltr'>Praedicta</span> <span class='ocrx_word' id='word_1_625' title='bbox 1560 5448 1814 5523; x_wconf 90' lang='lat' dir='ltr'>Platonis</span> 
     </span>
    </p>
   </div>
   <div class='ocr_carea' id='block_1_81' title="bbox 172 5522 1815 5584">
    <p class='ocr_par' dir='ltr' id='par_1_81' title="bbox 172 5522 1815 5584">
     <span class='ocr_line' id='line_1_81' title="bbox 172 5522 1815 5584; baseline -0.002 -9"><span class='ocrx_word' id='word_1_626' title='bbox 172 5529 417 5582; x_wconf 86' lang='lat' dir='ltr'>sententia</span> <span class='ocrx_word' id='word_1_627' title='bbox 436 5530 503 5583; x_wconf 90' lang='lat' dir='ltr'>de</span> <span class='ocrx_word' id='word_1_628' title='bbox 521 5528 907 5584; x_wconf 88' lang='lat' dir='ltr'>recordatione</span> <span class='ocrx_word' id='word_1_629' title='bbox 929 5527 988 5580; x_wconf 91' lang='lat' dir='ltr'>in</span> <span class='ocrx_word' id='word_1_630' title='bbox 1013 5522 1234 5580; x_wconf 81' lang='lat' dir='ltr'>duobus</span> <span class='ocrx_word' id='word_1_631' title='bbox 1249 5526 1525 5577; x_wconf 84' lang='lat' dir='ltr'>versatur.</span> <span class='ocrx_word' id='word_1_632' title='bbox 1556 5522 1815 5574; x_wconf 77' lang='lat' dir='ltr'>Alterum</span> 
     </span>
    </p>
   </div>
   <div class='ocr_carea' id='block_1_82' title="bbox 175 5593 1817 5669">
    <p class='ocr_par' dir='ltr' id='par_1_82' title="bbox 175 5593 1817 5669">
     <span class='ocr_line' id='line_1_82' title="bbox 175 5593 1817 5669; baseline -0.004 -20"><span class='ocrx_word' id='word_1_633' title='bbox 175 5602 243 5649; x_wconf 83' lang='lat' dir='ltr'>est</span> <span class='ocrx_word' id='word_1_634' title='bbox 271 5606 471 5654; x_wconf 83' lang='lat' dir='ltr'>mentes</span> <span class='ocrx_word' id='word_1_635' title='bbox 511 5601 808 5665; x_wconf 88' lang='lat' dir='ltr'>humanas,</span> <span class='ocrx_word' id='word_1_636' title='bbox 859 5604 1164 5669; x_wconf 88' lang='lat' dir='ltr'>antequam</span> <span class='ocrx_word' id='word_1_637' title='bbox 1196 5597 1284 5650; x_wconf 73' lang='lat'>1183</span> <span class='ocrx_word' id='word_1_638' title='bbox 1325 5593 1817 5669; x_wconf 79' lang='lat' dir='ltr'>corporibusjun-</span> 
     </span>
    </p>
   </div>
   <div class='ocr_carea' id='block_1_83' title="bbox 179 5663 1821 5740">
    <p class='ocr_par' dir='ltr' id='par_1_83' title="bbox 179 5663 1821 5740">
     <span class='ocr_line' id='line_1_83' title="bbox 179 5663 1821 5740; baseline -0.002 -21"><span class='ocrx_word' id='word_1_639' title='bbox 179 5679 436 5740; x_wconf 82' lang='lat' dir='ltr'>gerentur,</span> <span class='ocrx_word' id='word_1_640' title='bbox 469 5673 632 5726; x_wconf 83' lang='lat' dir='ltr'>fuisse</span> <span class='ocrx_word' id='word_1_641' title='bbox 663 5663 920 5725; x_wconf 85' lang='lat' dir='ltr'>conditas</span> <span class='ocrx_word' id='word_1_642' title='bbox 952 5663 1232 5740; x_wconf 56' lang='lat' dir='ltr'>et&#39;rerum</span> <span class='ocrx_word' id='word_1_643' title='bbox 1253 5665 1524 5740; x_wconf 74' lang='lat' dir='ltr'>omnium</span> <span class='ocrx_word' id='word_1_644' title='bbox 1556 5663 1821 5740; x_wconf 75' lang='lat' dir='ltr'>doctrina</span> 
     </span>
    </p>
   </div>
   <div class='ocr_carea' id='block_1_84' title="bbox 181 5735 1818 5805">
    <p class='ocr_par' dir='ltr' id='par_1_84' title="bbox 181 5735 1818 5805">
     <span class='ocr_line' id='line_1_84' title="bbox 181 5735 1818 5805; baseline -0.002 -10"><span class='ocrx_word' id='word_1_645' title='bbox 181 5735 449 5805; x_wconf 64' lang='lat' dir='ltr'>praeditas:</span> <span class='ocrx_word' id='word_1_646' title='bbox 500 5744 638 5800; x_wconf 84' lang='lat' dir='ltr'>sicut</span> <span class='ocrx_word' id='word_1_647' title='bbox 681 5742 1013 5799; x_wconf 83' lang='lat' dir='ltr'>Aristoteles</span> <span class='ocrx_word' id='word_1_648' title='bbox 1061 5739 1139 5798; x_wconf 86' lang='lat' dir='ltr'>ait</span> <span class='ocrx_word' id='word_1_649' title='bbox 1168 5756 1208 5796; x_wconf 82' lang='grc' dir='ltr'>ιι</span> <span class='ocrx_word' id='word_1_650' title='bbox 1235 5739 1304 5797; x_wconf 88' lang='lat' dir='ltr'>de</span> <span class='ocrx_word' id='word_1_651' title='bbox 1361 5739 1496 5795; x_wconf 86' lang='lat' dir='ltr'>Gen.</span> <span class='ocrx_word' id='word_1_652' title='bbox 1537 5735 1818 5805; x_wconf 83' lang='lat' dir='ltr'>Alterum,</span> 
     </span>
    </p>
   </div>
   <div class='ocr_carea' id='block_1_85' title="bbox 503 5841 1042 5912">
    <p class='ocr_par' dir='ltr' id='par_1_85' title="bbox 503 5841 1042 5912">
     <span class='ocr_line' id='line_1_85' title="bbox 503 5841 1042 5912; baseline -0.004 -2"><span class='ocrx_word' id='word_1_653' title='bbox 503 5843 772 5912; x_wconf 71' lang='lat' dir='ltr'>PATROL.</span> <span class='ocrx_word' id='word_1_654' title='bbox 825 5841 1042 5910; x_wconf 83' lang='lat' dir='ltr'>LXlll.</span> 
     </span>
    </p>
   </div>
   <div class='ocr_carea' id='block_1_86' title="bbox 1901 2959 3588 3033">
    <p class='ocr_par' dir='ltr' id='par_1_86' title="bbox 1901 2959 3588 3033">
     <span class='ocr_line' id='line_1_86' title="bbox 1901 2959 3588 3033; baseline 0.004 -20"><span class='ocrx_word' id='word_1_655' title='bbox 1901 2959 2131 3033; x_wconf 80' lang='lat' dir='ltr'>easdem</span> <span class='ocrx_word' id='word_1_656' title='bbox 2161 2963 2383 3033; x_wconf 79' lang='lat' dir='ltr'>mentes</span> <span class='ocrx_word' id='word_1_657' title='bbox 2414 2962 2651 3033; x_wconf 76' lang='lat' dir='ltr'>propter</span> <span class='ocrx_word' id='word_1_658' title='bbox 2685 2975 2852 3033; x_wconf 87' lang='lat' dir='ltr'>suum</span> <span class='ocrx_word' id='word_1_659' title='bbox 2873 2976 3001 3015; x_wconf 90' lang='lat' dir='ltr'>cum</span> <span class='ocrx_word' id='word_1_660' title='bbox 3026 2978 3261 3033; x_wconf 70' lang='lat' dir='ltr'>corpora</span> <span class='ocrx_word' id='word_1_661' title='bbox 3299 2979 3588 3020; x_wconf 88' lang='lat' dir='ltr'>commer-</span> 
     </span>
    </p>
   </div>
   <div class='ocr_carea' id='block_1_87' title="bbox 1829 3029 3587 3124">
    <p class='ocr_par' dir='ltr' id='par_1_87' title="bbox 1829 3029 3587 3124">
     <span class='ocr_line' id='line_1_87' title="bbox 1829 3029 3587 3124; baseline 0.005 -41"><span class='ocrx_word' id='word_1_662' title='bbox 1829 3071 1868 3124; x_wconf 62' lang='grc' dir='ltr'><strong>Ο</strong></span> <span class='ocrx_word' id='word_1_663' title='bbox 1900 3032 2050 3084; x_wconf 86' lang='lat' dir='ltr'>cium</span> <span class='ocrx_word' id='word_1_664' title='bbox 2104 3029 2410 3124; x_wconf 57' lang='lat' dir='ltr'>praeteritae</span> <span class='ocrx_word' id='word_1_665' title='bbox 2443 3029 2557 3083; x_wconf 62' lang='lat' dir='ltr'>sua!</span> <span class='ocrx_word' id='word_1_666' title='bbox 2617 3031 2911 3124; x_wconf 39' lang='lat' dir='ltr'>&#39;dolctrinai.</span> <span class='ocrx_word' id='word_1_667' title='bbox 2941 3029 3147 3124; x_wconf 67' lang='lat' dir='ltr'>oblitas</span> <span class='ocrx_word' id='word_1_668' title='bbox 3180 3034 3373 3124; x_wconf 77' lang='lat' dir='ltr'>fuisse,</span> <span class='ocrx_word' id='word_1_669' title='bbox 3408 3037 3587 3092; x_wconf 81' lang='lat' dir='ltr'>donec</span> 
     </span>
    </p>
   </div>
   <div class='ocr_carea' id='block_1_88' title="bbox 1900 3103 3589 3178">
    <p class='ocr_par' dir='ltr' id='par_1_88' title="bbox 1900 3103 3589 3178">
     <span class='ocr_line' id='line_1_88' title="bbox 1900 3103 3589 3178; baseline 0.005 -24"><span class='ocrx_word' id='word_1_670' title='bbox 1900 3103 2565 3178; x_wconf 80' lang='lat' dir='ltr'>suo_magi_strorumque</span> <span class='ocrx_word' id='word_1_671' title='bbox 2614 3103 2809 3156; x_wconf 89' lang='lat' dir='ltr'>labore</span> <span class='ocrx_word' id='word_1_672' title='bbox 2858 3103 3140 3178; x_wconf 82' lang='lat' dir='ltr'>discentes</span> <span class='ocrx_word' id='word_1_673' title='bbox 3188 3107 3439 3178; x_wconf 69' lang='lat' dir='ltr'>antiquae</span> <span class='ocrx_word' id='word_1_674' title='bbox 3469 3125 3589 3164; x_wconf 67' lang='lat' dir='ltr'>sua:</span> 
     </span>
    </p>
   </div>
   <div class='ocr_carea' id='block_1_89' title="bbox 1897 3172 3589 3234">
    <p class='ocr_par' dir='ltr' id='par_1_89' title="bbox 1897 3172 3589 3234">
     <span class='ocr_line' id='line_1_89' title="bbox 1897 3172 3589 3234; baseline 0.005 -8"><span class='ocrx_word' id='word_1_675' title='bbox 1897 3172 2236 3226; x_wconf 90' lang='lat' dir='ltr'>eruditionis</span> <span class='ocrx_word' id='word_1_676' title='bbox 2281 3173 2456 3226; x_wconf 90' lang='lat' dir='ltr'>veluti</span> <span class='ocrx_word' id='word_1_677' title='bbox 2509 3189 2795 3228; x_wconf 87' lang='lat' dir='ltr'>memores</span> <span class='ocrx_word' id='word_1_678' title='bbox 2827 3176 3286 3231; x_wconf 87' lang='lat' dir='ltr'>recordarentur.</span> <span class='ocrx_word' id='word_1_679' title='bbox 3327 3172 3589 3234; x_wconf 80' lang='lat' dir='ltr'>Primum</span> 
     </span>
    </p>
   </div>
   <div class='ocr_carea' id='block_1_90' title="bbox 1897 3244 3587 3319">
    <p class='ocr_par' dir='ltr' id='par_1_90' title="bbox 1897 3244 3587 3319">
     <span class='ocr_line' id='line_1_90' title="bbox 1897 3244 3587 3319; baseline 0.005 -22"><span class='ocrx_word' id='word_1_680' title='bbox 1897 3244 2240 3319; x_wconf 80' lang='lat' dir='ltr'>quibusdam</span> <span class='ocrx_word' id='word_1_681' title='bbox 2272 3245 2808 3319; x_wconf 84' lang='lat' dir='ltr'>etiam_Chr_istianis</span> <span class='ocrx_word' id='word_1_682' title='bbox 2835 3247 3067 3319; x_wconf 87' lang='lat' dir='ltr'>placuit,</span> <span class='ocrx_word' id='word_1_683' title='bbox 3087 3258 3151 3302; x_wconf 88' lang='lat' dir='ltr'>ut</span> <span class='ocrx_word' id='word_1_684' title='bbox 3182 3249 3421 3319; x_wconf 86' lang='lat' dir='ltr'>Origeni</span> <span class='ocrx_word' id='word_1_685' title='bbox 3453 3252 3587 3306; x_wconf 88' lang='lat' dir='ltr'>:sed</span> 
     </span>
    </p>
   </div>
   <div class='ocr_carea' id='block_1_91' title="bbox 1896 3316 3590 3383">
    <p class='ocr_par' dir='ltr' id='par_1_91' title="bbox 1896 3316 3590 3383">
     <span class='ocr_line' id='line_1_91' title="bbox 1896 3316 3590 3383; baseline 0.004 -14"><span class='ocrx_word' id='word_1_686' title='bbox 1896 3316 2178 3369; x_wconf 83' lang='lat' dir='ltr'>refutatur</span> <span class='ocrx_word' id='word_1_687' title='bbox 2209 3332 2337 3368; x_wconf 90' lang='lat' dir='ltr'>cum</span> <span class='ocrx_word' id='word_1_688' title='bbox 2370 3317 2534 3383; x_wconf 87' lang='lat' dir='ltr'>epist.</span> <span class='ocrx_word' id='word_1_689' title='bbox 2584 3316 2787 3369; x_wconf 83' lang='lat' dir='ltr'>Leonis</span> <span class='ocrx_word' id='word_1_690' title='bbox 2843 3319 2862 3368; x_wconf 87' lang='lat' dir='ltr'>l</span> <span class='ocrx_word' id='word_1_691' title='bbox 2926 3318 2994 3371; x_wconf 89' lang='lat' dir='ltr'>ad</span> <span class='ocrx_word' id='word_1_692' title='bbox 3029 3316 3329 3373; x_wconf 80' lang='lat' dir='ltr'>Turibium</span> <span class='ocrx_word' id='word_1_693' title='bbox 3368 3322 3590 3375; x_wconf 76' lang='lat' dir='ltr'>Asturi-</span> 
     </span>
    </p>
   </div>
   <div class='ocr_carea' id='block_1_92' title="bbox 1897 3386 3586 3458">
    <p class='ocr_par' dir='ltr' id='par_1_92' title="bbox 1897 3386 3586 3458">
     <span class='ocr_line' id='line_1_92' title="bbox 1897 3386 3586 3458; baseline 0.004 -18"><span class='ocrx_word' id='word_1_694' title='bbox 1897 3403 2124 3440; x_wconf 87' lang='lat' dir='ltr'>censem</span> <span class='ocrx_word' id='word_1_695' title='bbox 2155 3386 2511 3456; x_wconf 85' lang='lat' dir='ltr'>episcopum,</span> <span class='ocrx_word' id='word_1_696' title='bbox 2547 3392 2667 3441; x_wconf 89' lang='lat' dir='ltr'>tum</span> <span class='ocrx_word' id='word_1_697' title='bbox 2716 3387 2921 3442; x_wconf 87' lang='lat' dir='ltr'>concil.</span> <span class='ocrx_word' id='word_1_698' title='bbox 2971 3389 3340 3444; x_wconf 84' lang='lat' dir='ltr'>Bracharensi</span> <span class='ocrx_word' id='word_1_699' title='bbox 3378 3409 3415 3458; x_wconf 81' lang='grc' dir='ltr'>ι,</span> <span class='ocrx_word' id='word_1_700' title='bbox 3449 3409 3495 3446; x_wconf 95' lang='lat' dir='ltr'>c.</span> <span class='ocrx_word' id='word_1_701' title='bbox 3533 3395 3586 3447; x_wconf 90' lang='lat'>6.</span> 
     </span>
    </p>
   </div>
   <div class='ocr_carea' id='block_1_93' title="bbox 1896 3458 3592 3533">
    <p class='ocr_par' dir='ltr' id='par_1_93' title="bbox 1896 3458 3592 3533">
     <span class='ocr_line' id='line_1_93' title="bbox 1896 3458 3592 3533; baseline 0.003 -21"><span class='ocrx_word' id='word_1_702' title='bbox 1896 3458 2160 3533; x_wconf 79' lang='lat' dir='ltr'>Alterum</span> <span class='ocrx_word' id='word_1_703' title='bbox 2200 3473 2331 3510; x_wconf 87' lang='lat' dir='ltr'>vero</span> <span class='ocrx_word' id='word_1_704' title='bbox 2377 3475 2409 3533; x_wconf 83' lang='lat' dir='ltr'>_a</span> <span class='ocrx_word' id='word_1_705' title='bbox 2441 3458 2636 3533; x_wconf 84' lang='lat' dir='ltr'>Boetio</span> <span class='ocrx_word' id='word_1_706' title='bbox 2694 3459 2883 3533; x_wconf 82' lang='lat' dir='ltr'>potuit</span> <span class='ocrx_word' id='word_1_707' title='bbox 2931 3461 3258 3529; x_wconf 86' lang='lat' dir='ltr'>approbari,</span> <span class='ocrx_word' id='word_1_708' title='bbox 3311 3469 3592 3533; x_wconf 89' lang='lat' dir='ltr'>quatenus</span> 
     </span>
    </p>
   </div>
   <div class='ocr_carea' id='block_1_94' title="bbox 1899 3528 3593 3602">
    <p class='ocr_par' dir='ltr' id='par_1_94' title="bbox 1899 3528 3593 3602">
     <span class='ocr_line' id='line_1_94' title="bbox 1899 3528 3593 3602; baseline 0.004 -20"><span class='ocrx_word' id='word_1_709' title='bbox 1899 3545 2073 3602; x_wconf 84' lang='lat' dir='ltr'>mens</span> <span class='ocrx_word' id='word_1_710' title='bbox 2091 3529 2345 3582; x_wconf 90' lang='lat' dir='ltr'>humana</span> <span class='ocrx_word' id='word_1_711' title='bbox 2374 3528 2435 3582; x_wconf 89' lang='lat' dir='ltr'>in</span> <span class='ocrx_word' id='word_1_712' title='bbox 2465 3529 2918 3602; x_wconf 86' lang='lat' dir='ltr'>omnimethodo</span> <span class='ocrx_word' id='word_1_713' title='bbox 2950 3528 3177 3602; x_wconf 75' lang='lat' dir='ltr'>semper</span> <span class='ocrx_word' id='word_1_714' title='bbox 3208 3548 3241 3585; x_wconf 92' lang='lat' dir='ltr'>a</span> <span class='ocrx_word' id='word_1_715' title='bbox 3272 3528 3593 3588; x_wconf 77' lang='lat' dir='ltr'>notioribus</span> 
     </span>
    </p>
   </div>
   <div class='ocr_carea' id='block_1_95' title="bbox 1900 3600 3592 3674">
    <p class='ocr_par' dir='ltr' id='par_1_95' title="bbox 1900 3600 3592 3674">
     <span class='ocr_line' id='line_1_95' title="bbox 1900 3600 3592 3674; baseline 0.002 -19"><span class='ocrx_word' id='word_1_716' title='bbox 1900 3601 1966 3655; x_wconf 88' lang='lat' dir='ltr'>ad</span> <span class='ocrx_word' id='word_1_717' title='bbox 2001 3600 2213 3674; x_wconf 69' lang='lat' dir='ltr'>minus</span> <span class='ocrx_word' id='word_1_718' title='bbox 2234 3606 2370 3653; x_wconf 91' lang='lat' dir='ltr'>nota</span> <span class='ocrx_word' id='word_1_719' title='bbox 2398 3601 2781 3674; x_wconf 81' lang='lat' dir='ltr'>progreditur,</span> <span class='ocrx_word' id='word_1_720' title='bbox 2813 3601 2892 3654; x_wconf 90' lang='lat' dir='ltr'>ita</span> <span class='ocrx_word' id='word_1_721' title='bbox 2937 3607 3000 3655; x_wconf 90' lang='lat' dir='ltr'>ut</span> <span class='ocrx_word' id='word_1_722' title='bbox 3033 3600 3387 3674; x_wconf 80' lang='lat' dir='ltr'>quaecunque</span> <span class='ocrx_word' id='word_1_723' title='bbox 3435 3606 3592 3660; x_wconf 90' lang='lat' dir='ltr'>notio</span> 
     </span>
    </p>
   </div>
   <div class='ocr_carea' id='block_1_96' title="bbox 1897 3670 3589 3742">
    <p class='ocr_par' dir='ltr' id='par_1_96' title="bbox 1897 3670 3589 3742">
     <span class='ocr_line' id='line_1_96' title="bbox 1897 3670 3589 3742; baseline 0.003 -17"><span class='ocrx_word' id='word_1_724' title='bbox 1897 3688 2097 3726; x_wconf 86' lang='lat' dir='ltr'>recens</span> <span class='ocrx_word' id='word_1_725' title='bbox 2126 3670 2423 3737; x_wconf 86' lang='lat' dir='ltr'>habeatur,</span> <span class='ocrx_word' id='word_1_726' title='bbox 2448 3672 2545 3724; x_wconf 86' lang='lat' dir='ltr'>illa</span> <span class='ocrx_word' id='word_1_727' title='bbox 2576 3673 2648 3725; x_wconf 86' lang='lat' dir='ltr'>sit</span> <span class='ocrx_word' id='word_1_728' title='bbox 2668 3673 2905 3742; x_wconf 81' lang='lat' dir='ltr'>alicujus</span> <span class='ocrx_word' id='word_1_729' title='bbox 2935 3670 3311 3742; x_wconf 47' lang='lat' dir='ltr'>prae—notionis-</span> <span class='ocrx_word' id='word_1_730' title='bbox 3352 3676 3552 3730; x_wconf 88' lang='lat' dir='ltr'>modus</span> <span class='ocrx_word' id='word_1_731' title='bbox 3577 3693 3589 3731; x_wconf 93' lang='lat'><strong>:</strong></span> 
     </span>
    </p>
   </div>
   <div class='ocr_carea' id='block_1_97' title="bbox 1900 3743 3590 3817">
    <p class='ocr_par' dir='ltr' id='par_1_97' title="bbox 1900 3743 3590 3817">
     <span class='ocr_line' id='line_1_97' title="bbox 1900 3743 3590 3817; baseline 0.002 -20"><span class='ocrx_word' id='word_1_732' title='bbox 1900 3743 2386 3817; x_wconf 86' lang='lat' dir='ltr'>quemadmodum</span> <span class='ocrx_word' id='word_1_733' title='bbox 2399 3743 2671 3812; x_wconf 61' lang='lat' dir='ltr'>quaelibet</span> <span class='ocrx_word' id='word_1_734' title='bbox 2688 3760 2830 3817; x_wconf 89' lang='lat' dir='ltr'>nova</span> <span class='ocrx_word' id='word_1_735' title='bbox 2849 3744 3125 3814; x_wconf 90' lang='lat' dir='ltr'>appetitio</span> <span class='ocrx_word' id='word_1_736' title='bbox 3148 3746 3590 3817; x_wconf 90' lang='lat' dir='ltr'>priorissemper</span> 
     </span>
    </p>
   </div>
   <div class='ocr_carea' id='block_1_98' title="bbox 1902 3814 3594 3887">
    <p class='ocr_par' dir='ltr' id='par_1_98' title="bbox 1902 3814 3594 3887">
     <span class='ocr_line' id='line_1_98' title="bbox 1902 3814 3594 3887; baseline 0.004 -21"><span class='ocrx_word' id='word_1_737' title='bbox 1902 3821 1986 3868; x_wconf 81' lang='lat' dir='ltr'>est</span> <span class='ocrx_word' id='word_1_738' title='bbox 2044 3814 2407 3887; x_wconf 85' lang='lat' dir='ltr'>appetitionis</span> <span class='ocrx_word' id='word_1_739' title='bbox 2440 3817 2666 3887; x_wconf 82' lang='lat' dir='ltr'>modus.</span> <span class='ocrx_word' id='word_1_740' title='bbox 2725 3816 2785 3868; x_wconf 85' lang='lat' dir='ltr'>Et</span> <span class='ocrx_word' id='word_1_741' title='bbox 2835 3823 2986 3868; x_wconf 88' lang='lat' dir='ltr'>certe</span> <span class='ocrx_word' id='word_1_742' title='bbox 3045 3831 3176 3869; x_wconf 88' lang='lat' dir='ltr'>cum</span> <span class='ocrx_word' id='word_1_743' title='bbox 3206 3814 3594 3887; x_wconf 44' lang='lat' dir='ltr'>cogitatio-sit</span> 
     </span>
    </p>
   </div>
   <div class='ocr_carea' id='block_1_99' title="bbox 1902 3884 3596 3956">
    <p class='ocr_par' dir='ltr' id='par_1_99' title="bbox 1902 3884 3596 3956">
     <span class='ocr_line' id='line_1_99' title="bbox 1902 3884 3596 3956; baseline 0.002 -16"><span class='ocrx_word' id='word_1_744' title='bbox 1902 3887 2026 3955; x_wconf 89' lang='lat' dir='ltr'>ipsa</span> <span class='ocrx_word' id='word_1_745' title='bbox 2057 3884 2267 3938; x_wconf 89' lang='lat' dir='ltr'>mentis</span> <span class='ocrx_word' id='word_1_746' title='bbox 2287 3884 2555 3956; x_wconf 74' lang='lat' dir='ltr'>humanae</span> <span class='ocrx_word' id='word_1_747' title='bbox 2575 3885 2722 3956; x_wconf 82' lang='lat' dir='ltr'>vita,</span> <span class='ocrx_word' id='word_1_748' title='bbox 2754 3902 3006 3956; x_wconf 89' lang='lat' dir='ltr'>cumque</span> <span class='ocrx_word' id='word_1_749' title='bbox 3046 3902 3209 3940; x_wconf 89' lang='lat' dir='ltr'>mens</span> <span class='ocrx_word' id='word_1_750' title='bbox 3249 3884 3448 3942; x_wconf 79' lang='lat' dir='ltr'>eadem</span> <span class='ocrx_word' id='word_1_751' title='bbox 3480 3905 3596 3944; x_wconf 89' lang='lat' dir='ltr'>non</span> 
     </span>
    </p>
   </div>
   <div class='ocr_carea' id='block_1_100' title="bbox 1903 3954 3594 4030">
    <p class='ocr_par' dir='ltr' id='par_1_100' title="bbox 1903 3954 3594 4030">
     <span class='ocr_line' id='line_1_100' title="bbox 1903 3954 3594 4030; baseline 0.003 -21"><span class='ocrx_word' id='word_1_752' title='bbox 1903 3954 2153 4026; x_wconf 83' lang='lat' dir='ltr'>potuerit</span> <span class='ocrx_word' id='word_1_753' title='bbox 2182 3956 2367 4030; x_wconf 75' lang='lat' dir='ltr'>creari</span> <span class='ocrx_word' id='word_1_754' title='bbox 2400 3955 2511 4007; x_wconf 91' lang='lat' dir='ltr'>nisi</span> <span class='ocrx_word' id='word_1_755' title='bbox 2537 3954 2664 4008; x_wconf 75' lang='lat' dir='ltr'>vitae</span> <span class='ocrx_word' id='word_1_756' title='bbox 2712 3954 3018 4030; x_wconf 83' lang='lat' dir='ltr'>particeps,</span> <span class='ocrx_word' id='word_1_757' title='bbox 3051 3973 3406 4030; x_wconf 90' lang='lat' dir='ltr'>consequens</span> <span class='ocrx_word' id='word_1_758' title='bbox 3432 3960 3594 4014; x_wconf 87' lang='lat' dir='ltr'>vide-</span> 
     </span>
    </p>
   </div>
   <div class='ocr_carea' id='block_1_101' title="bbox 1905 4025 3596 4100">
    <p class='ocr_par' dir='ltr' id='par_1_101' title="bbox 1905 4025 3596 4100">
     <span class='ocr_line' id='line_1_101' title="bbox 1905 4025 3596 4100; baseline 0.002 -19"><span class='ocrx_word' id='word_1_759' title='bbox 1905 4025 2026 4100; x_wconf 8' lang='lat' dir='ltr'>tur,</span> <span class='ocrx_word' id='word_1_760' title='bbox 2049 4032 2304 4100; x_wconf 82' lang='lat' dir='ltr'>mentem</span> <span class='ocrx_word' id='word_1_761' title='bbox 2355 4025 2667 4100; x_wconf 79' lang='lat' dir='ltr'>humanam</span> <span class='ocrx_word' id='word_1_762' title='bbox 2715 4025 2782 4100; x_wconf 25' lang='lat' dir='ltr'>au</span> <span class='ocrx_word' id='word_1_763' title='bbox 2806 4028 2990 4096; x_wconf 90' lang='lat' dir='ltr'>primo</span> <span class='ocrx_word' id='word_1_764' title='bbox 3020 4045 3122 4100; x_wconf 88' lang='lat' dir='ltr'>suo</span> <span class='ocrx_word' id='word_1_765' title='bbox 3155 4025 3285 4083; x_wconf 70' lang='lat' dir='ltr'>ortu</span> <span class='ocrx_word' id='word_1_766' title='bbox 3308 4031 3596 4100; x_wconf 85' lang='lat' dir='ltr'>praedictis</span> 
     </span>
    </p>
   </div>
   <div class='ocr_carea' id='block_1_102' title="bbox 1906 4097 3596 4171">
    <p class='ocr_par' dir='ltr' id='par_1_102' title="bbox 1906 4097 3596 4171">
     <span class='ocr_line' id='line_1_102' title="bbox 1906 4097 3596 4171; baseline 0.002 -19"><span class='ocrx_word' id='word_1_767' title='bbox 1906 4097 2649 4171; x_wconf 81' lang='lat' dir='ltr'>cogitationibus,_generali</span> <span class='ocrx_word' id='word_1_768' title='bbox 2667 4097 2880 4171; x_wconf 82' lang='lat' dir='ltr'>scilicet</span> <span class='ocrx_word' id='word_1_769' title='bbox 2910 4099 3144 4153; x_wconf 89' lang='lat' dir='ltr'>notione</span> <span class='ocrx_word' id='word_1_770' title='bbox 3167 4106 3223 4154; x_wconf 90' lang='lat' dir='ltr'>et</span> <span class='ocrx_word' id='word_1_771' title='bbox 3239 4097 3596 4171; x_wconf 78' lang='lat' dir='ltr'>appetitione</span> 
     </span>
    </p>
   </div>
   <div class='ocr_carea' id='block_1_103' title="bbox 1907 4167 2817 4234">
    <p class='ocr_par' dir='ltr' id='par_1_103' title="bbox 1907 4167 2817 4234">
     <span class='ocr_line' id='line_1_103' title="bbox 1907 4167 2817 4234; baseline -0.001 -11"><span class='ocrx_word' id='word_1_772' title='bbox 1907 4169 2116 4223; x_wconf 88' lang='lat' dir='ltr'>summi</span> <span class='ocrx_word' id='word_1_773' title='bbox 2141 4169 2297 4234; x_wconf 90' lang='lat' dir='ltr'>boni,</span> <span class='ocrx_word' id='word_1_774' title='bbox 2333 4168 2591 4221; x_wconf 82' lang='lat' dir='ltr'>alfectam</span> <span class='ocrx_word' id='word_1_775' title='bbox 2623 4167 2817 4222; x_wconf 87' lang='lat' dir='ltr'>fuisse.</span> 
     </span>
    </p>
   </div>
   <div class='ocr_carea' id='block_1_104' title="bbox 1980 4237 3594 4311">
    <p class='ocr_par' dir='ltr' id='par_1_104' title="bbox 1980 4237 3594 4311">
     <span class='ocr_line' id='line_1_104' title="bbox 1980 4237 3594 4311; baseline 0.001 -16"><span class='ocrx_word' id='word_1_776' title='bbox 1980 4239 2002 4273; x_wconf 83' lang='grc'><strong><em>²</em></strong></span> <span class='ocrx_word' id='word_1_777' title='bbox 2043 4245 2243 4295; x_wconf 79' lang='lat' dir='ltr'>[lorum</span> <span class='ocrx_word' id='word_1_778' title='bbox 2291 4237 2736 4311; x_wconf 86' lang='lat' dir='ltr'>commemoras.]</span> <span class='ocrx_word' id='word_1_779' title='bbox 2785 4241 2958 4304; x_wconf 86' lang='lat' dir='ltr'>Quasi</span> <span class='ocrx_word' id='word_1_780' title='bbox 3013 4241 3198 4306; x_wconf 88' lang='lat' dir='ltr'>dicat;</span> <span class='ocrx_word' id='word_1_781' title='bbox 3243 4243 3433 4296; x_wconf 88' lang='lat' dir='ltr'>horum</span> <span class='ocrx_word' id='word_1_782' title='bbox 3487 4257 3594 4297; x_wconf 82' lang='lat' dir='ltr'>me-</span> 
     </span>
    </p>
   </div>
   <div class='ocr_carea' id='block_1_105' title="bbox 1909 4311 3598 4383">
    <p class='ocr_par' dir='ltr' id='par_1_105' title="bbox 1909 4311 3598 4383">
     <span class='ocr_line' id='line_1_105' title="bbox 1909 4311 3598 4383; baseline 0.001 -17"><span class='ocrx_word' id='word_1_783' title='bbox 1909 4316 2138 4366; x_wconf 86' lang='lat' dir='ltr'>moriam</span> <span class='ocrx_word' id='word_1_784' title='bbox 2167 4326 2575 4383; x_wconf 84' lang='lat' dir='ltr'>commemoras:</span> <span class='ocrx_word' id='word_1_785' title='bbox 2622 4311 2726 4364; x_wconf 90' lang='lat' dir='ltr'>hac</span> <span class='ocrx_word' id='word_1_786' title='bbox 2758 4313 2912 4364; x_wconf 89' lang='lat' dir='ltr'>enim</span> <span class='ocrx_word' id='word_1_787' title='bbox 2953 4312 3230 4366; x_wconf 87' lang='lat' dir='ltr'>duntaxat</span> <span class='ocrx_word' id='word_1_788' title='bbox 3272 4314 3394 4383; x_wconf 90' lang='lat' dir='ltr'>lege</span> <span class='ocrx_word' id='word_1_789' title='bbox 3426 4314 3598 4368; x_wconf 90' lang='lat' dir='ltr'>verba</span> 
     </span>
    </p>
   </div>
   <div class='ocr_carea' id='block_1_106' title="bbox 1835 4375 3594 4455">
    <p class='ocr_par' dir='ltr' id='par_1_106' title="bbox 1835 4375 3594 4455">
     <span class='ocr_line' id='line_1_106' title="bbox 1835 4375 3594 4455; baseline 0.001 -17"><span class='ocrx_word' id='word_1_790' title='bbox 1835 4375 1878 4428; x_wconf 84' lang='grc' dir='ltr'>Ῐ)</span> <span class='ocrx_word' id='word_1_791' title='bbox 1908 4382 2319 4455; x_wconf 82' lang='lat' dir='ltr'>recordationis</span> <span class='ocrx_word' id='word_1_792' title='bbox 2340 4383 2728 4455; x_wconf 64' lang='lat' dir='ltr'>grammaticis</span> <span class='ocrx_word' id='word_1_793' title='bbox 2757 4383 3027 4437; x_wconf 89' lang='lat' dir='ltr'>dicuntur</span> <span class='ocrx_word' id='word_1_794' title='bbox 3059 4375 3356 4452; x_wconf 65' lang='lat' dir='ltr'>genitivum</span> <span class='ocrx_word' id='word_1_795' title='bbox 3376 4401 3594 4455; x_wconf 86' lang='lat' dir='ltr'>regere.</span> 
     </span>
    </p>
   </div>
   <div class='ocr_carea' id='block_1_107' title="bbox 1977 4450 3600 4524">
    <p class='ocr_par' dir='ltr' id='par_1_107' title="bbox 1977 4450 3600 4524">
     <span class='ocr_line' id='line_1_107' title="bbox 1977 4450 3600 4524; baseline 0.002 -16"><span class='ocrx_word' id='word_1_796' title='bbox 1977 4455 1999 4489; x_wconf 83' lang='grc'>³</span> <span class='ocrx_word' id='word_1_797' title='bbox 2039 4454 2273 4509; x_wconf 79' lang='lat' dir='ltr'>Mundus</span> <span class='ocrx_word' id='word_1_798' title='bbox 2296 4450 2400 4506; x_wconf 85' lang='lat' dir='ltr'>hic.</span> <span class='ocrx_word' id='word_1_799' title='bbox 2432 4450 2454 4524; x_wconf 88' lang='grc'>]</span> <span class='ocrx_word' id='word_1_800' title='bbox 2488 4454 2531 4505; x_wconf 91' lang='lat' dir='ltr'>l.</span> <span class='ocrx_word' id='word_1_801' title='bbox 2566 4454 2795 4507; x_wconf 90' lang='lat' dir='ltr'>Boetius</span> <span class='ocrx_word' id='word_1_802' title='bbox 2847 4450 3372 4524; x_wconf 12' lang='lat' dir='ltr'>probatﬁmundum</span> <span class='ocrx_word' id='word_1_803' title='bbox 3412 4450 3600 4511; x_wconf 32' lang='lat' dir='ltr'>aVDeo</span> 
     </span>
    </p>
   </div>
   <div class='ocr_carea' id='block_1_108' title="bbox 1909 4524 3595 4597">
    <p class='ocr_par' dir='ltr' id='par_1_108' title="bbox 1909 4524 3595 4597">
     <span class='ocr_line' id='line_1_108' title="bbox 1909 4524 3595 4597; baseline -0.001 -17"><span class='ocrx_word' id='word_1_804' title='bbox 1909 4525 2033 4597; x_wconf 85' lang='lat' dir='ltr'>regi</span> <span class='ocrx_word' id='word_1_805' title='bbox 2051 4525 2172 4597; x_wconf 83' lang='lat' dir='ltr'>hoc</span> <span class='ocrx_word' id='word_1_806' title='bbox 2193 4531 2564 4597; x_wconf 82' lang='lat' dir='ltr'>argumento,</span> <span class='ocrx_word' id='word_1_807' title='bbox 2599 4524 2740 4579; x_wconf 88' lang='lat' dir='ltr'>Cum</span> <span class='ocrx_word' id='word_1_808' title='bbox 2771 4527 3193 4581; x_wconf 88' lang='lat' dir='ltr'>contrariorum</span> <span class='ocrx_word' id='word_1_809' title='bbox 3227 4533 3326 4583; x_wconf 89' lang='lat' dir='ltr'>aut</span> <span class='ocrx_word' id='word_1_810' title='bbox 3382 4527 3595 4595; x_wconf 90' lang='lat' dir='ltr'>nullus,</span> 
     </span>
    </p>
   </div>
   <div class='ocr_carea' id='block_1_109' title="bbox 1909 4594 3598 4668">
    <p class='ocr_par' dir='ltr' id='par_1_109' title="bbox 1909 4594 3598 4668">
     <span class='ocr_line' id='line_1_109' title="bbox 1909 4594 3598 4668; baseline 0.001 -17"><span class='ocrx_word' id='word_1_811' title='bbox 1909 4594 2008 4651; x_wconf 77' lang='lat' dir='ltr'>aut</span> <span class='ocrx_word' id='word_1_812' title='bbox 2049 4594 2255 4668; x_wconf 85' lang='lat' dir='ltr'>brevis,</span> <span class='ocrx_word' id='word_1_813' title='bbox 2288 4601 2384 4668; x_wconf 84' lang='lat' dir='ltr'>aut</span> <span class='ocrx_word' id='word_1_814' title='bbox 2415 4596 2614 4668; x_wconf 90' lang='lat' dir='ltr'>saltem</span> <span class='ocrx_word' id='word_1_815' title='bbox 2659 4597 3023 4668; x_wconf 70' lang='lat' dir='ltr'>intequabilis</span> <span class='ocrx_word' id='word_1_816' title='bbox 3053 4615 3173 4652; x_wconf 88' lang='lat' dir='ltr'>esse</span> <span class='ocrx_word' id='word_1_817' title='bbox 3207 4598 3414 4653; x_wconf 89' lang='lat' dir='ltr'>debeat</span> <span class='ocrx_word' id='word_1_818' title='bbox 3465 4594 3598 4653; x_wconf 89' lang='lat' dir='ltr'>con-</span> 
     </span>
    </p>
   </div>
   <div class='ocr_carea' id='block_1_110' title="bbox 1911 4666 3603 4741">
    <p class='ocr_par' dir='ltr' id='par_1_110' title="bbox 1911 4666 3603 4741">
     <span class='ocr_line' id='line_1_110' title="bbox 1911 4666 3603 4741; baseline 0.001 -19"><span class='ocrx_word' id='word_1_819' title='bbox 1911 4685 2130 4741; x_wconf 87' lang='lat' dir='ltr'>cursus,</span> <span class='ocrx_word' id='word_1_820' title='bbox 2152 4666 2459 4720; x_wconf 90' lang='lat' dir='ltr'>simundus</span> <span class='ocrx_word' id='word_1_821' title='bbox 2488 4667 2561 4721; x_wconf 90' lang='lat' dir='ltr'>sit</span> <span class='ocrx_word' id='word_1_822' title='bbox 2591 4666 2902 4738; x_wconf 77' lang='lat' dir='ltr'>perpetuus</span> <span class='ocrx_word' id='word_1_823' title='bbox 2933 4669 3348 4741; x_wconf 65' lang='lat' dir='ltr'>aequabilisque</span> <span class='ocrx_word' id='word_1_824' title='bbox 3378 4675 3603 4724; x_wconf 89' lang='lat' dir='ltr'>contra-</span> 
     </span>
    </p>
   </div>
   <div class='ocr_carea' id='block_1_111' title="bbox 1910 4740 3602 4806">
    <p class='ocr_par' dir='ltr' id='par_1_111' title="bbox 1910 4740 3602 4806">
     <span class='ocr_line' id='line_1_111' title="bbox 1910 4740 3602 4806; baseline 0.002 -13"><span class='ocrx_word' id='word_1_825' title='bbox 1910 4740 2128 4794; x_wconf 88' lang='lat' dir='ltr'>riorum</span> <span class='ocrx_word' id='word_1_826' title='bbox 2153 4753 2482 4803; x_wconf 89' lang='lat' dir='ltr'>concursus,</span> <span class='ocrx_word' id='word_1_827' title='bbox 2519 4745 2580 4792; x_wconf 92' lang='lat' dir='ltr'>ut</span> <span class='ocrx_word' id='word_1_828' title='bbox 2608 4755 2806 4793; x_wconf 85' lang='lat' dir='ltr'>revera</span> <span class='ocrx_word' id='word_1_829' title='bbox 2835 4745 2937 4806; x_wconf 91' lang='lat' dir='ltr'>est,</span> <span class='ocrx_word' id='word_1_830' title='bbox 2969 4757 3195 4794; x_wconf 89' lang='lat' dir='ltr'>necesse</span> <span class='ocrx_word' id='word_1_831' title='bbox 3224 4740 3305 4795; x_wconf 60' lang='grc' dir='ltr'>εει</span> <span class='ocrx_word' id='word_1_832' title='bbox 3329 4748 3390 4796; x_wconf 92' lang='lat' dir='ltr'>ut</span> <span class='ocrx_word' id='word_1_833' title='bbox 3426 4758 3602 4796; x_wconf 89' lang='lat' dir='ltr'>mun—</span> 
     </span>
    </p>
   </div>
   <div class='ocr_carea' id='block_1_112' title="bbox 1912 4810 3599 4884">
    <p class='ocr_par' dir='ltr' id='par_1_112' title="bbox 1912 4810 3599 4884">
     <span class='ocr_line' id='line_1_112' title="bbox 1912 4810 3599 4884; baseline 0.002 -20"><span class='ocrx_word' id='word_1_834' title='bbox 1912 4811 2278 4884; x_wconf 78' lang='lat' dir='ltr'>dusregatur</span> <span class='ocrx_word' id='word_1_835' title='bbox 2306 4827 2336 4862; x_wconf 92' lang='lat' dir='ltr'>a</span> <span class='ocrx_word' id='word_1_836' title='bbox 2371 4811 2506 4884; x_wconf 77' lang='lat' dir='ltr'>Deo,</span> <span class='ocrx_word' id='word_1_837' title='bbox 2531 4827 2559 4862; x_wconf 85' lang='lat' dir='ltr'>a</span> <span class='ocrx_word' id='word_1_838' title='bbox 2591 4826 2705 4880; x_wconf 89' lang='lat' dir='ltr'>quo</span> <span class='ocrx_word' id='word_1_839' title='bbox 2737 4810 2834 4864; x_wconf 92' lang='lat' dir='ltr'>illa</span> <span class='ocrx_word' id='word_1_840' title='bbox 2851 4812 3131 4866; x_wconf 87' lang='lat' dir='ltr'>contraria</span> <span class='ocrx_word' id='word_1_841' title='bbox 3153 4811 3599 4884; x_wconf 87' lang='lat' dir='ltr'>conjungantur,</span> 
     </span>
    </p>
   </div>
   <div class='ocr_carea' id='block_1_113' title="bbox 1913 4881 3606 4956">
    <p class='ocr_par' dir='ltr' id='par_1_113' title="bbox 1913 4881 3606 4956">
     <span class='ocr_line' id='line_1_113' title="bbox 1913 4881 3606 4956; baseline 0.002 -22"><span class='ocrx_word' id='word_1_842' title='bbox 1913 4881 2215 4956; x_wconf 79' lang='lat' dir='ltr'>conjuncta</span> <span class='ocrx_word' id='word_1_843' title='bbox 2261 4881 2684 4956; x_wconf 87' lang='lat' dir='ltr'>contineantur,</span> <span class='ocrx_word' id='word_1_844' title='bbox 2746 4887 3124 4954; x_wconf 87' lang='lat' dir='ltr'>contentaque</span> <span class='ocrx_word' id='word_1_845' title='bbox 3176 4881 3291 4939; x_wconf 83' lang='lat' dir='ltr'>suis</span> <span class='ocrx_word' id='word_1_846' title='bbox 3331 4881 3606 4956; x_wconf 68' lang='lat' dir='ltr'>quaelibet</span> 
     </span>
    </p>
   </div>
   <div class='ocr_carea' id='block_1_114' title="bbox 1914 4951 2448 5007">
    <p class='ocr_par' dir='ltr' id='par_1_114' title="bbox 1914 4951 2448 5007">
     <span class='ocr_line' id='line_1_114' title="bbox 1914 4951 2448 5007; baseline -0.004 0"><span class='ocrx_word' id='word_1_847' title='bbox 1914 4952 2114 5007; x_wconf 82' lang='lat' dir='ltr'>ofﬁciis</span> <span class='ocrx_word' id='word_1_848' title='bbox 2146 4951 2448 5005; x_wconf 88' lang='lat' dir='ltr'>donentur.</span> 
     </span>
    </p>
   </div>
   <div class='ocr_carea' id='block_1_115' title="bbox 1986 5021 3602 5098">
    <p class='ocr_par' dir='ltr' id='par_1_115' title="bbox 1986 5021 3602 5098">
     <span class='ocr_line' id='line_1_115' title="bbox 1986 5021 3602 5098; baseline 0.001 -20"><span class='ocrx_word' id='word_1_849' title='bbox 1986 5023 2238 5098; x_wconf 66' lang='lat' dir='ltr'>&quot;_Nonng</span> <span class='ocrx_word' id='word_1_850' title='bbox 2266 5025 2321 5076; x_wconf 87' lang='lat' dir='ltr'>in</span> <span class='ocrx_word' id='word_1_851' title='bbox 2345 5022 2695 5098; x_wconf 59' lang='lat' dir='ltr'>beatitudine.</span> <span class='ocrx_word' id='word_1_852' title='bbox 2723 5021 2738 5096; x_wconf 88' lang='lat'>]</span> <span class='ocrx_word' id='word_1_853' title='bbox 2763 5024 2833 5098; x_wconf 91' lang='lat' dir='ltr'>lI.</span> <span class='ocrx_word' id='word_1_854' title='bbox 2864 5024 3231 5098; x_wconf 88' lang='lat' dir='ltr'>Philosophia</span> <span class='ocrx_word' id='word_1_855' title='bbox 3262 5032 3424 5082; x_wconf 89' lang='lat' dir='ltr'>utens</span> <span class='ocrx_word' id='word_1_856' title='bbox 3455 5043 3602 5098; x_wconf 73' lang='lat' dir='ltr'>prae-</span> 
     </span>
    </p>
   </div>
   <div class='ocr_carea' id='block_1_116' title="bbox 1918 5094 3606 5164">
    <p class='ocr_par' dir='ltr' id='par_1_116' title="bbox 1918 5094 3606 5164">
     <span class='ocr_line' id='line_1_116' title="bbox 1918 5094 3606 5164; baseline 0.005 -19"><span class='ocrx_word' id='word_1_857' title='bbox 1918 5094 2152 5150; x_wconf 85' lang='lat' dir='ltr'>uotione</span> <span class='ocrx_word' id='word_1_858' title='bbox 2208 5094 2385 5147; x_wconf 89' lang='lat' dir='ltr'>Boetii</span> <span class='ocrx_word' id='word_1_859' title='bbox 2434 5095 2621 5163; x_wconf 82' lang='lat' dir='ltr'>ipsum</span> <span class='ocrx_word' id='word_1_860' title='bbox 2655 5094 2916 5150; x_wconf 76' lang='lat' dir='ltr'>Boetium</span> <span class='ocrx_word' id='word_1_861' title='bbox 2950 5094 3133 5164; x_wconf 78' lang='lat' dir='ltr'>docet,</span> <span class='ocrx_word' id='word_1_862' title='bbox 3179 5094 3474 5153; x_wconf 65' lang='lat' dir='ltr'>bonitatem</span> <span class='ocrx_word' id='word_1_863' title='bbox 3496 5114 3606 5153; x_wconf 85' lang='lat' dir='ltr'>esse</span> 
     </span>
    </p>
   </div>
   <div class='ocr_carea' id='block_1_117' title="bbox 1918 5166 3607 5236">
    <p class='ocr_par' dir='ltr' id='par_1_117' title="bbox 1918 5166 3607 5236">
     <span class='ocr_line' id='line_1_117' title="bbox 1918 5166 3607 5236; baseline 0.003 -17"><span class='ocrx_word' id='word_1_864' title='bbox 1918 5167 2085 5220; x_wconf 81' lang='lat' dir='ltr'>ueluti</span> <span class='ocrx_word' id='word_1_865' title='bbox 2101 5166 2308 5218; x_wconf 80' lang='lat' dir='ltr'>clavum</span> <span class='ocrx_word' id='word_1_866' title='bbox 2323 5169 2484 5236; x_wconf 86' lang='lat' dir='ltr'>atque</span> <span class='ocrx_word' id='word_1_867' title='bbox 2496 5167 2915 5232; x_wconf 78' lang='lat' dir='ltr'>gubernaculum</span> <span class='ocrx_word' id='word_1_868' title='bbox 2939 5185 3042 5236; x_wconf 85' lang='lat' dir='ltr'>quo</span> <span class='ocrx_word' id='word_1_869' title='bbox 3063 5171 3340 5224; x_wconf 86' lang='lat' dir='ltr'>mundana</span> <span class='ocrx_word' id='word_1_870' title='bbox 3355 5171 3607 5224; x_wconf 87' lang='lat' dir='ltr'>machina</span> 
     </span>
    </p>
   </div>
   <div class='ocr_carea' id='block_1_118' title="bbox 1920 5237 3604 5310">
    <p class='ocr_par' dir='ltr' id='par_1_118' title="bbox 1920 5237 3604 5310">
     <span class='ocr_line' id='line_1_118' title="bbox 1920 5237 3604 5310; baseline 0.001 -18"><span class='ocrx_word' id='word_1_871' title='bbox 1920 5240 2188 5310; x_wconf 82' lang='lat' dir='ltr'>regatur:</span> <span class='ocrx_word' id='word_1_872' title='bbox 2240 5237 2317 5288; x_wconf 87' lang='lat' dir='ltr'>sic</span> <span class='ocrx_word' id='word_1_873' title='bbox 2350 5242 2537 5290; x_wconf 87' lang='lat' dir='ltr'>autem</span> <span class='ocrx_word' id='word_1_874' title='bbox 2571 5238 2795 5310; x_wconf 87' lang='lat' dir='ltr'>videtur</span> <span class='ocrx_word' id='word_1_875' title='bbox 2824 5243 3234 5310; x_wconf 84' lang='lat' dir='ltr'>argumentari.</span> <span class='ocrx_word' id='word_1_876' title='bbox 3279 5244 3418 5297; x_wconf 86' lang='lat' dir='ltr'>Cum</span> <span class='ocrx_word' id='word_1_877' title='bbox 3451 5257 3604 5294; x_wconf 87' lang='lat' dir='ltr'>sum-</span> 
     </span>
    </p>
   </div>
   <div class='ocr_carea' id='block_1_119' title="bbox 1921 5307 3605 5382">
    <p class='ocr_par' dir='ltr' id='par_1_119' title="bbox 1921 5307 3605 5382">
     <span class='ocr_line' id='line_1_119' title="bbox 1921 5307 3605 5382; baseline 0.001 -19"><span class='ocrx_word' id='word_1_878' title='bbox 1921 5307 3050 5382; x_wconf 27' lang='lat' dir='ltr'>mumbo‘num,utpote‘sibisuflieiens,</span> <span class='ocrx_word' id='word_1_879' title='bbox 3112 5313 3294 5366; x_wconf 88' lang='lat' dir='ltr'>alieno</span> <span class='ocrx_word' id='word_1_880' title='bbox 3339 5311 3605 5382; x_wconf 65' lang='lat' dir='ltr'>pi&#39;aasidio</span> 
     </span>
    </p>
   </div>
   <div class='ocr_carea' id='block_1_120' title="bbox 1921 5377 3609 5453">
    <p class='ocr_par' dir='ltr' id='par_1_120' title="bbox 1921 5377 3609 5453">
     <span class='ocr_line' id='line_1_120' title="bbox 1921 5377 3609 5453; baseline 0.003 -22"><span class='ocrx_word' id='word_1_881' title='bbox 1921 5396 2041 5453; x_wconf 84' lang='lat' dir='ltr'>non</span> <span class='ocrx_word' id='word_1_882' title='bbox 2101 5377 2362 5453; x_wconf 82' lang='lat' dir='ltr'>indigeat</span> <span class='ocrx_word' id='word_1_883' title='bbox 2394 5377 2461 5432; x_wconf 89' lang='lat' dir='ltr'>ad</span> <span class='ocrx_word' id='word_1_884' title='bbox 2512 5379 2731 5453; x_wconf 86' lang='lat' dir='ltr'>aliquid</span> <span class='ocrx_word' id='word_1_885' title='bbox 2772 5383 3148 5450; x_wconf 86' lang='lat' dir='ltr'>moliendum,</span> <span class='ocrx_word' id='word_1_886' title='bbox 3183 5377 3425 5453; x_wconf 78' lang='lat' dir='ltr'>cumque</span> <span class='ocrx_word' id='word_1_887' title='bbox 3461 5383 3609 5436; x_wconf 88' lang='lat' dir='ltr'>Deus</span> 
     </span>
    </p>
   </div>
   <div class='ocr_carea' id='block_1_121' title="bbox 1924 5450 3608 5525">
    <p class='ocr_par' dir='ltr' id='par_1_121' title="bbox 1924 5450 3608 5525">
     <span class='ocr_line' id='line_1_121' title="bbox 1924 5450 3608 5525; baseline 0.003 -22"><span class='ocrx_word' id='word_1_888' title='bbox 1924 5451 1998 5504; x_wconf 90' lang='lat' dir='ltr'>sit</span> <span class='ocrx_word' id='word_1_889' title='bbox 2027 5466 2316 5525; x_wconf 83' lang='lat' dir='ltr'>summum</span> <span class='ocrx_word' id='word_1_890' title='bbox 2351 5450 2586 5525; x_wconf 80' lang='lat' dir='ltr'>bonum,</span> <span class='ocrx_word' id='word_1_891' title='bbox 2625 5452 2769 5505; x_wconf 91' lang='lat' dir='ltr'>Deus</span> <span class='ocrx_word' id='word_1_892' title='bbox 2828 5453 3025 5525; x_wconf 64' lang='lat' dir='ltr'>alienae</span> <span class='ocrx_word' id='word_1_893' title='bbox 3057 5457 3179 5525; x_wconf 89' lang='lat' dir='ltr'>opis</span> <span class='ocrx_word' id='word_1_894' title='bbox 3211 5450 3608 5525; x_wconf 49' lang='lat' dir='ltr'>non—indigus,</span> 
     </span>
    </p>
   </div>
   <div class='ocr_carea' id='block_1_122' title="bbox 1924 5521 3616 5592">
    <p class='ocr_par' dir='ltr' id='par_1_122' title="bbox 1924 5521 3616 5592">
     <span class='ocr_line' id='line_1_122' title="bbox 1924 5521 3616 5592; baseline 0.004 -19"><span class='ocrx_word' id='word_1_895' title='bbox 1924 5538 2028 5591; x_wconf 88' lang='lat' dir='ltr'>per</span> <span class='ocrx_word' id='word_1_896' title='bbox 2059 5538 2115 5574; x_wconf 91' lang='lat' dir='ltr'>se</span> <span class='ocrx_word' id='word_1_897' title='bbox 2149 5521 2334 5573; x_wconf 89' lang='lat' dir='ltr'>solum</span> <span class='ocrx_word' id='word_1_898' title='bbox 2363 5521 2618 5592; x_wconf 73' lang='lat' dir='ltr'>adeoque</span> <span class='ocrx_word' id='word_1_899' title='bbox 2649 5539 2752 5591; x_wconf 86' lang='lat' dir='ltr'>per</span> <span class='ocrx_word' id='word_1_900' title='bbox 2779 5540 2939 5576; x_wconf 88' lang='lat' dir='ltr'>suam</span> <span class='ocrx_word' id='word_1_901' title='bbox 2971 5523 3289 5578; x_wconf 82' lang='lat' dir='ltr'>bonitatem</span> <span class='ocrx_word' id='word_1_902' title='bbox 3322 5521 3616 5580; x_wconf 53' lang='lat' dir='ltr'>faciat&#39;nc—</span> 
     </span>
    </p>
   </div>
   <div class='ocr_carea' id='block_1_123' title="bbox 1926 5591 3620 5663">
    <p class='ocr_par' dir='ltr' id='par_1_123' title="bbox 1926 5591 3620 5663">
     <span class='ocr_line' id='line_1_123' title="bbox 1926 5591 3620 5663; baseline 0.004 -17"><span class='ocrx_word' id='word_1_903' title='bbox 1926 5609 2078 5646; x_wconf 87' lang='lat' dir='ltr'>cesse</span> <span class='ocrx_word' id='word_1_904' title='bbox 2101 5597 2203 5657; x_wconf 90' lang='lat' dir='ltr'>est,</span> <span class='ocrx_word' id='word_1_905' title='bbox 2232 5592 2385 5663; x_wconf 82' lang='lat' dir='ltr'>quod</span> <span class='ocrx_word' id='word_1_906' title='bbox 2415 5591 2482 5644; x_wconf 90' lang='lat' dir='ltr'>ab</span> <span class='ocrx_word' id='word_1_907' title='bbox 2519 5591 2642 5661; x_wconf 80' lang='lat' dir='ltr'>ipso</span> <span class='ocrx_word' id='word_1_908' title='bbox 2674 5594 2754 5647; x_wconf 89' lang='lat' dir='ltr'>tit.</span> <span class='ocrx_word' id='word_1_909' title='bbox 2792 5595 2848 5649; x_wconf 91' lang='lat' dir='ltr'>Si</span> <span class='ocrx_word' id='word_1_910' title='bbox 2882 5611 3015 5662; x_wconf 73' lang='lat' dir='ltr'>ergo</span> <span class='ocrx_word' id='word_1_911' title='bbox 3040 5595 3288 5650; x_wconf 86' lang='lat' dir='ltr'>mundus</span> <span class='ocrx_word' id='word_1_912' title='bbox 3318 5614 3348 5650; x_wconf 89' lang='lat' dir='ltr'>a</span> <span class='ocrx_word' id='word_1_913' title='bbox 3384 5599 3498 5652; x_wconf 89' lang='lat' dir='ltr'>Deo</span> <span class='ocrx_word' id='word_1_914' title='bbox 3536 5615 3620 5652; x_wconf 83' lang='lat' dir='ltr'>re-</span> 
     </span>
    </p>
   </div>
   <div class='ocr_carea' id='block_1_124' title="bbox 1929 5663 3623 5739">
    <p class='ocr_par' dir='ltr' id='par_1_124' title="bbox 1929 5663 3623 5739">
     <span class='ocr_line' id='line_1_124' title="bbox 1929 5663 3623 5739; baseline 0.004 -23"><span class='ocrx_word' id='word_1_915' title='bbox 1929 5669 2115 5736; x_wconf 87' lang='lat' dir='ltr'>gatur,</span> <span class='ocrx_word' id='word_1_916' title='bbox 2153 5667 2216 5716; x_wconf 89' lang='lat' dir='ltr'>ut</span> <span class='ocrx_word' id='word_1_917' title='bbox 2253 5663 2372 5734; x_wconf 83' lang='lat' dir='ltr'>regi</span> <span class='ocrx_word' id='word_1_918' title='bbox 2405 5663 2622 5734; x_wconf 82' lang='lat' dir='ltr'>fateris,</span> <span class='ocrx_word' id='word_1_919' title='bbox 2658 5667 2908 5722; x_wconf 88' lang='lat' dir='ltr'>mundus</span> <span class='ocrx_word' id='word_1_920' title='bbox 2940 5665 3134 5721; x_wconf 86' lang='lat' dir='ltr'>divina</span> <span class='ocrx_word' id='word_1_921' title='bbox 3167 5667 3424 5724; x_wconf 88' lang='lat' dir='ltr'>bonitate</span> <span class='ocrx_word' id='word_1_922' title='bbox 3463 5685 3623 5739; x_wconf 88' lang='lat' dir='ltr'>rega-</span> 
     </span>
    </p>
   </div>
   <div class='ocr_carea' id='block_1_125' title="bbox 1929 5739 2407 5792">
    <p class='ocr_par' dir='ltr' id='par_1_125' title="bbox 1929 5739 2407 5792">
     <span class='ocr_line' id='line_1_125' title="bbox 1929 5739 2407 5792; baseline 0 0"><span class='ocrx_word' id='word_1_923' title='bbox 1929 5741 2025 5792; x_wconf 90' lang='lat' dir='ltr'>tur</span> <span class='ocrx_word' id='word_1_924' title='bbox 2045 5749 2272 5792; x_wconf 82' lang='lat' dir='ltr'>necesse</span> <span class='ocrx_word' id='word_1_925' title='bbox 2303 5739 2407 5792; x_wconf 86' lang='lat' dir='ltr'>est.</span> 
     </span>
    </p>
   </div>
   <div class='ocr_carea' id='block_1_126' title="bbox 3149 5846 3231 5904">
    <p class='ocr_par' dir='ltr' id='par_1_126' title="bbox 3149 5846 3231 5904">
     <span class='ocr_line' id='line_1_126' title="bbox 3149 5846 3231 5904; baseline -0.012 0"><span class='ocrx_word' id='word_1_926' title='bbox 3149 5846 3231 5904; x_wconf 80' lang='grc'>25</span> 
     </span>
    </p>
   </div>
  </div>
