3972 6182
1702 247 1822 300 ΑΝ.
1870 247 2090 301 MANL.

403 248 509 299 779

401 377 638 432 sarium.
670 380 776 433 Per
805 394 863 432 se
894 377 1072 449 igitur
1101 378 1287 432 solum
1321 381 1525 432 cuncta
1567 377 1836 450 disponit.
1863 379 2090 450 Negari,

401 467 661 538 inquam,
697 466 916 538 nequit.
948 469 1121 538 Atqui
1157 468 1306 521 Deus
1337 467 1525 536 ipsum
1550 467 1766 522 bonum
1789 484 1910 523 esse
1943 485 2098 522 mon-

404 563 610 612 stratus
640 561 743 612 est.
789 556 1038 623 Memini,
1061 557 1322 628 inquam.
1357 559 1463 611 Per
1499 555 1721 612 bonum
1751 557 1928 628 igitur
1952 573 2098 612 cun-

401 653 490 702 cta
516 647 805 718 disponit:
841 646 1144 718 siquidem
1177 663 1282 718 per
1340 662 1399 701 se
1451 647 1601 718 regit
1657 648 1873 711 omnia,
1919 664 2093 719 quem

399 738 617 792 bonum
657 753 780 791 esse
829 737 1248 803 concessimus;
1313 740 1369 791 et
1399 736 1492 790 hic
1524 743 1607 790 est
1652 737 1830 792 veluti
1860 738 2093 808 quidem

399 828 588 880 clavus
618 830 790 896 atque
838 825 1316 896 gubernaculum,
1350 826 1460 896 (25)
1488 843 1602 897 quo
1650 826 1941 880 mundana
1973 843 2094 881 ma-

397 913 564 969 china
582 914 801 968 stabilis
820 919 990 985 atque
1032 914 1360 986 incorrupta
1402 919 1677 970 servatur.
1716 915 2096 969 Vehementer

394 1002 694 1071 assentior,
755 1002 1015 1073 inquam,
1071 1008 1128 1057 et
1180 1003 1236 1056 id
1287 1008 1343 1056 te
1393 1005 1565 1074 paulo
1599 1007 1732 1058 ante
1786 1004 2087 1071 dicturam,

394 1091 557 1146 tenui
586 1092 720 1146 licet
755 1093 1105 1162 suspicione,
1137 1092 1426 1162 prospexi.
1472 1093 1677 1161 Credo,
1711 1093 1936 1164 inquit:
1967 1093 2090 1164 jam

392 1181 576 1247 enim,
599 1184 662 1235 ut
690 1180 958 1247 arbitror,
994 1181 1327 1251 vigilantius
1355 1182 1428 1235 ad
1465 1183 1750 1237 cernenda
1779 1199 1913 1238 vera
1956 1199 2090 1238 ocu-

391 1271 478 1325 los
503 1279 528 1304 δ
555 1270 819 1324 deducis:
857 1271 955 1324 sed
987 1271 1138 1341 quod
1170 1271 1354 1326 dicam
1399 1289 1518 1326 non
1565 1273 1756 1326 minus
1787 1273 1855 1327 ad
1889 1298 1913 1334 ι,
1957 1288 2089 1327 con-

393 1360 670 1414 tuendum
702 1365 875 1430 patet.
931 1361 1128 1425 Quid?
1177 1362 1434 1432 inquam.
1487 1369 1633 1416 247
1676 1363 1688 1396 ι
1727 1362 1868 1417 Cum
1916 1365 2087 1432 Deus,

392 1448 599 1520 inquit,
645 1449 840 1503 omnia
868 1448 1144 1503 bonitatis
1185 1450 1340 1504 clavo
1375 1451 1695 1521 gubernare
1721 1451 1850 1521 jure
1890 1452 2085 1506 creda-

390 1544 506 1607 tur,
530 1539 848 1609 eademque
870 1539 1086 1608 omnia,
1111 1539 1277 1594 sicuti
1295 1540 1485 1607 docui,
1507 1541 1576 1594 ad
1605 1541 1820 1595 bonum
1836 1542 2086 1595 naturali

389 1628 710 1683 intentione
740 1628 1030 1696 festinent,
1075 1644 1214 1683 num
1266 1629 1515 1684 dubitari
1565 1634 1770 1700 potest,
1813 1631 1952 1702 quin
1983 1649 2083 1686 vo-

388 1717 638 1772 luntarie
687 1722 981 1788 regantur,
1042 1735 1216 1789 seque
1272 1719 1344 1773 ad
1392 1719 1748 1789 disponentis
1783 1747 1805 1773 c
1852 1726 2076 1789 nutum,

387 1808 564 1862 veluti
595 1807 1010 1874 convenientia,
1044 1813 1588 1880 contemperataque
1613 1810 1840 1878 rectori,
1882 1817 2080 1881 sponte

389 1897 467 1968 (5)
497 1898 874 1951 convertant?
922 1898 1025 1964 Ita,
1077 1897 1333 1969 inquam,
1368 1914 1596 1954 necesse
1631 1903 1750 1953 est:
1794 1916 1898 1954 nec
1946 1901 2082 1955 bea-

389 1991 513 2041 tum
531 1987 789 2056 regimen
813 2003 935 2041 esse
966 1987 1259 2042 videretur
1287 2005 1300 2055 ;
1326 1988 1612 2059 siquidem
1641 1989 2082 2042 detrectantium

384 2078 594 2146 jugum
635 2077 802 2142 foret,
856 2092 973 2131 non
1021 2076 1544 2148 obtemperantium
1598 2079 1767 2132 salus.
1816 2078 1969 2132 Nihil
2000 2083 2084 2132 est

386 2167 585 2238 igitur,
619 2168 772 2237 quod
803 2172 1070 2221 naturam
1102 2184 1356 2236 servans,
1384 2169 1499 2222 Deo
1541 2169 1566 2210 ἀ
1597 2169 1879 2222 contraire
1911 2185 2080 2222 cone-

383 2261 496 2311 tur.
545 2256 717 2320 Nihil,
764 2255 1024 2327 inquam.
1059 2258 1081 2291 ²
1113 2258 1259 2322 Quid
1304 2257 1349 2311 si
1380 2263 1632 2323 conetur,
1665 2259 1759 2320 ait,
1799 2275 1937 2312 num
1963 2261 2081 2313 tan-

383 2345 514 2400 dem
557 2345 817 2416 proticiet
846 2347 1162 2417 quidquam
1196 2347 1464 2401 adversus
1502 2364 1659 2416 eum,
1692 2364 1863 2417 quem
1895 2350 2078 2418 °.‘jure

383 2434 755 2490 beatitudinis
807 2436 1272 2505 potentissimum
1319 2453 1439 2491 esse
1485 2436 1918 2490 concessimus?
1962 2438 2074 2507 (l0)

383 2526 640 2594 Prorsus,
672 2525 932 2597 inquam,
957 2525 1098 2580 nihil
1131 2526 1366 2581 valeret.
1397 2527 1522 2581 Non
1553 2525 1831 2598 estigitur
1860 2527 2075 2597 aliquid

2139 246 2295 302 SEV.
2339 247 2558 299 BOE'l‘ll
2574 284 2590 301 .
3435 290 3456 310 .
3713 261 3787 310 780

2130 382 2173 435 A
2206 379 2357 449 quod
2383 393 2609 432 summo
2640 375 2775 430 huic
2802 375 2958 430 bono
2991 377 3078 429 vel
3119 377 3256 431 velit
3281 378 3364 431 vel
3386 379 3541 448 possit
3567 381 3791 439 obsistere.

2208 469 2352 532 Non,
2386 467 2646 538 inquam,
2681 465 2946 520 arbitror.
2991 467 3084 520 Est
3127 467 3322 537 igitur,
3366 467 3547 538 inquit,
3573 480 3795 527 summum

2203 554 2443 623 bonum,
2479 554 2634 626 quod
2676 554 2822 625 regit
2855 558 3058 608 cuncta
3097 555 3340 623 fortiter,
3381 557 3687 629 suaviterque
3717 560 3798 614 dis-

2202 646 2366 716 ponit
2397 643 2437 700 τ.
2461 645 2604 699 Tum
2636 659 2762 715 ego,
2798 643 3001 709 Quam,
3042 643 3302 715 inquam,
3336 661 3419 699 me
3448 662 3549 699 non
3577 648 3715 701 modo
3738 666 3798 718 ea,

2204 751 2333 805 quae
2381 734 2646 788 conclusa
2700 739 2802 798 est,
2847 749 3073 787 summa
3117 734 3417 800 rationum,
3460 751 3633 790 verum
3664 739 3799 791 multo

2202 824 2387 894 magis
2409 825 2531 878 hac
2562 823 2675 893 (15)
2709 823 2830 894 ipsa
2849 825 3020 878 verba
3046 837 3096 889 ι’,
3132 823 3340 894 quibus
3370 825 3546 889 uteris,
3569 826 3798 892 delectant,

2201 919 2267 967 ut
2288 913 2518 967 tandem
2550 913 2856 983 aliquando
2890 912 3192 966 stultitiam
3223 929 3426 984 magna
3454 913 3710 968 latrantem
3743 919 3803 971 sui

2201 1003 2431 1074 pudeat.
2463 1002 2762 1073 Accepisti,
2797 1002 3003 1073 inquit,
3037 1002 3096 1055 in
3126 1002 3332 1056 fabulis
3371 1003 3688 1056 lacessenteis
3723 1021 3802 1060 coa-

2200 1092 2322 1146 lum
2384 1097 2405 1128 ³
2439 1093 2742 1163 Gigantes:
2797 1093 2896 1145 sed
2941 1092 3071 1145 illos
3119 1108 3367 1162 quoque,
3411 1093 3489 1146 uti
3527 1093 3802 1164 condignum

2199 1182 2327 1249 fuit,
2353 1182 2603 1253 benigna
2635 1181 2907 1236 fortitudo
2936 1184 2962 1224 ιι
2993 1182 3280 1252 deposuit.
3311 1181 3415 1236 Sed
3444 1182 3588 1236 visne
3614 1184 3802 1238 rationes

2199 1271 2349 1342 ipsas
2398 1271 2643 1326 invicem
2695 1271 3078 1325 collidamus?
3133 1271 3370 1324 forsitan
3429 1287 3494 1324 ex
3545 1271 3802 1342 hujusmodi

2198 1359 2938 1431 conﬂictatione‘pulchra
2998 1361 3265 1431 quaedam
3324 1361 3563 1414 veritatis
3625 1362 3803 1416 scintilla

2198 1454 2348 1503 248
2389 1449 2642 1503 dissiliet.
2675 1465 2688 1516 j
2718 1450 2860 1515 Tuo,-
2897 1449 3156 1520 inquam,
3202 1450 3493 1506 arbitratu.
3523 1452 3695 1516 Deum,
3745 1452 3802 1506 in-

2195 1539 2337 1608 quit,
2379 1554 2500 1592 esse
2547 1539 2574 1573 ¹ε
2626 1539 2886 1592 omnium
2936 1545 3234 1609 potentem
3304 1555 3468 1594 nemo
3514 1540 3798 1594 dubitaverit.

2193 1640 2206 1682 1
2235 1627 2340 1691 Qui
2387 1628 2640 1698 quidem,
2663 1627 2920 1699 inquam,
2943 1633 3136 1683 mente
3163 1630 3448 1696 consistat,
3482 1631 3651 1683 nullus
3691 1645 3802 1698 pror.

2126 1746 2166 1798 Β
2196 1733 2290 1771 sus
2319 1718 2590 1788 ambigat.
2625 1718 2731 1782 Qui
2761 1733 2894 1772 vero
2946 1723 3054 1786 est,
3105 1718 3314 1789 inquit,
3369 1719 3614 1773 omnium
3640 1724 3802 1789 potens,

2195 1808 2336 1862 nihil
2383 1812 2466 1861 est
2509 1807 2664 1878 quod
2710 1808 2804 1862 ille
2837 1824 2951 1862 non
2980 1808 3180 1878 possit.
3216 1809 3387 1874 Nihil,
3433 1808 3668 1879 inquam.
3703 1809 3803 1862 Nam

2194 1897 2371 1966 igitur
2398 1899 2548 1950 Deus
2587 1897 2770 1951 facere
2824 1897 2894 1967 (5)
2947 1899 3166 1951 malum
3215 1898 3445 1969 potest?
3493 1898 3708 1964 Minime,
3748 1898 3804 1950 in-

2193 2003 2387 2058 quam.
2423 1991 2443 2022 ‘
2472 1988 2677 2041 Malum
2701 1987 2894 2057 igitur,
2929 1988 3137 2058 inquit,
3161 1988 3304 2061 nihil
3328 1993 3430 2055 est,
3459 2005 3578 2042 cum
3606 1988 3653 2040 id
3677 1987 3805 2040 facere

2191 2075 2287 2130 ille
2319 2093 2436 2131 non
2468 2080 2663 2148 possit,
2722 2077 2821 2147 qui
2871 2077 3013 2130 nihil
3063 2093 3182 2131 non
3229 2082 3439 2148 potest.
3485 2077 3716 2142 Ludisne,
3748 2075 3807 2129 in-

2192 2182 2384 2237 quam,
2421 2182 2529 2232 me,
2567 2164 2589 2199 δ
2625 2166 3077 2220 inextricabilem
3130 2167 3519 2238 labyrinthum
3563 2165 3806 2220 rationibus

2188 2260 2403 2323 texens,
2429 2273 2541 2328 quo
2571 2272 2723 2310 nunc
2773 2257 3030 2327 quidem,
3079 2273 3190 2327 qua
3221 2258 3550 2328 egrediaris,
3583 2257 3806 2316 introeas;

2189 2361 2342 2400 nunc
2379 2362 2511 2400 vero
2561 2361 2674 2417 qua
2702 2346 3011 2414 introieris,
3069 2347 3406 2416 egrediare:
3457 2365 3526 2401 an
3556 2346 3807 2400 mirabilem

2189 2435 2500 2506 quemdam
2563 2435 2773 2489 divinae
2832 2435 3212 2507 simplicitatis
3271 2437 3476 2491 orbem
3528 2433 3808 2507 complicas?

2186 2527 2294 2595 (10)
2329 2525 2554 2580 Etenim
2592 2526 2762 2596 paulo
2792 2529 2922 2580 ante
2955 2543 2987 2580 a
3019 2525 3385 2583 beatitudine
3417 2527 3688 2599 incipiens,
3718 2539 3805 2578 eam

1850 2625 2431 2682 INTERPRETATIO.

456 2732 480 2758 ⁸
512 2723 732 2779 Mentis.

450 2799 476 2839 Β
515 2795 762 2865 Prospici
782 2798 984 2865 potest.

453 2895 475 2921 ο
519 2869 884 2923 Voluntatem.

449 2936 476 2972 ἀ
513 2939 840 2994 Adversari.

451 3019 474 3044 ο
512 2982 958 3074 ὃπὶέἱὶἰέἷὶιὲὶυάο
987 3012 1086 3066 est.

451 3083 472 3124 ι
511 3083 582 3135 Ut
613 3083 820 3136 dicitur
849 3079 1156 3151 Sapientiae
1186 3095 1301 3134 vm.

2258 2750 2284 2789 ε
2323 2725 2527 2793 Utpote
2547 2723 2691 2776 sacri
2709 2726 2915 2778 textus.

2254 2798 2282 2838 ιι
2320 2796 2659 2848 Deturbavit.

2256 2866 2269 2900 ι
2310 2866 2476 2919 Velut
2505 2884 2573 2920 ex
2608 2870 2810 2921 mutuo
2836 2867 3152 2937 corporum
3179 2867 3482 2924 duriorum
3512 2867 3702 2922 attritu.

2245 2952 2260 3004 j
2308 2939 2374 2992 Ut
2404 2939 2655 2992 volueris.

2255 3011 2282 3052 ιε
2323 3010 2768 3078 Omnipotentem.

2107 3081 2147 3133 C
2250 3081 2264 3114 ¹
2305 3082 2422 3136 Hac
2453 3082 2519 3135 de
2547 3097 2605 3135 re
2635 3097 2785 3136 nemo
2815 3086 2985 3137 mente
3002 3081 3270 3152 praeditus
3292 3081 3583 3138 dubitabit.

2010 3179 2229 3235 NOTAE.

454 3277 470 3310 ¹
515 3277 647 3332 Cum
681 3279 822 3330 Deus
876 3277 1058 3329 omnia
1113 3273 1372 3329 bonitatis
1425 3276 1595 3329 clavo.
1629 3275 1646 3344 ]
1680 3276 1756 3329 Ex
1807 3276 2078 3345 praedicta

380 3347 775 3419 propositione
807 3347 975 3419 infert
1019 3345 1407 3415 Philosophia,
1436 3347 1628 3399 omnia
1666 3347 1988 3400 voluntarie
2021 3353 2076 3402 et

376 3417 577 3487 sponte
609 3417 766 3486 regi:
806 3418 938 3487 quia
963 3432 1319 3486 quaecunque
1353 3434 1576 3470 summo
1599 3418 1746 3470 bono
1769 3419 1884 3471 sive
1917 3419 2076 3472 boni-

376 3496 490 3542 tate
541 3494 840 3558 reguntur,
887 3489 1011 3540 haec
1059 3489 1379 3539 voluntarie
1423 3495 1476 3540 et
1507 3496 1706 3558 sponte
1753 3497 2069 3554 reguntur:

376 3576 494 3614 cum
525 3563 704 3613 omnia
740 3560 812 3611 ad
845 3560 1035 3612 bonum
1059 3561 1306 3611 naturali
1327 3563 1622 3612 intentione
1651 3564 1922 3625 festinent.
1965 3561 2075 3615 Sed

377 3633 572 3685 omnia
604 3631 1001 3704 summobono
1031 3630 1148 3682 sive
1173 3629 1425 3684 bonitate
1453 3638 1763 3701 reguntur:
1790 3634 2070 3704 siquidem

377 3705 544 3769 Deus,
569 3720 601 3756 a
624 3719 737 3772 quo
766 3702 964 3755 omnia
988 3705 1288 3772 reguntur,
1309 3707 1364 3757 et
1388 3719 1681 3758 summum
1703 3702 1918 3759 bonum
1943 3711 2073 3759 sunt

374 3791 488 3828 una
519 3775 834 3844 eademque
859 3791 962 3826 res.

445 3876 467 3908 ²
509 3873 657 3939 Quid
687 3876 736 3926 si
769 3878 1004 3944 conetur.
1040 3871 1056 3941 ]
1086 3871 1233 3936 Quin
1264 3873 1434 3928 etiam
1454 3873 1605 3944 quod
1640 3891 1933 3929 summum
1971 3875 2070 3929 bo-

374 3961 513 3999 num
546 3947 620 3997 sit
647 3942 1102 4013 potentissimum,
1136 3945 1403 4015 quodque
1435 3942 1629 3998 omnia
1661 3963 1889 4000 summo
1918 3947 2068 4001 bono

381 4022 679 4087 regantur,
733 4022 1035 4088 propterea
1075 4016 1270 4088 omnia
1317 4018 1485 4070 etiam
1539 4034 1762 4071 summa
1797 4026 2067 4088 potestate

370 4086 694 4157 reguntur:
727 4087 1007 4156 adeoque,
1038 4092 1099 4139 ut
1119 4086 1264 4141 nihil
1294 4096 1371 4141 est
1405 4090 1551 4156 quod
1571 4091 1718 4153 velit,
1745 4086 1883 4143 nihil
1905 4095 2066 4144 etiam

367 4166 445 4214 est
481 4159 626 4229 quod
663 4162 838 4226 possit
864 4161 1116 4211 obsistere
1150 4159 1262 4210 Deo
1298 4161 1522 4220 rectori,
1556 4163 1668 4212 sive
1701 4178 1903 4215 summa
1944 4163 2066 4216 huic

370 4232 520 4285 bono.
559 4231 698 4284 Hinc
731 4229 870 4282 illud
904 4229 1210 4298 Sapientiae.
1254 4247 1345 4282 \‘lIl
1384 4247 1395 4283 :
1433 4232 1677 4296 Attingit
1712 4237 1868 4300 afine
1900 4249 2066 4300 usque

367 4304 440 4356 ad
461 4307 623 4370 ﬁnem
643 4304 957 4374 fortiter,et
979 4301 1219 4374 disponit
1239 4305 1418 4354 omnia
1436 4307 1675 4356 suaviter
1700 4319 1711 4356 :
1743 4320 1870 4374 qua:
1898 4307 2065 4358 verba

363 4391 518 4427 nunc
552 4373 750 4427 retulit
799 4373 1192 4442 Philosophia,
1241 4379 1439 4442 estque
1485 4375 1653 4426 unica
1693 4373 1832 4428 saeri
1881 4381 2063 4428 textus

365 4447 694 4510 auctoritas,
721 4461 890 4514 quam
912 4443 971 4496 in
1003 4450 1118 4496 toto
1145 4445 1253 4497 hoc
1276 4461 1446 4513 opere
1479 4444 1806 4499 adhibuerit
1840 4447 2063 4500 disertis

360 4518 567 4569 verbis.
605 4517 716 4569 Nec
747 4517 960 4568 mirum
986 4533 1001 4568 :
1027 4515 1414 4586 Philosophia,
1433 4518 1584 4569 enim
1615 4518 1831 4570 lumine
1857 4521 2061 4572 dunta-

360 4593 456 4659 xat
482 4587 728 4659 naturali
757 4588 997 4659 nititur:
1032 4603 1361 4658 quanquam
1393 4588 1644 4641 Boetium
1672 4590 1792 4642 llit‘C
1825 4591 2057 4659 Sapien-

359 4656 476 4714 tiae,
510 4657 683 4713 Verba
737 4658 1022 4719 delectant,
1051 4656 1128 4712 'ut
1169 4656 1386 4715 tandem
1425 4660 1725 4727 aliquando
1765 4656 2057 4716 stultitiam

358 4742 560 4793 magna
589 4728 886 4782 latrantem
916 4732 1004 4783 sui
1019 4731 1264 4799 pudeat:
1295 4731 1530 4785 stultitia
1549 4732 1710 4785 enim
1741 4749 1856 4786 non
1879 4733 2058 4787 instar

358 4799 677 4874 sapientiae,
710 4800 1132 4874 quidquidilla
1155 4802 1396 4872 jactitet,
1438 4805 1698 4871 attingita
1728 4803 1837 4874 ﬁne
1866 4806 1938 4860 ad
1975 4806 2056 4873 ﬁ—

353 4885 472 4922 nem
489 4871 707 4935 fortiter
730 4875 779 4922 et
796 4871 1042 4939 disponit
1061 4871 1243 4928 omnia
1265 4875 1507 4928 suaviter
1532 4891 1544 4927 :

425 4975 461 5050 3-
499 4973 812 5050 Gigantes]
865 4977 1210 5032 Fabulantur
1253 4979 1524 5050 Gigantes
1573 4979 1833 5035 homines
1878 4982 2053 5039 fuisse

353 5047 423 5101 ab
448 5047 594 5101 irata
623 5047 1193 5122 tellure_prec_reatos
1214 5050 1270 5103 in
1296 5047 1533 5106 deorum
1558 5053 1891 5122 perniciem;
1920 5055 2053 5109 hinc

352 5137 418 5174 eo
475 5134 657 5189 usque
705 5118 1263 5192 crevisse‘feruntur,
1319 5129 1379 5175 ut
1417 5118 1704 5192 congestis
1759 5118 2052 5181 montibus

351 5190 760 5266 cmlumarmis
811 5189 1472 5266 invaderetentaverint,
1507 5189 1816 5266 Jovemque
1857 5201 1913 5250 et
1954 5215 2050 5251 su-

350 5279 514 5331 peros
546 5264 613 5316 de
667 5261 782 5314 suis
814 5261 1041 5313 sedibus
1082 5262 1404 5318 deturbare.
1437 5267 1545 5319 Sed
1598 5261 1818 5321 addunt
1847 5269 1950 5322 hos
1992 5270 2049 5323 in

349 5335 563 5408 campis
607 5333 917 5408 Phlegraiis
972 5333 1250 5408 cum_diis
1290 5352 1619 5406 congressos
1654 5339 1861 5408 partim
1898 5341 2049 5394 Jovis

346 5407 606 5470 fulmine,
643 5407 850 5475 partim
883 5404 1164 5474 Apollinis
1197 5411 1252 5458 et
1285 5404 1475 5461 Dianae
1506 5409 1634 5463 telis
1654 5404 1932 5465 _contixos
1966 5429 2050 5466 ce-

343 5475 565 5553 cidisse,
597 5479 852 5553 aliosque
884 5477 988 5553 sub
1032 5478 1197 5553 z’Etna
1228 5484 1439 5543 monte,
1481 5481 1623 5534 alios
1664 5482 1768 5536 sub
1814 5485 2046 5553 Mycene

340 5552 396 5620 et
429 5549 716 5616 [.ycopara
749 5549 947 5603 insulis
979 5551 1233 5620 sepultos
1296 5566 1453 5605 esse:
1505 5554 1818 5607 nonnullos
1866 5549 2045 5609 etiam

337 5617 742 5746 iong‘artqfutm
790 5617 1060 5676 detrusos
1089 5621 1401 5693 impietatis
1449 5639 1568 5678 suae
1619 5641 1817 5696 poenas
1866 5627 2044 5684 luere.

385 5707 437 5746 vr
489 5731 500 5743 .
535 5707 552 5744 ι
637 5707 666 5745 e
697 5707 843 5746 am.:

385 5690 500 5746 vid.
535 5707 552 5744 ι
583 5691 806 5746 Metam.
830 5708 843 5746 :

2439 3277 2577 3325 Neve
2603 3277 2736 3326 foret
2766 3278 2919 3326 terris
2945 3279 3183 3327 securior
3211 3279 3415 3329 arduus
3448 3280 3604 3330 tethcr

2185 3338 2468 3404 Allectasse
2502 3340 2678 3388 ferunt
2707 3354 2928 3402 regnum
2960 3343 3169 3391 cmleste
3199 3343 3454 3404 Gigantes

2184 3403 2404 3464 Altaque
2436 3407 2714 3464 congestos
2740 3405 2991 3452 struxisse
3028 3405 3091 3452 ad
3123 3403 3295 3453 sidera
3328 3411 3552 3456 montes.

2185 3484 2322 3536 Vide
2352 3484 2402 3556 si
2428 3484 2615 3553 placet
2648 3485 2948 3538 Claudiani
2991 3486 3525 3556 Gigantomachiam
3559 3501 3674 3539 cum
3703 3480 3810 3556 notis

2184 3555 2492 3608 doctissimi
2525 3557 2854 3624 Pyrrhonis,
2884 3557 2980 3626 qui
3017 3566 3070 3610 ut
3109 3559 3165 3610 in
3195 3561 3472 3613 omnibus
3502 3555 3732 3627 ingenuis
3756 3567 3811 3604 ar-

2184 3626 2356 3692 tibus,
2394 3627 2472 3679 sic
2511 3628 2569 3680 in
2607 3628 2835 3680 Poetica
2869 3629 2947 3681 ita
2973 3636 3228 3682 versatus
3268 3639 3378 3697 est,
3415 3637 3475 3684 ut
3519 3626 3585 3684 de
3612 3640 3812 3698 quacun-

2184 3714 2294 3768 que
2327 3715 2386 3750 re
2419 3706 2551 3773 nata
2583 3699 2922 3773 tamstricta
2960 3716 3130 3770 quam
3166 3701 3359 3756 soluta
3398 3703 3646 3755 oratione
3676 3698 3811 3773 dicere

2183 3786 2410 3839 semper
2433 3771 2506 3823 sit
2532 3770 2964 3844 paratissimus;
3002 3773 3377 3841 dignissimus
3409 3770 3811 3844 propterea,_cui,

2183 3844 2249 3916 ad
2281 3857 2446 3916 usum
2481 3841 2829 3916 serenissimi
2859 3843 3144 3913 Delphini,
3178 3861 3317 3898 cura
3359 3841 3664 3916 explicandi
3693 3841 3810 3895 Clau-

2181 3913 2335 3965 diani
2361 3912 2534 3965 fuerit
2564 3914 2882 3966 commissa.

2251 3989 2270 4019 ⁶
2307 3986 2512 4038 Malum
2544 3985 2678 4037 nihil
2709 3990 2804 4038 est.
2838 3983 2853 4056 ]
2891 3985 2979 4039 IlI.
3016 3985 3396 4055 Philosophia
3435 3988 3605 4053 addit,
3650 3982 3810 4037 malum

2178 4055 2321 4108 nihil
2355 4072 2474 4108 esse
2511 4057 2660 4126 quod
2697 4058 2862 4122 Deus,
2899 4057 2998 4126 qui
3046 4057 3136 4109 hic
3168 4058 3382 4112 dicitur
3413 4076 3570 4112 mens
3598 4055 3812 4128 omnipo-

2178 4132 2322 4200 tens,
2353 4123 2567 4200 malum
2600 4127 2792 4200 facere
2834 4123 2969 4200 non
3003 4129 3198 4198 possit.
3256 4132 3486 4184 Scilicet
3520 4123 3812 4200 philosophis

2179 4195 2553 4269 distinguitur
2594 4198 2834 4271 materia
2865 4205 2921 4252 et
2953 4195 3138 4252 forma
3171 4202 3330 4255 mali.
3367 4195 3596 4256 Materia
3625 4199 3813 4271 estipié'l

2179 4263 2438 4322 voluntas
2476 4271 2590 4323 sive
2626 4270 2811 4340 potius
2857 4287 3016 4324 mens
3052 4273 3264 4335 volens,
3318 4291 3449 4342 quae
3481 4279 3620 4326 certe
3650 4263 3810 4336 aliquid

2180 4347 2294 4394 est:
2331 4343 2511 4395 forma
2541 4358 2696 4408 vero,
2735 4343 2816 4395 uti
2850 4344 3182 4412 lot‘piuntur,
3205 4349 3548 4414 estprit'atio
3571 4345 3669 4396 sive
3691 4352 3812 4414 nega:

2105 4409 2145 4462 D
2181 4419 2285 4480 tio;
2323 4414 2425 4466 hoc
2476 4418 2559 4466 est
2616 4406 2736 4483 ipsa
2784 4406 3044 4467 voluntas
3077 4406 3367 4484 quatenus
3415 4433 3529 4469 non
3576 4413 3732 4468 tendit
3763 4406 3812 4484 ad

2177 4479 2375 4544 Deum,
2403 4485 2470 4538 ad
2503 4479 2670 4553 quem
2707 4485 2874 4538 debet
2904 4479 3159 4539 tendere.
3194 4489 3363 4542 Nemo
3419 4504 3557 4555 ergo.
3601 4479 3810 4552 inquitS.

2172 4559 2316 4624 Aug.
2356 4558 2390 4610 l.
2431 4573 2505 4608 xu
2554 4558 2621 4609 de
2680 4556 2794 4609 Civ.
2857 4557 2974 4619 Dei,
3028 4574 3149 4626 cap.
3209 4562 3258 4622 ‘7,
3297 4567 3508 4627 quzerut
3551 4559 3815 4627 efﬁcientijn

2169 4621 2388 4681 consttm
2427 4629 2581 4680 malm
2601 4629 2920 4680 rolzmtalis.
2960 4630 3071 4681 Non
3091 4621 3231 4681 enim
3250 4621 3343 4682 est
3370 4621 3618 4699 ef‘ﬁcit‘ns,
3648 4626 3725 4678 sul
3749 4621 3812 4673 dc-

2174 4703 2385 4751 ticicns:
2422 4701 2550 4766 quia
2594 4714 2685 4752 nec
2741 4701 2835 4751 illa
2876 4700 3080 4768 effectio
3117 4707 3196 4754 est
3226 4703 3322 4754 sed
3355 4704 3608 4767 (μιγητ-ΗΟ,
3637 4699 3811 4764 ιίργξιτέ-ιηῖ

2167 4787 2401 4837 namque.
2427 4771 2493 4823 ab
2525 4786 2580 4822 eo
2623 4771 2765 4838 quod
2795 4767 2997 4824 surnme
3029 4777 3125 4834 est,
3175 4773 3247 4825 ad.
3280 4774 3340 4825 id
3374 4775 3518 4837 quod
3547 4775 3705 4824 "unus
3737 4767 3809 4818 est.

2168 4845 2261 4895 hor:
2302 4847 2378 4894 est
2408 4843 2641 4909 incipere
2665 4842 2857 4894 habere
2878 4845 3206 4897 t‘oluntatem
3229 4845 3452 4898 malum.
3480 4847 3811 4912 Caususpei‘i'e

2166 4915 2522 4978 defectioni"):
2552 4918 2798 4980 istarum,
2830 4930 2946 4967 cum
2976 4917 3265 4982 efficientes
3296 4932 3404 4969 non
3435 4918 3561 4976 sint,
3597 4919 3648 4966 ut
3697 4909 3808 4966 (liti,

2165 4986 2258 5037 sust
2292 4986 2611 5052 deﬁcientes,
2654 4987 2785 5038 relic
2830 4989 3087 5050 invenire,
3131 4989 3235 5040 tale
3264 4992 3342 5040 est
3384 5004 3446 5041 ac
3481 4991 3530 5040 si
3585 4983 3809 5052 quisiiz'mn

2162 5058 2288 5110 velit
2321 5056 2506 5109 ’UltltT'l‘t.’
2536 5056 2781 5109 tenebras
2811 5059 2891 5109 rel
2918 5059 3109 5111 audire
3138 5060 3435 5112 silentium.

2237 5128 2258 5158 ⁵
2293 5128 2728 5181 Inemt-ricabilmz
2754 5129 3145 5192 labyrintlutm.
3169 5134 3182 5194 j
3211 5129 3577 5198 Labyrinthus
3597 5129 3732 5180 locus
3749 5121 3810 5172 051

2164 5199 2339 5252 tantis
2371 5200 2591 5252 viarum
2641 5201 2979 5269 ambagibus
3021 5201 3281 5266 inﬂexus,
3315 5209 3378 5254 ut
3408 5203 3584 5254 altera
3614 5199 3807 5250 alteram

2163 5270 2498 5340 excipiente,
2543 5271 2834 5339 ingressus
2881 5272 3074 5341 egredi
3123 5273 3376 5326 nescias:
3429 5274 3572 5325 unde
3620 5269 3808 5343 vocatur

2162 5344 2581 5415 inextricabilis,
2619 5345 2771 5415 quod
2816 5343 2875 5395 in
2906 5360 3036 5397 eum
3079 5344 3123 5397 si
3165 5344 3288 5415 quis
3325 5345 3682 5415 improperet.
3713 5347 3807 5415 ξξῐιε

2160 5414 2415 5483 glomere
2443 5414 2551 5486 lini
2584 5408 2798 5467 eiitum
2828 5416 3088 5468 invenire
3143 5408 3424 5486 nequeat:
3461 5408 3806 5486 Similitudine

2160 5491 2355 5538 autem
2395 5485 2526 5538 hinc
2587 5492 2834 5554 accepta,
2896 5487 3077 5539 oratio
3134 5483 3253 5539 aut’
3279 5487 3552 5558 quaelibet
3580 5483 3680 5558 alia
3718 5491 3803 5558 rei,

2161 5557 2308 5611 unde
2352 5572 2472 5609 sese
2522 5552 2787 5630 expedi—re
2837 5558 2935 5630 sit,
2964 5552 3392 5625 difﬁcillimum,
3444 5556 3642 5630 vocari
3672 5552 3803 5630 solet.

2155 5627 2625 5755 nttnunploratio
2654 5629 3054 5700 philosophica
3092 5636 3340 5698 vocatur,
3380 5626 3712 5698 labyrinthus
3737 5626 3804 5672 in-

2155 5714 2221 5754 em
2249 5716 2364 5755 rica
2405 5719 2419 5755 ι
2449 5715 2512 5755 ιε.

2155 5701 2512 5756 emt-ricabilis.
