3982 6182
223 227 299 279 781

1190 221 1285 275 DE
1324 221 1850 280 CONSOLATIONE
1883 225 2366 283 PHILOSOPHle
2401 231 2525 284 LIB.
2561 231 2654 284 lli.

3548 244 3651 296 ’782

219 374 464 418 summum
487 357 696 411 bonum
726 371 848 411 esse
887 356 1135 424 dicebas,
1179 373 1354 428 quam
1384 359 1446 414 in
1475 377 1701 415 summo
1732 363 1846 416 Deo
1885 364 1932 417 Α
1955 361 2270 435 loquimur,
2304 366 2472 422 rebus
2502 371 2764 438 Oportere
2793 368 2906 440 (10)
2930 385 3049 424 esse
3078 388 3388 432 sermones.

216 451 352 506 sitam
384 445 671 518 loquebare
705 443 926 516 :ipsum
949 461 1180 517 quoque
1204 447 1385 502 Deum
1416 465 1709 504 summum
1729 466 1852 506 esse

214 540 411 603 bonum,
442 536 775 607 plenamque
805 534 1222 590 beatitudinem
1253 536 1574 593 disserebas
1597 556 1610 594 :
1637 557 1705 594 ex
1736 556 1850 611 quo

214 627 463 683 neminem
508 623 734 678 beatum
776 622 918 691 fore,
950 623 1062 678 nisi
1111 625 1212 696 qui
1253 627 1467 697 pariter
1507 629 1654 682 Deus
1684 632 1852 693 esset,

214 716 345 788 quasi
383 713 773 767 munusculum
828 712 1022 767 dabas.
1075 713 1290 768 Rursus
1332 715 1517 786 ipsam
1560 717 1697 771 boni
1737 719 1853 772 for-

212 820 356 871 mam,
387 801 478 857 Dei
519 817 581 855 ac
622 801 998 856 beatitudinis
1045 803 1157 874 (l3)
1190 803 1520 875 loquebaris
1561 822 1682 861 esse
1721 808 1854 862 sub-

210 893 436 949 stantiam
467 908 479 946 :
513 891 817 962 ipsumque
848 907 1029 946 unum
1062 892 1120 946 id
1153 893 1344 962 ipsum
1369 911 1491 949 esse
1529 894 1743 950 bonum
1774 897 1856 951 di-

211 983 364 1050 cebas,
393 980 536 1052 quod
573 979 642 1034 ab
675 980 833 1034 omni
865 996 1060 1035 rerum
1084 986 1290 1036 natura
1319 987 1647 1054 peteretur:
1678 987 1857 1040 Deum

210 1087 404 1145 quoque
446 1069 713 1125 bonitatis
743 1069 1148 1140 gubernaculis
1193 1072 1630 1129 universitatem
1659 1091 1858 1146 regere

211 1160 518 1231 disputabas,
563 1159 928 1232 volentiaque
972 1165 1219 1216 cunctaa
1250 1179 1474 1234 parere,
1524 1180 1628 1218 nec
1680 1166 1860 1219 ullam

210 1249 319 1305 mali
359 1265 470 1302 esse
525 1252 790 1303 naturam
851 1254 1070 1322 :atque
1114 1250 1237 1306 haec
1286 1253 1460 1307 nullis
1509 1253 1862 1308 extrinsecus

208 1338 436 1409 sumptis,
470 1338 566 1393 sed
585 1339 762 1394 altero
789 1341 814 1383 ὃ
843 1355 909 1394 ex
936 1341 1114 1395 altero
1145 1341 1317 1396 ﬁdem
1343 1343 1626 1410 trahente,
1650 1344 1860 1412 insitis,

209 1426 609 1498 domesticisque
658 1427 1096 1498 probationibus
1143 1434 1294 1485 249
1327 1431 1668 1502 explicabas.
1719 1433 1861 1486 Tum

207 1518 305 1581 illa,
344 1516 813 1589 Minimehinquit,
850 1519 1134 1588 ludimus;
1164 1535 1404 1591 remque
1449 1521 1711 1575 omnium
1742 1537 1861 1575 ma-

210 1607 390 1661 ximam
440 1605 533 1659 Dei
581 1622 843 1675 munere,
891 1624 1063 1680 quem
1120 1609 1337 1664 dudum
1390 1610 1858 1681 deprecabamur,

211 1696 484 1767 exegimus.
522 1696 598 1750 Ea
629 1701 714 1750 est
744 1696 899 1751 enim
946 1697 1155 1752 divinas
1186 1698 1373 1753 forma
1400 1699 1759 1767 substantiae,
1800 1704 1866 1756 ut

206 1801 362 1856 neque
389 1785 446 1840 in
472 1789 705 1839 externa
743 1786 1053 1848 dilabatur,
1088 1803 1192 1842 nec
1218 1787 1278 1842 in
1307 1805 1366 1843 se
1403 1793 1703 1844 externum
1756 1789 1864 1844 ali-

206 1875 321 1947 quid
344 1875 459 1945 ipsa
497 1875 800 1947 suscipiat;
836 1876 953 1937 sed,
998 1877 1141 1932 sicut
1181 1877 1250 1932 de
1281 1894 1347 1932 ea
1381 1879 1749 1933 Parmenides
1786 1877 1863 1950 (5)

205 1964 268 2019 ait
302 1981 315 2020 :
347 1967 362 2002 ί
393 1966 646 2017 Πάντοθεν
699 1978 723 2008 ο
788 1964 1036 2018 εὐκύκλου
1100 1969 1328 2041 σφαίρας
1389 1967 1675 2039 ἐναλίγκιον
1705 1972 1861 2039 ὄγκῳ,

205 2070 365 2110 rerum
411 2055 607 2110 orbem
661 2054 935 2110 mobilem
983 2060 1154 2124 rotat,
1207 2058 1344 2112 dum
1397 2074 1455 2111 se
1505 2057 1864 2112 immobilem

206 2144 304 2215 ipsa
338 2148 651 2200 conservat.
706 2144 922 2209 Quodsi
963 2145 1218 2202 rationes
1262 2162 1494 2218 quoque
1541 2164 1656 2202 non
1707 2150 1868 2202 extra

205 2233 398 2304 petitas,
428 2234 525 2289 sed
573 2234 733 2289 intra
764 2235 868 2303 rei,
903 2251 1078 2306 quam
1131 2236 1540 2303 tractabamus,
1585 2236 1867 2291 ambitum

206 2323 470 2378 collocatas
501 2323 871 2396 agitavimus,
908 2325 1053 2379 nihil
1089 2329 1173 2380 est
1203 2326 1356 2397 quod
1393 2325 1702 2397 admirere,
1735 2341 1868 2381 cum

207 2414 403 2469 Platone
424 2426 467 2486 ,ἀ
509 2414 806 2470 sanciente
849 2414 1137 2484 didiceris,
1187 2419 1479 2487 cognatos,
1533 2417 1604 2472 de
1660 2416 1868 2487 quibus

1905 1669 1944 1723 Β

2480 498 2634 546 250
2658 493 2944 549 METRUM
2975 497 2996 519 ‘
3027 497 3138 551 ΧΠ.

1963 633 2362 688 Aacunnnruu.
2395 666 2464 674 -—
2503 635 2679 700 Quam
2708 639 2948 705 primum
2971 639 3134 693 habes
3173 644 3373 695 summi
3402 643 3528 698 boni
3556 661 3653 700 no-

2037 707 2214 785 titiam
2233 707 2395 785 felix,
2427 709 2608 785 inquit
2639 710 3008 785 ΡΙιέζοεορΙιία,
3042 711 3177 765 hanc
3207 715 3406 778 infelix
3427 719 3656 785 amittis,

2034 779 2277 856 inspecta
2312 783 2458 831 terra
2488 794 2507 856 :_
2535 781 2678 832 sicut
2727 782 2996 856 Orpheus,
3032 787 3301 838 conversis
3343 787 3416 840 ad
3443 779 3650 856 inferos

2036 848 2350 916 luminibus,
2385 851 2665 918 conjugem
2696 855 2932 905 carmine
2971 859 3205 923 emptam
3227 857 3491 925 perdiJit.

2215 981 2390 1048 Felix,
2423 981 2520 1053 qui
2557 982 2746 1053 potuit
2777 983 2915 1038 boni

2218 1072 2453 1126 Fontem
2486 1071 2667 1126 visere
2702 1073 2956 1129 lucidum
2987 1091 3001 1129 :

2217 1160 2391 1227 Felix,
2431 1161 2529 1232 qui
2556 1161 2746 1232 potuit
2775 1163 2966 1232 gravis

2217 1252 2403 1305 Terrae
2433 1251 2652 1305 solvere
2685 1252 2930 1306 vincula.

2149 1343 2179 1394 5
2223 1345 2366 1394 251
2405 1341 2704 1404 Quondam
2729 1342 2933 1396 funera
2959 1343 3218 1416 conjugis

2219 1429 2384 1482 Vates
2414 1429 2708 1484 Threicius
2741 1447 2998 1501 gemens,

2222 1520 2531 1590 Postquam
2558 1518 2846 1575 ﬂebilibus
2878 1523 3061 1578 modis

2225 1608 2400 1664 Silvas
2432 1624 2658 1663 currere
2698 1611 2958 1680 mobiles,

2221 1700 2432 1752 Amnes
2458 1702 2607 1753 stare
2639 1705 2926 1769 coegerat,

2122 1789 2182 1843 tO
2219 1787 2528 1858 Junxitque
2558 1787 2911 1860 intrepidum
2942 1789 3091 1844 latus

2223 1876 2396 1932 Seevis
2425 1893 2589 1932 cerva
2619 1877 2903 1944 leonibus,

2227 1967 2339 2021 Nec
2362 1966 2547 2020 visum
2576 1967 2769 2021 timuit
2799 1967 2963 2038 lepus

2223 2056 2347 2110 Jam
2388 2061 2559 2110 cantu
2588 2056 2876 2126 placidum
2906 2074 3128 2126 canem,

2225 2145 2368 2199 Cum
2400 2144 2735 2215 ﬂagrantior
2761 2146 2966 2203 intima

2125 2236 2184 2287 lii
2226 2235 2432 2289 Fervor
2461 2235 2704 2306 pectoris
2734 2240 2946 2303 ureret,

2227 2324 2338 2378 Nec
2367 2323 2468 2394 qui
2498 2328 2701 2378 cuncta
2731 2324 3098 2396 subegerant,

2231 2414 2537 2469 Mulcerent
2567 2414 2866 2469 dominum
2899 2415 3076 2481 modi,

1623 2512 2200 2571 INTERPRE'I‘ATIO.

258 2638 278 2664 ι
311 2611 544 2666 Obedire.

261 2683 281 2725 δ
313 2685 546 2738 Alterum
578 2683 870 2754 probante.

261 2761 278 2787 ε
308 2757 547 2810 Divinum
594 2771 807 2812 numen
851 2758 930 2811 est
987 2756 1162 2810 simile
1194 2757 1322 2811 moli
1362 2755 1588 2825 sphaerae
1622 2756 1865 2825 undique

205 2826 431 2880 rotundae.

261 2899 362 2950 dln
392 2899 603 2966 Timaeo,
643 2898 736 2952 ubi
769 2913 1080 2964 sermones,
1127 2900 1330 2967 inquit,
1374 2898 1442 2952 iis
1484 2899 1676 2965 rebus,
1713 2914 1861 2969 qua-

204 2981 330 3042 rum
363 2969 544 3023 nuntii
597 2974 660 3024 et
713 2969 1056 3042 interpretes
1103 2975 1256 3038 sunt,
1307 2970 1648 3042 cognatione
1687 2976 1862 3042 atque

205 3038 444 3096 afﬁnitate
473 3042 726 3112 quadam
757 3038 1121 3096 conveniant.

2047 2611 2145 2664 Ille
2177 2613 2263 2664 est
2307 2611 2447 2677 felix
2491 2613 2586 2678 qui
2634 2614 2814 2680 potuit
2856 2612 3040 2668 videre
3084 2614 3297 2679 fontem
3342 2616 3666 2674 luminosum

1972 2683 2118 2748 boni,
2149 2683 2287 2758 felix
2309 2683 2465 2758 itemA
2479 2685 2578 2758 qui
2603 2686 2786 2758 potuit
2813 2700 2871 2737 se
2901 2685 3161 2753 expedire
3179 2703 3213 2740 α
3240 2687 3447 2753 laqueis
3472 2705 3664 2758 corpo-

1972 2759 2049 2808 ris
2083 2754 2386 2822 ponderosi.
2431 2754 2570 2829 Otim
2617 2754 2902 2824 Orpheus,
2941 2762 3102 2825 poeta
3151 2759 3436 2824 Thracius,
3469 2754 3667 2829 deﬂens

1973 2830 2195 2898 mortem
2227 2841 2342 2878 suae
2373 2827 2586 2890 uxoris,
2620 2831 2908 2896 postquam
2940 2831 3177 2881 carmine
3211 2833 3358 2883 tristi
3382 2827 3553 2898 coegit
3572 2848 3663 2886 ar-

1974 2897 2124 2951 bores
2173 2901 2346 2974 matas
2384 2912 2620 2974 currere,
2658 2902 2712 2950 et
2741 2900 2972 2974 flumina
3014 2903 3161 2974 stare
3199 2899 3435 2974 immota
3453 2897 3482 2968 ;’
3519 2908 3667 2974 post—

1971 2984 2146 3039 quam
2170 2967 2374 3022 eodem
2390 2967 2644 3022 carmine
2659 2983 2815 3022 cerva
2833 2972 3062 3023 sociavit
3093 2971 3332 3026 leonibus
3355 2972 3496 3026 diris
3519 2967 3666 3030 latus

1898 3040 1938 3093 C
1971 3057 2140 3094 suum
2169 3039 2530 3109 impavidum,
2558 3054 2729 3108 neque
2752 3041 2901 3109 lepus
2939 3044 3130 3096 metuit
3153 3058 3338 3097 canem
3361 3049 3662 3115 aspectum,

1801 3140 2022 3196 NOTzE.

263 3234 277 3269 ί
307 3236 572 3305 neuneu,
613 3236 745 3305 etc.l
778 3240 892 3294 Hoc
928 3241 1031 3305 est,
1065 3237 1312 3292 divinum
1350 3253 1545 3291 numen
1588 3240 1664 3292 est
1695 3238 1874 3291 simile

205 3309 309 3361 moli
327 3311 539 3378 sphxrx
564 3310 812 3376 undique
841 3310 1116 3376 rotundae;
1165 3314 1227 3363 ut
1253 3310 1400 3364 sicut
1440 3309 1573 3362 huic
1623 3309 1870 3378 spherae,

203 3377 266 3502 eic
295 3381 407 3506 Deot
429 3382 578 3506 ndihil
613 3381 794 3453 possit
823 3380 958 3435 addi
987 3381 1075 3435 vel
1117 3381 1360 3448 detrahi,
1394 3380 1572 3434 illaesa
1615 3377 1738 3450 ejus
1769 3397 1872 3435 na-

225 3465 327 3507 ura.
355 3468 380 3506 e
426 3470 441 3506 1
488 3470 572 3507 ea.

315 3493 327 3517 ,
355 3493 407 3506 νυ
427 3493 572 3508 Iuv“.

261 3538 279 3561 ⁵
306 3539 456 3603 Quod
488 3541 701 3596 dicitur
729 3542 1065 3610 Glyconium.
1099 3541 1340 3596 Carmen
1376 3544 1640 3595 constans
1673 3557 1738 3595 ex
1757 3558 1871 3596 uno

203 3624 381 3686 genere
402 3629 696 3686 versuum,
733 3630 981 3685 quorum
1011 3612 1257 3686 quilibet
1287 3613 1605 3683 spondeum
1641 3618 1695 3667 et
1732 3613 1873 3668 duos

204 3681 420 3752 dactylos
451 3684 656 3740 habet.

263 3757 279 3807 t
321 3758 439 3809 et'2.
477 3757 631 3810 Felix
674 3758 770 3825 qui
795 3758 977 3825 potu-it
1004 3755 1127 3809 boni
1141 3757 1346 3822 fontem
1376 3758 1546 3810 visere
1585 3755 1870 3826 lucidum]

205 3821 252 3876 ld
305 3830 399 3891 est,
445 3830 633 3882 Deum.
681 3821 943 3882 Primum
999 3821 1152 3881 enim
1197 3829 1343 3882 Deus
1397 3833 1479 3881 est
1525 3830 1650 3893 fons
1700 3821 1868 3881 boni?

206 3897 643 3967 quandoquidem
687 3915 754 3952 ex
800 3899 963 3952 dictis
996 3901 1140 3952 Deus
1186 3903 1267 3952 est
1299 3915 1589 3953 summum
1633 3898 1871 3954 bonum.

204 3965 388 4022 Deinde
426 3965 551 4023 fons
586 3971 686 4023 ille
717 3970 854 4024 boni
900 3971 1065 4037 Deus,
1115 3975 1200 4024 est
1248 3971 1459 4024 lucidus
1509 3971 1624 4024 sive
1676 3972 1873 4024 lumen

207 4039 440 4093 emittens
473 4057 486 4094 :
525 4043 677 4095 Deus
724 4042 880 4095 enim
920 4058 1036 4094 non
1068 4043 1431 4110 cognoscitur
1479 4043 1587 4095 nisi
1634 4042 1870 4104 lumine,

208 4111 334 4183 quod
364 4112 504 4166 Deus
527 4113 649 4183 ipse
685 4113 863 4166 menti
897 4113 1269 4182 cognoscenti
1302 4113 1544 4166 dederit.
1578 4115 1875 4167 Postremo

205 4181 322 4255 [elix
347 4189 446 4247 est,
477 4181 578 4254 qui
613 4185 850 4237 notione
873 4181 1270 4255 Dei’praeditus
1291 4191 1375 4237 est
1399 4201 1410 4237 ε
1438 4185 1574 4254 quia
1597 4185 1752 4237 notio
1780 4185 1878 4237 illa

210 4251 419 4325 Deiaut
459 4251 706 4309 felicitas
738 4260 820 4309 est
867 4261 966 4308 aut
1000 4251 1220 4309 'saltem
1275 4255 1436 4325 origo
1459 4251 1874 4325 ‘cujuscunque

208 4322 560 4406 cogitationis,
597 4327 658 4406 in
689 4344 801 4406 qua
843 4325 1080 4406 felicitas
1122 4326 1334 4406 versari
1375 4322 1601 4406 possit:
1640 4322 1874 4381 cum—fe-

209 4392 364 4448 licitas
394 4397 464 4449 sit
491 4392 767 4468 cogitatio
792 4398 998 4452 mentis
1025 4399 1134 4453 Deo
1163 4398 1280 4453 sive
1312 4392 1535 4452 summo
1566 4399 1719 4452 bono
1743 4415 1872 4452 con-

208 4468 395 4519 stanter
423 4469 771 4522 adhmrentis
799 4485 811 4523 :
856 4470 1008 4523 unde

267 4537 292 4588 3
318 4543 368 4590 et
392 4539 442 4593 4.
478 4541 642 4594 Felix
675 4544 956 4609 quipotuit
985 4542 1171 4607 gravis
1197 4544 1350 4594 terrae
1380 4542 1586 4595 solvere
1605 4540 1872 4612 vincula']

211 4603 260 4658 ld
284 4614 358 4660 est
381 4615 620 4679 corporis
651 4603 896 4666 humani.
942 4603 1197 4666 Primum
1239 4612 1393 4666 enim
1423 4629 1627 4683 corpus
1671 4603 1874 4666 Imma:-

211 4690 327 4754 [lum
354 4685 491 4754 terra
525 4689 630 4748 est,
669 4684 824 4754 quod
854 4699 918 4737 ex
950 4689 1104 4737 terra
1122 4688 1396 4753 tanquam
1421 4701 1484 4737 ex
1515 4701 1615 4736 sua
1640 4687 1876 4737 materia

212 4746 397 4823 iactum
441 4746 634 4819 fuerit,
686 4746 848 4809 Eccli.
899 4771 953 4816 x.
991 4755 1136 4820 Quid
1166 4746 1410 4823 superbit
1440 4761 1589 4809 terra
1620 4761 1668 4808 et
1691 4759 1826 4808 cinis
1849 4755 1874 4809 ‘I

213 4818 399 4896 Deinde
430 4825 578 4879 idem
598 4818 806 4895 Corpus
836 4832 920 4879 est
939 4818 1123 4893 grave,
1147 4818 1300 4896 quod
1317 4844 1417 4879 suo
1439 4827 1689 4896 pondere
1715 4843 1872 4880 men-

213 4893 307 4945 tem
337 4895 402 4948 ad
435 4896 549 4949 ima
570 4893 878 4968 deprimat,
905 4893 1214 4967 Sapientiae
1245 4915 1316 4964 ix,
1349 4893 1556 4967 Corpus
1584 4899 1728 4966 quod
1758 4899 1874 4952 cor-

210 4970 476 5033 rumpitur,
509 4974 781 5036 aggruvat
828 4972 1089 5023 animam.
1125 4971 1406 5023 Praeterea
1441 4987 1540 5022 sua
1588 4976 1720 5023 sunt
1751 4985 1874 5023 cor-

211 5039 345 5155 poris
372 5038 528 5092 istius
554 5042 796 5100 vincula,
820 5041 1027 5112 quibus
1052 5047 1303 5094 mentem
1332 5042 1702 5109 constringat.
1727 5041 1878 5095 vide-

233 5112 323 5155 lcet
366 5112 836 5155 marini-haliaan
894 5113 959 5155 ad
1001 5113 1240 5155 annn-
1302 5128 1394 5155 vn-
1453 5114 1651 5155 Inf'ph'm
1702 5113 1872 5155 lmmn-

233 5112 323 5160 lcet
366 5112 841 5178 perturbationes,
894 5113 963 5166 ad
1001 5113 1241 5165 Roman.
1302 5128 1396 5176 v11,
1448 5114 1651 5178 Infelix
1700 5113 1875 5179 homo,

214 5179 316 5243 quis
355 5196 429 5234 me
468 5183 723 5238 liberabit
778 5185 843 5238 de
885 5200 1102 5253 corpore
1136 5185 1324 5237 mortis
1366 5185 1571 5251 hujus?
1619 5183 1876 5253 Denique

215 5258 359 5326 nemo
390 5258 516 5326 ante
546 5255 701 5320 felix,
735 5271 910 5326 quam
957 5256 1078 5309 haec
1121 5255 1347 5308 vincula
1384 5256 1613 5308 solverit
1648 5271 1660 5308 :
1697 5255 1876 5324 siqui-

213 5316 324 5397 dem
349 5325 619 5397 praedicta
657 5316 1075 5397 Dei-cogitatio,
1110 5327 1169 5379 in
1190 5343 1304 5396 qua
1334 5327 1570 5379 felicitas
1593 5316 1876 5391 versatur,

214 5385 288 5467 his
313 5385 544 5467 vinculis
573 5399 748 5452 veluti
782 5385 1026 5452 totidem
1065 5385 1372 5452 contrariis
1403 5397 1738 5466 impeditur,
1774 5385 1875 5450 Sa;

216 5463 423 5541 pientiee
460 5482 550 5522 ix:
584 5471 1162 5525 Terrenainhabitatio
1190 5469 1452 5538 deprimit
1479 5463 1691 5523 sensum
1707 5469 1880 5523 multa

217 5539 530 5597 cogitantem.

277 5605 326 5683 δέ
358 5607 510 5683 Yetes
553 5612 872 5683 Threicius]
917 5613 1163 5682 Orpheus
1206 5613 1410 5668 Thrax.
1458 5611 1556 5667 Hic
1601 5610 1880 5682 Apollinis

218 5673 268 5726 et
291 5675 563 5750 Calliopes
585 5683 752 5755 ﬁlius,
786 5673 968 5756 lyram
990 5673 1027 5740 ξι
1051 5688 1217 5756 patre
1246 5684 1536 5756 Apolline,
1569 5673 1668 5739 aut
1698 5683 1882 5738 aMer-

1985 3234 2141 3290 curio
2174 3236 2465 3304 acceptam
2495 3232 2576 3287 ita
2604 3233 2852 3288 suaviter
2881 3233 3233 3306 impellebat,
3257 3237 3411 3293 illius
3443 3242 3504 3294 ut
3530 3256 3668 3296 can-

1985 3312 2073 3381 tus
2105 3307 2269 3360 silvas
2287 3311 2344 3360 et
2374 3321 2505 3381 saxa
2524 3321 2752 3381 movere
2771 3306 3102 3381 ;ﬂum_inum
3125 3325 3353 3364 cursum
3375 3312 3668 3381 inhibere;

1982 3380 2247 3449 ferasque
2297 3377 2538 3431 reddere
2591 3378 2848 3431 mitiores
2897 3379 3078 3433 dictus
3126 3381 3319 3435 fuerit.
3370 3377 3672 3439 Euridicen

1983 3450 2183 3504 habuit
2216 3465 2471 3512 uxorem,
2504 3465 2631 3519 quae
2677 3465 2808 3504 cum
2841 3450 3148 3504 Aristaeum
3180 3452 3332 3506 illius
3360 3471 3555 3510 amore
3577 3473 3672 3510 ca-

1983 3527 2148 3596 ptum
2181 3537 2282 3590 per
2306 3521 2432 3596 avia
2455 3520 2698 3596 fugeret,
2733 3522 3011 3596 serpentis
3042 3539 3239 3596 morsu
3267 3525 3400 3580 laesa
3429 3527 3668 3596 interiit,

1983 3594 2140 3664 quod
2175 3592 2413 3646 maritus
2441 3593 2739 3662 aegerrime
2762 3593 2948 3648 ferens
2971 3593 3184 3648 inferos
3207 3596 3367 3660 adiit,
3393 3592 3672 3653 infernos;

1983 3682 2094 3735 que
2127 3670 2397 3735 tyrannos
2431 3681 2532 3717 suo
2578 3664 2828 3718 carmine
2860 3666 2939 3719 ita
2987 3666 3276 3733 demulsit,
3311 3673 3373 3722 ut
3416 3670 3500 3723 illi
3529 3687 3673 3724 uxo-

1983 3753 2106 3810 rem
2169 3735 2546 3810 reddiderint,
2598 3751 2664 3789 ea
2718 3739 2909 3790 tamen
2956 3737 3215 3810 lege,iut
3251 3739 3514 3810 Orpheus
3557 3758 3674 3796 non

1984 3808 2142 3879 prius
2192 3807 2515 3880 intueretur
2552 3823 2809 3871 uxorem,
2859 3807 3033 3878 quam
3076 3809 3148 3862 ad
3194 3807 3432 3880 superos
3475 3813 3674 3867 rediis-

1982 3877 2104 3932 sent
2141 3895 2152 3931 :
2184 3877 2578 3948 quamlegem
2603 3894 2730 3931 cum
2756 3877 3014 3948 Orpheus
3049 3881 3228 3934 nimio
3259 3877 3450 3937 amore
3485 3901 3671 3939 corre-

1983 3953 2114 4020 ptus
2170 3947 2285 4002 non
2334 3947 2704 4014 observasset,
2753 3947 3012 4004 Euridice
3062 3951 3272 4006 iterum
3337 3961 3562 4011 mortua
3605 3958 3675 4011 ad

1985 4019 2196 4075 inferos
2229 4019 2413 4091 rediit.
2451 4020 2575 4072 llaec
2595 4020 2783 4073 fabula
2811 4037 2958 4073 nunc
2981 4022 3273 4091 eleganter
3294 4026 3670 4081 describitur:

1985 4094 2078 4146 sed
2105 4111 2136 4146 a
2167 4089 2589 4167 Virgilio‘prius
2620 4091 2903 4167 deseripta
2933 4089 3118 4167 fuerat
3143 4109 3200 4146 1v
3233 4097 3464 4167 Georg,
3497 4114 3545 4151 v.
3571 4099 3674 4152 434

1987 4171 2042 4218 et
2064 4179 2232 4237 seqq.
2268 4162 2365 4216 l-Iic
2396 4162 2654 4237 Orpheus
2685 4161 2896 4237 dicitur
2939 4163 3054 4216 suis
3085 4161 3672 4237 carminibuvsvicisse

1987 4236 2239 4305 primum
2289 4250 2546 4309 eorpora,
2609 4234 2811 4287 deinde
2854 4239 3074 4309 mentes
3116 4252 3127 4289 :
3163 4234 3400 4307 corpora
3441 4239 3673 4309 quidem

1985 4314 2101 4361 tam
2155 4305 2489 4366 inanimato,
2543 4321 2787 4374 quorum
2839 4305 3090 4375 quietem
3133 4305 3316 4375 motu,
3363 4315 3415 4363 et
3453 4305 3674 4365 motum

1985 4379 2176 4449 quiete
2203 4375 2462 4450 mutavit,
2499 4393 2669 4446 quam
2690 4378 2959 4450 animata,
2985 4377 3256 4431 nimirum
3283 4381 3513 4446 bestias,
3540 4383 3702 4450 qui-‘

1909 4461 1952 4514 ι)
1987 4447 2092 4504 bus
2125 4454 2187 4502 ut
2218 4447 2543 4524 crudelibus
2573 4449 3096 4524 mansuetudinem,
3137 4451 3216 4524 sic
3252 4452 3468 4506 timidis
3499 4447 3676 4524 inspi-

1985 4522 2130 4576 ravit
2160 4520 2636 4591 generositatem;
2670 4526 2890 4574 mentes
2930 4537 3059 4575 vero
3082 4522 3350 4578 infernas.

2064 4613 2143 4663 16.
2194 4611 2296 4664 Nec
2339 4612 2432 4677 qui
2473 4614 2664 4662 cuncta
2703 4609 3044 4676 subegerunt,
3079 4611 3371 4665 mulcerent
3403 4612 3675 4669 dominum

1984 4679 2170 4753 modi]
2214 4683 2347 4753 lloc
2383 4686 2466 4732 est
2501 4695 2511 4732 :
2553 4680 2807 4753 carmina
2838 4698 2964 4750 qua:
3019 4683 3212 4735 omnia
3249 4684 3517 4753 vicerant,
3561 4703 3677 4741 non

1987 4751 2286 4806 vincebant
2337 4752 2524 4822 ipsum
2558 4751 2847 4820 Orpheum
2890 4753 3096 4806 horum
3128 4756 3448 4810 carminum
3483 4751 3675 4812 aucto-

1988 4841 2105 4878 rem
2142 4841 2154 4878 :
2191 4823 2306 4876 sive
2340 4823 2473 4892 quia
2508 4823 2686 4891 major
2725 4827 2846 4876 erat
2900 4824 3053 4877 illius
3103 4825 3282 4894 dolor,
3340 4828 3456 4881 sive
3504 4831 3678 4884 etiam

1987 4895 2581 4970 quia,_ut_loquun_t_ur
2601 4894 2928 4964 philosophi
2956 4912 2967 4948 :
2992 4896 3076 4970 Ab
3101 4905 3331 4970 assuetis
3353 4916 3456 4954 non
3482 4903 3660 4970 ﬁtpas

1986 4972 2084 5022 sio.
2138 4966 2360 5020 Scilicet
2405 4967 2864 5041 nullum‘corpus
2911 4969 3209 5041 sentimus,
3247 4969 3355 5023 nisi
3395 4966 3679 5041 quatenus

1986 5039 2116 5104 hoc,
2151 5037 2840 5112 organumsensiferum,
2858 5038 2942 5091 vel
2981 5041 3166 5107 potius
3197 5037 3472 5111 quasdam
3508 5043 3680 5112 hujus

1989 5109 2190 5183 organi
2224 5108 2525 5183 particulas
2559 5119 2768 5183 movet.
2807 5111 3057 5183 Corpora
3089 5108 3296 5175 autem,
3334 5131 3461 5183 qua:
3492 5108 3678 5167 rarius

1989 5175 2181 5234 sensui
2205 5175 2573 5248 objiciuntur,
2601 5179 2746 5232 hanc
2771 5175 3044 5250 praedicto
3063 5200 3277 5252 organo
3306 5175 3680 5239 mutationem

1989 5251 2199 5304 inferre
2243 5255 2481 5318 possunt
2518 5267 2530 5303 :
2570 5268 2696 5322 quae
2744 5269 2873 5306 vero
2922 5255 3114 5307 sensui
3140 5251 3286 5307 sunt
3333 5255 3517 5319 obvia,
3560 5257 3683 5310 haec

1989 5323 2188 5392 organi
2217 5322 2471 5391 ejusdem
2499 5323 2803 5391 particulas
2846 5341 2875 5376 a
2906 5327 3092 5394 primo
3115 5341 3408 5386 concursu,
3435 5343 3500 5379 eo
3522 5328 3681 5382 omni

1990 5411 2103 5464 quo
2130 5398 2456 5462 potuerunt,
2489 5394 2656 5447 modo
2688 5395 2764 5447 ita
2798 5401 3107 5460 mutavere,
3143 5401 3205 5448 ut
3233 5397 3379 5449 solas
3413 5397 3679 5454 resisten-

1991 5471 2096 5531 tes,
2131 5481 2373 5535 quarum
2407 5482 2514 5534 ope
2548 5482 2912 5535 nequaquam
2945 5467 3244 5533 sentimus,
3272 5469 3578 5536 particulas
3601 5488 3684 5525 re-

1992 5536 2270 5606 liquerint
2319 5552 2332 5589 :
2366 5537 2498 5590 hinc
2544 5539 2801 5590 nativum
2839 5537 3023 5590 cordis
3073 5537 3250 5590 nostri
3277 5538 3546 5607 calorem,
3582 5561 3681 5598 no-

1992 5608 2210 5679 strique
2233 5608 2503 5682 corporis,
2539 5607 2658 5664 imo
2685 5613 2740 5664 et
2769 5609 2936 5664 vestis
2964 5613 3250 5664 consuetae
3267 5612 3493 5682 pondus
3514 5631 3681 5670 sensu

1993 5695 2112 5736 non
2142 5679 2511 5752 percipimus.
