3982 6182
3725 319 3816 374 ’784

374 328 479 382 ’783
1691 320 1812 375 ΑΝ.
1863 317 2044 375 ΜΑΝΙ

2187 317 2285 372 3V.
2333 317 2587 372 BOETII.

624 459 775 510 252
813 449 1093 507 Immiteis
1121 465 1358 520 superos
1388 465 1658 522 querens,
2097 453 2146 506 A
2316 451 2383 506 30
2423 451 2633 521 Captus
2659 449 2913 504 carmine
2937 449 3176 521 janitor.

622 545 882 600 Infernas
913 540 1061 595 adiit
1092 539 1315 595 domos.
2421 540 2558 605 Quae
2589 544 2778 594 sontes
2808 539 3032 609 agitant
3062 543 3223 594 metu

514 638 584 692 20
621 635 742 690 Illic
771 632 978 686 blanda
1006 631 1342 685 sonantibus
2421 629 2656 684 Ultrices
2687 629 2974 683 scelerum
3005 629 3122 684 deas

622 722 861 778 Chordis
890 720 1144 775 carmina
1172 725 1520 791 temperans,
2421 719 2544 773 Jam
2577 723 2795 774 mcestaa
2830 718 3092 790 lacrymis
3121 717 3378 774 madent.

625 810 913 882 Quidquid
946 808 1254 881 praecipuis
1281 810 1402 863 dem
2423 809 2550 863 Non
2583 807 2867 862 lxionium
2907 813 3080 879 caput

623 902 812 958 Matris
847 901 1098 954 fontibus
1125 901 1414 969 hauserat,
2317 899 2383 954 35
2424 898 2608 958 Velox,
2628 896 2953 968 praecipitat
2984 901 3128 966 rota,

622 992 787 1057 Quod
816 993 1000 1045 luctus
1031 991 1202 1044 dabat
1227 989 1532 1060 impotens,
2422 987 2492 1041 Et
2513 988 2684 1056 longa
2706 986 2808 1040 site
2839 985 3098 1056 perditus

515 1084 583 1136 '25
625 1081 788 1145 Quod
820 1082 1036 1134 luctum
1058 1079 1358 1149 geminans
1383 1094 1565 1148 amor,
2423 1076 2655 1146 Spernit
2685 1075 3248 1147 ﬂumina,Tantalus,

620 1170 825 1238 Deflet,
860 1171 1098 1223 Tmnara
1119 1185 1507 1230 commovens,
2424 1167 2628 1220 Vultur
2657 1166 2795 1220 dum
2823 1169 2981 1219 satur
3014 1170 3101 1219 est
3129 1165 3338 1232 modis,

622 1261 687 1316 Et
711 1260 863 1314 dulci
897 1259 1121 1313 veniam
1152 1274 1321 1329 prece
2424 1257 2548 1310 Non
2580 1255 2750 1309 traxit
2775 1255 2925 1326 Tityi
2956 1255 3140 1324 jecur.

622 1355 773 1404 253
809 1349 1153 1403 Umbrarum
1183 1347 1445 1402 dominos
1474 1350 1662 1417 rogat.
2315 1347 2386 1402 40
2427 1351 2578 1401 25-1
2617 1345 2892 1412 Tandem,
2927 1345 3231 1414 vincimur,
3267 1345 3483 1402 arbiter

610 1438 813 1510 Stupet
848 1437 1205 1509 tergeminus
1235 1453 1381 1492 novo
2423 1435 2770 1490 Umbrarum
2791 1435 3072 1490 miserans
3103 1435 3183 1489 ait
3209 1450 3224 1489 :

1824 1561 2036 1618 INTER
2049 1561 2418 1619 PRETATIO.

372 1685 499 1734 tunc
528 1678 805 1748 placatum
827 1677 1027 1729 eodem
1060 1680 1316 1741 carmine,
1343 1691 1460 1728 cum
1485 1679 1704 1742 ﬂamma
1745 1676 1954 1730 amoris
1979 1694 2066 1731 ar-
2107 1681 2146 1735 Β
2177 1681 2232 1732 υἱ
2253 1679 2425 1746 poscit
2459 1678 2670 1729 veniam
2689 1693 2720 1729 α
2734 1676 3080 1745 principibus
3104 1675 3468 1728 tenebrarum.
3493 1675 3631 1729 Tum
3666 1675 3836 1730 Cerbe-

372 1751 585 1805 dentior
641 1754 969 1802 consumeret
1028 1750 1291 1800 interiora
1334 1749 1636 1816 pra’cordia
1688 1748 1857 1816 hujus
1903 1751 2069 1816 vatis,

369 1838 466 1876 nec
509 1825 776 1885 carmina,
831 1836 948 1887 qua
978 1821 1221 1872 vicerant
1259 1824 1461 1883 omnia,
1496 1825 1756 1887 pacurent
1798 1827 2072 1876 auctorem

371 1909 539 1947 suum
568 1893 678 1956 hic,
703 1897 920 1960 questus
951 1906 1171 1959 superos
1198 1890 1459 1954 crudeles,
1491 1895 1793 1958 penetravit
1812 1891 1949 1945 aedes
1984 1896 2067 1945 in-

368 1969 576 2032 fernas.
606 1966 723 2018 Illic
754 1978 1069 2030 componens
1088 1967 1277 2014 cantus
1310 1978 1440 2014 suos
1466 1979 1585 2014 cum
1609 1963 1807 2030 fidibus
1831 1964 2065 2016 citharae

372 2036 582 2090 blanda
606 2035 925 2088 sonantibus
954 2035 1153 2101 promit
1175 2048 1384 2098 gemens
1407 2033 1682 2100 quidquid
1711 2035 1968 2088 hauserat
1998 2052 2064 2088 ea:

368 2108 613 2173 fontibus
643 2105 1033 2175 praestantibus
1063 2105 1264 2158 divina:
1315 2105 1598 2172 Calliopes
1630 2122 1744 2157 sua!
1774 2110 1988 2170 matris,
2009 2111 2065 2160 et

371 2179 642 2247 quidquid
673 2179 825 2231 dolor
856 2177 1151 2244 effrenatus
1199 2192 1460 2243 amorque
1499 2176 1735 2230 dolorem
1775 2177 2062 2244 duplicans

367 2249 778 2320 suppeditabat,
797 2251 1044 2302 excitans
1063 2248 1277 2302 aditum
1302 2250 1626 2316 inferorum,
1649 2255 1915 2317 oratuque
1938 2264 2064 2303 sua-

2180 1767 2279 1802 rus
2311 1751 2572 1802 ostiarius
2603 1751 2822 1815 triceps,
2850 1754 3042 1812 captus
3075 1755 3236 1800 cantu
3265 1747 3833 1800 inuuditorulmiratur.

2185 1825 2299 1875 Deae
2338 1821 2578 1872 vindices
2612 1823 2917 1882 criminum,
2952 1835 3068 1884 qua
3117 1824 3303 1872 timore
3334 1821 3645 1872 concutiunt
3674 1835 3834 1872 nocen-

2183 1897 2275 1952 tes,
2315 1894 2494 1945 tristes
2529 1894 2742 1943 hument
2761 1891 3006 1955 ﬂetibus.
3040 1893 3177 1944 Itota
3205 1906 3448 1959 praeceps
3478 1906 3583 1943 non
3611 1895 3746 1959 rapit
3764 1907 3837 1943 ca-

2174 1970 2275 2033 put
2331 1965 2390 2016 1.1
2407 1965 2563 2026 iouis,
2621 1965 2994 2030 Tantalusque
3035 1965 3131 2014 siti
3171 1963 3332 2027 longa
3372 1965 3643 2025 confectus
3681 1966 3835 2015 temnit

2176 2051 2368 2103 aquas.
2399 2036 2595 2089 Vultur
2615 2036 2853 2086 carmine
2877 2035 3114 2086 satiatus
3141 2048 3245 2085 non
3261 2035 3502 2086 laniavit
3521 2034 3671 2101 jecur
3693 2035 3832 2102 Tityi.

2174 2109 2412 2175 Denique
2443 2111 2718 2175 tyrannus
2735 2107 3032 2169 inferorum
3052 2107 3302 2157 misertus
3326 2105 3477 2157 dixit
3498 2121 3510 2157 :
3530 2121 3832 2173 superamur:

2173 2178 2366 2230 damus
2401 2179 2600 2230 marito
2639 2179 2838 2229 sociam
2878 2191 3100 2229 uxorem
3139 2179 3474 2244 acquisitam
3523 2192 3621 2227 suo
3664 2181 3831 2228 cantu:

2172 2256 2230 2303 at
2261 2250 2494 2303 conditio
2521 2251 2820 2324 restringat
2839 2263 3103 2317 munera;
3134 2263 3198 2302 ne
3217 2248 3438 2301 scilicet
3458 2249 3614 2302 liceat
3643 2247 3718 2302 illi
3733 2263 3833 2302 con-

2001 2371 2220 2427 NOTAE.

447 2503 504 2553 18
553 2503 609 2553 et
660 2496 741 2552 19.
791 2498 1030 2552 Immites
1081 2511 1304 2564 superos
1351 2510 1578 2564 querens
1629 2497 1878 2562 infernas
1921 2496 2066 2551 adiit

372 2571 575 2624 domos.
609 2571 798 2623 Poetae
830 2572 1054 2639 ponunt
1081 2568 1290 2636 duplex
1315 2583 1497 2636 genus
1525 2567 1785 2635 deorum,
1823 2584 2062 2637 superos

369 2643 556 2695 cilicet
611 2646 667 2695 et
697 2641 928 2706 inferos,
966 2655 1212 2709 quorum
1249 2639 1294 2690 si
1326 2639 1546 2708 priores
1591 2639 1821 2691 videant
1873 2639 2064 2691 inexo-

369 2713 600 2781 rabiles,
661 2714 730 2767 ad
773 2711 1116 2783 posteriores
1147 2711 1505 2780 confugiunt.
1550 2710 1703 2780 Virg.
1734 2725 1810 2763 vii
1838 2711 2057 2764 .r'Eueid.

365 2801 420 2838 v.
447 2787 595 2840 3l2:

493 2872 733 2921 Flectere
759 2871 803 2919 si
833 2884 1036 2933 nequeo
1061 2884 1300 2935 superos,
1327 2869 1624 2919 Acheronta
1653 2870 1892 2919 movebo.

367 2972 446 3026 ita
481 2972 644 3026 tinxit
685 2971 776 3024 hic
802 2974 956 3024 vates
989 2987 1001 3024 :
1035 2970 1133 3024 sed
1164 2969 1232 3023 ad
1257 2969 1536 3040 majorem
1569 2971 1931 3040 sequentium
1969 2969 2058 3023 in-

363 3043 765 3112 telligentiam,
803 3058 1033 3095 necesse
1067 3046 1151 3094 est
1187 3042 1408 3094 novisse
1442 3043 1732 3112 quomodo
1773 3041 1939 3094 inferi
1968 3041 2060 3095 dc-

365 3116 690 3169 scribantur
721 3132 750 3166 a
775 3115 958 3182 poetis
981 3129 992 3166 :
1015 3115 1090 3166 sic
1109 3119 1301 3166 autem
1326 3113 1776 3166 describuntura
1800 3113 2056 3179 Virgilio,

363 3203 418 3240 γι
450 3189 601 3251 (Em,
637 3201 686 3238 ν.
731 3187 854 3249 273,
896 3188 946 3235 1°
973 3191 1104 3236 ante
1133 3184 1320 3254 ipsum
1353 3184 1668 3236 inferorum
1711 3184 2056 3236 vestibulum

365 3263 420 3311 et
453 3259 511 3310 in
544 3256 731 3327 primo
764 3255 920 3327 aditu
943 3256 1126 3309 luctus
1159 3260 1215 3307 et
1257 3271 1407 3308 curm
1437 3256 1686 3308 vindices
1712 3255 1924 3324 jacent,
1957 3255 2056 3308 ha-

363 3326 655 3398 titantque
712 3326 919 3392 morbi,
967 3331 1246 3392 senectus,
1307 3331 1509 3392 metus,
1562 3327 1760 3398 fames,
1815 3332 2054 3395 egestas,

369 3397 563 3463 mors,
586 3398 766 3464 labor,
794 3414 1028 3450 somnus
1051 3398 1223 3450 frater
1253 3398 1473 3460 mortis,
1505 3397 1657 3450 mala
1682 3398 1888 3449 mentis
1919 3414 2058 3466 gau-

365 3470 477 3534 dia,
512 3470 749 3528 bellum,
781 3469 944 3521 furia:
987 3473 1040 3520 et
1073 3468 1385 3534 discordia;
1419 3471 1479 3520 2ο
1517 3469 1574 3520 in
1609 3468 1796 3522 medio
1831 3484 2056 3522 eorum-

364 3541 496 3594 dem
532 3539 819 3592 vestibulo
847 3539 1035 3590 ulmus
1067 3554 1273 3605 magna
1305 3543 1359 3590 et
1390 3538 1656 3591 umbrosa
1687 3539 1935 3608 explicat
1967 3556 2054 3591 ra-

363 3627 488 3664 mos
525 3615 579 3663 et
612 3610 864 3674 frondes,
904 3609 1007 3662 sub
1055 3610 1263 3679 quibus
1307 3608 1500 3661 inania
1543 3616 1674 3663 sunt
1714 3610 1963 3676 somnia;
1997 3613 2054 3664 3°

362 3683 432 3735 ad
474 3687 665 3751 portas
703 3681 1041 3734 eorumdem
1075 3681 1362 3752 stabulant
1392 3682 1680 3746 Centauri,
1728 3681 1927 3752 Scyllae
1973 3682 2055 3735 bi-

361 3753 592 3820 formes,
629 3753 889 3806 Briareus
929 3756 1159 3804 centum
1193 3751 1454 3804 manibus
1487 3751 1820 3819 instructus,
1868 3753 2055 3822 Hydra

361 3823 560 3878 Lernae
597 3824 808 3889 bellua,
859 3823 1142 3876 Chimaera
1191 3823 1500 3893 ignivoma,
1549 3825 1862 3894 Gorgones,
1916 3826 2052 3878 Har-

360 3912 508 3974 pyae,
537 3901 594 3974 et
631 3895 837 3974 umbra
884 3894 1214 3974 tricorporis
1256 3895 1655 3974 Geryonis;‘-’i°
1689 3895 1819 3948 inde
1853 3895 2053 3964 incipit

360 3967 470 4020 iter
497 3967 568 4020 ad
604 3967 984 4019 Acherontem
1021 3967 1280 4030 tluvium,
1323 3967 1421 4035 qui
1455 3967 1512 4018 in
1545 3968 1813 4036 Cocytum
1846 3983 2051 4020 arenas

361 4042 669 4092 exonerat:
699 4038 800 4090 lias
830 4036 1137 4090 fluminum
1168 4053 1343 4106 aquas
1367 4043 1551 4089 servat
1581 4043 1766 4090 vector
1797 4039 2048 4104 Charon,

359 4124 529 4162 senex
562 4109 815 4179 quidem,
859 4109 953 4160 sed
985 4109 1194 4160 crudus
1237 4108 1441 4172 adhuc,
1495 4108 1592 4176 qui
1626 4109 1835 4161 relictis
1872 4109 2050 4162 inhu-

359 4182 550 4245 matis,
593 4181 847 4249 sepultos
893 4185 1269 4248 transportat;
1325 4181 1382 4229 5°
1414 4186 1568 4231 trans
1609 4181 1847 4232 fluvium
1894 4179 2048 4232 canis

357 4256 443 4304 est
473 4253 700 4322 triceps,
735 4251 918 4304 dictus
952 4250 1230 4302 Cerberus
1261 4250 1424 4319 quasi
1464 4249 1755 4322 κρεαϐσρος,
1805 4254 2050 4304 carnivo-

358 4338 484 4388 rus;
535 4326 594 4376 6°
641 4323 898 4393 undique
948 4327 1271 4393 occurrunt
1308 4321 1408 4389 qui
1459 4321 1668 4393 dignas
1711 4322 2050 4375 criminibus

355 4411 555 4465 poenas
585 4391 896 4465 luuntzfut
925 4391 1277 4465 Tityus,pqui
1321 4391 1472 4465 quod
1516 4392 1740 4465 Latonae
1785 4395 1899 4446 vim
1945 4410 2046 4462 pa-

356 4462 553 4532 rasset,
588 4465 656 4518 ab
685 4464 948 4534 Apolline
979 4463 1199 4532 sagittis
1231 4462 1582 4529 interfectus,
1616 4468 1670 4514 et
1694 4463 1764 4516 ab
1798 4465 2045 4530 vulture,

355 4538 570 4589 renatis
628 4533 809 4598 ﬁbris,
870 4539 1152 4587 aeternum
1202 4533 1570 4586 corroditur:
1613 4534 1788 4599 lxion,
1836 4536 1934 4604 qui
1975 4536 2046 4588 ob

356 4613 630 4660 tentatam
669 4604 908 4660 iunonis
930 4604 1296 4676 pudicitiam,
1325 4610 1460 4656 rotae.
1477 4604 1742 4676 alligatus
1765 4612 2045 4676 perpetuo

354 4680 705 4730 convertitur
756 4692 769 4730 :
825 4675 1133 4744 Pirithous,
1187 4674 1288 4745 qui
1340 4675 1492 4744 quod
1537 4674 1935 4745 Proserpinam
1979 4695 2048 4732 ex

353 4747 553 4800 inferis
588 4763 792 4817 rapere
821 4747 1082 4812 voluerit,
1122 4744 1244 4799 tum
1276 4745 1484 4799 timore
1516 4744 1633 4799 saxi
1664 4746 2042 4815 imminentis,

353 4833 481 4890 cum
511 4822 662 4890 tame
696 4818 898 4890 mediis
930 4819 990 4872 in
1020 4818 1204 4890 epulis
1235 4818 1537 4890 coniicitur
1570 4833 1583 4870 :
1617 4818 1916 4889 Sisyphus,
1938 4822 2040 4890 qui

351 4888 664 4942 latrociniis
691 4889 920 4942 infamis
942 4906 1135 4943 saxum
1158 4889 1360 4957 ingens
1390 4889 1587 4949 volvit,
1623 4894 1727 4943 etc.

421 4963 508 5013 20.
546 4961 761 5014 Blanda
798 4961 1161 5029 sonantibus.]
1202 4960 1416 5014 Blanda
1456 4975 1655 5014 sonans
1699 4960 1934 5028 dicitur;
1971 4962 2044 5016 si-

351 5038 446 5085 cut
475 5050 507 5085 a
537 5031 732 5102 Virgil.
766 5048 816 5084 ix
846 5033 992 5094 A5n.,
1026 5049 1076 5086 v.
1118 5035 1237 5094 125,
1261 5032 1469 5086 dicitur
1499 5047 1672 5085 rauca
1700 5049 1918 5100 sonans,
1946 5033 2043 5087 in—

348 5103 660 5174 telligendo
707 5106 944 5171 negotia,
995 5103 1162 5157 modo
1219 5102 1496 5174 loquendi
1541 5104 1891 5171 auctoribus,
1941 5104 2041 5159 sed

347 5176 664 5247 praesertim
699 5174 1144 5247 poetisusitato;
1181 5183 1414 5228 vocatur
1439 5175 1666 5247 ellipsis.

415 5250 503 5300 22.
538 5244 834 5315 Praecipuis
865 5245 974 5298 deae
998 5250 1192 5299 matris
1229 5244 1518 5316 fontibus]
1565 5247 1860 5314 Calliopes,
1910 5262 2040 5316 quae

344 5316 606 5385 habetur,
646 5321 698 5371 to
729 5319 856 5382 dea,
882 5320 938 5370 2°
968 5323 1150 5369 mater
1171 5317 1400 5385 Orphei,
1425 5321 1482 5372 3°
1511 5317 1712 5387 regina
1741 5334 2039 5372 musarum

346 5391 554 5459 quibus
576 5392 760 5443 fontes
791 5388 1019 5443 Castalii
1049 5393 1184 5459 sunt
1216 5388 1378 5441 sacri.

413 5463 502 5514 2-1.
547 5463 746 5516 Luctus
793 5456 1098 5529 impotens]
1157 5457 1320 5520 Quod
1370 5464 1620 5512 mentem
1655 5457 2037 5529 impotentem

341 5531 546 5585 reddat
578 5533 691 5586 :sic
722 5531 923 5585 laetitia
957 5547 990 5582 a
1021 5531 1311 5595 Cicerone,
1341 5545 1394 5584 v.
1423 5531 1610 5598 Tusc.,
1654 5538 1889 5585 vocatur
1918 5531 2036 5586 im-

341 5606 560 5672 potens.

411 5675 497 5726 26.
551 5675 778 5728 Taenara
825 5671 1197 5741 commovens]
1249 5670 1483 5726 Aditum
1517 5673 1821 5738 inferorum
1847 5689 1866 5727 :
1898 5688 2035 5729 nam

342 5745 622 5814 Taenarus,
667 5747 756 5803 vel
785 5747 1092 5812 Tartarum,
1133 5743 1288 5801 unde
1320 5743 1530 5815 plural.
1567 5745 1816 5814 Taenara,
1850 5745 2033 5818 quod-

2089 4345 2133 4397 D

2173 2497 2303 2551 dam
2336 2500 2419 2550 est
2434 2494 2810 2565 Peloponnesi
2835 2493 3317 2564 promontorium,
3345 2512 3463 2566 quo
3495 2495 3830 2550 Messeniacus

2173 2586 2205 2622 a
2235 2568 2508 2621 Laconico
2541 2569 2667 2620 sinu
2706 2568 2997 2620 dividitur.
3034 2567 3130 2620 llic
3169 2583 3285 2620 non
3320 2569 3510 2620 solum
3545 2568 3675 2621 urbs
3704 2572 3750 2619 et
3775 2567 3830 2618 si-

2171 2656 2302 2704 nus,
2336 2640 2432 2692 sed
2463 2645 2690 2691 antrum
2713 2639 2906 2703 etiam,
2939 2638 3094 2708 quod
3115 2638 3336 2692 aditum
3364 2639 3673 2692 inferorum
3694 2638 3826 2692 fabu-

2171 2712 2382 2774 lantur,
2422 2711 2525 2763 hoc
2567 2711 2765 2762 eodem
2811 2711 3044 2762 nomine
3083 2710 3399 2764 donantur.
3439 2712 3594 2764 Unde
3624 2711 3757 2780 Virg.
3785 2724 3828 2762 iv

2171 2783 2396 2852 Georg,
2430 2798 2482 2834 ν.
2506 2783 2630 2847 467,
2667 2782 2736 2834 de
2765 2781 2889 2850 ipso
2918 2780 3142 2850 Orpheo
3172 2782 3402 2834 locutus
3431 2783 3584 2836 canit
3611 2797 3622 2836 :

2291 2871 2556 2918 'fmuurias
2585 2870 2741 2918 etiam
2774 2869 2969 2926 fauces,
2998 2869 3102 2917 alta
3132 2870 3267 2918 ostia
3300 2871 3454 2928 Ditis,

2295 2933 2357 2979 Et
2381 2933 2693 2991 caligantem
2725 2933 2873 2991 nigra
2902 2933 3183 2979 formidine
3217 2933 3401 2980 lucum

2296 2996 2585 3065 Ingressus,
2613 2996 2903 3065 Manesque
2933 2995 3078 3065 adiit,
3112 3009 3398 3056 regemque
3429 2995 3745 3065 tremendum

2292 3057 2580 3119 Nesciaque
2613 3057 2859 3104 humanis
2885 3058 3127 3120 precibus
3159 3072 3536 3108 mansuescere
3570 3059 3730 3107 corda.

2237 3159 2326 3210 28.
2357 3157 2679 3210 Umbrarum
2711 3154 3004 3227 dominos]
3051 3158 3332 3222 Principes
3366 3160 3699 3224 inferorum:
3729 3154 3820 3207 sive

2168 3228 2302 3298 quia
2333 3227 2424 3280 hic
2457 3228 2602 3280 nihil
2631 3231 2714 3282 est
2747 3228 3000 3292 luminis,
3035 3228 3150 3280 sive
3184 3229 3360 3282 etiam
3388 3230 3528 3298 quia
3555 3228 3818 3282 dominan-

2166 3304 2260 3422 Zur
2296 3299 2584 3352 mentibus
2618 3299 2920 3367 defunctis,
2966 3315 3092 3369 qua:
3128 3315 3240 3351 non
3273 3315 3404 3353 raro
3436 3301 3692 3354 dicuntur
3726 3313 3820 3351 um-

2201 3387 2292 3422 7‘58.

2201 3387 2274 3422 γω
2281 3410 2292 3422 .

2233 3443 2321 3494 29.
2362 3443 2708 3508 Tergeminus
2731 3438 2984 3512 janitor.]
3017 3441 3288 3495 Cerberus
3323 3447 3496 3509 canis,
3533 3445 3645 3512 qui,
3669 3438 3820 3510 inquit

2163 3513 2457 3582 Apuleius,
2503 3515 2532 3566 l.
2569 3530 2620 3566 vi
2673 3514 2920 3577 Metam.,
2973 3513 3323 3582 praegrandis
3384 3517 3589 3583 trijugo
3631 3518 3676 3566 et
3712 3514 3817 3564 satis

2163 3586 2341 3652 amplo
2373 3589 2548 3652 capite
2576 3585 2860 3653 praeditus,
2896 3589 2946 3637 et
2966 3590 3088 3637 ante
3108 3588 3283 3652 ipsum
3308 3586 3475 3639 limen
3502 3594 3548 3640 et
3572 3591 3685 3639 atra
3701 3584 3818 3636 atria

2162 3657 2500 3724 Proserpinae
2523 3671 2733 3726 semper
2775 3656 3048 3709 excubans
3079 3661 3256 3709 servat
3297 3674 3530 3712 vacuam
3573 3660 3702 3712 Ditis
3738 3654 3816 3707 do-

2161 3742 2326 3779 mum.

2234 3800 2318 3852 32.
2367 3799 2594 3852 Ultrices
2637 3799 2894 3852 scelerum
2941 3797 3090 3870 deae]
3137 3799 3319 3869 Vulgo
3364 3799 3696 3865 Eumenides,
3731 3799 3816 3847 κατ’

2159 3867 2483 3943 ᾁντίγρᾳσιν,
2528 3870 2681 3943 quod
2701 3871 2937 3943 minime
2965 3867 3400 3924 ben-evolze'sint
3426 3888 3440 3925 :
3472 3869 3815 3943 εὐμενὴςᾼεηίῃι

2162 3937 2465 4014 benevolum
2498 3937 2783 4010 significat
2834 3959 2846 3995 :
2878 3942 2956 3995 sic
2988 3943 3180 3997 Parcae
3215 3937 3691 4014 vocantur,'quod
3729 3937 3813 3994 mi-

2159 4013 2316 4064 nime
2349 4019 2604 4080 parcant.

2230 4084 2318 4135 33.
2387 4085 2506 4136 Jam
2563 4084 3080 4156 mastaelacrymis
3149 4084 3412 4156 madent]
3469 4087 3648 4156 Usque
3699 4081 3814 4156 adeo

2157 4169 2366 4226 magna
2407 4160 2492 4226 est
2522 4154 2603 4206 vis
2629 4155 2948 4208 carminum
2977 4156 3217 4226 Orphei;
3250 4153 3454 4226 utpote
3497 4153 3690 4226 quibus
3725 4153 3815 4206 Eu-

2159 4225 2417 4278 menides
2449 4225 2596 4278 flecti
2629 4227 2860 4294 nescia),
2892 4225 3568 4282 tanta’commiseratione
3602 4240 3814 4280 commo—

2160 4301 2390 4370 ventur,
2416 4303 2479 4349 ut
2503 4295 2613 4370 illis
2644 4297 2910 4370 plurimae
2944 4300 3206 4370 lacrymze
3238 4315 3476 4353 manare
3513 4300 3811 4352 videantur:

2161 4369 2238 4419 sic
2276 4367 2493 4421 sistitur
2525 4367 2735 4421 Ixionis
2775 4375 2900 4422 rota
2934 4386 2946 4423 :
2991 4367 3071 4423 sic
3115 4371 3386 4424 Tantalus
3419 4371 3584 4424 famis
3613 4370 3812 4436 sitisque

2158 4439 2369 4514 oblitus
2402 4455 2507 4493 nec
2538 4455 3006 4514 pomacarpere,
3050 4457 3155 4514 nec
3187 4458 3366 4514 aquas
3406 4448 3600 4514 potare
3643 4442 3810 4495 curat:

2159 4511 2236 4564 sic
2262 4511 2452 4563 vultur
2473 4527 2586 4563 non
2621 4511 2845 4566 vellicat
2870 4515 3034 4582 jecur
3063 4513 3228 4582 Tityi.

2227 4582 2312 4658 3_’i.
2349 4584 2759 4658 NonAlerionum
2797 4581 3006 4655 caput]
3055 4585 3129 4637 De
3155 4581 3374 4639 Ixionis
3411 4583 3682 4658 supplicio
3711 4581 3808 4651 jam

2156 4651 2420 4705 diximus.
2457 4653 2689 4706 Ovidius
2722 4671 2734 4707 :

2279 4740 2519 4789 Volvitur
2545 4741 2695 4789 Ixion
2725 4745 2777 4791 et
2799 4755 2854 4790 se
2887 4743 3226 4806 sequiturque
3256 4743 3518 4810 fugitque.

2223 4823 2310 4875 36.
2351 4821 2508 4890 Sita]
2543 4824 2650 4876 Pro
2685 4825 2781 4897 siti
2807 4839 2822 4897 7:
2860 4823 3008 4878 sicut
3053 4824 3262 4878 dicitur
3303 4843 3455 4880 mare
3504 4843 3603 4897 pro
3632 4824 3803 4897 mari}

2151 4891 2230 4944 ait
2263 4909 2417 4945 mare
2449 4900 2600 4946 vates
2634 4911 2645 4948 :
2679 4895 2879 4948 dubito
2916 4901 3111 4949 utrum
3141 4897 3286 4950 alius
3323 4891 3520 4951 Latine
3546 4898 3713 4949 sciens
3735 4891 3804 4944 di-

2149 4963 2296 5016 xerit
2326 4966 2426 5017 site
2460 4981 2471 5016 :
2505 4981 2835 5035 quanquam
2869 4966 3093 5030 legatur
3120 4983 3337 5036 vespere
3366 4977 3424 5021 et
3444 4969 3671 5036 vesperi;
3696 4969 3803 5017 tem-

2147 5050 2276 5104 pore
2309 5042 2363 5087 et
2406 5039 2664 5103 tempori;
2701 5038 2812 5089 luce
2843 5039 3029 5090 etluci
3069 5054 3082 5091 :
3129 5041 3251 5103 igne
3269 5045 3325 5092 et
3348 5041 3546 5106 igniin
3579 5039 3800 5106 ablativo.

2221 5108 2307 5179 37.
2348 5102 2659 5178 Tantalus]
2697 5109 2966 5161 Tantalus
3011 5102 3461 5179 Agamemnonis
3495 5116 3549 5164 et
3579 5102 3800 5179 Menelai,

2149 5176 2250 5251 qui
2299 5184 2602 5251 propterea
2639 5176 2962 5251 Tantalidae
3000 5176 3284 5248 dicuntur,
3337 5199 3491 5247 avus,
3536 5180 3677 5251 quod
3728 5178 3800 5251 in-

2147 5247 2374 5321 quiunt,
2421 5248 2606 5302 tilium
2639 5249 3001 5304 membratim
3054 5247 3402 5321 discerptum
3448 5247 3568 5306 diis'
3598 5248 3801 5321 manilii;

2146 5313 2780 5393 dandumapposuerit,
2815 5322 3120 5390 propositis
3173 5313 3356 5391 po'mis
3406 5325 3672 5393 aquisque
3708 5313 3797 5370 sibi

2143 5389 2474 5456 inaccessis,
2508 5393 2658 5445 fame
2685 5389 2893 5462 sitique
2928 5389 3220 5462 perpetuis
3251 5389 3552 5448 cruciat-ur.

2215 5463 2301 5514 40.
2358 5463 2581 5533 Arbiter
2623 5464 2984 5533 umbrarum.)
3029 5466 3204 5518 Pluto.
3242 5466 3519 5519 Saturnus
3563 5464 3703 5516 enim
3743 5470 3796 5509 ex

2146 5531 2264 5600 Ope
2293 5532 2537 5601 conjuge
2571 5538 2684 5586 tres
2713 5534 2918 5587 habuit
2939 5531 3106 5601 illius,
3141 5552 3347 5606 nempe
3375 5539 3585 5598 Jovem,
3616 5535 3795 5606 Neplll'

2145 5620 2284 5677 num
2317 5606 2726 5677 et__l’lutonem,
2751 5606 2851 5675 qui
2877 5606 3077 5659 mundi
3111 5602 3412 5677 imperium
3449 5602 3792 5677 partitisunl,

2141 5675 2263 5729 Jovi
2295 5675 2442 5739 coeli,
2485 5675 2748 5748 Neptuno
2783 5677 2980 5749 maris,
3033 5675 3263 5734 Pluto—ni
3307 5680 3608 5735 inferorum
3636 5675 3791 5742 impe-

2141 5746 2293 5802 rium
2319 5747 2545 5803 obtiait.

2141 5761 2293 5802 rium
2319 5761 2545 5817 ontigit.
