3982 6182
174 277 268 330 785

375 411 664 464 Donamus
691 409 958 464 comitem
977 408 1101 464 viro

371 500 633 570 Emptam
655 499 910 553 carmine
933 500 1241 570 conjugem
1273 518 1286 555 :

373 589 483 644 Sed
511 589 596 643 lex
631 589 780 643 dona
805 595 1086 655 coerceat,

297 681 364 734 43
400 680 499 746 Ne,
534 679 670 733 dum
691 681 925 733 Tartara
955 679 1210 750 liquerit,

369 769 475 822 Fas
505 769 578 821 sit
603 768 825 821 lumina
853 768 1104 822 ﬂectere.

367 857 504 921 Quis
535 856 723 927 legem
754 857 849 910 det
881 855 1248 911 amantibus?

363 946 543 1015 Major
570 947 658 1000 lex
684 962 844 1000 amor
877 952 962 1000 est
989 945 1118 1000 sibi.

362 1034 516 1090 Heu!
547 1035 730 1089 noctis
759 1053 940 1107 prope
976 1035 1258 1091 terminos

291 1126 357 1179 50
385 1125 649 1196 Orpheus
680 1124 990 1180 Euridicen
1016 1142 1182 1180 suam

1182 276 1274 330 DE
1311 274 1836 334 CONSOLATIONE
1874 277 2353 337 PHILOSOPHUS
2389 279 2520 334 LIB.
2565 279 2658 332 IV.

1882 419 1930 470 Λ
2167 415 2343 482 Vidit,
2375 415 2648 486 perdidit,
2680 415 2909 472 occidit.

3553 286 3657 340 786

2175 506 2285 559 Vos
2315 504 2436 558 hmo
2463 505 2657 559 fabula
2675 505 2929 576 respicit,

2177 594 2513 665 Quicunque
2534 594 2595 647 in
2622 610 2895 664 superum
2926 595 3082 649 diem

2176 685 2420 738 Mentem
2454 684 2660 738 ducere
2692 683 2970 754 quaeritis.

2105 777 2169 826 55
2202 774 2340 827 Nam
2370 773 2466 843 qui
2499 777 2810 826 tartaream
2842 772 2903 827 in
2935 789 3133 844 specus

2173 862 2363 915 Victus
2394 861 2613 914 lumina
2647 861 2890 926 flexerit,

2173 951 2464 1021 Quidquid
2495 951 2854 1021 prmcipuum
2887 950 3081 1018 trahit,

2171 1041 2383 1108 Perdit,
2418 1040 2557 1095 dum
2584 1039 2737 1094 videt
2755 1039 2989 1095 inferos.

1611 1222 2202 1281 INTERPRETATIO.

166 1357 347 1408 vertere
370 1354 573 1419 oculos,
602 1357 889 1423 postquam
921 1369 1163 1421 egressus
1182 1355 1435 1419 fueritex
1467 1356 1680 1421 inferis.
1702 1356 1832 1420 Quis

163 1431 385 1494 imponat
444 1426 613 1492 legem
655 1427 1006 1479 amantibus?
1050 1442 1200 1479 amor
1247 1425 1363 1495 ipse
1394 1427 1502 1479 sibi
1534 1432 1611 1480 est
1656 1428 1834 1494 major

165 1499 255 1550 lar.
295 1499 440 1550 Heu!
469 1513 577 1550 non
597 1498 783 1565 procul
805 1514 837 1550 ιι
865 1497 1065 1566 ﬁnibus
1088 1498 1402 1550 umbrarum
1435 1499 1680 1565 Orpheus
1725 1501 1822 1550 via:

163 1571 379 1635 respexit
410 1585 572 1621 suam
617 1584 854 1621 uxorem
912 1569 1227 1632 Eur-idicen,
1277 1584 1396 1622 cum
1438 1569 1596 1622 illam
1641 1572 1830 1623 amisit

164 1639 651 1710 erstinctamJHa-ic
678 1640 878 1706 fabula
908 1645 1117 1708 spectat
1144 1655 1256 1707 vos,
1314 1642 1619 1709 quicunque
1675 1642 1843 1694 vultis

1941 1356 2190 1408 attollere
2215 1356 2454 1408 animum
2487 1355 2561 1408 ad
2596 1357 2773 1409 Deum
2794 1369 3105 1423 supremum
3133 1355 3310 1409 lumen
3337 1372 3354 1409 :
3402 1358 3644 1424 quicun-

1943 1442 2042 1495 que
2072 1429 2211 1479 enim
2241 1429 2500 1489 fatiscens
2525 1430 2845 1480 con-verterit
2876 1427 3056 1480 oculos
3087 1427 3162 1479 ad
3192 1430 3442 1491 infernas
3462 1443 3639 1480 caver-

1930 1513 2052 1557 nas,
2103 1499 2187 1550 hic
2217 1498 2346 1550 dum
2389 1501 2610 1566 respicit
2643 1499 2762 1550 loca
2795 1501 3037 1563 inferna,
3099 1500 3307 1551 amittit
3358 1499 3638 1568 quidquid

1940 1570 2099 1622 habet
2127 1571 2463 1637 prmeipuum
2493 1569 2877 1638 cogitationis.

1775 1738 1998 1792 ΝΟΤίΕ.

1775 1739 1816 1791 Ν
1871 1738 1998 1792 ΤίΕ.

219 1825 298 1898 ti.
338 1825 452 1898 Lea:
481 1825 629 1879 dona
648 1825 932 1898 coerceat]
967 1826 1641 1898 Princepstenebrarum
1682 1738 1908 1882 nihilOB
1939 1829 2242 1898 propterea
2301 1825 2600 1880 ardentius
2648 1842 2809 1879 mens
2861 1824 3121 1880 adhaeret
3156 1842 3168 1880 :
3225 1831 3378 1880 ἰὗό
3420 1826 3555 1882 hinc
3586 1827 3648 1882 in

162 1897 444 1966 voluptatis
475 1897 764 1964 concedit,
800 1898 1060 1970 nisiisub
1093 1897 1536 1966 conditionibus,
1575 1916 1704 1970 quae
1737 1904 1836 1954 aut

162 1983 257 2020 non
285 1973 543 2038 possunt,
577 1973 675 2022 aut
707 1985 822 2021 non
855 1969 1064 2023 debent
1093 1970 1342 2038 impleri.
1401 1970 1489 2023 Sic
1541 1969 1734 2025 Matth.
1781 1987 1834 2025 1v

161 2039 356 2094 Christo
394 2039 634 2092 ostendit
665 2043 847 2093 omnia
868 2057 1038 2108 regna
1068 2043 1260 2094 mundi
1288 2046 1338 2094 et
1369 2043 1601 2108 gloriam
1635 2059 1833 2107 eorum,

161 2114 197 2162 et
225 2110 397 2164 dicit:
427 2113 557 2164 Hae
604 2115 786 2166 omnia
840 2113 940 2166 tibi
975 2113 1113 2166 dabo
1150 2116 1210 2181 ~si
1262 2113 1459 2167 cadens
1494 2115 1834 2183 adoraveris,

159 2197 241 2234 me.

216 2255 290 2305 5'2.
330 2253 433 2326 Vos
469 2252 586 2307 haec
615 2254 810 2319 fabula
833 2253 1103 2326 respicit]
1147 2255 1359 2308 Fabula
1395 2259 1477 2308 cst
1509 2256 1836 2326 exemplum

164 2322 329 2376 ﬁctum
363 2324 432 2376 ad
465 2322 932 2394 persuadendum
971 2322 1266 2379 veri-tatem
1303 2343 1315 2380 :
1364 2322 1690 2396 propterea,
1735 2343 1836 2380 au-

165 2401 298 2468 ctore
321 2396 599 2468 Varrone,
625 2397 925 2468 theologia
965 2398 1236 2467 antiquis,
1270 2399 1379 2450 alia
1406 2403 1528 2451 erat
1583 2398 1834 2468 physica,

165 2466 256 2518 alia
280 2467 541 2520 fabulosa
577 2483 589 2519 :
618 2467 715 2520 illa
738 2466 1121 2533 naturalibus,
1150 2469 1270 2521 haec
1315 2466 1727 2523 commentitiis
1749 2470 1835 2523 ef-

164 2536 313 2610 tectis,
338 2539 500 2610 quod
527 2539 600 2592 de
634 2539 741 2592 diis
771 2540 1120 2593 credendum
1151 2540 1473 2605 videbatur,
1517 2542 1828 2610 persuade-

162 2606 256 2662 bat.
288 2606 572 2663 Nimirum
604 2617 818 2680 quanto
849 2611 1146 2664 obscurior
1176 2618 1230 2664 et
1264 2606 1829 2666 inventu-difﬁcilior

163 2680 337 2733 veritas
361 2681 448 2735 his
469 2683 678 2749 velata,
697 2686 855 2737 tanto
880 2683 1062 2754 magis
1088 2683 1325 2738 inventa
1352 2684 1555 2754 placet,
1578 2683 1826 2754 huicque

1944 1915 2101 1951 sacro
2129 1902 2281 1951 textu
2303 1898 2631 1967 frequentes
2649 1898 3071 1966 suntparabola:
3094 1898 3354 1968 apologis
3383 1899 3600 1953 similes
3626 1917 3638 1954 :

1943 1970 2076 2023 hinc
2108 1969 2373 2022 Horatius
2395 1971 2433 2022 l.
2469 1986 2485 2021 1
2518 1971 2729 2039 Satyr.,
2758 1974 2863 2022 sat.
2891 1973 2912 2022 1
2945 1985 2959 2023 :

2097 2092 2348 2142 Tantalus
2378 2108 2406 2140 a
2436 2093 2596 2141 labris
2633 2094 2814 2141 sitiens
2849 2091 3108 2155 fugientia
3137 2096 3314 2155 captat

2102 2157 2361 2204 Flumina.
2393 2155 2530 2212 Quid
2566 2156 2744 2203 rides?
2772 2156 2998 2203 imutato
3026 2156 3239 2203 nomine
3273 2155 3335 2203 de
3364 2159 3417 2204 te

2100 2218 2298 2266 Fabula
2329 2222 2574 2265 narratur
2610 2232 2621 2265 :
2655 2218 2920 2278 congestis
2955 2218 3189 2279 undique
3223 2219 3420 2265 saccis

2102 2281 2363 2328 lndormis
2394 2281 2625 2332 inhians.
2657 2286 2709 2328 et
2738 2285 2990 2340 tanquam
3020 2293 3231 2342 parcere
3269 2280 3431 2327 sacris

2102 2344 2332 2405 Cogeris,
2365 2348 2457 2391 aut
2482 2343 2632 2405 pictis
2659 2346 2909 2404 tanquam
2945 2342 3175 2404 gaudere
3206 2342 3428 2390 tabellis.

1948 2470 2016 2524 Ut
2044 2485 2181 2538 ergo
2223 2468 2504 2537 Orpheus,
2528 2468 2665 2520 dum
2699 2467 2909 2520 inferos
2933 2466 3184 2538 respicit,
3218 2465 3407 2536 perdit
3437 2467 3637 2537 conju-

1939 2557 2091 2608 gem,
2123 2557 2236 2610 qua
2258 2545 2452 2607 empta
2484 2539 2785 2592 videbatur
2806 2538 2966 2604 felix;
3001 2539 3090 2610 sic
3116 2539 3398 2610 praecipiti
3446 2555 3635 2592 rerum

1939 2609 2285 2666 caducarum
2315 2610 2680 2680 cogitatione,
2709 2610 2832 2680 ipsa
2846 2611 3055 2663 summi
3081 2609 3218 2663 boni
3246 2609 3516 2679 cogitatio
3539 2613 3640 2664 aut

1939 2683 2341 2753 exstinguitur,
2363 2687 2462 2735 aut
2493 2682 2782 2736 exstincta:
2815 2680 3016 2736 similis
3047 2682 3402 2735 obscuratur.

1386 3062 1755 3157 LIBER
1845 3056 2441 3176 QUARTUS.

627 3267 781 3317 556
821 3261 1050 3316 PROSA
1081 3261 1321 3316 PRIMA.

155 3346 520 3404 Anouuexruu.
558 3378 632 3392 —
662 3353 904 3405 Boetium
953 3354 1261 3416 mirantem,
1311 3351 1456 3419 quod
1501 3353 1607 3405 Deo
1661 3366 1820 3405 mun-

212 3419 322 3472 dum
358 3429 578 3487 regente
603 3438 709 3475 non
739 3424 909 3476 solum
952 3425 1100 3476 mala
1141 3426 1251 3476 sint
1293 3428 1343 3475 et
1375 3425 1667 3489 impunita.
1719 3422 1819 3477 sed

212 3493 366 3544 virtus
391 3497 700 3559 etpraem-iis
728 3502 928 3557 careat,
953 3499 1003 3546 et
1023 3495 1402 3546 scelerato-rum
1422 3494 1651 3560 pedibus
1673 3494 1813 3547 sub-

156 3556 182 3627 5
206 3559 332 3640 jecta
357 3556 614 3640 calcetur,
639 3565 788 3618 docet
818 3556 1186 3631 Philosophia,
1238 3580 1331 3617 nec
1383 3556 1523 3617 vitia
1551 3567 1666 3618 sine
1705 3580 1818 3633 p03-

211 3639 303 3698 nis,
324 3650 412 3687 nec
438 3639 698 3688 virtutem
723 3640 840 3688 sine
867 3640 1088 3703 praem-io
1117 3651 1246 3688 esse.

214 3720 324 3774 Haec
353 3737 480 3776 cum
534 3723 923 3793 Philosophia,
953 3725 972 3760 ¹
1024 3723 1301 3793 dignitate
1339 3724 1550 3788 vultus,
1600 3727 1656 3776 et
1700 3722 1817 3777 oris

160 3809 395 3874 gravitate
426 3816 672 3878 servata,
704 3811 908 3865 leniter
938 3811 1301 3882 suaviterque
1335 3810 1652 3877 cecinisset,
1692 3815 1816 3865 tum

161 3910 260 3964 ego,
284 3900 536 3954 nondum
570 3909 595 3933 ⁸
611 3901 838 3969 penitus
852 3901 1006 3954 insiti
1027 3902 1364 3955 maeroribus
1381 3901 1614 3964 oblitus,
1632 3901 1817 3954 inten-

159 3985 337 4041 tionem
367 3989 558 4043 dicere
591 3990 774 4044 adhuc
813 3991 1032 4062 aliquid
1065 3991 1320 4061 parantis
1349 3994 1373 4034 ἱ)
1401 3991 1629 4062 abrupi.
1665 3996 1810 4045 257

160 4074 209 4127 Et
243 4093 286 4141 ο,
321 4078 626 4150 inquam,2
666 4081 784 4134 veri
835 4081 1050 4150 prmvia
1106 4081 1345 4136 luminis
1373 4089 1412 4146 ο,
1464 4097 1593 4150 qua:
1636 4096 1816 4151 usque

158 4161 307 4219 adhuc
360 4173 455 4222 tua
491 4167 644 4223 fudit
701 4169 905 4239 oratio,
958 4171 985 4212 d
1046 4186 1175 4224 cum
1235 4170 1322 4224 sui
1359 4171 1381 4203 ³
1430 4169 1815 4240 speculatione

1861 3260 1900 3314 C
1929 3257 2140 3320 divina,
2173 3262 2295 3310 tum
2329 3256 2440 3310 tuis
2472 3254 2787 3310 rationibus
2818 3254 3027 3309 invicta
3054 3259 3400 3325 patuerunt;
3444 3273 3629 3328 eaque

1930 3348 2096 3411 mihi,
2125 3353 2181 3400 et
2206 3346 2252 3399 si
2280 3346 2352 3399 ob
2385 3345 2611 3414 injuriae
2639 3345 2897 3398 dolorem
2929 3361 3112 3414 nuper
3142 3345 3336 3412 oblita,
3370 3363 3489 3400 non
3539 3352 3626 3401 ta-

1931 3452 2064 3488 men
2117 3435 2354 3487 antehac
2384 3451 2622 3504 prorsus
2675 3434 2941 3503 ignorata
2990 3434 3202 3488 dixisti.
3236 3435 3345 3489 Sed
3377 3452 3444 3489 ea
3495 3435 3622 3506 ipsa

1929 3530 2012 3579 est
2038 3525 2122 3578 vel
2157 3524 2445 3578 maxima‘
2469 3523 2646 3577 nostri
2680 3523 2756 3594 (ὃ)
2790 3540 2958 3577 causa
2990 3525 3272 3590 moeroris,
3308 3525 3460 3596 quod
3491 3541 3623 3580 cum

1929 3631 2120 3669 rerum
2171 3615 2354 3668 bonus
2406 3619 2595 3668 rector
2635 3614 2860 3679 existat,
2892 3615 2979 3668 vel
3034 3631 3154 3668 esse
3205 3615 3440 3669 omnino
3472 3616 3624 3671 mala

1925 3705 2167 3774 possint,
2190 3705 2277 3757 vel
2300 3704 2580 3773 impunita
2612 3707 2978 3772 praetereant.
3011 3703 3175 3768 Quod
3193 3705 3379 3758 solum
3399 3711 3619 3775 quanta

1926 3794 2164 3863 dignum
2191 3793 2262 3845 sit
2293 3792 2690 3858 admiratione,
2726 3792 2985 3861 profecto
3013 3793 3361 3847 consideras.
3397 3798 3467 3848 At
3491 3795 3623 3848 huic

1926 3883 2080 3936 aliud
2121 3883 2304 3951 majus
2336 3881 2671 3951 adjungitur
2704 3897 2715 3935 ξ
2746 3898 2878 3934 nam
2909 3881 3228 3951 imperante
3263 3882 3622 3954 florenteque

1927 3971 2205 4041 nequitia,
2262 3969 2436 4023 virtus
2476 3987 2590 4023 non
2651 3972 2839 4023 solum
2881 3972 3132 4041 praemiis
3188 3977 3360 4038 caret,
3413 3990 3617 4027 verum

1926 4061 2096 4114 etiam
2129 4060 2531 4112 sceleratorum
2576 4058 2817 4128 pedibus
2866 4060 3116 4129 subjecta
3146 4059 3412 4126 calcatur,
3448 4066 3504 4115 et
3558 4063 3620 4116 in

1923 4150 2113 4203 locum
2147 4149 2256 4220 (lO)
2277 4148 2597 4202 facinorum
2646 4147 2928 4218 supplicia
2967 4149 3095 4202 luit.
3147 4150 3282 4212 Quae
3332 4148 3458 4203 ﬁeri
3487 4152 3508 4184 ⁸
3559 4150 3621 4204 in

1591 4266 2168 4322 INTERPRETATIO.

213 4384 233 4410 ι
258 4360 494 4416 Interius.

213 4430 234 4471 δ
259 4432 617 4503 lnterpellavi.

1998 4376 2022 4406 ε
2059 4347 2446 4433 Philosophia.

1992 4437 2017 4479 εἰ
2046 4437 2116 4490 Et
2137 4436 2289 4490 cla-ra
2315 4437 2367 4488 et
2381 4436 2548 4488 certa.

1777 4531 1887 4570 m'r
1903 4535 1942 4570 ili

1777 4533 1797 4558 τ
1931 4550 1942 4570 4

218 4616 522 4701 ξΒξυηὶιαιε
571 4622 754 4701 vultus
779 4625 831 4701 et
861 4623 972 4701 oris
1023 4623 1315 4701 gravitate
1355 4620 1620 4690 servatafl
1670 4533 2016 4701 Cugollldlgiic
2046 4621 2512 4701 appellarinillud,
2542 4636 2677 4701 _quo
2726 4636 2891 4701 mens
2939 4623 3146 4701 sperat,
3207 4619 3390 4699 ruptis
3419 4619 3618 4701 ‘ipsius

162 4687 284 4763 enim
297 4691 462 4745 homo
493 4709 624 4745 suas
644 4687 1067 4763 signiﬁcaturus
1088 4693 1481 4762 cogitationes,
1506 4687 1619 4746 non
1640 4694 1810 4747 modo

166 4755 344 4834 lingua,
374 4764 466 4834 sed
496 4765 670 4816 etiam
694 4755 901 4829 Bculis,
936 4755 1352 4829 frontef'nutu,
1399 4755 1582 4832 gestu,
1639 4772 1810 4817 caete-

165 4833 322 4910 risque
351 4833 734 4910 ejusmodisic
763 4837 1051 4910 loquatur,
1087 4841 1148 4889 ut
1178 4852 1280 4910 pro
1315 4835 1556 4910 diversis
1575 4836 1813 4910 “horum

165 4906 382 4980 omnium
413 4906 594 4980 modis
621 4907 874 4980 diversas
893 4913 949 4960 et
981 4907 1271 4980 loquentis
1299 4907 1386 4958 sui
1413 4906 1712 4975 signiticet,
1757 4913 1813 4960 et

167 4972 410 5049 audientis
440 5047 445 5049 _
471 4977 705 5030 alterius
761 4978 965 5031 excitet
1015 4972 1388 5046 cogitationes
1426 4995 1446 5049 :7
1469 4972 1489 4975 ’
1511 4984 1813 5048 propterea

168 5037 487 5120 Philosophia
516 5049 824 5120 humanam
857 5037 1318 5102 formaniinduta
1335 5048 1481 5117 aptis
1504 5037 1811 5117 illisisignis

169 5118 418 5190 veritatem
447 5118 665 5172 felicius
694 5121 1013 5188 persuadet,
1048 5122 1106 5173 in
1137 5137 1252 5190 quo
1313 5120 1505 5173 differt
1553 5137 1586 5172 a
1634 5121 1808 5175 musis

171 5186 371 5260 poeticis,
395 5205 529 5257 quas
555 5186 728 5260 supra
753 5192 970 5244 vocavit
1001 5186 1370 5245 meretriculas
1402 5207 1569 5258 usque
1606 5194 1664 5244 in
1692 5194 1810 5244 emi-

171 5254 278 5332 litlm
305 5254 492 5324 dulces,
524 5254 766 5331 quaeque
799 5264 952 5332 quod
981 5262 1090 5315 alio
1132 5264 1289 5315 vultu
1310 5254 1636 5331 loquantur,
1673 5264 1810 5316 alias

170 5325 318 5400 etiam;
339 5325 688 5385 commovent
717 5333 774 5385 in
805 5325 1158 5386 auditoribus
1190 5325 1586 5400 cogitationes.

227 5393 244 5424 ²
277 5397 387 5476 Peri
414 5406 615 5476 prmia
652 5403 920 5476 luminis]
966 5393 1336 5473 Pliitosomiia,
1382 5421 1512 5474 quae
1539 5405 1688 5473 quod
1741 5405 1812 5458 sit

173 5472 384 5548 cognitio
424 5472 566 5526 clara
615 5480 670 5528 et
699 5472 966 5548 distincta
1010 5472 1270 5548 adeoque
1305 5472 1484 5528 errori
1552 5472 1682 5548 non?
1709 5476 1810 5548 obs

177 5547 329 5616 noxia,
358 5545 484 5616 ipsa;
520 5561 710 5598 verum
771 5547 968 5600 lumen
1013 5553 1124 5611 est;
1157 5547 1254 5600 sed
1287 5548 1435 5616 quod
1495 5545 1810 5600 attendeuti

178 5605 337 5688 ittuten
357 5605 574 5688 luminis
588 5618 659 5670 sit
681 5617 868 5687 origo,
894 5605 1199 5688 propterea
1213 5605 1412 5672 eadem
1440 5618 1812 5687 Philosophia

181 5671 356 5734 dicitur
374 5687 480 5738 veri
520 5688 736 5743 luminis
771 5671 1021 5759 praebia:
1053 5671 1172 5744 Nisi
1205 5671 1379 5757 dicas,
1411 5705 1598 5744 verum
1635 5671 1812 5744 lumen

1922 4691 2176 4764 corporis
2209 4693 2468 4758 nexibus,
2505 4693 2812 4762 aliquando
2843 4691 2973 4764 frui
3009 4707 3021 4744 :
3070 4692 3180 4745 hoc
3209 4693 3362 4745 enim
3418 4692 3618 4748 lumen

1921 4762 2141 4820 lumine
2169 4763 2570 4834 philosophice
2604 4762 2972 4832 przevenitur.

1992 4838 2014 4870 ³
2046 4832 2462 4904 8ρεούἰαίίοηὲ.]
2505 4836 2834 4903 Speculatio,
2892 4849 2996 4885 vox
3046 4832 3236 4887 minus
3284 4833 3485 4889 Latina
3537 4836 3617 4890 vi-

1923 4907 2107 4961 detur.

1994 4980 2221 5033 ‘Nostri
2243 4993 2408 5032 causa
2445 4973 2735 5047 memoris]
2786 4976 2855 5030 Ut
2902 4992 3126 5029 summa
3175 4976 3355 5030 auimi
3415 4979 3618 5032 laetitia

1920 5049 2288 5119 perfunditur
2321 5049 2438 5114 ille,
2473 5048 2573 5118 qui
2603 5065 2666 5120 ex
2709 5047 3049 5120 quibusdam
3075 5047 3372 5118 principiis
3391 5049 3612 5120 positis,

1921 5122 2335 5185 conclusiones,
2371 5137 2512 5190 quas
2546 5119 2776 5172 aliunde
2821 5119 2924 5190 scit
2959 5135 3078 5171 esse
3111 5119 3452 5184 verissimus,
3504 5121 3613 5173 im-

1920 5193 2146 5262 proviso
2164 5189 2413 5259 colligit;
2438 5191 2516 5243 sic
2545 5189 3053 5253 tristitiaaflicitur,
3088 5191 3228 5260 quid
3261 5193 3410 5260 quod
3447 5208 3614 5258 expe-

1919 5263 2127 5317 rientia
2166 5265 2459 5331 probatur,
2495 5278 2625 5314 cum
2659 5263 2775 5314 suis
2791 5279 2905 5314 non
2930 5267 3114 5329 potest
3140 5262 3442 5314 conciliare
3463 5263 3616 5329 prin-

1921 5335 2085 5402 cipiis
2121 5350 2132 5386 :
2178 5341 2240 5385 ut
2263 5333 2414 5385 enim
2467 5333 2622 5402 prius
2662 5351 2690 5386 a
2723 5333 2961 5398 lumine,
2999 5333 3149 5402 quod
3182 5349 3479 5396 amamus;
3534 5333 3613 5384 sic

1922 5405 2206 5476 posterius
2235 5421 2266 5455 a
2299 5404 2570 5468 tenebris,
2599 5421 2742 5474 quas
2786 5404 2918 5457 odio
2960 5404 3258 5476 habemus,
3295 5402 3500 5454 oritur.

1992 5479 2012 5511 ⁸
2045 5479 2106 5529 1η
2139 5489 2300 5540 νεῖ-ς]ηο
2354 5478 2614 5543 scientia]
2685 5476 2738 5529 Si
2789 5477 2934 5528 Deus
2982 5491 3096 5526 non
3154 5474 3322 5525 sciret
3385 5475 3607 5540 omnia;

1921 5553 2020 5601 aut
2037 5549 2081 5598 si
2105 5547 2307 5609 sciens,
2341 5563 2451 5599 non
2472 5553 2659 5617 posset
2676 5547 2897 5611 omnia;
2927 5552 3024 5598 aut
3046 5545 3090 5596 si
3112 5543 3295 5617 sciens
3314 5549 3611 5615 etpoteus,

1921 5619 2039 5672 sola
2069 5619 2353 5671 bonanon
2386 5616 2570 5684 vellet,
2602 5619 2743 5672 nihil
2764 5619 2994 5682 mirum,
3029 5616 3181 5685 quod
3206 5617 3354 5669 mala
3373 5623 3564 5671 essent
3595 5634 3608 5670 :

1919 5689 2041 5745 haec
2067 5689 2222 5744 enim
2253 5694 2352 5744 aut
2381 5691 2678 5745 scientiam
2708 5687 3023 5760 praeterire,
3057 5692 3157 5741 aut
3173 5689 3490 5760 potentiam
3523 5705 3612 5742 su-
