3982 6182
165 248 260 298 789
1146 243 1237 296 DE
1279 243 1803 298 CONSOLATIONE
1843 243 2326 300 PHILOSOPHle
2367 243 2502 301 LIB.
2550 244 2647 299 ιν.

163 383 189 430 5
260 377 420 429 .‘teris
451 375 709 429 immensi
736 379 966 448 superat
991 375 1250 446 globum,

328 464 630 533 Nubesque
662 469 788 532 post
824 470 1051 534 tergum
1084 465 1268 519 videt:

259 553 489 622 Quique
520 552 658 622 agili
699 560 860 606 motu
887 555 1033 607 calet
1064 554 1310 621 aetheris,

321 641 693 694 Transccndit
723 641 872 711 ignis
904 643 1196 708 verticem,

251 733 442 784 Donec
476 731 529 784 in
566 731 857 783 astriferas
887 736 1083 801 surgat
1116 732 1336 798 domos,

161 822 212 873 t0
321 824 471 873 261
505 818 832 888 Phoeboque
860 821 1176 889 conjungat
1202 821 1341 887 vias,

247 912 357 962 Aut
381 908 689 961 comitetur
719 909 830 962 iter
860 908 1035 977 gelidi
1060 909 1228 974 senis,

313 997 476 1051 Miles
508 996 729 1051 corusci
761 997 985 1067 sideris,

3541 246 3647 298 790

2093 378 2189 431 Vel
2219 394 2566 449 quocunque
2589 377 2804 432 micans
2829 395 2938 432 nox
2975 377 3250 450 pingitur,

2129 469 2404 522 Recurrat
2434 467 2569 520 astri
2595 467 2889 520 circulum.
3241 473 3247 479 '

1959 578 2018 628 15
2092 577 2275 644 Atque
2306 574 2405 628 ubi
2429 575 2548 643 jam
2587 574 2844 628 exhausti
2888 574 3058 629 fuerit
3088 575 3246 644 satis,

2131 666 2328 718 Polum
2354 664 2645 734 relinquat
2675 665 2969 729 extimum,

2096 755 2382 822 Dorsaque
2409 753 2610 805 velocis
2643 757 2866 820 premat
2898 752 3130 806 aetheris

2124 845 2372 912 Conipos
2393 842 2624 895 verendi
2658 841 2908 895 luminis.

2090 955 2239 1004 262
2282 949 2380 1003 Hic
2409 965 2609 1019 regum
2639 953 2896 1019 septrum
2920 949 3188 1004 dominus
3219 953 3393 1018 tenet,

1597 1121 2183 1178 INTERPRETATIO.

152 1211 396 1266 ascendat
428 1211 505 1265 ad
553 1212 702 1264 orbes
734 1212 993 1278 stellatos,
1043 1217 1091 1266 et
1136 1213 1339 1280 jungat
1379 1228 1534 1266 suum
1583 1215 1686 1265 iter
1719 1228 1837 1266 cum

153 1287 243 1338 sole
272 1290 470 1349 eunte,
501 1289 597 1336 aut
641 1287 919 1336 comitetur
965 1286 1112 1337 viam
1158 1285 1385 1338 Saturni
1426 1288 1566 1336 senis
1609 1285 1832 1349 frigidi,

153 1363 232 1408 aut
259 1357 351 1407 iiat
398 1356 574 1407 veluti
610 1357 758 1408 miles
792 1354 980 1408 Martis
1009 1360 1146 1408 astri
1180 1355 1471 1422 splendidi,
1498 1359 1592 1408 aut
1629 1361 1837 1420 repetat

154 1429 313 1480 orbem
346 1428 722 1492 cujuscunque
771 1429 953 1486 stella),
1010 1444 1119 1494 qua
1165 1444 1273 1479 nox
1305 1443 1589 1479 coruscans
1642 1427 1838 1479 distin-

151 1498 449 1567 guitur;ch
477 1504 771 1566 postquam
800 1497 1075 1570 suffecerit
1107 1499 1305 1552 vidisse
1340 1514 1576 1567 corpora
1606 1497 1835 1550 interio-

150 1586 222 1637 ra,
260 1570 476 1623 deserat
517 1584 834 1638 supremum
880 1573 988 1623 hoc
1038 1572 1248 1635 cxlum,
1305 1571 1678 1635 conculcetque
1720 1570 1834 1623 loca

1948 1226 2184 1263 convexa
2213 1210 2428 1263 aetheris
2458 1211 2745 1270 celerrimi.
2782 1214 3055 1279 particeps
3087 1213 3222 1265 lucis
3258 1216 3503 1279 augustx
3544 1229 3635 1266 co-

1946 1281 2264 1349 lendzeque.
2305 1284 2398 1334 llic
2428 1298 2526 1335 rex
2555 1299 2740 1348 regum
2771 1288 2908 1337 tenet
2937 1289 3222 1350 sceptrum.
3249 1288 3298 1335 et
3324 1285 3636 1338 moderatur

1945 1355 2213 1417 regimina
2259 1353 2468 1418 mundi,
2519 1356 2876 1421 immotusque
2922 1356 3185 1421 gubernat
3217 1372 3434 1408 currum
3468 1358 3634 1409 mobi-

1947 1425 2064 1486 lem,
2094 1424 2400 1477 moderator
2428 1427 2720 1492 praeclarus
2751 1443 2949 1478 rerum.
2988 1428 3046 1480 Si
3075 1433 3234 1478 tuum
3267 1431 3366 1478 iter
3400 1433 3634 1493 reportet

1947 1501 1994 1547 te
2019 1497 2120 1548 huc
2154 1511 2442 1560 reversum,
2481 1513 2644 1563 quam
2687 1498 2929 1565 patriam
2977 1513 3120 1550 nunc
3161 1499 3360 1550 oblitus
3411 1500 3630 1564 quaeris,

1945 1567 2072 1632 haec,
2119 1567 2282 1633 dices,
2326 1569 2598 1634 recordor,
2651 1574 2728 1622 est
2757 1583 2875 1622 mea
2929 1571 3156 1637 patria:
3220 1570 3344 1623 hinc
3373 1573 3525 1622 ortus
3547 1570 3632 1624 hic

1780 1673 2002 1732 NOT/E.

152 1775 248 1829 bris
271 1774 463 1828 minus
487 1777 624 1845 apta
653 1777 757 1842 est,
789 1789 918 1843 quae
956 1773 1135 1828 Deum
1167 1777 1457 1829 auctorem
1489 1790 1656 1830 suum
1688 1792 1822 1831 con-
1865 1775 1904 1828 Β
1933 1772 2194 1837 deorum,
2229 1775 2283 1845 et
2313 1771 2434 1825 seni
2465 1771 2665 1826 similis
2697 1772 2856 1845 lento
2903 1773 3085 1844 gradu
3115 1773 3374 1827 feratur:
3420 1774 3632 1839 gelidus

153 1849 459 1901 temnletur.

210 1865 248 1900 tu
295 1865 459 1900 retur.

210 1865 444 1972 5.pAeris
475 1919 737 1971 immensi
764 1920 985 1984 superat
1005 1916 1236 1989 globum.
1265 1915 1418 1989 ]Aer
1444 1917 1677 1988 quidem
1709 1919 1826 1973 suis

154 1989 399 2043 deﬁnitur
427 1990 752 2043 limitibus:
788 1989 884 2040 sed
917 1988 1192 2060 quoniam
1213 1988 1289 2042 ita
1313 1990 1670 2058 diffunditur,
1701 1992 1826 2060 ejus

153 2068 205 2114 ut
231 2060 508 2114 dimensio
554 2061 615 2113 in
648 2064 840 2132 nostro
871 2059 1101 2112 cerebro
1136 2076 1251 2112 non
1277 2061 1615 2126 distinctius,
1651 2059 1826 2132 quam

154 2134 398 2201 quislibet
422 2132 544 2185 alia
578 2133 748 2200 longe
773 2131 944 2183 etiam
971 2131 1205 2199 majoris
1225 2132 1482 2200 corporis
1507 2131 1825 2201 amplitudo

155 2205 504 2274 exprimatur,
544 2209 850 2272 propterea
883 2202 1047 2255 nobis
1096 2202 1550 2272 imaginantibus
1591 2221 1686 2256 aer
1717 2206 1824 2258 im-

153 2291 355 2327 mensus
386 2275 637 2327 habetur
665 2290 678 2327 :
725 2280 788 2345 at
822 2289 982 2326 mens
1026 2279 1240 2339 nostra,
1283 2291 1409 2345 quae
1445 2276 1609 2344 plura
1643 2276 1828 2328 conci-

153 2362 262 2416 pere
289 2352 472 2415 potest
506 2361 686 2415 quam
720 2344 1046 2414 imaginari,
1072 2361 1284 2410 aerem,
1305 2344 1432 2412 quo
1464 2351 1614 2399 terra
1644 2348 1825 2400 unde-

155 2435 348 2488 quaque
379 2416 893 2488 circumfunditur,
927 2417 984 2468 in
1017 2416 1215 2468 orbem
1246 2417 1514 2470 diffusum
1553 2418 1632 2470 sic
1671 2417 1828 2486 cogi-

154 2496 234 2551 tat,
259 2487 314 2541 ut
336 2489 486 2541 aliud
513 2491 673 2541 ultra
692 2487 1174 2540 considerandum
1196 2488 1304 2540 sibi
1328 2494 1612 2557 proponat
1640 2506 1650 2542 :
1674 2491 1826 2542 unde

153 2559 200 2613 ﬁt
221 2564 277 2613 ut
297 2561 492 2613 eadem
532 2575 700 2612 mens
732 2558 907 2611 veluti
937 2561 1062 2626 post
1093 2564 1300 2625 tergum
1324 2560 1609 2629 relinquat
1637 2561 1826 2628 nubes;

152 2647 253 2700 qua:
280 2632 334 2683 in
362 2648 519 2696 aere,
575 2646 694 2685 non
746 2645 906 2682 secus
955 2645 1018 2682 ac
1053 2645 1225 2683 naves
1260 2631 1318 2682 in
1365 2632 1547 2701 aquis,
1605 2632 1826 2685 libratis

150 2701 257 2756 hinc
282 2708 332 2754 et
364 2703 499 2756 inde
532 2701 910 2772 ponderibus,
947 2701 1322 2772 sustinentur.

207 2776 248 2826 8.
290 2771 650 2827 Transcendit
700 2775 844 2838 ignis
883 2771 1175 2842 verticem]
1233 2772 1288 2826 Si
1333 2772 1697 2842 Philosophia
1736 2773 1828 2827 hic

152 2852 382 2911 agnoscat
415 2846 640 2915 ignem,
674 2845 766 2898 hic
795 2848 947 2896 certe
981 2843 1132 2912 ignis
1166 2844 1409 2896 multum
1447 2845 1636 2898 differt
1665 2843 1734 2896 ab
1757 2860 1824 2899 eo

1934 1859 2089 1909 vero,
2123 1844 2296 1913 quod,
2332 1848 2526 1914 utpote
2562 1843 2826 1898 omnium
2876 1845 3241 1914 planetarum
3296 1845 3629 1912 altissimus,

1934 1920 2114 1967 terras
2162 1915 2403 1968 minimo
2465 1915 2652 1968 calore
2713 1915 2961 1970 efﬁciat:
3019 1917 3169 1970 unde
3221 1916 3330 1970 Cic.
3383 1917 3628 1982 Summa,

1935 1986 2142 2058 inquit,
2180 1987 2408 2041 Saturni
2445 1988 2600 2040 stella
2629 1989 2944 2054 refrigerat.
2981 1989 3093 2040 lter
3116 1988 3364 2058 denique
3398 1988 3631 2042 Saturni

1935 2057 1996 2128 in
2025 2059 2130 2110 hoc
2164 2061 2439 2122 versatur,
2474 2058 2627 2128 quod
2673 2073 2842 2112 suum
2885 2059 3188 2113 circuitnm
3236 2057 3494 2113 absolvat
3523 2063 3627 2113 tri-

1976 2127 2094 2181 inta
2120 2129 2302 2182 annis.

1976 2143 2094 2181 ima
2120 2144 2302 2182 annis.

1936 2143 1972 2198 Β
2012 2203 2091 2253 1'2.
2128 2201 2279 2253 Miles
2327 2201 2536 2254 corusci
2571 2199 2809 2270 sideris]
2849 2199 3064 2254 Deinde
3111 2200 3236 2270 ipsa
3267 2216 3429 2255 mens
3477 2202 3628 2255 Mar-

1936 2274 2074 2336 tem,
2105 2271 2343 2324 alterum
2377 2272 2664 2342 planetam
2712 2272 2830 2326 sole
2874 2271 3230 2342 superiorem
3274 2273 3628 2340 contempla-

1935 2347 2047 2408 tur,
2100 2342 2392 2412 ipsiusque
2441 2349 2746 2413 propterea
2787 2346 2938 2397 mites
2988 2359 3141 2397 nunc
3170 2348 3439 2398 vocatur:
3483 2345 3626 2398 Mars

1935 2413 2166 2485 quippe,
2202 2414 2452 2485 antiquis
2516 2415 2653 2467 deus
2695 2414 2851 2480 belli,
2904 2431 3047 2485 quos
3077 2415 3248 2468 habet
3276 2415 3532 2481 comites,
3563 2415 3624 2470 hi

1937 2484 2059 2552 ejus
2093 2484 2298 2537 milites
2318 2486 2701 2554 appellantur.
2731 2486 2872 2540 Mars
2900 2484 3072 2556 porro
3103 2485 3312 2541 dicitur
3347 2502 3625 2540 coruscum

1935 2556 2105 2621 sidus,
2140 2556 2296 2625 quod
2334 2556 2578 2611 Saturno
2613 2557 2794 2623 magis
2833 2558 3166 2626 splendeat:
3214 2559 3366 2612 unde
3405 2559 3552 2613 Tull.
3586 2574 3624 2611 ιι

1935 2627 2004 2680 de
2025 2628 2140 2680 Nat.
2166 2643 2178 2679 :
2197 2629 2436 2700 Summa,
2458 2627 2665 2700 inquit,
2687 2629 2916 2684 Saturni
2931 2631 3088 2684 stella
3107 2631 3423 2697 refrigerat,
3447 2629 3628 2684 media

1934 2700 2131 2752 Martis
2165 2699 2428 2753 incendis.

2012 2772 2091 2822 13.
2142 2771 2236 2841 Vel
2285 2785 2614 2838 quocunque,
2671 2771 2808 2841 etc.]
2841 2772 2927 2827 IV.
2994 2771 3148 2825 Mens
3203 2771 3624 2841 contemplatur

1935 2841 2124 2892 stellas
2169 2839 2330 2905 ﬁxas,
2373 2842 2579 2911 quibus
2653 2839 2865 2895 scilicet
2914 2851 3050 2904 nox:
3080 2845 3288 2896 micans
3340 2839 3618 2912 pingitur,

153 2932 292 2985 quem
323 2914 693 2984 Peripatetici
718 2917 890 2983 vulgo
907 2914 1070 2966 aiunt
1091 2917 1320 2968 existere
1343 2919 1401 2968 in
1418 2932 1647 2970 concavo
1683 2917 1825 2970 lunx

150 2993 337 3056 propter
367 2989 620 3042 ordinem
651 2992 699 3041 et
726 2988 916 3040 bonum
953 2988 1237 3040 Universi:
1283 3003 1413 3040 nam
1446 2987 1553 3040 hoc
1594 2987 1718 3040 Peri
1731 3005 1826 3056 pa-

153 3060 412 3132 teticorum
445 3063 804 3132 elementum
846 3057 1040 3132 calore
1079 3073 1194 3110 non
1237 3058 1501 3132 afﬁcitur,
1537 3059 1689 3128 quod
1725 3076 1815 3132 ra-_
1857 3077 1896 3132 ο

155 3130 249 3182 rius
284 3131 382 3184 sit:
417 3139 519 3185 aut
555 3132 600 3184 si
633 3129 953 3192 incalescat,
990 3129 1046 3181 id
1079 3133 1231 3181 motu
1264 3145 1380 3181 non
1406 3129 1607 3194 habet;
1647 3136 1742 3182 aut
1769 3130 1815 3183 si

155 3206 280 3253 motu
312 3203 553 3266 caleﬁat,
597 3203 652 3255 id
683 3218 713 3253 a
745 3218 801 3253 se
835 3201 1041 3269 potius,
1089 3216 1261 3268 quam
1299 3201 1368 3254 ab
1427 3201 1537 3252 alio
1579 3217 1817 3270 corpore

156 3279 281 3325 moto
332 3276 575 3328 obtinet.
627 3273 768 3326 Cum
827 3277 1021 3325 tamen
1081 3271 1192 3343 ille
1235 3271 1616 3341 Philosophia).
1667 3273 1817 3343 ignis

157 3346 420 3408 agili-mota
459 3346 679 3400 aetheris
712 3345 943 3398 calorem
975 3341 1275 3414 concipiat.
1325 3343 1509 3406 Quare
1547 3343 1638 3396 hic
1667 3341 1818 3414 ignis

158 3416 270 3467 nihil
297 3416 432 3470 forte
451 3416 612 3470 aliud
638 3421 719 3469 est
742 3431 914 3483 quam
935 3429 1064 3482 pars
1083 3412 1334 3479 aetheris,
1357 3413 1455 3484 qui
1479 3412 1738 3468 Ciceroni
1756 3415 1817 3469 in

159 3485 184 3538 Ι.
198 3486 254 3538 de
267 3489 378 3540 Nat.
401 3489 567 3541 deor.
586 3486 921 3540 nominatur
942 3501 954 3538 :
972 3485 1139 3537 ardor
1151 3487 1393 3551 ultimus,
1419 3491 1601 3554 estque
1619 3489 1812 3552 tenuis,

158 3573 205 3610 ac
226 3559 503 3626 perlucens,
544 3558 878 3626 etxquabili
909 3557 1078 3610 colore
1101 3556 1374 3624 suffusus:
1429 3574 1543 3626 quo
1586 3558 1815 3611 aetheris

159 3630 329 3683 vertice
357 3631 739 3694 considerato,
774 3628 1049 3697 priedicta
1081 3644 1240 3680 mens
1259 3627 1424 3680 altius
1455 3634 1647 3681 evecta
1678 3645 1814 3682 con-

157 3703 427 3771 templatur
456 3702 717 3772 primum
766 3699 999 3772 quidem
1031 3699 1287 3772 planetas
1335 3699 1451 3772 sole
1491 3700 1812 3772 inferiores,

157 3770 318 3839 postea
347 3770 536 3842 ipsum
562 3773 763 3836 solem,
798 3770 1005 3842 deinde
1034 3770 1294 3840 planetas
1319 3771 1433 3824 sole
1458 3771 1808 3842 superiores;

157 3847 253 3964 sum
276 3841 451 3898 stellas
481 3846 630 3898 tian
664 3849 720 3898 et
741 3841 1180 3912 tandemipsum
1211 3843 1412 3908 Deum,
1444 3847 1508 3896 ut
1545 3841 1814 3912 deinceps

187 3921 344 3964 icitur.

187 3915 344 3968 icitur.

211 3988 253 4038 9.
281 3990 438 4040 Donec
468 3990 529 4040 in
581 3986 872 4050 astriferas
917 3988 1110 4050 surgat
1151 3983 1395 4053 domos]
1440 3984 1483 4039 Ι.
1521 3985 1672 4038 Mens
1706 3984 1817 4038 hu-

158 4069 294 4108 mana
320 4058 739 4127 contemplatur
777 4058 1036 4126 planetas
1081 4055 1208 4127 Sole
1253 4055 1574 4122 inferiores,
1627 4055 1816 4125 cujus-

158 4128 285 4197 inotli
313 4135 438 4182 sunt
477 4125 659 4190 Luna,
704 4125 913 4191 Venus,
974 4125 1304 4192 Mercurius,
1353 4131 1408 4179 et
1467 4127 1513 4179 si
1548 4127 1648 4197 qui
1695 4127 1812 4190 alii,

160 4195 248 4270 illic
275 4198 472 4253 fuerint
512 4201 796 4270 planetas:
833 4197 933 4268 qui
982 4213 1113 4250 cum
1163 4202 1352 4266 partes
1384 4199 1510 4251 cteli
1559 4195 1816 4270 stelliferi

159 4266 365 4340 intimas,
390 4266 672 4340 terra—eque
703 4266 1006 4322 viciniores
1027 4272 1281 4331 teneant,
1308 4274 1622 4338 potuerunt
1641 4269 1815 4338 signi-

161 4337 285 4392 ticari
306 4358 401 4410 per
428 4337 754 4395 nominatas
797 4341 1084 4393 astriferas
1115 4337 1334 4412 domos.
1393 4341 1569 4393 Nemo
1614 4337 1811 4407 nescit,
1859 4359 1901 4412 Ι)

161 4416 408 4466 astrorum
434 4415 578 4467 situs
613 4412 680 4465 ab
712 4412 1058 4465 astronomis
1082 4411 1267 4464 vocari
1295 4411 1514 4465 domos.

598 4500 735 4557 Quid
767 4500 860 4547 tibi
901 4499 1115 4562 prodest

289 4563 457 4612 Aerias
486 4566 718 4612 tentasse
748 4561 934 4610 domos
963 4562 1245 4624 animoque
1261 4561 1553 4611 rotundum

296 4627 615 4675 Percurrisse
636 4625 818 4688 polum
837 4627 862 4673 εἲ

228 4704 298 4756 10.
347 4707 636 4776 ΡΙιίεὸοφιρ
706 4705 1001 4776 conjungat
1047 4705 1213 4773 vias]
1266 4705 1332 4759 ll.
1389 4705 1598 4758 Eadem
1660 4720 1829 4776 mens

171 4775 558 4846 contemplatur
586 4775 807 4831 solemi
854 4780 934 4830 sol
980 4776 1155 4838 enim,
1193 4780 1257 4828 ut
1301 4777 1512 4843 saepius
1557 4775 1826 4842 diximus,

175 4854 376 4918 propter
406 4850 653 4916 speciem
699 4850 1062 4918 nitoremque
1112 4852 1348 4901 vocatur
1381 4847 1659 4901 Phoebus:
1695 4863 1830 4900 nam

179 4915 554 4990 geiﬁgttdject,
588 4921 738 4974 idem
765 4920 920 4990 quod
957 4915 1296 4986 splendidus.
1332 4919 1434 4972 Via
1464 4925 1655 4972 autem
1692 4919 1829 4990 solis

181 4985 591 5062 duplex,diurna
617 5009 751 5055 una,
778 4985 906 5062 quae
925 4985 995 5043 ab
1026 4995 1149 5042 ortu
1171 4991 1238 5043 ad
1264 5005 1524 5042 occasum
1549 4989 1731 5058 spatio
1753 4989 1832 5042 vi-

181 5055 300 5123 ginti
327 5068 563 5130 quatuor
585 5055 860 5116 horarum
885 5062 1198 5115 absolvitur
1223 5078 1234 5114 :
1266 5063 1443 5114 altera.
1464 5055 1672 5127 annua,
1705 5078 1832 5130 quas

187 5136 383 5184 auctore
395 5135 569 5188 Tullio
587 5153 620 5188 ιι
635 5137 701 5188 de
719 5137 841 5188 Nat.
860 5134 1114 5203 quinque
1130 5133 1330 5185 diebus
1347 5138 1400 5185 et
1414 5133 1834 5202 quinquaginta

187 5205 230 5276 et
255 5204 514 5270 trecentis,
565 5212 765 5276 quarta
815 5206 929 5259 fere
992 5205 1103 5258 diei
1158 5209 1315 5273 parte
1367 5205 1598 5257 addita:
1659 5220 1832 5273 quam

188 5275 450 5344 utramque
481 5275 608 5330 solis
641 5279 787 5330 viam
834 5293 995 5329 mens
1035 5276 1420 5344 contemplata
1466 5291 1595 5329 suas
1629 5276 1835 5329 dicitur

191 5340 286 5416 vias
311 5340 428 5398 cum
456 5349 554 5400 viis
586 5349 864 5402 solarihus
895 5348 1263 5416 conjungere.

255 5415 321 5466 ll.
347 5416 618 5472 Comitetur
644 5424 747 5474 iter
797 5419 964 5486 gelidi
1005 5415 1176 5472 senis.
1209 5419 1226 5489 ]
1260 5419 1355 5472 Ill.
1394 5419 1547 5472 Mens
1579 5422 1834 5470 conteru-

198 5481 388 5560 platura
417 5489 659 5557 planetas
705 5481 823 5543 sole
855 5481 1224 5558 superiores,“
1247 5489 1476 5560 inspicit
1507 5490 1693 5558 primo
1742 5491 1836 5542 Sa-

200 5557 415 5630 turnum,
449 5577 616 5630 usque
666 5563 772 5615 iter
803 5557 1127 5615 comitatur.
1174 5557 1452 5616 Saturnus
1493 5557 1835 5613 astronomis

203 5627 418 5707 omnium
447 5627 796 5707 planetarum
830 5634 1160 5707 altissimus,
1192 5634 1376 5703 poetis
1407 5637 1641 5707 vocatur
1675 5647 1836 5707 senex

209 5696 381 5759 gelidus
410 5696 592 5760 :senex
640 5705 894 5777 quidem,
933 5706 1083 5776 quod
1129 5696 1380 5777 tingatur
1409 5703 1839 5775 antiquissimus

1935 2926 2250 2982 earumque
2284 2912 2570 2980 circuitus,
2622 2929 2724 2967 sua
2755 2913 2972 2983 pariter
2999 2913 3343 2983 cogitatione
3383 2915 3624 2967 circum-

1937 2983 2145 3047 eundo,
2182 2983 2437 3036 absolvit.

2012 3056 2370 3126 15.Exhausti
2396 3056 2567 3120 fuerit
2597 3057 2751 3109 satis.
2784 3053 2800 3126 ]
2838 3056 2900 3111 Id
2923 3059 3038 3109 est:
3058 3054 3156 3108 ubi
3180 3054 3453 3123 praedicta
3483 3055 3620 3108 satis

1926 3125 2169 3190 cogitata
2227 3125 2476 3179 fuerint:
2543 3126 2631 3180 Sic
2687 3125 2841 3179 enini
2910 3126 3104 3180 Cicero
3156 3127 3224 3179 ad
3286 3127 3391 3189 Qu.
3460 3125 3615 3190 frat.,

1922 3197 2243 3250 Exhaustus
2293 3202 2388 3261 est,
2437 3197 2642 3266 inquit,
2678 3213 2849 3251 sermo
2883 3199 3188 3251 hominum:
3227 3197 3390 3266 quasi
3422 3197 3612 3250 dicat:

1936 3283 1996 3320 ea
2029 3268 2092 3321 de
2141 3283 2198 3321 re
2239 3268 2358 3334 jam
2400 3269 2548 3337 loqui
2595 3273 2673 3323 est
2705 3268 2973 3322 desitum:
3024 3269 3105 3322 sic
3142 3267 3316 3322 etiam
3346 3268 3544 3339 Virgil.
3577 3284 3614 3322 ιι

1924 3339 2152 3407 Georg,
2187 3356 2238 3390 v.
2273 3341 2410 3393 397:

2077 3427 2167 3474 Est
2191 3426 2346 3474 etiam
2379 3426 2466 3475 ille
2490 3427 2641 3475 labor
2673 3427 2922 3476 curandis
2960 3427 3158 3476 vitibus
3186 3427 3336 3486 alter,

2082 3490 2176 3537 Cui
2203 3503 2479 3550 nunquam
2506 3490 2750 3538 exhausti
2774 3491 2901 3539 satis
2930 3494 3026 3539 est.

2002 3573 2080 3624 t6.
2117 3571 2305 3624 Polum
2351 3571 2629 3639 relinquat
2677 3573 2958 3637 extimum,
3016 3575 3121 3625 etc.
3155 3574 3172 3637 ]
3207 3571 3268 3625 V.
3301 3571 3455 3625 Mens
3481 3585 3616 3624 con-

1923 3641 2184 3714 sideratis
2235 3641 2503 3714 omnibus
2549 3642 2850 3714 sideribus,
2905 3648 2961 3696 et
3003 3643 3125 3714 ipso
3183 3642 3373 3714 etiam,
3409 3643 3618 3714 aethere

1922 3712 2123 3775 veloci,
2161 3729 2276 3783 quo
2324 3713 2531 3784 sidera,
2555 3713 2917 3778 circumfusa,
2951 3712 3214 3767 utnaves
3245 3713 3428 3784 aquis,
3462 3713 3618 3767 defe-

1922 3789 2149 3850 runtur,
2183 3783 2439 3836 ascendit
2468 3783 2538 3836 ad
2585 3784 3068 3838 considerandum
3103 3783 3311 3839 coelum
3339 3785 3495 3855 quod
3527 3801 3620 3838 vo-

1923 3860 2052 3907 cant
2101 3870 2429 3923 empyreum,
2471 3855 2623 3924 quod
2668 3856 2960 3924 praecipua
3020 3857 3182 3910 sedes
3213 3857 3313 3910 Dei
3363 3861 3615 3911 vocatur.

1924 3925 2189 3996 quodque
2222 3925 2440 3978 caeteris
2489 3927 2787 3979 commotis
2816 3928 2985 3996 vulgo
3030 3928 3239 3980 dicitur
3272 3928 3616 3982 immotum:

1924 3998 2076 4051 unde
2123 3996 2738 4070 doctissimusunoster
2779 3998 3060 4051 Antonius
3104 3999 3346 4053 “81133118
3404 3999 3462 4052 in
3506 3998 3623 4070 epi-

1925 4072 2263 4139 grammate,
2297 4067 2460 4136 cujus
2491 4065 2634 4120 illud
2666 4072 2752 4120 est
2779 4074 3221 4137 argumentum:

2078 4155 2144 4204 At
2173 4153 2285 4203 sola
2314 4155 2546 4217 empyrei
2581 4154 2746 4203 moles
2772 4155 3030 4204 altissima
3062 4155 3200 4211 cmli,

2078 4218 2270 4266 Sancto
2295 4218 2385 4265 Dei
2414 4218 2700 4280 divumque
2731 4217 2938 4276 domus,
2973 4218 3242 4277 vertiginis
3280 4230 3467 4279 expers

2081 4280 2194 4328 Stat
2223 4280 2386 4334 ﬁrma,
2416 4284 2468 4327 et
2493 4284 2638 4343 motu
2672 4293 2945 4343 nunquam
2972 4281 3219 4328 turbante
3246 4281 3446 4338 cietur;

2088 4343 2334 4403 Congrua
2363 4355 2484 4390 nam
2508 4342 2641 4392 ratio
2676 4342 2816 4403 vult,
2845 4343 2950 4391 alta
2975 4348 3033 4390 ut
3058 4356 3184 4405 pace
3209 4343 3498 4399 fruentum,

2087 4405 2254 4468 Atque
2276 4405 2662 4468 quiescentum,
2695 4406 2842 4454 sedes
2871 4406 3090 4454 immota
3121 4406 3372 4468 quiescat.

1936 4495 2105 4559 Deus,
2139 4493 2239 4564 qui
2259 4510 2411 4548 nunc
2437 4494 2759 4564 appellatur
2777 4510 2964 4561 regum
2994 4497 3269 4556 Dominus,
3297 4494 3460 4564 juxta
3481 4493 3624 4548 illud

1935 4569 2108 4634 Apoc.
2142 4582 2233 4618 xix
2261 4582 2271 4618 :
2297 4568 2410 4620 Rex
2437 4582 2626 4632 regum
2655 4572 2704 4620 et
2741 4569 2996 4620 Dominus
3037 4569 3415 4632 regnantium;
3453 4570 3509 4618 et
3538 4580 3625 4619 co-

1936 4651 2126 4690 ruscus
2178 4652 2358 4690 rerum
2416 4639 2642 4702 arbiter,
2694 4643 2755 4692 ut
2798 4655 2830 4690 a
2881 4638 3090 4692 Seneca
3129 4638 3187 4690 in
3218 4638 3458 4692 Hercule
3490 4636 3624 4703 fur.,

1937 4725 1992 4760 v.
2026 4708 2148 4772 20's,
2185 4712 2417 4761 vocatur
2464 4724 2694 4774 magnus
2747 4710 2965 4777 Olympi
3013 4714 3186 4762 rector
3223 4715 3274 4763 et
3313 4709 3506 4762 mundi
3535 4724 3626 4761 ar-

1940 4779 2092 4840 biter,
2130 4779 2222 4832 hic
2271 4779 2604 4849 perhibetur
2649 4786 2917 4848 sceptrum
2969 4784 3160 4845 tenere,
3212 4781 3358 4834 orbis
3392 4781 3627 4834 habenas

1940 4855 2259 4918 temperare,
2308 4855 2358 4904 et
2408 4852 2674 4904 volucrem
2722 4867 2943 4904 currum
2982 4852 3195 4906 stabilis
3241 4867 3458 4918 rege-re:
3495 4852 3632 4922 quia

1941 4921 2198 4991 quamvis
2248 4923 2395 4975 Deus
2435 4923 2647 4992 ubique
2681 4922 2768 4985 sit,
2814 4923 3028 4992 ubique
3071 4923 3335 4991 agendo;
3372 4921 3632 4977 Deusta-

1940 5009 2094 5051 men,
2137 4998 2334 5060 utpote
2383 4993 2481 5063 qui
2531 4993 2807 5062 peculiari
2851 4994 3035 5047 modo
3065 4995 3183 5063 agit
3212 4994 3273 5047 in
3312 4994 3417 5048 hoc
3461 4995 3630 5058 coelo,

1939 5064 2214 5131 poculiari
2237 5065 2406 5116 etiam
2458 5065 2626 5118 modo
2676 5064 2733 5117 in
2798 5066 2904 5119 hoc
2933 5065 3072 5120 ccelo
3103 5066 3329 5120 videtur
3372 5065 3628 5118 existere.

1942 5136 2086 5189 Psal.
2123 5152 2338 5199 chvnI,
2375 5137 2651 5202 Confessio
2683 5140 2732 5189 et
2779 5139 2954 5202 gloria
2988 5139 3104 5206 ejus
3162 5153 3325 5203 super
3371 5138 3555 5190 cretum
3584 5139 3634 5188 et

1941 5210 2159 5260 terram.
2186 5207 2333 5269 Quin
2356 5207 2524 5260 etiam
2544 5208 2666 5277 ipse
2696 5209 3024 5262 Aristoteles
3044 5210 3082 5262 l.
3118 5209 3186 5261 de
3210 5208 3417 5262 Mundo
3439 5223 3450 5260 :
3476 5209 3632 5261 Sum-

1942 5293 2107 5344 mam,
2155 5277 2366 5346 inquit,
2424 5284 2472 5332 ct
2529 5283 2764 5347 primum
2821 5281 2997 5334 sedem
3054 5281 3246 5334 mundi
3302 5281 3526 5332 sortitus
3558 5281 3636 5330 est

1943 5353 2099 5403 Deus.
2150 5351 2278 5402 Haec
2327 5353 2412 5401 est
2470 5355 2676 5402 nostras
2727 5352 2936 5404 mentis
2985 5352 3193 5419 patria,
3244 5351 3386 5402 adeo
3429 5355 3493 5400 ut
3548 5349 3635 5400 vel

1944 5420 2051 5489 ipsi
2087 5435 2266 5488 reges,
2303 5424 2584 5489 quatenus
2618 5421 2673 5474 hi
2705 5421 2766 5475 in
2797 5422 2962 5476 terris
2993 5423 3274 5488 habitant,
3308 5421 3520 5474 exsules
3545 5419 3641 5473 ha-

1944 5491 2064 5545 beri
2098 5492 2342 5560 possint:
2380 5492 2523 5545 sicut.
2554 5493 2645 5545 hic
2676 5493 2902 5546 dicitur.

2022 5565 2102 5614 19.
2133 5563 2432 5630 Sceptrum.
2468 5564 2484 5633 ]
2513 5563 2832 5633 Sceptrum,
2860 5565 2982 5632 ipsa
3005 5562 3252 5617 nominis
3290 5562 3534 5634 origine,
3559 5567 3645 5616 est

1947 5634 2181 5687 baculus
2211 5634 2327 5688 sive
2359 5636 2518 5702 virga
2547 5635 2757 5705 regalis
2784 5656 2798 5701 ;
2821 5636 2971 5688 unde
3002 5634 3166 5704 signo
3197 5651 3301 5705 pro
3330 5651 3390 5688 re
3421 5635 3644 5705 signiﬁ-

1946 5709 2069 5760 cata
2098 5705 2304 5776 posito,
2335 5713 2625 5778 sceptrum
2656 5707 2809 5761 idem
2839 5712 2923 5761 est
2949 5707 3106 5778 quod
3126 5707 3434 5780 imperium
3458 5706 3642 5762 homi-
