3982 6182
369 256 466 310 791

355 389 427 443 20
581 386 861 458 Orbisque
887 386 1139 440 habenas
1182 391 1486 458 temperat,

499 477 568 531 Et
594 478 886 531 volucrem
917 491 1149 530 currum
1179 477 1402 531 stabilis
1428 476 1597 548 regit,

570 567 783 620 Rerum
811 581 1080 618 coruscus
1113 564 1343 620 arbiter.

500 655 620 709 Huc
637 659 693 708 te
725 655 772 709 si
801 654 1072 708 reducem
1093 654 1305 708 referat
1332 655 1444 723 via,

573 743 756 807 Quam
780 759 932 798 nunc
951 744 1194 814 requiris
1224 745 1550 811 immemor,

501 815 631 870 Haec
661 816 834 883 dices,
869 816 1132 883 memini,
1155 816 1339 886 patria
1372 821 1456 870 est
1491 816 1655 884 mihi,

573 904 716 960 Hinc
741 910 924 973 ortus,
955 905 1049 960 hic
1079 906 1275 960 sistam
1297 906 1569 976 gradum.

499 991 664 1056 Quod
695 993 742 1045 si
778 995 1064 1046 terrarum
1096 994 1318 1064 placeat.
1350 993 1454 1048 tibi

575 1081 810 1136 Noctem
836 1082 1094 1136 relictam
1123 1083 1322 1150 visere,

573 1175 724 1226 263
754 1171 906 1235 Quos
936 1171 1131 1226 miseri
1166 1177 1356 1227 torvos
1386 1171 1586 1244 populi
1623 1172 1850 1240 timent,

573 1259 778 1314 Cernes
809 1264 1088 1332 tyrannus
1137 1262 1380 1317 exsules.

946 1373 1098 1423 264
1137 1369 1364 1423 PROSA
1394 1370 1463 1423 ll.

361 1459 764 1511 Anounnnrnu.
816 1486 884 1496 —
941 1460 1028 1512 Ea:
1090 1459 1371 1526 prmdictis
1423 1460 1774 1527 Philosophia
1829 1459 2055 1513 demon-

433 1531 595 1594 strat,
629 1533 678 1581 et
706 1529 898 1596 probos
917 1534 1182 1598 potentes,
1208 1536 1256 1583 et
1287 1531 1554 1599 improbos
1586 1533 1899 1598 impotentes
1923 1547 2050 1585 esse.

430 1634 575 1688 Tum
615 1651 742 1706 ego,
781 1637 796 1670 ³
831 1653 1014 1707 papae,
1051 1637 1356 1707 inquam,a
1394 1643 1460 1692 ut
1490 1653 1700 1708 magna
1728 1637 2048 1708 promittis!

307 1736 310 1737 '
363 1741 468 1781 nec
495 1726 692 1781 dubito
723 1728 864 1798 quin
892 1728 1076 1799 possis
1121 1729 1379 1785 efﬁcere:
1410 1736 1474 1785 tu
1510 1732 1677 1786 modo
1709 1747 1882 1802 quem
1914 1729 2057 1785 exci-

361 1815 590 1883 taveris,
620 1832 694 1872 ne
718 1819 743 1860 Β
772 1818 1031 1872 moreris.
1065 1819 1086 1852 ²
1129 1819 1385 1873 Primum
1420 1819 1617 1891 igitur,
1651 1821 1858 1892 inquit,
1893 1819 2058 1874 bonis

362 1922 590 1977 semper
619 1907 815 1960 adesse
853 1907 1193 1978 potentiam,
1227 1910 1405 1964 malos
1436 1909 1653 1964 cunctis
1683 1909 1900 1964 viribus
1938 1927 2059 1964 esse

362 1996 637 2062 desertos,
669 2013 940 2067 agnoscas
970 1998 1164 2053 licebit
1193 2015 1206 2053 :
1243 2015 1492 2070 quorum
1531 2001 1778 2054 alterum
1820 2001 2060 2055 demon-

365 2089 578 2139 stratur
617 2085 693 2156 (5)
718 2103 783 2140 ex
842 2087 1042 2141 altero.
1088 2087 1234 2142 Nam
1284 2103 1415 2142 cum
1469 2089 1687 2143 bonum
1728 2088 2062 2160 malumque

364 2175 652 2228 contraria
684 2175 816 2240 sint,
850 2175 898 2229 si
941 2177 1158 2231 bonum
1207 2181 1409 2248 potens
1437 2194 1557 2232 esse
1606 2178 1940 2246 constiterit,
1992 2178 2060 2232 li-

365 2265 504 2332 quet
529 2260 889 2317 imbecillitas
920 2263 1095 2334 mali;
1136 2268 1191 2318 at
1213 2264 1259 2318 si
1292 2264 1572 2336 fragilitas
1604 2266 1875 2320 clarescat
1904 2266 2059 2327 mali,

364 2347 502 2402 boni
531 2349 771 2403 firmitas
800 2354 935 2404 nota
983 2356 1084 2405 est.
1120 2353 1229 2407 Sed
1278 2354 1362 2407 uti
1400 2358 1608 2408 nostrae
1635 2355 1958 2421 sententiae,
1993 2355 2062 2408 fi-

367 2435 467 2490 des
499 2437 883 2492 abundantior
912 2441 1002 2506 sit,
1054 2441 1329 2495 alterutro
1367 2443 1508 2496 calle
1548 2443 1877 2513 procedam,
1910 2460 2065 2498 nunc

368 2525 524 2593 hinc,
558 2542 709 2579 nunc
744 2527 878 2581 inde
926 2529 1219 2600 proposita
1273 2530 1640 2587 conﬁrmans.
1674 2531 1696 2565 ³
1743 2533 1866 2586 Duo
1908 2537 2062 2601 sunt,

369 2614 580 2684 quibus
628 2617 814 2670 omnis
859 2618 1246 2672 humanorum
1275 2619 1382 2690 (l0)
1415 2625 1647 2674 actuum
1690 2625 1908 2675 constat
1935 2622 2066 2676 effe-

370 2708 530 2770 ctus;
562 2705 824 2759 voluntas
855 2706 1087 2773 scilicet,
1122 2725 1184 2761 ac
1215 2713 1466 2778 potestas
1499 2724 1512 2762 :
1548 2724 1796 2778 quorum
1828 2709 1874 2761 si
1905 2710 2068 2763 alter-

369 2795 566 2847 utrum
608 2793 773 2861 desit,
827 2795 969 2849 nihil
1018 2801 1102 2850 est
1145 2797 1301 2868 quod
1349 2797 1622 2868 explicari
1669 2801 1862 2868 queat.
1914 2799 2064 2852 Defi-

371 2882 558 2938 ciente
584 2885 800 2939 etenim
829 2886 1142 2956 voluntate,
1175 2903 1246 2941 ne
1279 2887 1612 2958 aggreditur
1642 2887 1874 2960 quidem
1909 2888 2064 2959 quis-

372 2987 484 3044 que
543 2974 697 3046 quod
747 2991 865 3029 non
906 2976 1058 3030 vult:
1094 2980 1150 3030 at
1202 2976 1247 3030 si
1297 2980 1551 3049 potestas
1599 2977 1764 3045 absit,
1805 2978 2066 3033 voluntas

359 1261 427 1314 30

1669 283 1672 286 ί
1701 259 1814 315 ΑΝ.
1856 258 2076 316 MANL.

2095 1689 2135 1741 B

2116 262 2264 319 SEV.
2308 261 2534 317 BOETII

3723 268 3812 319 792

2087 396 2133 449 A
2161 394 2374 448 frustra
2401 392 2493 446 sit.
2526 391 2647 456 Quo
2677 391 2777 458 tit;
2808 394 2870 444 ut
2893 390 2941 444 si
2996 405 3170 461 quem
3190 389 3379 444 videas
3403 390 3626 461 adipisci
3665 396 3810 460 velle,

2159 483 2315 554 quod
2361 481 2602 536 minime
2649 479 3015 550 adipiscatur,
3060 480 3194 533 huic
3244 479 3533 533 obtinendi
3561 481 3704 551 quod
3731 501 3809 538 νου

2158 572 2348 638 luerit,
2385 571 2632 625 defuisse
2659 578 2679 604 °
2704 569 3005 623 valentiam
3039 569 3148 639 (15)
3185 568 3445 623 dubitare
3489 586 3601 623 non
3644 573 3804 641 possis

2160 661 2530 730 Perspicuum
2571 663 2676 726 est,
2710 658 2971 728 inquam,
3003 674 3106 712 nec
3148 658 3264 711 ullo
3301 657 3472 711 modo
3503 660 3690 728 negari
3733 677 3820 730 po—

2157 753 2287 803 test.
2320 749 2500 813 Quem
2533 764 2663 802 vero
2697 747 2946 801 ell‘ecisse
2976 746 3131 817 quod
3162 747 3428 811 voluerit,
3462 747 3679 816 ,videas,
3702 765 3816 802 nun;

2159 839 2336 891 etiam
2356 837 2610 907 potuisse
2630 835 2914 890 dubitabis
2933 835 2960 889 ‘2
2988 835 3237 890 Minime.
3267 835 3432 898 Quod
3453 851 3579 889 vero
3613 837 3822 908 quisqui:

2159 930 2367 997 potest,
2395 926 2456 980 in
2483 943 2549 980 eo
2581 925 2840 993 validus;
2876 924 3028 996 quod
3061 941 3190 978 vero
3241 940 3361 978 non
3409 929 3608 995 potest,
3653 926 3707 979 in
3741 927 3819 980 hor

2160 1014 2460 1070 imbecillis
2491 1031 2609 1069 esse
2640 1015 2958 1068 censendus
3003 1018 3105 1067 est.
3137 1019 3286 1068 26-5
3321 1013 3540 1078 Fateor,
3594 1012 3819 1084 inquam.

2164 1103 2546 1159 Meministine
2579 1103 2776 1174 igitur,
2829 1103 3037 1173 inquit,
3103 1102 3498 1172 superioribus
3544 1103 3822 1157 rationibus

2163 1209 2283 1247 esse
2341 1195 2662 1258 collectum,
2708 1193 3088 1246 intentionem
3131 1207 3362 1244 omnem
3394 1191 3694 1244 voluntatis
3736 1193 3823 1246 hu-

2164 1299 2370 1349 manae,
2406 1299 2535 1354 quae
2568 1280 2806 1336 diversis
2849 1280 3051 1334 studiis
3084 1279 3295 1349 agitur,
3328 1279 3400 1333 ad
3443 1279 3820 1334 beatitudinem

2166 1369 2478 1427 festinare?
2506 1370 2754 1438 Memini,
2797 1369 3056 1440 inquam,
3106 1369 3164 1422 id
3207 1385 3441 1439 quoque
3472 1384 3594 1422 esse
3635 1368 3828 1424 demon-

2167 1467 2427 1515 stratum.
2478 1461 2629 1514 Num
2671 1458 3009 1528 ,recordaris
3053 1456 3482 1512 beatitudinem
3532 1456 3709 1528 ipsum
3735 1475 3823 1512 essr

2164 1549 2402 1616 bonum,
2438 1549 2512 1619 (ὅ)
2546 1563 2727 1618 eoque
2767 1547 2937 1601 modo
2996 1562 3126 1601 eum
3167 1546 3464 1600 beatitudo
3516 1545 3734 1616 petitur,
3774 1545 3821 1597 al

2167 1639 2433 1694 omnibus
2467 1635 2776 1692 desiderari
2801 1635 3064 1691 bonum?
3102 1636 3356 1704 Minime,
3392 1635 3648 1706 inquam,
3675 1651 3828 1688 recor-

2166 1728 2286 1795 dor,
2314 1728 2590 1798 quouiam
2613 1727 2672 1781 id
2705 1725 2993 1780 memoria:
3024 1725 3199 1780 ﬁxum
3223 1730 3415 1779 teneo.
3462 1725 3662 1780 Omnes
3688 1724 3827 1793 igitur

2167 1816 2427 1872 homines
2458 1816 2596 1870 boni
2637 1815 2870 1887 pariter,
2905 1831 2969 1868 ac
3006 1815 3160 1882 mali,
3203 1814 3518 1869 indiscreta
3548 1812 3820 1868 intentione

2168 1907 2237 1960 ad
2271 1906 2493 1960 bonum
2542 1904 2842 1976 pervenire
2883 1904 3190 1959 nituntur?
3233 1905 3340 1971 Ita,
3371 1904 3629 1974 inquam,
3659 1918 3822 1956 conse-

2170 2012 2350 2066 quens
2380 2002 2481 2050 est.
2514 1996 2621 2050 Sed
2683 2000 2903 2049 certum
2957 1997 3060 2060 est,
3108 1993 3420 2063 adeptione
3479 1993 3630 2059 boni,
3683 1992 3826 2045 bonos

2167 2085 2312 2139 ﬁeri.
2374 2087 2628 2140 Certum.
2670 2084 3081 2154 Adipiscuntur
3125 2085 3234 2150 (10)
3266 2084 3449 2152 igitur
3499 2082 3650 2149 boni,
3699 2080 3822 2150 quod

2170 2175 2490 2245 appetunt?
2524 2175 2615 2227 Sic
2661 2174 2903 2226 videtur.
2943 2173 3070 2226 Mali
3110 2188 3245 2224 vero
3292 2173 3343 2225 si
3397 2171 3823 2241 adipiscerentur,

2172 2264 2324 2335 quod
2365 2266 2645 2333 appetunt
2696 2261 2937 2328 bonum,
2993 2260 3132 2314 mali
3177 2277 3296 2314 esse
3359 2276 3476 2314 nou
3509 2264 3735 2332 possent.
3765 2259 3825 2310 lia

2171 2358 2274 2408 est.
2308 2353 2450 2407 Cum
2482 2351 2659 2422 igitur
2684 2351 2916 2420 utrique
2937 2351 3153 2404 bonum
3173 2353 3399 2419 petant,
3424 2350 3519 2404 sed
3545 2349 3600 2403 hi
3628 2347 3822 2419 quidem

2174 2443 2558 2512 adipiscantur
2588 2441 2671 2494 illi
2709 2456 2843 2494 vero
2894 2439 3172 2505 minime;
3229 2456 3344 2493 non
3379 2440 3613 2492 dubium
3642 2445 3715 2489 est
3751 2438 3821 2489 bo-

2173 2549 2277 2586 nos
2309 2531 2543 2602 quidem
2574 2534 2832 2600 potentes
2858 2545 2998 2598 esse,
3037 2529 3136 2599 qui
3176 2544 3311 2583 vero
3344 2529 3485 2583 mali
3515 2532 3658 2592 sunt,
3685 2525 3824 2579 imbe-

2171 2621 2347 2676 cilles.
2401 2617 2691 2689 Quisquis,
2748 2617 3007 2688 inquam,
3059 2617 3304 2683 dubitat,
3355 2633 3463 2671 nec
3517 2631 3694 2669 rerum
3741 2614 3822 2680 (l5;

2174 2714 2462 2781 naturam,
2501 2723 2605 2761 nec
2642 2708 3112 2777 consequentiam
3165 2712 3353 2777 potest
3400 2705 3736 2760 considerare
3763 2716 3827 2753 ra-

2173 2798 2419 2854 tionum.
2451 2804 2472 2835 ⁴
2497 2800 2712 2854 Rursus
2751 2798 2975 2870 inquit:
3017 2797 3072 2851 Si
3104 2797 3216 2851 duo
3266 2797 3384 2849 sint
3423 2796 3626 2866 quibus
3657 2794 3783 2847 idem
3808 2786 3827 2823 ἀ

2174 2890 2487 2943 secundum
2532 2893 2797 2942 naturam
2846 2886 3204 2958 prepositum
3237 2885 3330 2954 sit,
3382 2898 3685 2953 eorumque
3711 2894 3826 2933 unus

2178 2977 2427 3032 naturali
2475 2977 2662 3032 officio
2713 2977 2966 3047 idipsum
3009 2980 3140 3046 agat
3169 2979 3346 3046 atque
3408 2971 3824 3045 perﬁciat;alter

1833 3102 2420 3161 INTERPRETATIO.

375 3229 668 3292 quiescam.
701 3227 778 3281 Ex
808 3242 923 3298 qua
950 3227 1085 3283 sede
1114 3229 1165 3283 si
1190 3229 1428 3284 volueris
1454 3233 1756 3285 convertere
1785 3230 1964 3284 oculos
2003 3229 2079 3286 ad
2117 3229 2158 3285 C
2259 3237 2285 3264 ι
2321 3229 2557 3294 Quanta.

375 3299 622 3353 tenebras
667 3303 960 3365 terrarum,
1011 3315 1150 3369 quas
1200 3299 1505 3368 deseruisti,
1538 3301 1747 3356 videbis
1789 3306 2071 3370 tyrannos,

377 3384 508 3444 quos
540 3375 721 3437 gentes
739 3371 971 3444 afﬂicta
990 3376 1236 3426 metuunt
1251 3371 1360 3426 sibi
1382 3374 1641 3440 infensos,
1667 3388 1736 3427 ex
1756 3373 1862 3428 hac
1886 3373 2074 3444 patria

377 3440 569 3509 ejectos
595 3442 868 3495 exsulare.

2252 3303 2278 3344 ι)
2314 3299 2597 3357 Retardes.

2251 3383 2276 3414 ο
2311 3373 2649 3426 Potestate-m.

2250 3444 2278 3486 ἀ
2314 3443 2402 3498 Ea:
2431 3443 2696 3496 instinctu
2722 3442 2954 3495 naturae.

2003 3566 2233 3626 NOTIE.

378 3677 566 3756 nis,__a
606 3678 943 3756 qnoLetiam
969 3679 1041 3734 ad
1074 3680 1254 3756 Deum
1279 3684 1515 3752 propter
1540 3681 1852 3753 quamdam
1882 3681 2072 3756 impe-

378 3748 546 3803 randi
577 3749 1013 3805 similitudinem
1036 3748 1395 3806 transfertur.

449 3822 536 3874 20.
557 3820 730 3897 ‘Orbis
755 3822 1061 3897 ΔΙιαμὸεηιιξτ]
1093 3822 1480 3897 Similitudine
1505 3829 1735 3895 sumpta
1766 3826 1837 3880 ab
1886 3826 2070 3897 equis,

379 3907 525 3964 quos
557 3891 798 3946 habenis
829 3894 940 3947 huc
968 3891 1220 3964 illucque
1237 3895 1306 3948 ad
1334 3899 1537 3950 nutum
1570 3891 1888 3952 ﬂectimus:
1924 3891 2069 3953 Deus

380 3963 594 4039 quippe
628 3965 825 4017 omnia
863 3965 941 4018 sic
970 3963 1141 4036 regit,
1171 3972 1235 4020 ut
1255 3967 1470 4032 omnia,
1502 3983 1847 4039 quocunque
1876 3971 2065 4023 volue-

377 4033 475 4100 rit,
511 4040 865 4090 moveantur.

449 4108 553 4179 2l._
576 4107 855 4162 Volucrem
905 4108 1198 4178 currum]
1250 4111 1460 4162 Auctor
1511 4109 1739 4163 videtur
1769 4111 2065 4179 speciatim

378 4176 695 4251 intelligere
729 4195 960 4233 omnem
989 4176 1212 4233 mobilis
1233 4180 1361 4233 coeli
1389 4181 1608 4245 orbem,
1633 4176 1950 4251 generatim
1981 4188 2062 4235 ta-

380 4264 513 4301 men
537 4249 835 4303 nniversus
867 4251 1112 4305 mundus
1146 4267 1453 4320 corporeus
1504 4252 1615 4305 dici
1641 4249 1829 4321 potest
1856 4255 2066 4307 volucer

378 4334 609 4373 currus:
640 4321 775 4389 quia
812 4337 939 4374 cum
987 4322 1235 4375 mundus
1273 4323 1369 4375 ille
1415 4321 1485 4374 sit
1516 4323 1696 4375 moles
1742 4324 1880 4376 adeo
1929 4341 2069 4377 con-

378 4389 550 4464 ferta;
616 4391 760 4445 nihil
828 4400 892 4445 ut
946 4393 1020 4446 sit
1083 4393 1197 4446 illic
1257 4393 1442 4464 vacui,
1476 4463 1482 4464 ί
1521 4399 1827 4464 propterea
1878 4396 2070 4448 nullus

379 4462 442 4534 tit.
468 4479 526 4515 in
565 4464 784 4517 mundo
826 4469 1036 4530 motus,
1084 4465 1226 4534 quin
1265 4463 1404 4518 inibi
1460 4462 1561 4519 ﬁat
1608 4462 1860 4519 materiae
1900 4470 2073 4520 motae

379 4532 667 4588 circuitus.

450 4607 518 4657 29
549 4608 733 4678 etb30.
786 4606 984 4660 Torvos
1039 4604 1354 4678 tyrannos]
1386 4607 1619 4674 Torvus,
1669 4623 1702 4660 a
1750 4610 2073 4678 torquendo

382 4675 585 4748 dictus,
611 4675 706 4728 ille
754 4683 836 4730 est
868 4678 968 4747 qui
998 4678 1157 4731 vultu
1213 4679 1298 4730 vel
1330 4675 1519 4748 potius
1578 4679 1756 4732 oculis
1782 4675 1946 4732 tortis
1979 4681 2071 4734 in-

380 4744 907 4819 terioremdfuroris
950 4755 1172 4802 motum
1217 4749 1295 4802 ita
1330 4744 1645 4819 significat,
1680 4755 1743 4803 ut
1781 4750 2074 4805 tuentibus

382 4816 454 4868 sit
482 4817 753 4890 terribilis
779 4835 792 4872 :
821 4819 956 4872 hinc
993 4824 1191 4873 taurus
1229 4816 1547 4890 praesertim
1579 4816 1774 4874 tervus
1809 4822 2070 4890 habetur,

384 4887 538 4964 quod
572 4887 946 4964 animalillud
974 4892 1182 4961 saepius
1212 4887 1356 4945 hanc
1385 4895 1626 4946 formam
1658 4893 1879 4964 induat.
1916 4887 2068 4964 Virg;

384 4961 588 5033 Georg.
621 4975 719 5014 in:
767 4962 984 5029 Optima
1025 4972 1187 5017 torva
1232 4964 1414 5029 forma
1462 4963 1671 5033 bovis.]
1724 4966 1900 5018 Porro
1942 4961 2072 5019 eum

385 5031 559 5106 exsul,
594 5033 712 5106 sive
740 5038 804 5085 ut
850 5034 1117 5106 nonnulli
1155 5035 1432 5094 scribunt,
1474 5037 1624 5088 exsul
1656 5031 1877 5088 dicatur
1913 5036 2073 5106 quasi

385 5102 602 5176 exsule
633 5102 747 5156 sive
779 5104 961 5173 patria
996 5106 1212 5175 pulsus,
1247 5121 1493 5176 cumque
1541 5107 1770 5174 tyranni
1817 5107 1878 5160 in
1909 5102 2074 5161 terris

386 5172 706 5228 habitantes
759 5172 826 5228 ex
858 5177 977 5229 solo
999 5172 1136 5230 Vsive
1169 5178 1356 5245 potius
1388 5172 1770 5246 coelo,ﬁpatria
1811 5194 1913 5231 sua
1950 5179 2074 5231 vel-

387 5245 470 5297 uti
526 5246 747 5316 expulsi
805 5247 937 5312 sint,
1005 5247 1132 5300 ideo
1186 5247 1366 5300 videri
1404 5245 1646 5314 possunt
1688 5251 1925 5302 exsules.
1989 5249 2073 5303 Ad

389 5317 556 5370 Hebr.
591 5333 686 5371 xui
712 5334 724 5371 :
767 5320 886 5374 Non
917 5318 1170 5372 habemus
1215 5318 1300 5371 hic
1329 5325 1630 5374 manentem
1658 5322 1950 5384 civitatem,
1980 5320 2075 5374 sed

383 5389 633 5452 futuram
672 5391 1023 5456 inquirimus.

428 5499 434 5511 .
459 5459 477 5493 ί
517 5458 707 5530 Papae.
742 5459 760 5528 ]
789 5462 972 5528 Papa,
1017 5459 1133 5511 sive
1163 5467 1226 5512 ut
1255 5458 1509 5530 loquitur
1537 5461 1767 5515 Plautus
1797 5461 1963 5525 babae,
1988 5465 2074 5516 est

387 5527 704 5604 interjectio
730 5527 979 5584 hominis
1011 5529 1157 5604 mira
1193 5527 1381 5604 subito
1409 5532 1735 5602 accipientis
1766 5535 1971 5604 ;quod,
2008 5537 2073 5586 ut

386 5597 648 5674 dicimus,
681 5601 770 5654 ha:
827 5617 990 5656 voces
1048 5602 1250 5672 primas
1305 5602 1437 5668 sint,
1501 5597 1641 5674 quas
1681 5597 1845 5673 pueri
1877 5597 2072 5659 omnia

387 5677 454 5726 ut
472 5670 804 5741 ignorantes
833 5673 914 5728 sic
933 5670 1282 5730 admirantes
1312 5670 1567 5745 proferre
1596 5670 1837 5731 soleant.

2255 3681 2286 3757 ’_
2315 3683 2558 3757 Primum
2586 3683 2780 3749 igitur,
2811 3685 2918 3736 etc.
2945 3677 3376 3757 ]_Philosop_hia
3410 3675 3686 3757 proponit
3707 3669 3823 3757 quod

2183 3754 2291 3810 sibi
2324 3755 2384 3808 in
2410 3755 2516 3808 hac
2561 3746 2821 3808 oratione
2866 3746 3567 3823 probandum—incumbit,
3611 3746 3826 3823 videlicet

2181 3833 2236 3880 et
2265 3827 2476 3897 probos
2531 3830 2794 3894 potentes
2817 3817 2881 3897 et'
2903 3825 3196 3893 improbos
3247 3824 3626 3892 impotentes:
3655 3817 3706 3871 id
3745 3829 3822 3868 au-

2179 3896 2295 3952 tem
2338 3897 2603 3968 probabit
2655 3896 2867 3966 triplici
2925 3900 3403 3964 argumentorum
3459 3908 3676 3963 genere,
3727 3900 3824 3956 qua

2176 3969 2512 4040 contrahere
2548 3968 2904 4040 conabimur.
3239 4035 3248 4040 _
3547 4033 3574 4040 Α
3627 4031 3636 4040 ,

2253 4037 2276 4073 δ
2317 4043 2429 4094 Duo
2481 4037 2788 4110 sunt,etc.]
2823 4039 2863 4092 Ι.
2910 4035 3252 4110 Argumenti
3293 4050 3496 4103 genus.
3541 4033 3823 4108 Quicunque

2182 4111 2358 4165 homo
2380 4111 2435 4164 id
2461 4107 2792 4183 adipiscitur
2821 4111 2974 4183 quod
3011 4109 3149 4183 vult,
3177 4107 3225 4160 is
3258 4113 3460 4183 potens
3489 4111 3568 4183 est
3595 4120 3606 4157 :
3632 4107 3822 4183 quicun-

2183 4198 2294 4252 que
2325 4198 2458 4236 vero
2515 4171 2633 4234 vult
2664 4171 2898 4248 aliquid,
2945 4179 3095 4249 quod
3136 4171 3270 4231 uon'
3305 4176 3647 4252 adipiscitur,
3695 4172 3733 4250 is
3757 4171 3820 4252 est

2186 4239 2505 4324 impotens:
2541 4253 2693 4323 quod
2725 4239 2976 4305 eifect'us'
3006 4255 3310 4307 humanus,
3348 4239 3500 4302 unde
3539 4245 3656 4316 quis
3694 4239 3816 4324 judi-

2185 4310 2345 4378 cat‘ur
2435 4310 2575 4377 esse‘
2627 4325 2713 4376 vel
2800 4339 2914 4376 non
3007 4338 3121 4374 esse
3199 4327 3421 4389 potens,
3509 4310 3820 4370 necessitudi-

2185 4412 2319 4449 nem
2376 4396 2583 4449 habeat
2638 4409 2766 4447 cum
2820 4394 3108 4446 voluntate
3163 4396 3219 4446 et
3274 4395 3570 4460 potestate,
3618 4393 3817 4460 quarum

2114 4444 2154 4496 Β
2184 4473 2427 4536 utraque
2458 4472 2542 4520 est
2572 4466 2632 4518 in
2681 4466 2890 4533 primo,
2925 4470 2979 4517 et
3033 4465 3209 4537 altera
3242 4444 3503 4537 Δὶξωῑ-ιῃω⁸
3531 4450 3818 4537 inSecunde

2181 4519 2566 4609 illohlomine.
2590 4519 2762 4607 Atqui
2793 4519 2962 4589 homo
2996 4535 3207 4609 probus
3238 4533 3295 4585 id
3329 4532 3672 4609 adispiscitur
3693 4519 3816 4609 quod

2181 4609 2302 4662 vult
2327 4625 2338 4662 :
2365 4608 2660 4676 improbus
2685 4605 2825 4660 vero
2859 4607 3012 4676 quod
3045 4608 3167 4659 vult
3195 4621 3311 4659 non
3340 4605 3662 4676 adipiscitur
3683 4613 3693 4648 :
3714 4605 3816 4676 cum

2181 4685 2421 4749 uterque
2451 4672 2616 4732 suam
2651 4679 2780 4731 velit
2808 4672 3244 4742 beatitudinem,
3271 4692 3445 4749 quam
3483 4672 3692 4743 probus.
3730 4675 3818 4749 βοΐ)

2181 4737 2480 4822 impr‘obus
2503 4749 2883 4822 adipiscitur:
2933 4737 3309 4822 siquideni'ut
3354 4737 3534 4822 bonus
3579 4757 3684 4795 nou

2181 4807 2285 4876 tui"
2308 4823 2416 4875 nisi
2449 4807 2752 4890 adeptione
2804 4822 2941 4873 boni
2973 4807 3203 4882 summi,
3248 4819 3326 4872 ita
3357 4818 3538 4871 malus
3582 4826 3684 4866 non
3711 4807 3813 4860 dici-

2181 4899 2276 4946 tur
2309 4893 2418 4946 nisi
2449 4892 2770 4962 privatione
2802 4892 3064 4961 ejusdem
3091 4891 3246 4962 boni.
3615 4954 3623 4962 ι

2253 4969 2272 5001 ι
2310 4960 2518 5019 Rursus
2549 4966 2600 5018 si
2644 4964 2749 5016 duo
2779 4960 2910 5025 sint,
2978 4960 3128 5032 etc.]
3183 4963 3251 5014 lI.
3300 4960 3815 5032 Argumentigentli-

2184 5037 2256 5089 Ex
2311 5036 2554 5099 duobus,
2603 5035 2810 5104 quibus
2843 5023 2912 5086 ab
2945 5034 3064 5102 ipso
3099 5023 3315 5085 natura:
3342 5023 3568 5104 auctore
3599 5023 3818 5104 constitu-

2181 5111 2304 5159 tum
2337 5113 2421 5159 est
2449 5085 2640 5176 aliqud
2676 5105 2933 5168 tendere,
2963 5085 3006 5156 si
3038 5105 3282 5176 alterum
3316 5102 3501 5176 ofﬁcio
3541 5108 3738 5176 parens,
3762 5085 3817 5176 tl-

2183 5179 2272 5233 luc
2303 5178 2498 5231 tendat
2519 5167 2806 5240 {alterum
2839 5167 3131 5229 ab’ofticio
3165 5174 3443 5227 decedens
3470 5167 3562 5224 aut
3585 5167 3813 5241 moretur,

2182 5254 2278 5302 aut
2331 5256 2481 5302 certe
2513 5249 2624 5300 alio
2661 5249 2942 5320 dellectat,
2993 5247 3154 5316 prius
3214 5251 3434 5320 potens.
3463 5243 3816 5320 posteriuillle:

2182 5300 2628 5390 potensrhalyeri
2680 5319 2884 5373 debet:
2930 5300 3075 5370 'cdm
3105 5300 3286 5390 enim
3321 5300 3565 5390 potentia
3605 5300 3811 5390 nihil-sit

2182 5385 2358 5454 aliud,
2397 5407 2580 5462 quam
2615 5390 2917 5442 instinctus
2945 5390 3038 5462 ille
3067 5388 3136 5442 ab
3163 5393 3427 5462 auctore
3449 5388 3648 5462 naturzr
3689 5385 3811 5462 arcti?

2180 5469 2334 5529 ptus,
2370 5454 2638 5526 potentiae
2669 5464 2753 5513 est
2802 5460 3123 5529 pervenire,
3161 5455 3556 5529 imbecillitatis
3585 5454 3813 5529 Πρω-ρεξ-

2179 5515 2379 5585 venire
2423 5548 2536 5588 quo
2571 5533 2714 5584 Deus
2769 5515 2962 5584 vocat:
3019 5515 3214 5584 sic'ex
3270 5530 3486 5582 duobus
3516 5515 3810 5588 horninibus,

2413 5582 2866 5673 abvipsionaturze
2894 5608 3125 5656 auctore
3151 5603 3533 5674 constitutum
3573 5597 3645 5674 est

2177 5657 2283 5730 bus
2313 5657 2626 5742 ambulare,
2669 5674 2716 5728 si
2749 5673 2891 5730 alter
2921 5673 3110 5728 ofﬁcio
3137 5673 3366 5727 functus
3413 5665 3660 5727 ambulet,
3698 5657 3812 5710 alter
