3972 6182
115 298 203 350 793
1108 294 1201 349 DE
1243 292 1770 350 CONSOLATIONE
1812 293 2292 351 PHILOSOPHUS
2332 294 2460 349 LIB.
2508 295 2595 350 IV.

3472 304 3580 358 794

110 448 228 486 vero
268 431 519 486 naturale
577 430 720 484 illud
768 428 1025 483 officium
1073 429 1315 483 minime
1368 429 1773 483 administrare
1809 432 1855 485 Α
1884 430 2047 500 pellit
2074 431 2339 486 intentio.
2376 432 2441 486 Et
2469 430 2647 503 quid?
2677 430 2724 485 si
2765 431 2875 487 hoc
2911 435 3029 487 tam
3060 448 3273 505 magno
3316 452 3381 491 ac
3430 453 3579 508 pene

107 524 282 591 queat,
308 522 415 574 alio
444 535 578 574 vero
613 519 805 585 modo,
847 534 1023 589 quam
1051 522 1271 572 natura?
1312 518 1601 586 convenit,
1654 534 1774 574 non

104 609 322 680 quidem
356 608 586 679 impleat
614 608 970 678 propositum
1004 622 1193 674 suum,
1233 605 1348 677 (20)
1385 607 1485 661 sed
1514 606 1777 663 imitetur

104 698 446 767 implentem;
481 714 791 769 quemnam
828 697 1038 751 horum
1072 705 1096 731 ⁸
1124 695 1499 751 valentiorem
1532 712 1652 751 esse
1682 698 1776 752 de-

99 786 307 841 cernis?
337 789 362 829 b
382 788 500 853 fEtsi
531 787 817 856 conjecto,
852 786 1113 856 inquam,
1138 786 1277 857 quid
1311 787 1471 853 velis,
1502 798 1525 828 ο
1552 788 1777 858 planius

98 884 276 931 tamen
310 876 506 930 audire
560 877 844 930 desidero.
900 875 1268 943 Ambulandi,
1302 876 1513 948 inquit,
1554 883 1776 932 motum

98 966 397 1019 secundum
441 970 707 1019 naturam
758 982 876 1019 esse
919 964 1268 1032 hominibus,
1320 981 1459 1020 num
1502 966 1775 1037 negabis?

98 1055 329 1119 Minime,
377 1055 634 1125 inquam.
674 1055 924 1126 Ejusqne
965 1055 1048 1108 rei
1097 1054 1310 1125 pedum
1354 1054 1608 1109 ofﬁcium
1656 1071 1776 1110 esse

97 1144 331 1199 naturale
366 1159 507 1196 num
559 1144 829 1198 dubitas?
866 1144 944 1198 Ne
975 1144 1081 1197 hoc
1117 1144 1374 1215 quidem,
1416 1144 1677 1216 inquam.
1721 1144 1778 1200 Si

98 1235 203 1304 quis
250 1232 433 1303 igitur
497 1234 736 1303 pedibus
776 1233 893 1301 (25)
948 1234 1209 1288 incedere
1258 1234 1452 1288 valens
1500 1234 1774 1303 ambulet,

103 1324 351 1393 aliusque,
388 1323 484 1375 cui
514 1323 621 1376 hoc
650 1324 908 1376 naturale
948 1324 1161 1393 pedum
1203 1323 1349 1377 desit
1370 1323 1625 1377 ofﬁcium
1656 1340 1777 1377 ma-

98 1412 241 1465 nibus
300 1412 512 1478 nitens,
564 1412 860 1465 ambulare
910 1419 1171 1477 conetur,
1224 1414 1353 1482 quis
1402 1413 1605 1466 horum
1648 1415 1777 1483 jure

93 1500 349 1553 valentior
401 1500 721 1554 existimari
770 1501 999 1571 potest?
1052 1502 1321 1569 Contexe,
1365 1502 1626 1573 inquam,
1676 1518 1779 1557 cm-

94 1596 195 1644 tera
228 1606 397 1644 :nam
433 1590 578 1660 quin
610 1590 884 1644 naturalis
924 1590 1093 1645 officii
1126 1596 1349 1662 potens,
1383 1608 1469 1659 eo,
1495 1595 1592 1662 qui
1623 1591 1779 1647 idem

94 1684 334 1751 nequeat,
376 1680 666 1733 valentior
713 1680 807 1747 sit,
857 1681 1103 1734 nullusd
1146 1681 1411 1751 ambigit,
1464 1687 1614 1736 266
1666 1681 1774 1736 Sed

96 1785 378 1835 summum,
401 1768 619 1839 inquit,
650 1768 886 1836 bonum,
921 1770 1072 1840 quod
1103 1786 1267 1841 neque
1290 1769 1454 1824 malis
1487 1771 1770 1841 bonisque

96 1860 457 1929 propositum,
509 1858 645 1911 boni
664 1859 918 1929 {quidem
960 1860 1207 1913 naturali
1251 1860 1441 1913 ofﬁcio
1491 1860 1771 1914 virtutum

97 1954 270 2018 petunt
320 1964 333 2001 :
386 1947 531 2001 mali
574 1964 709 2001 vero
754 1949 970 2001 variam
1014 1965 1119 2018 per
1162 1949 1563 2019 cupiditatem,
1616 1947 1771 2019 quod

98 2036 423 2107 adipiscendi
475 2036 615 2089 boni
675 2038 936 2089 naturale
986 2037 1241 2090 ofﬁcium
1295 2053 1411 2090 non
1460 2046 1566 2103 est,
1620 2038 1773 2091 idem

97 2127 259 2195 ipsum
292 2130 586 2179 conantur
616 2125 873 2196 adipisci.
906 2130 989 2179 An
1019 2131 1081 2179 tu
1114 2128 1277 2179 aliter
1308 2126 1638 2180 existimas?
1668 2128 1772 2180 Mi-

97 2217 244 2282 nime,
278 2216 353 2285 (ὅ)
390 2215 639 2285 inquam
671 2223 838 2269 °nam
873 2216 1066 2281 etiam,
1099 2217 1247 2286 quod
1280 2222 1363 2268 est
1394 2231 1770 2285 consequens,

98 2312 245 2376 patet.
279 2306 353 2359 Ex
382 2305 477 2359 his
512 2304 669 2358 enim
702 2320 830 2375 quae
868 2320 1281 2365 concesseram,
1325 2305 1504 2358 bonos
1534 2305 1770 2375 quidem

100 2399 349 2464 potentes,
400 2395 593 2448 malos
652 2409 785 2448 vero
837 2410 956 2448 esse
1009 2409 1238 2447 necesse
1297 2400 1381 2449 est
1430 2394 1769 2449 imbecilles.

102 2485 262 2551 Recte,
306 2484 527 2555 inquit,
563 2484 888 2553 praecurris,
939 2483 1134 2555 idque,
1166 2483 1249 2537 uti
1292 2484 1501 2536 medici
1542 2499 1770 2553 sperare

103 2574 270 2633 solent,
318 2573 607 2626 indicium
640 2578 723 2626 est
771 2577 975 2627 erectte
1017 2574 1157 2643 jam,
1196 2573 1629 2643 resistentisque
1671 2588 1770 2626 na-

102 2668 236 2715 turae.
262 2662 275 2695 ¹
304 2661 412 2715 Sed
446 2663 729 2732 quoniam
764 2670 816 2716 te
849 2662 918 2715 ad
968 2662 1411 2731 intelligendum
1460 2662 1773 2731 promptis-

104 2750 280 2803 simum
322 2765 445 2803 esse
510 2749 829 2819 conspicio,
872 2751 1145 2804 {crebras
1195 2750 1541 2804 coacervabo
1593 2750 1773 2804 ratio-

106 2854 198 2891 nes.
256 2840 361 2909 (10)
411 2839 557 2892 Vide
612 2839 768 2894 enim
819 2844 1035 2910 quanta
1090 2839 1425 2894 vitiosorum
1472 2840 1774 2894 hominum

108 2934 264 2997 pateat
305 2928 643 2995 inﬁrmitas,
684 2928 785 2999 qui
815 2944 888 2982 ne
928 2928 996 2983 ad
1035 2929 1143 2983 hoc
1189 2928 1423 2999 quidem
1475 2928 1773 3000 pervenire

109 3024 312 3087 queunt,
343 3018 413 3071 ad
444 3017 610 3088 quod
654 3033 753 3071 eos
784 3018 1064 3073 naturalis
1092 3018 1270 3087 ducit,
1309 3033 1375 3072 ac
1418 3033 1565 3088 pene
1613 3032 1775 3072 com-

1880 521 2088 574 invicto
2125 521 2435 590 praeeuntis
2474 525 2691 575 natura:
2727 521 3125 579 desererentur
3146 523 3392 580 auxilio?
3429 527 3576 581 Con-

1883 609 2069 663 sidera
2096 626 2231 665 vero
2262 614 2476 681 quanta
2514 610 2828 665 sceleratos
2871 610 3139 668 homines
3166 613 3372 669 habeat
3399 615 3579 687 impo-

1882 699 2080 753 tentia.
2130 699 2326 770 Neque
2359 700 2515 753 enim
2557 700 2723 767 levia,
2754 704 2854 755 aut
2905 702 3123 757 ludicra
3160 703 3280 774 (l5)
3337 707 3577 774 prmmia

1883 793 2107 858 petunt,
2142 805 2270 860 qua:
2313 789 2589 860 consequi
2623 795 2797 861 atque
2846 791 3107 847 obtinere
3135 809 3249 847 non
3288 799 3530 864 possunt
3562 812 3573 848 :

1884 878 1982 932 sed
2014 878 2162 931 circa
2190 878 2373 948 ipsam
2423 894 2617 932 rerum
2650 895 2958 946 summam,
3008 881 3396 953 verticemque
3434 882 3576 937 deﬁ-

1884 968 2063 1033 ciunt,
2095 983 2199 1020 nec
2232 968 2291 1021 in
2331 984 2398 1022 eo
2430 968 2655 1022 miseris
2694 968 2975 1038 contingit
3007 969 3260 1040 effectus,
3302 972 3459 1042 quod
3484 987 3576 1025 so-

1885 1056 2003 1109 lum
2036 1056 2179 1122 dies,
2212 1060 2521 1127 noctesque
2556 1056 2879 1110 moliuntur
2912 1074 2924 1112 :
2959 1057 3019 1111 in
3057 1074 3171 1129 qua
3198 1075 3259 1113 re
3291 1060 3575 1113 bonorum

1882 1144 2031 1199 vires
2060 1146 2332 1199 eminent.
2365 1145 2522 1199 Sicut
2552 1145 2705 1199 enim
2728 1161 2859 1199 eum
2891 1147 2990 1217 qui
3008 1148 3251 1218 pedibus
3281 1148 3575 1215 incedens,

1886 1233 1955 1287 ad
1987 1250 2119 1287 eum
2150 1234 2339 1288 locum
2369 1249 2553 1305 usque
2593 1234 2896 1304 pervenire
2934 1237 3239 1306 potuisset,
3285 1254 3399 1309 quo
3432 1238 3575 1291 nihil

1886 1322 2127 1376 ulterius
2180 1324 2441 1393 pervium
2474 1324 2691 1393 jaceret
2738 1324 3008 1394 incessui,
3070 1326 3181 1396 (20)
3242 1326 3576 1381 ambulandi

1884 1412 2351 1481 potentissimum
2384 1428 2504 1465 esse
2533 1428 2829 1467 censeres:
2864 1413 2942 1466 ita
2974 1429 3128 1481 eum,
3152 1414 3265 1483 {qui
3303 1420 3575 1485 expeten-

1886 1500 2090 1554 dorum
2122 1502 2318 1567 ﬁnem,
2362 1518 2473 1572 quo
2512 1502 2653 1555 nihil
2698 1502 2851 1555 ultra
2881 1507 2984 1570 est,
3027 1504 3428 1574 apprehendit,
3473 1520 3576 1575 po-

1886 1590 2273 1645 tentissimum
2327 1607 2553 1644 necesse
2594 1594 2679 1644 est
2710 1591 2953 1662 judices.
2996 1594 3071 1647 Ex
3103 1609 3217 1663 quo
3249 1594 3327 1659 ﬁt,
3355 1620 3383 1659 ε
3421 1596 3576 1664 quod

1887 1678 2020 1732 huic
2049 1680 2291 1749 objacet,
2329 1684 2393 1733 ut
2423 1679 2598 1733 iidem
2638 1681 2880 1747 scelesti,
2915 1680 3090 1735 iidem
3128 1681 3349 1735 viribus
3384 1683 3577 1737 omni-

1887 1767 1989 1821 bus
2038 1769 2345 1823 videautur
2392 1784 2511 1822 esse
2550 1770 2778 1823 deserti.
2832 1775 2978 1824 267
3034 1770 3149 1824 Cur
3191 1771 3345 1824 enim
3379 1771 3579 1825 relicta

1878 1859 2090 1912 virtute
2130 1859 2269 1911 vitia
2297 1859 2627 1912 sectantur?
2672 1862 2694 1895 ²
2738 1859 3042 1914 inscitiane
3104 1860 3435 1915 bonorum?
3479 1861 3577 1915 sed

1880 1948 2019 2017 quid
2044 1959 2074 2001 h
2105 1948 2429 2001 enervatius
2465 1948 2806 2017 ignorantiae
2849 1948 3137 2003 caecitate?
3174 1953 3261 2005 An
3308 1950 3574 2005 sectanda

1879 2037 2202 2089 noverunt?
2226 2036 2322 2089 sed
2353 2037 2375 2070 ³
2409 2042 2760 2090 transversos
2792 2053 2889 2090 eos
2917 2038 3091 2092 libido
3122 2038 3466 2109 praecipitat,
3494 2040 3573 2093 sic

1880 2140 2111 2195 quoque
2152 2126 2599 2195 intemperantia
2640 2126 2890 2195 fragiles,
2933 2126 3033 2197 qui
3060 2127 3073 2163 ί
3104 2127 3385 2181 obluctari
3434 2128 3571 2182 vitio

1881 2219 2194 2284 nequeunt.
2225 2218 2246 2251 ⁸
2274 2217 2358 2268 An
2391 2215 2654 2281 scientes,
2703 2214 3075 2286 volentesque
3118 2216 3335 2271 bonum
3376 2217 3455 2287 (5)
3485 2217 3577 2271 de-

1881 2306 2096 2369 serunt,
2131 2302 2199 2355 ad
2218 2302 2354 2355 vitia
2393 2302 2813 2356 deﬁectuntur?
2844 2302 2951 2357 Sed
2978 2303 3085 2357 hoc
3113 2304 3284 2358 modo
3322 2320 3441 2358 non
3478 2320 3575 2359 so-

1879 2390 1998 2445 lum
2028 2390 2312 2459 potenteis
2350 2407 2493 2454 esse,
2527 2391 2624 2444 sed
2668 2391 2907 2445 omnino
2942 2409 3063 2446 esse
3102 2393 3392 2447 desinunt.
3434 2394 3573 2447 Nam

1882 2478 1982 2549 qui
2029 2494 2395 2532 communem
2444 2479 2730 2546 omnium,
2782 2496 2913 2551 quae
2968 2485 3121 2547 sunt,
3179 2482 3357 2537 ﬁnem
3409 2482 3577 2537 relin-

1882 2573 2088 2639 quunt,
2120 2567 2334 2638 pariter
2364 2584 2593 2639 quoque
2620 2584 2743 2622 esse
2779 2569 3078 2625 desistunt.
3121 2570 3288 2635 Quod
3340 2571 3572 2643 quidem

1882 2657 2132 2726 cuipiam
2174 2658 2388 2711 mirum
2428 2658 2573 2712 forte
2607 2658 2884 2727 videatur,
2922 2664 2986 2714 ut
3014 2660 3219 2725 malos,
3253 2661 3351 2732 qui
3383 2660 3577 2731 plures

1882 2747 2187 2802 hominum
2226 2752 2377 2815 sunt,
2418 2748 2649 2802 eosdem
2678 2764 2795 2802 non
2843 2764 2965 2803 esse
3009 2749 3307 2804 dicamus:
3351 2750 3449 2803 sed
3496 2750 3577 2804 ita

1882 2852 2004 2891 sese
2035 2851 2123 2889 res
2155 2836 2345 2890 habet.
2394 2837 2537 2891 Nam
2573 2837 2674 2908 qui
2712 2837 2850 2892 mali
2895 2842 3046 2906 sunt,
3090 2839 3200 2908 (l0)
3250 2853 3349 2892 eos
3396 2838 3576 2893 malos

1882 2940 2004 2979 esse
2036 2940 2149 2979 non
2181 2924 2370 2979 abnuo
2405 2940 2420 2979 :
2447 2926 2571 2995 sed,
2602 2926 2833 2981 eosdem
2872 2942 3017 2995 esse,
3050 2942 3194 2997 pure
3238 2931 3409 2998 atque
3440 2926 3573 2981 sim-

1883 3013 2110 3086 pliciter
2142 3030 2313 3084 nego.
2349 3015 2493 3070 Nam
2540 3014 2625 3069 uti
2653 3016 2897 3071 cadaver
2938 3015 3238 3071 hominem
3283 3019 3575 3071 mortuum

1534 3170 2123 3230 INTERPRETATIO.

164 3298 183 3323 ⁵
213 3291 570 3345 Potentiorem
582 3332 596 3344 .

160 3373 182 3413 δ
218 3364 468 3424 Quamvis
508 3361 823 3431 conjectura
843 3375 1121 3431 assequar.

164 3443 183 3472 ο
215 3434 442 3488 Clarius.

163 3505 183 3546 ἄ
218 3505 465 3561 Dubitat.

162 3582 180 3609 °
210 3575 360 3640 Quin.

1947 3289 1970 3331 ι
2003 3290 2346 3357 Frequentes.

1950 3385 1979 3423 ε
2017 3361 2360 3414 Econtrario.

1950 3431 1981 3474 ιι
2016 3430 2319 3499 Inﬁrm-ius.

1952 3499 1967 3536 ¹
2006 3503 2271 3557 Resistere

1730 3660 1949 3717 NOTAE.

118 3790 170 3844 ab
196 3793 371 3848 ofﬁcio
397 3791 704 3848 discedens
728 3796 825 3845 aut
852 3790 1109 3862 quiescat
1136 3796 1236 3845 aut
1267 3790 1532 3862 manibus
1551 3792 1776 3862 tantum

118 3863 272 3918 nitens
318 3866 608 3928 ambulet;
651 3863 811 3933 prior
870 3860 1101 3931 potens,
1142 3862 1429 3933 posterior
1480 3860 1779 3933 imbecillis

121 3933 380 4003 habendus
411 3941 518 3990 est.
562 3932 738 4003 AtQui
768 3950 833 3987 ex
882 3935 1035 3987 bono
1066 3939 1121 3987 et
1146 3932 1303 3986 'malo
1349 3933 1605 3997 homine,
1651 3932 1779 4001 qui-

118 4002 199 4057 bus
223 4009 285 4061 ab
314 4008 437 4079 ipso
477 4002 699 4061 natura:
749 4012 979 4079 auctore
1006 4006 1381 4079 constitutum
1414 4010 1498 4057 est
1525 4004 1593 4079 ad
1624 4019 1778 4055 sum-

120 4090 248 4131 mum
275 4075 487 4133 bonum
518 4094 607 4141 ea,
641 4093 815 4147 quam
848 4078 995 4130 Deus
1030 4077 1257 4145 utrique
1290 4076 1358 4129 ab
1391 4082 1515 4127 ortu
1546 4075 1784 4147 impres-

121 4147 193 4219 sit.
226 4150 604 4219 prOpensione
638 4149 899 4211 tendere;
946 4148 1131 4219 bonus
1179 4146 1365 4199 ofﬁcio
1414 4162 1515 4199 suo
1555 4146 1782 4219 functus

121 4217 172 4269 ad
192 4216 469 4275 summum
502 4222 721 4273 bonum
758 4219 961 4283 tendit,
997 4218 1179 4271 malus
1226 4234 1357 4269 vero
1390 4234 1422 4269 a
1452 4233 1551 4269 suo
1592 4216 1781 4269 offlcio

120 4286 365 4360 decedens
407 4298 505 4344 aut
540 4291 783 4360 gradum
828 4290 994 4351 sistit,
1040 4296 1136 4341 aut
1162 4288 1334 4360 variis
1376 4287 1783 4357 cupiditatibus

120 4358 355 4431 abreptus
388 4364 460 4416 ad
495 4358 648 4415 bona
679 4362 887 4413 caduca
928 4360 1191 4413 deflectit.
1237 4359 1416 4428 igitur
1459 4360 1642 4412 bonus
1674 4374 1781 4429 po—

120 4434 240 4496 tens,
273 4435 450 4487 malus
483 4449 619 4485 vero
650 4431 947 4484 imbecillis
980 4431 1274 4495 habeatur,
1311 4445 1536 4483 necesse
1567 4434 1670 4482 est.

179 4504 313 4557 ‘Sed
354 4509 615 4572 quoniam
652 4508 720 4567 te,
755 4500 892 4572 etc.]
946 4503 1034 4554 111.
1088 4501 1426 4570 Argumenti
1479 4516 1679 4572 genus.
1718 4497 1777 4552 Si

121 4585 212 4637 quo
238 4571 445 4643 spectet
500 4574 766 4639 intentio,
820 4571 1287 4635 censideraveris,
1337 4572 1470 4625 hinc
1511 4571 1777 4643 quaedam

120 4648 215 4695 tam
241 4641 539 4711 bonorum,
566 4661 738 4713 quam
762 4646 1043 4697 malorum
1075 4643 1289 4714 patebit
1320 4642 1651 4707 inﬁrmitas;
1680 4641 1779 4714 sed

123 4716 369 4785 malorum
418 4718 624 4785 major.
665 4713 1090 4785 Utrorumque,’
1119 4714 1376 4784 inquam,
1425 4714 1641 4782 patebit
1682 4713 1778 4785 in-

121 4781 375 4842 firmitas:
418 4781 697 4858 quoniam
740 4804 868 4839 cum
928 4781 1152 4855 utrique
1198 4781 1282 4838 ad
1328 4781 1619 4838 summum
1678 4784 1779 4858 bo:

122 4866 237 4907 num
283 4853 557 4929 aspirent,
611 4859 720 4911 huc
768 4858 960 4911 neutri
1010 4853 1307 4929 pervenire
1360 4861 1636 4929 possunt,
1670 4853 1781 4908 nisi

124 4926 404 4993 praeunt'e,
436 4930 701 4994 ducente,
743 4935 840 4981 aut
869 4929 986 4981 fere
1014 4926 1400 4996 compellente
1434 4926 1779 4992 intentione,

124 5010 301 5071 magno
332 5002 427 5053 illo
461 5018 525 5055 ac
560 5017 701 5069 pene
733 5001 940 5052 invicto
975 5000 1284 5067 pimeuntis
1325 4998 1652 5071 natureevel
1683 5013 1783 5067 po-

125 5070 215 5139 tius
264 5071 356 5124 Dei
386 5072 619 5132 auxilio,
657 5088 828 5141 quam
865 5072 1242 5124 intentionem
1282 5085 1315 5122 a
1340 5070 1454 5123 Deo
1489 5070 1559 5123 ad
1601 5070 1782 5141 Deum

126 5138 286 5201 ipsum
314 5138 746 5212 adipiscendum
779 5148 1125 5211 acceperunt
1162 5158 1173 5194 :
1204 5158 1318 5210 quo
1351 5147 1542 5193 autem
1576 5138 1782 5212 majori

128 5222 247 5283 opus
275 5220 355 5266 est
388 5210 598 5266 auxilio
633 5215 697 5266 ad
747 5210 1255 5283 progrediendum.
1307 5228 1373 5264 eo
1405 5212 1657 5264 minores
1701 5210 1781 5264 vi-

129 5276 310 5353 dentur
337 5276 943 5353 progrediendi-vires.
978 5288 1047 5337 At
1081 5284 1263 5349 major
1303 5284 1583 5336 malorum
1617 5287 1783 5353 pate-

128 5345 196 5424 bit
223 5345 513 5409 inﬁriiiitas
548 5372 559 5408 :
594 5356 736 5409 sicut
766 5356 917 5409 enim
950 5372 1015 5408 ex
1050 5345 1272 5408 duobus
1294 5345 1784 5424 proﬁciscentibus

131 5419 209 5497 ille
239 5429 538 5492 potentior,
581 5427 679 5497 qui
710 5427 979 5480 incedens
1035 5426 1103 5479 ad
1140 5444 1271 5479 eum
1294 5419 1483 5497 usque
1527 5423 1787 5497 pervenit

133 5490 314 5568 tecum,
353 5498 500 5551 ultra
528 5490 696 5567 quem
738 5498 1008 5568 progredi
1056 5514 1167 5549 non
1205 5498 1359 5562 licet,
1390 5490 1497 5549 ille
1527 5490 1786 5568 veruin-

134 5560 343 5639 l‘lrmior,
377 5572 473 5638 qui
506 5560 574 5623 ab
604 5588 688 5631 eo,
725 5560 795 5623 ad
827 5560 996 5639 quuem
1033 5569 1329 5636 pervcnire
1348 5560 1625 5639 intendit,
1659 5566 1786 5619 loco

136 5628 410 5692 deflectens
438 5657 510 5695 ne
554 5628 710 5695 illum
744 5628 977 5711 quidem
1019 5628 1248 5709 attingit
1272 5640 1466 5711 locum
1516 5638 1583 5692 ad
1614 5652 1786 5711 quem

138 5714 306 5763 errore
332 5725 433 5766 suo
477 5707 779 5769 videbatur
813 5712 945 5767 duci
977 5729 988 5762 :
1036 5710 1117 5766 ita
1146 5707 1305 5779 boui,
1344 5713 1541 5781 utpote
1588 5708 1687 5780 qui
1716 5707 1789 5763 ad

1886 3789 2157 3843 ultimum
2206 3788 2403 3855 ﬁnem,
2446 3788 2824 3858 compellente
2860 3793 3054 3842 tamen
3088 3787 3226 3855 Deo,
3276 3787 3573 3849 accedunt,

1889 3860 2268 3929 potentiores;
2297 3860 2430 3913 mali
2468 3876 2615 3925 vero,
2652 3864 2844 3930 utpote
2872 3859 2992 3929 qui,
3028 3858 3172 3912 nihil
3204 3858 3463 3913 obstante
3492 3858 3577 3912 in-

1890 3930 1997 3984 sita
2026 3931 2426 4000 propensione,
2457 3931 2529 3983 ab
2567 3931 2773 3984 ultimo
2805 3932 2919 3984 ﬁne
2964 3932 3293 3983 aberrantes
3337 3946 3407 3984 ne
3454 3930 3577 3984 hac

1893 4002 2128 4072 quidem
2170 4002 2463 4069 attingunt
2507 4002 2679 4066 bona,
2722 4002 2930 4070 quibus
2976 4006 3170 4054 noctes
3214 4001 3449 4071 diesque
3492 4001 3577 4055 in—

1894 4072 2073 4139 hiant,
2109 4074 2454 4126 inﬁrmiores
2497 4077 2672 4125 sunt:
2708 4074 2860 4142 quod
2905 4072 3222 4142 attendenti
3267 4073 3337 4125 ad
3378 4087 3577 4124 causas

1892 4143 2227 4213 hujusmodi
2258 4143 2464 4196 erroris
2495 4143 2676 4213 magis
2714 4141 2778 4196 ac
2820 4144 3002 4212 magis
3032 4141 3247 4210 patebit
3279 4157 3296 4213 :
3325 4157 3459 4213 nam
3489 4142 3579 4213 vel

1893 4211 2029 4269 mali
2070 4215 2345 4269 recedunt
2395 4214 2465 4268 ab
2498 4211 2749 4283 eofquo
2797 4211 2969 4268 insita
3006 4212 3239 4283 illorum
3282 4211 3578 4283 inclinatio

1892 4286 2039 4339 ferre
2100 4286 2347 4349 videtur,
2415 4281 2794 4354 ignoratione,
2853 4286 2942 4339 vel
2988 4281 3440 4355 perturbatione,
3489 4282 3580 4337 vel

1892 4356 2128 4411 scientia
2158 4358 2585 4427 voluntateque.

1959 4456 2295 4509 'lnscitiane
2314 4454 2360 4523 ?]
2403 4454 2515 4509 Seu
2557 4453 2693 4508 boni
2731 4453 2870 4519 veri,
2905 4469 2936 4506 a
2976 4468 3090 4523 quo
3132 4450 3435 4523 recedunt;
3478 4466 3583 4505 seu

1887 4526 2021 4579 boni
2054 4527 2313 4579 ementiti
2342 4522 2413 4579 ad
2445 4527 2600 4596 quod
2631 4523 2945 4579 accedunt?
2976 4522 3074 4577 sed
3102 4522 3486 4593 ignoratione,
3518 4526 3582 4578 ut

1886 4604 2023 4668 pote
2055 4614 2179 4664 qua!
2214 4597 2360 4650 nihil
2387 4602 2489 4664 est,
2526 4596 2670 4651 nihil
2698 4596 3005 4650 inﬁrmius.
3030 4598 3137 4650 An.

1960 4694 1982 4727 ³
2018 4695 2375 4747 Trunsvcrsos
2432 4709 2515 4748 eos
2560 4693 2728 4747 libido
2774 4690 3144 4763 prazcipitatﬂ
3191 4690 3308 4745 Hoc
3360 4694 3466 4757 est,
3502 4706 3583 4763 an

1888 4765 2362 4835 perturbatione?
2402 4770 2458 4819 at
2490 4765 2594 4818 hoc
2622 4780 2898 4833 magnum
2940 4771 3023 4817 est
3050 4762 3465 4835 argumentum
3494 4762 3580 4816 in-

1889 4834 2159 4889 ﬁrmioris
2189 4834 2418 4903 mentis,
2453 4836 2667 4906 quippe
2695 4852 2823 4905 qua:
2872 4834 3147 4905 mancipii
3176 4834 3431 4905 corporis
3458 4849 3582 4889 mo-

1890 4908 2043 4961 tibus
2075 4908 2221 4961 victa
2254 4908 2609 4978 obsequitur.

1964 5000 1983 5031 ‘
2018 4996 2109 5051 An
2137 5000 2362 5050 scientes
2410 4997 2748 5064 volentesque
2779 4996 2973 5049 bonum
3022 4994 3295 5061 deserunt,
3342 4994 3416 5047 ad
3444 4996 3583 5049 vitia

1892 5066 2337 5136 deﬂectuntur7]
2384 5066 2494 5121 Sed
2537 5067 2643 5120 hoc
2685 5066 2857 5120 modo
2929 5082 3042 5119 non
3091 5067 3279 5119 solum
3318 5071 3583 5135 potentes

1892 5156 2033 5205 esse,
2066 5140 2160 5191 sed
2191 5140 2426 5191 omnino
2458 5154 2579 5191 esse
2621 5138 2908 5204 desinunt,
2960 5154 3073 5190 non
3106 5136 3341 5208 quidem
3391 5136 3583 5205 quoad

1893 5226 2015 5264 rem
2050 5218 2266 5279 spectat
2299 5226 2309 5261 :
2342 5208 2588 5279 improbi
2630 5210 2785 5261 enim
2823 5208 2906 5262 illi
2939 5224 3167 5277 semper
3197 5224 3261 5261 ex
3291 5214 3478 5260 mente
3526 5210 3585 5261 et

1893 5296 2149 5350 corpore,
2185 5279 2404 5333 duabus
2452 5280 2622 5333 rebus
2653 5281 2803 5333 inter
2842 5298 2900 5333 se
2931 5279 3268 5349 conjunctis,
3298 5281 3578 5350 constant:

1894 5346 2206 5421 sed'quoad
2228 5351 2462 5404 modum
2481 5351 2713 5405 attinet:
2744 5368 2871 5404 cum
2896 5346 3050 5403 enini
3074 5351 3223 5404 Deus
3246 5363 3362 5421 non
3393 5346 3582 5401 minus

1896 5423 1968 5476 sit
1999 5418 2127 5475 finis
2158 5421 2395 5475 ultimus
2429 5422 2635 5475 mentis
2668 5424 2958 5488 humanae,
2993 5436 3166 5490 quam
3209 5418 3465 5489 ejusdem
3498 5424 3583 5473 est

1896 5493 2080 5563 prima
2108 5509 2303 5558 causa;
2360 5498 2419 5546 ut
2448 5510 2608 5547 mens
2654 5494 2905 5547 humana
2950 5493 3170 5563 dicatur
3217 5505 3340 5542 esse
3386 5506 3585 5563 secun-

1898 5560 2032 5620 dum
2052 5566 2306 5623 modum.
2334 5566 2453 5618 ιιωο
2479 5566 2548 5618 ad
2583 5567 2761 5619 Deum
2785 5565 2952 5617 debet
2970 5561 3202 5615 tendere
3219 5566 3279 5614 ut
3308 5560 3545 5616 notione
3566 5602 3579 5624 ,

1898 5636 1976 5689 sic
2025 5636 2347 5688 voluntaria
2393 5638 2793 5707 prOpensione,
2847 5650 2961 5704 quo
3001 5632 3171 5688 modo
3218 5631 3469 5704 improbi
3514 5632 3585 5687 ad

1901 5708 2081 5761 Deum
2111 5722 2225 5761 non
2244 5707 2505 5762 tendunt.
