3972 6182
407 265 508 316 ’79Ξὶ
1705 259 1820 310 AN.
1872 258 2083 311 MANL.

2134 254 2285 310 SEV.
2336 255 2421 309 ΒΟ
2437 255 2597 310 ΕΤΙΙ.
3711 266 3785 313 796

405 393 635 460 dixeris,
683 390 1019 462 simpliciter
1063 407 1200 444 vero
1259 389 1555 444 hominem
1619 390 1909 460 appellare
1973 405 2091 443 non
2129 391 2174 442 A
2208 387 2395 442 omnis
2423 386 2682 457 potentia
2710 387 3025 457 expetenda
3078 391 3181 442 est.
3226 388 3416 458 Liquet
3451 390 3604 460 igitur
3654 395 3792 445 mato-

401 483 586 555 possis
623 497 635 536 :
666 482 746 535 ita
766 480 1019 546 vitiosos,
1051 479 1235 534 malos
1263 479 1496 550 quidem
1541 496 1661 534 esse
1687 479 2088 545 concesserim,

403 573 498 628 sed
535 587 654 626 esse
693 570 951 626 absolute
984 585 1268 642 nequeam
1299 571 1578 624 conﬁteri.
1611 571 1707 624 Est
1734 570 1914 636 enim,
1945 568 2099 640 quod

403 663 668 718 ordinem
699 662 927 728 retinet,
971 666 1270 731 servatque
1322 665 1626 714 naturam:
1665 661 1818 730 quod
1864 675 1997 712 vero
2031 658 2097 712 ab

399 754 508 808 hac
547 752 757 819 deﬁcit,
815 767 934 805 esse
984 751 1178 818 etiam,
1229 751 1339 819 (15)
1375 759 1399 784 ⁸
1445 749 1600 820 quod
1648 750 1707 803 in
1761 765 1862 802 sua
1894 754 2099 802 natura

401 843 575 896 situm
606 847 709 908 est,
742 841 1106 911 derelinquit.
1161 839 1267 895 Sed
1323 844 1582 909 possunt,
1615 838 1864 909 inquies,
1911 838 2047 892 mali
2083 853 2094 891 :

402 948 505 986 nec
536 947 643 1001 ego
675 929 909 1002 quidem
933 929 1295 999 negaverim;
1327 930 1422 983 sed
1453 930 1575 984 haec
1605 945 1804 983 eorum
1842 928 2100 998 potentia

400 1038 516 1077 non
549 1038 582 1075 a
606 1021 841 1087 viribus,
868 1020 966 1074 sed
995 1020 1065 1073 ab
1088 1019 1471 1073 imbecillitate
1511 1019 1818 1073 descendit.
1859 1021 2097 1073 Possunt

403 1110 558 1165 enim
605 1110 774 1175 mala,
825 1124 940 1179 qua
991 1108 1230 1162 minime
1278 1108 1554 1177 valerent,
1598 1109 1643 1161 si
1693 1108 1753 1161 in
1810 1107 2096 1161 bonorum

400 1199 706 1254 efﬁcientia
755 1214 987 1252 manere
1036 1197 1376 1267 potuissent.
1416 1198 1552 1262 Quae
1605 1197 1948 1268 possibilitas
2002 1213 2096 1250 eos

401 1289 720 1344 evidentius
767 1288 911 1341 nihil
972 1303 1160 1356 posse,
1205 1288 1572 1341 demonstrat.
1624 1288 1636 1320 ¹
1690 1288 1829 1341 Nam
1891 1287 1960 1354 si,
2015 1286 2096 1339 uti

399 1380 570 1450 paulo
615 1383 746 1432 ante
780 1380 888 1448 (20)
938 1377 1296 1446 collegimus,
1349 1377 1569 1430 malum
1620 1377 1764 1430 nihil
1813 1381 1914 1441 est,
1964 1391 2094 1429 cum

398 1466 802 1523 tantummodo
838 1467 1082 1536 possint,
1113 1467 1257 1520 nihil
1290 1471 1438 1520 268
1485 1482 1646 1536 posse
1673 1464 1974 1536 improbos
2025 1463 2093 1516 li-

401 1563 556 1629 quet.
605 1557 970 1627 Perspicuum
1015 1560 1118 1609 est.
1153 1558 1339 1625 Atque
1365 1560 1430 1608 ut
1482 1555 1790 1624 intelligas,
1825 1568 2094 1624 quaenam

399 1648 471 1702 sit
499 1647 671 1717 hujus
703 1645 977 1716 potentias
999 1644 1101 1711 vis,
1136 1660 1360 1698 summo
1403 1645 1554 1699 bono
1602 1644 1747 1698 nihil
1799 1644 2094 1714 potentius

399 1737 570 1810 paulo
615 1740 746 1790 ante
790 1734 1173 1789 deﬁnivimus.
1225 1735 1307 1787 Ita
1345 1740 1446 1800 est,
1493 1733 1750 1804 inquam.
1802 1733 1911 1788 Sed
1941 1733 2095 1786 idem

398 1826 608 1897 inquit,
641 1825 826 1879 facere
869 1824 1087 1878 malum
1126 1824 1343 1894 nequit.
1383 1823 1630 1878 Minime.
1657 1824 1752 1877 Est
1781 1823 1975 1891 igitur,
2007 1822 2096 1875 in-

401 1916 542 1988 quit,
600 1915 827 1986 aliquis,
875 1914 975 1985 qui
1027 1913 1223 1967 omnia
1264 1929 1425 1984 posse
1468 1913 1733 1967 homines
1775 1916 1847 1982 (5)
1897 1909 2094 1980 putet?

403 2005 522 2061 Nisi
567 2005 668 2076 qui
705 2004 970 2069 insaniat,
1008 2019 1198 2058 nemo.
1232 2003 1404 2074 Atqui
1433 2003 1609 2056 iidem
1652 2006 1892 2072 possunt
1923 1999 2093 2053 mala.

402 2095 629 2150 Utinam
661 2095 916 2162 quidem,
949 2093 1208 2164 inquam,
1247 2109 1363 2146 non
1407 2097 1661 2162 possunt.
1714 2092 1854 2145 Cum
1888 2089 2094 2160 igitur;

399 2185 687 2240 bonorum
729 2183 1125 2238 tantummodo
1177 2189 1395 2252 potens,
1458 2182 1636 2252 possit
1694 2182 1917 2246 omnia;
1979 2197 2097 2234 non

400 2290 533 2327 vero
565 2277 779 2344 queant
800 2272 996 2325 omnia
1022 2276 1282 2340 potentes
1311 2272 1485 2324 etiam
1509 2271 1797 2325 malorum
1823 2289 1834 2326 :
1864 2272 2092 2327 eosdem

402 2363 500 2435 qui
532 2363 682 2415 mala
710 2365 972 2430 possunt,
1025 2361 1213 2413 minus
1245 2376 1410 2429 posse
1441 2360 1803 2414 manifestum
1837 2366 1936 2415 est.
1976 2363 2097 2417 Huc

401 2451 638 2517 accedit,
667 2449 817 2520 quod
852 2465 1080 2502 omnem
1108 2450 1425 2518 potentiam
1467 2451 1616 2502 inter
1646 2453 1962 2519 expetenda
1992 2470 2095 2506 nu-

402 2539 757 2604 merandam,
798 2538 906 2608 (lO)
944 2537 1255 2607 omniaque
1307 2538 1624 2607 expetenda
1652 2539 1851 2592 referri
1885 2542 1948 2595 ad
1993 2544 2093 2597 bo-

400 2645 563 2694 num,
586 2628 742 2681 velut
767 2627 834 2680 ad
865 2626 1158 2697 quoddam
1186 2631 1407 2680 natura:
1433 2643 1548 2680 suae
1576 2643 1869 2697 cacumen,
1905 2637 2094 2686 osten-

2210 492 2336 530 rum
2384 477 2817 546 possibilitatem
2849 493 2966 530 non
3007 493 3127 531 esse
3178 479 3494 547 potentiam.
3535 483 3596 534 Ex
3637 483 3795 551 quibus

2209 566 2474 620 omnibus
2508 566 2788 620 bonorum
2831 566 3064 636 quidem
3115 569 3383 636 potentia,
3430 570 3667 624 maiorum
3705 588 3798 623 vero

2209 656 2319 726 (l5)
2364 656 2602 709 minime
2634 655 2964 709 dubitabilis
3006 661 3244 727 apparet
3288 657 3586 711 inﬁrmitas.
3628 660 3802 712 Veram-

2209 762 2319 816 que
2357 745 2843 800 illachlatonis
2894 762 3015 800 esse
3070 748 3406 800 sententiam
3453 747 3625 818 liquet,
3677 748 3802 815 solos,

2209 835 2360 906 quod
2413 835 2762 903 desiderent,
2811 833 2992 888 facere
3041 851 3204 906 posse
3248 836 3550 908 sapientes:
3579 837 3804 906 improbos

2206 941 2340 979 vero
2384 941 2642 979 exercere
2686 925 2920 996 quidem
2960 926 3115 996 quod
3161 926 3350 992 libeat,
3383 927 3523 997 quod
3551 943 3665 980 vero
3706 928 3808 980 desi-

2208 1015 2429 1084 derent,
2469 1017 2694 1086 explere
2751 1032 2871 1069 non
2909 1032 3096 1085 posse.
3151 1017 3386 1070 Faciunt
3429 1017 3570 1070 enim
3602 1017 3808 1088 quaelibet

2207 1104 2340 1157 dum
2375 1121 2478 1174 per
2506 1121 2591 1170 ea,
2626 1105 2834 1175 quibus
2865 1105 3242 1172 delectantur,
3277 1104 3330 1158 id
3360 1105 3722 1174 bouum,quod
3741 1105 3808 1158 dc-

2208 1192 2478 1258 siderant,
2520 1211 2578 1248 se
2605 1194 2912 1264 adepturos
2942 1198 3175 1264 putant;
3219 1195 3312 1247 sed
3358 1195 3582 1247 minime
3607 1195 3696 1263 (‘20)
3725 1194 3808 1246 adi-

2205 1283 2526 1352 piscuntur,
2580 1285 2852 1355 quoniam
2892 1284 2960 1337 ad
2986 1284 3391 1340 beatitudinem
3443 1285 3466 1326 ά
3511 1282 3694 1352 probra
3731 1298 3808 1336 non

2204 1373 2464 1426 veniunt.

2761 1486 2912 1536 269
2943 1479 3255 1534 METRUM‘
3287 1481 3348 1533 II.

2204 1597 2613 1649 Anconem-run.
2657 1619 2724 1629 —
2767 1589 3121 1656 Philosophia
3165 1587 3481 1657 praedictam
3522 1587 3809 1656 improborum

2135 1692 2174 1744 Β
2273 1666 2643 1744 infirmitatem
2681 1662 2918 1741 exempto
2953 1663 3320 1744 ‘conﬁrlnans,
3357 1660 3812 1744 ostenditutyrannos‘

2276 1737 2418 1796 sede,
2446 1740 2607 1798 veste,
2654 1735 2840 1799 armis,
2872 1733 3047 1796 vultu,
3085 1733 3391 1800 affectuun
3427 1731 3686 1796 terribiles,
3730 1735 3814 1797 quot

2272 1803 2797 1878 perturbationibus,
2830 1803 3050 1856 totidem
3089 1803 3323 1858 dominis
3356 1803 3590 1857 subditos
3623 1803 3812 1870 opprimi.

2421 1913 2575 1977 Quos
2606 1911 2761 1964 vides
2789 1910 2984 1964 sedere
3015 1909 3197 1964 celsos

2490 2003 2630 2058 Solii
2663 2002 2912 2055 culmine
2945 2018 3128 2072 reges,

2420 2095 2681 2163 Purpura
2711 2093 2895 2144 claros
2921 2092 3158 2157 nitente,

2491 2183 2692 2252 Septos
2718 2181 2976 2235 tristibus
3007 2181 3204 2247 armis,

2349 2277 2379 2329 5
2420 2273 2527 2327 Ore
2557 2276 2720 2326 torvo
2749 2269 3166 2324 comminantes

2489 2361 2662 2415 Rabie
2693 2360 2874 2413 cordis
2909 2359 3140 2412 anhelos
3166 2377 3178 2425 ;

2417 2450 2686 2506 Detrahat
2707 2450 2752 2502 si
2786 2449 2912 2519 quis
2943 2448 3204 2519 superbis

2491 2540 2626 2594 Vani
2645 2539 2901 2610 tegmina
2934 2539 3141 2604 cultus,

2417 2631 2540 2685 Jam
2572 2627 2788 2683 videbit
2820 2627 2976 2682 intus
3008 2632 3191 2682 arctas

401 2716 609 2770 dimus.
643 2715 749 2770 Sed
779 2719 804 2758 Ιι
835 2716 1101 2786 patrandi
1133 2715 1361 2769 sceleris
1392 2715 1738 2786 possibilitas
1782 2719 1983 2774 referri
2025 2721 2095 2777 ad
2212 2723 2272 2776 l0
2493 2718 2761 2773 Dominos
2782 2718 2930 2772 ferre
2960 2723 3212 2772 catenas.

395 2805 611 2860 bonum
640 2820 756 2859 non
796 2809 998 2875 potest.
1043 2806 1374 2876 Expeteuda
1405 2805 1582 2876 igitur
1629 2823 1748 2862 non
1782 2815 1886 2862 est.
1923 2811 2095 2881 Atqui
2421 2814 2575 2863 270
2606 2807 2746 2863 Hinc
2774 2807 2930 2862 enim
2961 2806 3135 2862 libido
3163 2811 3358 2862 versat

1849 2909 2445 2967 lNTEltPRETATIO.

469 3011 493 3037 ⁸
531 3002 720 3067 Quoad
736 3005 934 3070 potest.

467 3075 494 3117 Ι)
531 3076 781 3140 Potentia
800 3072 1085 3142 peccandi.

467 3157 492 3186 ο
538 3146 600 3198 In
643 3145 848 3214 Gorgia
880 3149 936 3198 et
965 3144 1258 3200 Alcibiade
1298 3144 1513 3216 primo;
1547 3144 1706 3200 unde
1741 3147 1977 3204 Boetius
2013 3149 2092 3204 vi-

397 3216 570 3270 detur
596 3232 698 3270 sua
723 3217 845 3270 haec
874 3216 1164 3270 rationum
1200 3223 1489 3271 momenta
1524 3217 1803 3273 hausisse.

466 3290 491 3331 ἀ
529 3287 711 3352 Quam
731 3292 925 3342 tamen
956 3288 1228 3358 improbi,
1254 3289 1424 3344 etiam
1455 3289 1767 3358 peccando,
1794 3296 2090 3362 expetunt.

2277 3009 2422 3073 Quos
2442 3007 2715 3075 principes
2745 3005 2918 3058 cernis
2947 3003 3129 3058 sedere
3159 3005 3416 3059 sublimes
3447 3005 3508 3057 in
3535 3001 3731 3068 fastigio
3757 3012 3812 3051 se-

2203 3079 2289 3134 dis
2319 3080 2500 3146 regiae,
2522 3075 2831 3145 splendidos
2856 3081 2997 3129 ostro
3026 3077 3292 3142 fulgente,
3316 3079 3542 3144 stipatos
3567 3075 3710 3127 armis
3723 3085 3809 3146 cra-

2202 3141 2434 3216 delibu},
2480 3141 2710 3203 minaces
2738 3149 2894 3200 vultu
2931 3141 3142 3216 aspero,
3183 3141 3421 3214 percitos
3458 3149 3630 3212 furore
3666 3141 3810 3220 cordis,

2204 3223 2274 3276 ab
2309 3223 2393 3275 his
2419 3219 2802 3287 arrogantibus
2825 3221 2875 3272 si
2896 3221 3019 3286 quis
3044 3220 3265 3284 auferat
3290 3221 3556 3273 velamina
3577 3217 3810 3270 ornamenti

2203 3296 2406 3360 inanis,
2439 3294 2626 3347 statim
2674 3290 3068 3345 animadvertet
3105 3291 3203 3344 hos
3246 3293 3524 3360 principes
3562 3289 3814 3342 intrinsecus

467 3503 486 3538 ¹
693 3502 742 3554 si
760 3502 972 3585 malum
999 3501 1142 3585 nihil
1185 3504 1284 3581 est,
1317 3501 1446 3585 etc.]
1470 3503 1759 3585 Praedicta
1802 3417 2368 3585 ὶωρι’(ᾑῇίξρέὶὶεῗίιοᾶ¹
2406 3502 2938 3585 perturbationibus
2986 3503 3104 3585 suis
3150 3503 3285 3557 victi
3335 3497 3816 3585 hissubjicianturj

397 3588 526 3645 rum
557 3573 864 3626 inﬁrmitas
915 3572 1242 3645 conﬁrmari
1298 3577 1486 3642 potest
1533 3591 1598 3627 ex
1640 3581 1856 3628 natura
1887 3572 2090 3645 'ipsius

397 3644 551 3711 mali,
575 3660 655 3716 rex
685 3650 964 3712 potestate
999 3644 1117 3716 Dei,
1147 3649 1202 3696 et
1235 3659 1299 3697 ex
1322 3645 1580 3714 appetitu
1608 3644 2090 3716 ipsiushominis:

399 3718 454 3769 1ο
488 3715 716 3789 quidem
751 3731 814 3768 ex
845 3722 1049 3768 natura
1087 3715 1268 3789 ipsius
1298 3717 1468 3789 mali:
1501 3715 1646 3770 nam,
1683 3719 1780 3788 qui
1821 3718 1962 3771 nihil
1995 3736 2095 3789 po-

395 3792 526 3853 test,
568 3786 664 3839 ille
698 3802 816 3839 non
846 3792 1048 3855 potens
1077 3787 1174 3840 sed
1208 3788 1394 3857 potius
1428 3786 1718 3857 impotens
1758 3790 1960 3843 haberi
1996 3786 2095 3844 de-

394 3857 490 3930 bet
521 3858 652 3910 :sed
689 3857 1158 3930 improbusinihil
1191 3863 1378 3928 potest
1421 3875 1432 3912 :
1465 3861 1936 3930 quandoquidem
1978 3878 2096 3915 ma-

393 3929 537 3995 lum,
570 3929 722 3999 quod
774 3945 934 3998 posse
977 3928 1202 3990 dicitur,
1241 3946 1304 3983 ex
1348 3928 1512 3983 dictis
1557 3928 1866 3996 nihil—est;
1914 3936 1973 3986 2°
2019 3949 2088 3988 ex

394 4005 675 4071 potestate
707 4000 806 4054 Dei
847 4017 859 4054 :
891 4000 1025 4069 quia
1051 4001 1329 4072 quidquid
1363 4006 1444 4054 est
1475 4004 1770 4071 potentia,
1802 4004 1942 4059 illud
1976 4005 2092 4059 Deo

395 4072 664 4126 convenit
709 4071 993 4146 siquidem
1041 4073 1188 4125 Deus
1217 4071 1314 4125 est
1343 4089 1634 4146 summum
1667 4075 1905 4140 bonum,
1939 4076 2093 4146 quod

395 4159 566 4214 supra
623 4143 930 4212 probatum
961 4147 1040 4196 est
1092 4159 1214 4196 esse
1242 4145 1622 4212 omnipotens.
1679 4146 1786 4199 Sed
1830 4143 2093 4202 Deo'non

395 4215 679 4280 convenit,
711 4214 866 4284 quod
902 4214 1302 4283 improborum
1333 4223 1436 4281 est,
1472 4233 1638 4285 posse
1671 4218 1888 4270 malum
1915 4235 1927 4272 :
1959 4219 2091 4272 alio-

397 4287 496 4356 qui
526 4302 653 4359 non
685 4290 832 4359 esset
862 4301 1152 4359 summum
1199 4285 1454 4359 bonum:
1490 4288 1664 4355 igitur
1692 4289 1834 4341 nihil
1874 4296 1957 4342 est
1996 4305 2092 4359 po-

397 4358 676 4430 tentiaz‘in
709 4356 859 4410 malo
888 4357 1139 4430 adeoque
1172 4358 1351 4409 necin
1384 4359 1646 4428 improbo
1671 4360 1925 4424 homine,
1958 4356 2094 4430 qua-

397 4435 564 4482 tenus
602 4428 694 4482 hic
724 4429 1020 4498 improbus
1052 4432 1162 4494 est;
1197 4431 1253 4480 3°
1291 4445 1357 4481 ex
1401 4430 1658 4498 appetitu
1694 4431 1870 4499 ipsius
1911 4428 2093 4485 homi-

397 4500 523 4554 nis:
560 4516 694 4554 nam
743 4500 1024 4571 quidquid
1071 4501 1244 4553 habet
1275 4500 1554 4553 rationem
1618 4502 1908 4570 potentiae,
1944 4502 2088 4556 illud

397 4571 570 4624 habet
602 4572 885 4625 rationem
931 4572 1066 4626 boni
1121 4572 1376 4641 adeoque
1399 4571 1590 4641 expeti
1640 4577 1849 4641 potest,
1911 4578 1967 4626 et
2019 4574 2090 4628 ad

399 4657 691 4714 summum
733 4643 968 4709 bonum,
1003 4643 1165 4714 cujus
1179 4643 1362 4712 gratia
1387 4649 1734 4713 expetuntur
1758 4644 1972 4707 omnia,
1997 4659 2092 4713 po-

398 4716 510 4786 test
532 4713 750 4786 referri.
785 4717 957 4786 Atqui
985 4715 1249 4785 patrandi
1280 4716 1507 4768 sceleris
1534 4716 1790 4783 facultas,
1825 4732 1939 4785 qua
1971 4717 2091 4770 sola

400 4782 667 4856 gloriari_
692 4782 893 4852 potest
927 4782 1248 4856 improbus,
1310 4787 1529 4840 nullam
1581 4787 1749 4840 habet
1779 4782 1782 4783 ν
1813 4782 2089 4840 rationem
2130 4796 2172 4849 D

398 4853 556 4928 boni,
604 4853 858 4928 adeoque
909 4853 1096 4926 exp—eti
1145 4873 1258 4911 non
1298 4864 1502 4928 potest,
1547 4874 1651 4911 nec
1698 4858 1766 4911 ad
1800 4875 2092 4912 summum

399 4924 614 4998 bonum
647 4925 846 4998 referri
879 4944 892 4981 :
927 4924 998 4980 ut
1019 4929 1224 4998 cuique
1257 4924 1574 4982 attendenti
1603 4934 1773 4997 patet.

470 4997 607 5070 Quae
637 4997 832 5070 omnia
861 4997 1272 5070 conﬁrmantur
1299 5005 1629 5053 auctoritate
1667 5000 1938 5064 Platonis,
1994 4999 2093 5070 qui

399 5067 458 5143 in
482 5067 692 5143 Gorgia
724 5072 780 5143 et
810 5068 1099 5143 Alcibiade
1140 5071 1446 5143 maximam
1471 5077 1690 5142 partem
1723 5088 1941 5139 eorum,
1964 5067 2091 5143 quas

397 5140 457 5196 in
486 5140 592 5194 hac
619 5138 874 5192 oratione
907 5139 1054 5192 dicta
1083 5147 1232 5206 sunt,
1271 5138 1529 5196 docuisse
1564 5143 1811 5197 videtur.

469 5211 491 5233 ⁸
517 5212 763 5268 Carmen
790 5215 1055 5282 constans
1077 5226 1141 5263 ex
1163 5213 1375 5281 duplici
1400 5230 1609 5282 genere
1633 5230 1898 5267 versuum
1924 5214 2092 5267 alter-

398 5300 629 5348 norum,
663 5298 909 5354 quorum
954 5281 1113 5356 prior
1145 5298 1210 5335 ex
1243 5281 1487 5352 quatuor
1520 5286 1804 5351 trochaeis,
1837 5286 2088 5356 spondeo

399 5352 705 5426 aliquando
744 5352 1166 5428 permutandis;
1217 5356 1497 5423 posterior
1528 5373 1590 5409 ex
1617 5358 1797 5411 tribus
1826 5352 2087 5428 pedibus,

399 5425 606 5496 nempe
651 5425 904 5499 spandeo
957 5425 1044 5479 vel
1094 5431 1404 5495 anapmsto,
1466 5428 1685 5498 dactylo
1735 5434 1789 5482 et
1828 5425 2088 5499 spondeo

399 5503 635 5552 constat.

469 5570 487 5620 l
528 5575 580 5621 et
610 5572 660 5622 2.
697 5569 834 5633 Quos
865 5569 1016 5622 vides
1055 5566 1251 5637 reges]
1287 5566 1654 5638 Philosophia
1688 5571 1934 5640 amplius
1965 5587 2094 5639 pro-

394 5637 611 5711 batura
635 5643 811 5693 malos
861 5657 981 5695 esse
1039 5641 1317 5706 inﬁrmos,
1347 5637 1620 5711 ostendit
1671 5637 1842 5695 etiam
1877 5637 2094 5711 princi-

397 5724 497 5782 pes
517 5709 617 5782 qui
645 5711 816 5781 vulgo
838 5712 1122 5768 habentur
1150 5709 1465 5777 fortissimi,
1502 5711 1563 5766 in
1588 5713 1695 5767 hoc
1726 5709 2090 5782 impotentes,

2206 3570 2511 3647 propterea
2547 3576 2880 3630 eorumdem
2913 3575 3237 3645 principum
3270 3570 3601 3646 potestatem
3631 3570 3816 3647 primiim

2205 3639 2600 3714 commendat;
2635 3647 2838 3701 deinde
2885 3639 3185 3701 enumerat
3229 3639 3562 3701 eorumdem
3589 3639 3816 3715 perturba-

2204 3720 2409 3774 tiones.

2275 3812 2327 3862 2.
2365 3808 2500 3863 Solii
2547 3805 2818 3878 culmine.)
2882 3805 3138 3861 Primum
3187 3823 3394 3879 regum
3449 3809 3676 3879 potestas
3715 3813 3818 3879 com-

2203 3880 2532 3946 mendatur,
2586 3882 2638 3932 l°
2674 3880 2745 3932 ab
2802 3875 3001 3932 eorum
3051 3879 3203 3939 sede,
3258 3875 3500 3934 culmine
3545 3878 3680 3934 solii;
3719 3875 3818 3949 2f}

2202 3951 2470 4014 vestibus,
2513 3942 2766 4020 purpura
2807 3951 3012 4013 claros;
3057 3953 3114 4005 3°
3149 3951 3219 4004 ab
3267 3951 3443 4005 armis
3495 3949 3599 4002 sive
3630 3942 3820 3999 satelliti-

2202 4023 2326 4085 bus,
2361 4028 2534 4090 septas
2558 4023 2802 4076 tristibus
2855 4025 3055 4088 armis;
3076 4022 3134 4076 4ο
3165 4040 3198 4076 a
3224 4024 3409 4088 vultu,
3466 4037 3550 4075 ore
3587 4025 3820 4090 toroneam-

2201 4086 2498 4165 miziantes;
2531 4094 2682 4165 5°7ab
2731 4092 2938 4146 atfectii
2967 4086 3219 4165 imentis,
3270 4086 3424 4148 rabie
3453 4091 3618 4165 cordis
3643 4086 3819 4165 anhelos-

2205 4165 2308 4220 Ubi
2342 4163 2482 4217 nihil
2517 4164 2740 4217 videtur
2770 4164 3116 4230 notandum;
3148 4168 3416 4237 cumjam
3444 4163 3817 4234 explicuerimus

2201 4239 2413 4302 solium,
2437 4251 2762 4304 purpuram,
2786 4250 2841 4289 os
2870 4241 3101 4289 torvum.

2279 4329 2360 4378 ll.
2397 4327 2530 4378 Hinc
2576 4327 2716 4378 enim
2750 4324 2917 4378 libido
2958 4323 3182 4393 versat]
3222 4325 3440 4379 Deinde
3483 4319 3820 4393 enumeraptur

2203 4396 2662 4467 perturbationes
2713 4397 3040 4465 praecipuae,
3087 4389 3297 4466 quibus
3349 4413 3506 4466 reges
3547 4393 3663 4447 victi
3701 4389 3819 4467 obse-

2203 4454 2488 4538 quuntur;
2551 4454 2824 4520 nimirum
2875 4454 3071 4531 libido,
3104 4454 3232 4531 ‘ira,
3281 4454 3510 4522 tristitia
3548 4471 3597 4520 et
3624 4476 3746 4533 spes,
3770 4454 3817 4507 ab

2205 4539 2506 4592 undecimo
2535 4554 2717 4603 versu,
2753 4539 2821 4592 ad
2846 4539 3134 4592 decimum
3165 4541 3496 4608 septimum.

2278 4629 2330 4680 1ο
2366 4627 2605 4690 Quidem
2637 4626 2968 4680 nominatur
2999 4628 3186 4691 libido,
3222 4629 3340 4681 sive
3372 4628 3629 4682 effrenata
3655 4616 3819 4689 cupidi-

2201 4702 2283 4751 tas
2320 4714 2332 4750 :
2366 4714 2494 4751 cum
2530 4698 2682 4750 enim
2733 4699 2852 4750 sola
2883 4703 3206 4753 auctoritate
3252 4704 3491 4768 nutuque
3519 4695 3816 4768 legumicsiﬁi

2202 4769 2385 4823 Tullio
2418 4786 2434 4822 Ι
2465 4769 2534 4822 de
2575 4769 2750 4834 Orat.,
2801 4769 3086 4823 doceamur
3133 4771 3366 4823 domitas
3401 4763 3816 4824 baberelibidim.

2203 4856 2436 4893 coercere
2481 4856 2659 4893 omnes
2707 4841 3057 4906 cupiditates;
3103 4845 3387 4911 princeps.
3427 4841 3522 4912 qui
3573 4837 3717 4912 nullis
3739 4844 3822 4912 cre-

2203 4912 2285 4964 dit
2316 4927 2374 4964 se
2406 4912 2588 4965 teneri
2642 4905 2884 4980 legibus,
2921 4905 3146 4965 libidini
3180 4905 3716 4967 max'ime'obnoxius
3739 4905 3813 4980 est.

2203 4984 2332 5035 Haec
2361 4991 2551 5035 autem
2575 4971 2854 5052 cupiditas
2872 4971 3029 5036 nunc
3046 4985 3253 5038 dicitur
3273 4986 3454 5038 aridis
3480 4983 3673 5037 venenis
3695 4971 3817 5052 corda

2199 5069 2447 5108 versare:
2496 5039 2770 5124 quoniam
2817 5055 2960 5107 sicut
3009 5072 3288 5109 venenum
3344 5071 3544 5125 corpus
3573 5057 3664 5109 est,
3706 5039 3816 5125 qugd

2198 5141 2367 5178 venas
2401 5118 2723 5194 ingressum
2755 5130 2810 5177 et
2831 5126 3172 5180 circumfuso
3206 5118 3484 5197 sanguine
3524 5125 3740 5197 delatum
3765 5118 3821 5165 ita

2196 5197 2483 5260 discurrit,
2538 5201 2598 5249 ut
2632 5197 2884 5250 animam
2927 5200 3270 5268 exstinguat,
3323 5195 3403 5251 sic
3452 5195 3696 5266 prmdicta
3735 5198 3824 5256 ρετ·

2196 5269 2443 5321 turbatio
2484 5268 2658 5320 menti
2692 5268 2878 5320 infusa
2932 5269 3162 5322 tandem
3201 5269 3515 5340 aliquando
3547 5268 3724 5340 bonam
3764 5268 3827 5340 τίδ’

2195 5340 2495 5405 luntatem,
2529 5340 2878 5410 praecipuum
2911 5341 3167 5409 ejusdem
3220 5327 3424 5394 mentis
3474 5339 3650 5399 vitam,
3690 5327 3825 5397 fugai-

2268 5433 2327 5484 2°
2363 5429 2701 5484 Nominatur
2746 5433 2853 5496 ira,
2888 5430 3000 5483 sive
3032 5435 3093 5485 ut
3140 5431 3391 5500 loquitur
3433 5413 3830 5502 Tulliusplibide,

2201 5502 2465 5566 puniendi
2493 5503 2628 5567 ejus.
2675 5505 2771 5569 qui
2811 5502 3065 5555 videatur
3113 5497 3306 5557 laesisse
3339 5501 3563 5569 injuria,
3594 5497 3709 5572 quia
3735 5497 3828 5572 ςυφ

2203 5572 2486 5643 ejusmodi
2513 5567 2871 5641 perturbatio
2887 5591 2954 5627 ex
2983 5575 3253 5643 Opinione
3274 5567 3619 5639 contemptus
3640 5567 3826 5643 afﬂigi:

2207 5630 2454 5725 citraque
2505 5630 2791 5726 princeps,
2843 5630 3280 5726 quantlonna‘ior
3332 5650 3434 5725 est,
3473 5630 3621 5696 tanto
3664 5630 3832 5726 intimas

2206 5715 2433 5784 Opinari
2492 5717 2668 5787 possit
2700 5715 2758 5770 se
2790 5715 3100 5783 contemni,
3161 5715 3363 5773 idcirco
3421 5716 3513 5768 ira:
3561 5715 3828 5775 επηψιευυ-

3903 481 3911 740 Ι

3903 807 3913 1048 1

3905 1049 3917 1220 i

3909 1277 3920 1512 ἒ
