3982 6182
102 329 182 378 ’797

275 448 452 506 Avidis
486 447 653 502 corda
680 446 937 514 venenis,

211 543 335 599 Hinc
362 538 604 609 flagellat
628 537 715 590 ira
742 542 989 591 mentem

272 628 543 685 Fluctibus
575 627 805 681 turbida
835 626 1061 695 tollens,

155 724 205 777 l5
232 721 414 775 Maeror
437 722 532 770 aut
561 719 755 787 captos
774 716 993 787 fatigat,

268 812 371 864 Aut
401 823 523 877 spes
551 806 768 860 lubrica
799 809 1045 876 torquet.

211 900 359 967 Ergo,
393 911 518 949 cum
552 899 725 966 caput
752 900 836 949 tot
854 911 1035 950 unum

268 986 466 1040 Cernas
496 984 645 1039 ferre
678 990 967 1056 tyrannos,

209 1077 317 1132 Non
344 1074 491 1141 facit,
529 1074 682 1145 quod
714 1079 894 1144 optat,
920 1074 1041 1144 ipse

152 1167 205 1219 20
265 1165 531 1219 Dominus
562 1179 791 1234 pressus
822 1162 1057 1234 iniquis.

629 1276 722 1325 27
741 1278 774 1325 ι
808 1270 1037 1326 PROSA
1058 1271 1154 1325 III.

105 1367 458 1418 Aacmuruu.
520 1391 586 1401 —
644 1362 995 1430 PhilosoPhia
1050 1360 1208 1415 addit
1220 1361 1420 1430 probos
1464 1363 1730 1431 praemiis,

152 1433 384 1502 improbos
407 1434 695 1502 suppliciis
721 1436 801 1487 ita
834 1436 985 1501 affici
1012 1435 1359 1499 intrinsecus,
1392 1439 1453 1488 ut
1487 1438 1536 1487 et
1569 1434 1733 1503 probi

148 1508 191 1558 in
211 1505 315 1558 deos
345 1509 392 1558 et
412 1505 649 1574 improbi
678 1509 735 1559 in
759 1505 956 1560 bestias
974 1511 1375 1560 convertantur.

1764 457 1806 510 A

147 1612 352 1666 Videsne
380 1611 561 1682 igitur
591 1620 616 1646 ⁸
643 1616 861 1683 quanto
901 1611 960 1666 in
989 1614 1013 1655 δ
1046 1628 1207 1667 cceno
1260 1611 1471 1683 probra
1499 1612 1732 1666 volvan-

100 1709 181 1765 tur,
208 1718 305 1772 qua
331 1700 584 1771 probitas
616 1702 737 1756 luce
767 1702 1169 1773 resplendeat?
1231 1701 1293 1756 in
1332 1718 1446 1773 quo
1501 1702 1724 1772 perspi-

98 1808 221 1845 cuum
250 1796 342 1857 est,
400 1807 703 1863 nunquam
744 1791 914 1846 bonis
968 1791 1230 1862 praemia,
1288 1807 1587 1862 nunquam
1626 1808 1727 1846 sua

100 1881 342 1935 sceleribus
396 1881 599 1935 deesse
643 1881 997 1953 supplicia.1
1054 1882 1272 1936 Rerum
1324 1880 1539 1935 etenim
1600 1898 1727 1953 quae

97 1976 335 2039 geruntur,
368 1970 509 2025 illud
543 1977 781 2041 propter
810 1970 961 2042 quod
984 1986 1351 2042 unaquaeque
1384 1986 1472 2024 res
1506 1971 1729 2041 geritur

97 2060 293 2129 ejusdem
324 2060 424 2127 rei,
457 2060 533 2130 (ὅ)
568 2059 873 2131 praemium
896 2076 1019 2114 esse
1050 2069 1069 2096 ε
1118 2077 1235 2115 non
1288 2060 1501 2131 injuria
1551 2060 1729 2114 videri

94 2154 231 2217 potest
257 2166 268 2202 :
290 2149 365 2203 uti
394 2150 653 2204 currenti
693 2150 754 2203 in
784 2150 989 2217 stadio,
1038 2154 1276 2220 propter
1307 2166 1483 2218 quam
1540 2149 1729 2203 curri-

96 2239 325 2309 tur,jacet
368 2239 681 2310 praemium
719 2255 947 2294 corona.
991 2238 1103 2295 Sed
1153 2239 1569 2294 beatitudinem
1609 2256 1730 2293 esse

96 2328 205 2382 idem
223 2330 392 2399 ipsum
422 2330 669 2397 bonum,
711 2335 950 2401 propter
1004 2330 1157 2401 quod
1189 2330 1381 2384 omnia
1428 2334 1728 2401 geruntur,

95 2418 398 2474 ostendimus.
434 2420 535 2474 Est
584 2419 760 2491 igitur
812 2419 1081 2474 humanis
1117 2419 1335 2474 actibus
1384 2420 1574 2490 ipsum
1628 2420 1728 2473 bo-

1768 1764 1807 1818 Β

1054 316 1145 370 DE
1184 315 1713 371 CONSOLATIONE
1751 316 2231 371 PHILOSOPHUE
2274 317 2399 369 LIB.
2444 317 2529 369 ιν.

3427 324 3534 374 798

1837 463 1999 513 num,
2030 447 2205 502 veluti
2235 446 2540 519 prazmium
2584 462 2891 503 commune
2941 448 3329 519 propositum.
3366 448 3390 483 ³
3434 453 3530 506 At-

1840 538 1939 609 qui
1969 538 2077 592 hoc
2106 555 2137 591 a
2184 538 2347 593 bonis
2392 553 2510 591 non
2553 542 2740 608 potest
2803 539 3078 609 separari.
3123 540 3317 610 Neque
3374 540 3528 595 enim

1840 627 2027 682 bonus
2059 626 2168 699 (10)
2220 629 2365 682 ultra
2393 626 2523 696 jure
2575 627 2893 697 vocabitur,
2957 629 3056 699 qui
3106 633 3295 683 careat
3348 630 3529 697 bono;

1839 734 2016 789 quare
2071 718 2278 789 probos
2335 733 2522 771 mores
2590 733 2691 771 sua
2747 717 2988 786 praemia
3028 734 3143 773 non
3202 718 3520 789 relinqunt.

1838 808 2127 873 Quantum
2154 807 2291 863 libet
2314 807 2503 877 {igitur
2532 807 2770 861 saeviant
2797 808 2981 877 [mali,
3043 808 3289 878 sapienti
3329 814 3522 863 tamen

1842 912 2057 952 corona
2088 913 2204 951 non
2236 897 2475 964 decidet,
2512 912 2626 951 non
2656 902 2890 951 arescet.
2926 899 3121 968 Neque
3150 898 3303 952 enim
3338 898 3533 968 probis

1841 986 2364 1058 animisproprium
2404 987 2593 1054 decus,
2628 987 2817 1041 aliena
2865 988 3122 1060 decerpit
3172 988 3530 1059 improbitas.

1840 1078 2002 1143 Quod
2029 1078 2075 1131 si
2114 1076 2459 1131 extrinsecus
2490 1081 2718 1147 accepto
2778 1078 3090 1145 laetaretur,
3150 1083 3376 1148 poterat
3429 1079 3535 1133 hoc

1840 1168 1927 1221 vel
1960 1167 2104 1221 alius
2150 1167 2459 1238 quispiam,
2519 1167 2606 1221 vel
2638 1167 2759 1239 ipse
2813 1167 2970 1234 etim,
3015 1168 3117 1239 qui
3174 1168 3530 1234 contulisset,

1844 1262 1995 1313 272
2028 1257 2271 1311 auferre.
2332 1257 2441 1311 Sed
2484 1257 2757 1326 quoniam
2798 1257 2857 1312 id
2890 1274 2991 1312 sua
3021 1258 3227 1329 cuique
3276 1257 3533 1327 probitas

1842 1346 2079 1413 confert,
2110 1352 2231 1401 tum
2260 1362 2362 1400 suo
2409 1348 2647 1418 prmmio
2693 1347 2925 1415 carebit,
2963 1364 3093 1401 cum
3148 1347 3362 1419 probus
3412 1364 3533 1401 esse

1840 1436 2089 1492 desierit.
2125 1438 2416 1491 Postremo
2448 1438 2603 1505 {cum
2625 1436 2813 1507 {omne
2844 1438 3149 1509 praemium
3179 1437 3389 1491 idcirco
3433 1453 3533 1507 ap-

1840 1529 2089 1597 petatur,
2132 1526 2407 1596 quoniam
2447 1526 2665 1579 bonum
2710 1543 2830 1581 esse
2884 1528 3153 1595 creditur,
3206 1526 3333 1597 quis
3393 1526 3531 1580 boni

1840 1615 2226 1684 dcompotem,
2278 1616 2503 1686 praemii
2538 1616 2756 1685 judicet
2809 1617 3150 1686 expertem?
3181 1621 3202 1652 ³
3258 1619 3331 1671 At
3374 1614 3535 1684 cujus

1841 1704 2103 1776 praemii?
2134 1706 2393 1759 omnium
2444 1704 2523 1775 (5)
2565 1705 2961 1775 pulcherrimi,
3010 1706 3379 1777 maximique.
3423 1706 3535 1758 Me-

1838 1798 2033 1849 mento
2081 1794 2295 1848 etenim
2344 1795 2630 1849 corollarii
2689 1794 2841 1849 illius
2901 1804 2944 1862 °,
2991 1796 3145 1866 quod
3182 1796 3355 1865 paulo
3404 1795 3536 1847 ante

1838 1883 2193 1954 praecipuum
2220 1884 2372 1953 dedi,
2405 1900 2470 1937 ac
2499 1884 2580 1937 sic
2618 1883 2841 1955 collige.
2891 1884 3031 1939 Cum
3066 1884 3256 1955 ipsum
3317 1883 3535 1937 bonum

1840 1973 2131 2028 beatitudo
2175 1974 2264 2039 sit,
2300 1974 2477 2028 bonos
2521 1990 2720 2027 omnes
2752 1990 2814 2027 eo
2837 1974 2959 2044 ipso
3002 1975 3153 2045 quod
3212 1973 3348 2028 boni
3402 1972 3532 2040 sint,

1838 2062 1963 2117 ﬁeri
1988 2062 2179 2117 beatos
2201 2063 2397 2133 liquet.
2432 2062 2541 2117 Sed
2574 2063 2673 2134 qui
2702 2063 2852 2117 beati
2880 2068 3029 2131 sunt,
3065 2064 3201 2119 deos
3236 2080 3355 2118 esse
3394 2078 3535 2116 con-

1840 2152 2013 2206 venit.
2064 2153 2159 2207 Est
2212 2152 2393 2222 igitur
2445 2152 2750 2222 praemium
2790 2152 3095 2219 bonorum,
3133 2154 3287 2224 quod
3342 2158 3536 2212 nullus

1844 2242 2066 2297 deterat
2096 2241 2236 2309 dies,
2262 2242 2480 2296 nullius
2502 2241 2753 2311 {minuat
2783 2245 3050 2313 potestas,
3108 2243 3320 2297 nullius
3340 2244 3359 2279 ί
3417 2246 3535 2299 fus-

1841 2336 1929 2386 cet
1958 2332 2065 2402 (lO)
2110 2331 2468 2403 improbitas,
2515 2331 2651 2386 deos
2685 2331 2831 2385 ﬁeri.
2892 2332 3029 2396 Quae
3080 2348 3212 2386 cum
3263 2333 3345 2387 ita
3402 2336 3534 2405 sint,

1841 2419 1865 2454 ⁸
1896 2421 1965 2475 de
1986 2421 2275 2475 malorum
2308 2437 2539 2493 quoque
2569 2419 2938 2492 inseparabili
2959 2436 3129 2491 poena
3158 2421 3424 2479 dubitare
3455 2442 3538 2479 sa-

1520 2519 2120 2575 ΙΝΤΕΒΡΒᾸΞΤΑΤΙΟ.

94 2618 223 2684 premi
244 2618 462 2672 vinculis
512 2616 824 2671 tenacibus:
866 2631 994 2670 nam
1033 2616 1158 2671 hinc
1206 2616 1483 2686 cupiditas
1542 2620 1731 2685 agitur

95 2689 271 2742 illorum
291 2695 503 2757 pectora
538 2689 737 2743 morbis
764 2689 1191 2754 insatiabilibus,
1223 2688 1349 2743 inde
1374 2692 1463 2742 ira
1515 2690 1737 2743 turbata

95 2759 281 2813 verberat
308 2776 504 2814 eorum
541 2766 788 2826 mentem,
812 2763 1057 2815 excitans
1087 2763 1381 2825 tumultus;
1428 2776 1569 2814 nunc
1622 2764 1719 2815 tri-

94 2830 206 2883 stitia
231 2834 425 2899 frangit
446 2835 643 2899 victos,
685 2848 826 2887 nunc
856 2847 977 2902 spes
998 2834 1205 2886 incerta
1236 2835 1447 2886 cruciat
1474 2832 1723 2887 eosdem.

96 2902 186 2955 Cum
208 2906 375 2969 igitur,
408 2909 466 2957 ut
499 2904 677 2969 vides,
716 2919 857 2958 unus
878 2906 1133 2973 princeps
1154 2904 1485 2972 subjiciatur
1517 2908 1592 2958 tot
1639 2910 1731 2971 ty-

95 2976 235 3097 ran‘nis
275 2974 588 3101 afectlitbus,
629 2980 745 3045 ipse
782 2980 1011 3030 vexatus
1061 2975 1293 3030 dominis
1346 2976 1593 3044 injustis,
1625 2990 1733 3029 non

95 3058 157 3101 am
199 3060 287 3101 ouo
348 3062 418 3101 ou
469 3087 481 3101 .

95 3048 177 3109 agit
199 3048 323 3115 quod
348 3048 481 3101 vult.

1770 3044 1810 3100 C

1911 2626 1936 2651 ⁸
1958 2618 1999 2672 Ο
2027 2616 2203 2673 Boeti.

1914 2691 1940 2733 Ι)
1970 2690 2125 2743 Luto.

1901 2772 1925 2803 ο
1954 2762 2169 2814 Merito.

1907 2832 1935 2874 ἀ
1964 2832 2312 2899 Participem.

1910 2906 1934 2934 °
1957 2903 2303 2959 Consectarii.

1914 2971 1934 3008 ί
1971 2973 2315 3029 Obscurabit.

1674 3168 1898 3228 NOTAE.

96 3265 244 3341 noxius
266 3271 357 3341 est.
382 3269 582 3341 iAtquc
606 3266 727 3322 haec
748 3267 899 3339 regis
938 3266 1024 3321 ira
1044 3271 1206 3341 tanto
1239 3267 1484 3341 majores
1533 3269 1730 3336 ﬂuctus

96 3338 200 3390 tollet
228 3339 457 3407 turbida;
480 3338 719 3411 'quanto
752 3338 933 3409 major
960 3344 1043 3393 est
1068 3340 1198 3394 irati
1230 3338 1563 3393 auctoritas.

143 3411 185 3461 3°
211 3411 529 3482 Nominatur
563 3413 921 3465 tristitiasive
941 3427 1152 3465 mceror
1185 3428 1197 3464 :
1225 3411 1497 3481 quoniam
1512 3416 1731 3482 pertur-

98 3478 208 3532 Latio
232 3481 339 3536 haec
367 3489 448 3537 est
469 3482 681 3537 ﬂebilis
712 3484 974 3553 quaedam
1007 3478 1311 3553 aegritudo,
1339 3488 1463 3536 orta
1485 3478 1547 3536 ex
1564 3483 1728 3535 malis

96 3565 182 3626 qute
210 3561 475 3626 nequeant
508 3554 744 3626 repelli;
787 3555 1017 3608 undeeo
1048 3555 1233 3626 major
1258 3554 1484 3607 videtur
1515 3554 1727 3626 essein

96 3624 313 3696 principe,
351 3627 503 3696 quod
541 3624 1025 3679 suaeauctoritatis
1047 3624 1303 3679 conscius
1340 3626 1502 3679 facile
1534 3625 1729 3678 credat

98 3693 171 3767 Sibi
184 3693 316 3749 nalla
329 3693 585 3751 accidere
604 3697 811 3751 debere
831 3698 999 3764 mala,
1022 3713 1149 3767 quae
1163 3713 1279 3750 non
1294 3698 1725 3767 possintfugare

142 3764 183 3838 4⁸)
230 3768 558 3822 Nominatur
591 3783 733 3837 spes,
784 3770 899 3821 sive
950 3764 1310 3838 exspectatio
1345 3768 1519 3821 boni:
1573 3764 1726 3838 quod

96 3836 208 3890 enim
254 3855 344 3893 rex
397 3836 629 3893 divitiis
665 3836 1363 3910 subditisque—stipatus,
1418 3836 1613 3893 omnia
1662 3856 1720 3893 se

96 3918 217 3971 posse
242 3914 407 3978 putet,
442 3928 546 3981 spe
576 3911 741 3965 facile
768 3910 1031 3964 afﬁcitur.

150 3982 196 4050 η
220 3988 268 4033 et
298 3985 374 4036 18.
444 3984 580 4039 Cum
615 3988 781 4050 caput
823 3988 897 4035 tot
936 3997 1101 4035 unum
1132 3996 1318 4035 cernas
1347 3983 1494 4047 ferre
1527 3987 1727 4049 tyran-

97 4046 197 4123 nos]
225 4052 349 4106 Cum
380 4054 600 4119 videas,
632 4046 813 4107 unum
845 4053 1163 4123 principem
1210 4058 1290 4106 tot
1322 4046 1726 4123 perturbatio-

98 4120 237 4195 nibus,
263 4126 426 4195 veluti
456 4125 704 4178 totidem
736 4120 1011 4195 tyrannis,
1033 4120 1264 4192 subjici.

151 4194 415 4267 19.1pse.]
486 4196 724 4250 Cuidam
762 4194 1062 4249 videbitur
1128 4196 1437 4249 dicendum
1514 4198 1726 4263 ipsum;

98 4274 252 4336 nempe
281 4267 407 4334 quia
440 4269 672 4320 videtur
738 4267 939 4319 referri
969 4269 1037 4320 ad
1098 4267 1459 4336 praedictum,
1515 4271 1679 4335 caput
1710 4282 1723 4321 :

98 4332 164 4384 sed
188 4332 398 4390 haec—est
429 4340 704 4407 syllepsis,
748 4339 863 4392 sive
903 4332 1243 4406 compositio
1283 4332 1501 4403 sensus,
1535 4332 1726 4407 potius

98 4418 226 4469 quam
252 4408 547 4462 verborum
578 4429 592 4462 :
624 4410 769 4461 sicut
796 4410 1007 4462 dicitur
1036 4410 1298 4463 Terentio
1336 4410 1464 4462 :ubi
1492 4415 1579 4462 est
1604 4425 1723 4461 sce-

97 4473 259 4563 lJusqui
288 4495 369 4531 me
401 4480 999 4563 perd_idit?"Ciceroni
1036 4481 1191 4563 :‘duo
1217 4482 1545 4563 importuna
1565 4496 1721 4563 np-ro-
1766 4509 1809 4563 D

96 4543 231 4611 digia,
260 4566 378 4617 quos
401 4543 622 4621 'egestas
656 4568 667 4603 :
700 4552 933 4605 Horatio
970 4568 983 4605 :
1037 4552 1197 4605 daret
1220 4558 1279 4605 ut.
1302 4543 1523 4605 catenis
1557 4543 1727 4605 fatale

96 4628 384 4693 monstrum,
422 4639 541 4691 qua
573 4624 906 4693 generosius
939 4624 1121 4692 perire
1158 4639 1440 4693 quaerens,
1466 4626 1574 4675 etc.

121 4687 159 4761 ει
187 4690 357 4745 Rerum
386 4687 600 4747 etenim.
626 4711 744 4763 qua:
775 4687 1056 4762 geruntur,
1092 4687 1225 4765 etc.]
1276 4696 1316 4748 Ι.
1376 4693 1546 4747 Probi
1605 4693 1729 4747 afﬁ-

97 4766 279 4834 cmntur
299 4766 547 4831 praemiis
579 4782 591 4819 ε
628 4768 761 4834 quia
789 4782 918 4819 cum
952 4766 1254 4834 praemium
1289 4766 1342 4819 id
1375 4765 1598 4818 dicatur
1626 4766 1729 4818 ho-

99 4832 358 4907 Dyrarium,
383 4852 496 4905 quo
532 4832 924 4890 efﬁciebantur
949 4832 986 4889 ii
1014 4837 1111 4904 qui
1142 4838 1317 4905 primi
1351 4854 1413 4889 ac
1444 4836 1730 4907 principes

98 4897 266 4978 aliquid
284 4897 530 4973 praeclari
547 4914 839 4977 gesserant
857 4897 1332 4977 (unde-Scaligero
1354 4897 1729 4978 pluribusque

98 4970 477 5049 aliisprarmium
519 4970 724 5033 dicitur
755 4970 917 5049 quasi
943 4970 1257 5048 prazemiu‘m
1307 4970 1496 5048 {prae
1521 4985 1577 5033 et
1619 4970 1730 5033 emo

97 5044 251 5124 rapio),
275 5046 486 5124 idcirco
516 5050 654 5124 illud
687 5044 925 5124 propter
943 5044 1100 5121 quod
1131 5044 1491 5124 unaquaeque
1524 5067 1614 5124 res
1638 5066 1731 5124 ge-

98 5120 225 5193 Izltu'r,
242 5120 484 5186 ejusdem
524 5122 614 5193 rei
654 5120 979 5191 praemium,
1016 5139 1156 5189 esse,
1208 5120 1326 5175 non
1366 5121 1598 5193 injuria,
1643 5122 1727 5174 vi-

96 5180 188 5263 deri
232 5180 445 5255 potest:
489 5180 774 5263 siquidem
827 5199 909 5247 est
953 5180 1331 5247 honorarium
1386 5180 1500 5262 quo
1572 5180 1731 5246 actor

98 5260 332 5333 victorque
386 5260 631 5317 afficitur
666 5281 678 5317 :
714 5266 793 5317 sic
827 5265 1081 5318 currenti
1113 5266 1169 5316 in
1198 5264 1379 5317 stadio
1405 5260 1540 5331 'illa,
1595 5280 1729 5333 pro-

102 5330 195 5405 pter
218 5346 375 5405 quam
398 5335 644 5389 curritur
664 5352 872 5389 corona
898 5342 981 5389 est
1012 5337 1337 5405 praemium,
1366 5330 1734 5404 quemadmo-

100 5392 203 5475 duui
215 5392 261 5452 Ξ.
279 5403 475 5457 Paulus
498 5406 517 5457 Ι
532 5407 653 5461 Cor.
675 5424 732 5461 ix
748 5408 827 5461 ait
853 5424 865 5461 :
887 5409 994 5471 Qui
1014 5392 1075 5460 in
1094 5407 1273 5461 stadio
1291 5392 1537 5470 currunt,
1553 5421 1730 5459 omnes

102 5467 515 5550 imitentcurrunt
544 5479 636 5531 sed
664 5494 801 5532 unus
852 5467 1053 5545 accipit
1095 5479 1362 5531 bravium.
1423 5467 1730 5550 Atquiviri

103 5538 230 5620 probi
256 5542 705 5620 idassequuntur,
755 5538 989 5619 propter
1035 5551 1187 5620 quod
1237 5566 1435 5603 omnes
1467 5538 1731 5620 homines

102 5614 189 5691 iam
214 5615 362 5691 probi
391 5614 558 5686 quam
590 5614 839 5691 improbi
866 5614 1068 5691 agunt'
1090 5637 1103 5672 :
1129 5621 1404 5673 nimirum
1427 5619 1732 5674 beatitudi-

105 5690 207 5762 tleui
244 5690 346 5739 sive
384 5690 687 5762 summum’
727 5690 979 5746 bonum:
1031 5692 1288 5762 alioquin
1320 5692 1593 5746 boninon
1642 5707 1727 5745 es-

104 5755 202 5803 sent
224 5767 236 5807 :
262 5770 380 5811 cum
407 5759 585 5818 bonus
615 5779 729 5819 non
750 5762 841 5832 sit,
875 5762 975 5835 qui
996 5755 1185 5818 careat
1227 5763 1399 5818 bono.

1909 3268 1931 3302 ²
1952 3267 2127 3337 Atqui
2154 3267 2254 3322 hoc
2282 3265 2504 3335 abonis,
2532 3265 2670 3338 {etc.]
2705 3265 2777 3319 II.
2816 3265 3144 3339 Praemium,
3198 3283 3313 3339 quo
3365 3268 3535 3338 probi

1837 3339 2191 3406 afﬁciuntur,
2267 3344 2351 3393 est
2389 3338 2503 3392 illis
2548 3339 2784 3391 insitum
2818 3354 2830 3391 :
2866 3338 2999 3409 quia
3032 3339 3191 3409 quod
3218 3338 3531 3409 praemium

1836 3417 2096 3465 versatur
2146 3411 2205 3465 in
2242 3409 2590 3481 cogitatione
2613 3409 2882 3477 hominis,
2910 3411 3052 3464 illud
3082 3411 3244 3464 homi
3291 3411 3532 3465 insitum

1836 3482 1990 3536 credi
2027 3485 2215 3553 potest
2247 3498 2259 3536 :
2311 3481 2595 3552 siquidem
2627 3481 2900 3549 cogitatio
2930 3485 3013 3534 est
3060 3484 3304 3552 qualitas
3344 3483 3529 3537 menti

1836 3553 2027 3607 insita.
2076 3553 2185 3608 Sed
2239 3554 2403 3618 illud,
2434 3569 2549 3622 quo
2594 3553 2759 3623 probi
2810 3553 3153 3619 afﬁciuntur,
3224 3554 3529 3623 praemium

1836 3630 2094 3679 versatur
2149 3625 2208 3678 in
2251 3624 2595 3693 cogitatione
2627 3642 2638 3677 :
2668 3624 2806 3677 alias
2839 3626 3141 3694 praemium
3161 3625 3377 3678 bonum
3422 3642 3538 3680 non

1836 3696 2167 3750 crederetur
2200 3712 2212 3749 :
2239 3712 2395 3767 cum,
2424 3712 2593 3748 nemo
2629 3696 2766 3748 boni
2798 3703 3141 3765 compotem,
3176 3697 3401 3766 praemii
3438 3698 3534 3767 ju-

1837 3769 1984 3822 dicet
2015 3772 2307 3836 expertem
2341 3782 2354 3819 :
2388 3766 2523 3819 hinc
2553 3767 2979 3835 quantumlibet
3008 3769 3243 3820 saeviant
3270 3768 3428 3832 mali,
3474 3784 3534 3822 ut

1838 3855 1957 3893 non
1996 3839 2379 3903 contulerant,
2407 3838 2485 3889 sic
2520 3837 2738 3891 auferre
2772 3843 3086 3908 nequeunt,
3123 3838 3265 3892 illud
3316 3838 3533 3908 probo-

1836 3926 1965 3963 rum
1999 3909 2323 3979 prasmium,
2357 3908 2529 3979 quod,
2559 3925 2676 3961 non
2718 3908 2826 3961 nisi
2866 3910 3018 3963 mala
3040 3909 3218 3979 ipsius
3236 3908 3529 3979 possiden-

1835 3982 1907 4035 tis
1938 3982 2253 4045 voluntate,
2281 3979 2463 4031 amitti
2493 3984 2696 4048 potest.

1907 4056 1929 4087 ³
1965 4054 2041 4105 At
2071 4051 2227 4119 cujus
2249 4049 2481 4118 przmii,
2512 4056 2616 4103 etc.
2642 4048 2655 4120 ]
2698 4051 2789 4102 Ill.
2826 4050 2996 4103 Probi
3023 4050 3081 4103 in
3113 4050 3251 4104 deos
3275 4050 3535 4105 'conver-

1835 4127 2076 4177 tuntur:
2130 4121 2457 4192 quicunque
2493 4122 2663 4192 enim
2712 4121 2865 4174 beati
2919 4125 3070 4186 sunt,
3114 4121 3201 4173 his
3225 4121 3361 4175 deos
3418 4137 3536 4176 esse

1836 4194 2146 4248 convenit:
2195 4208 2307 4245 non
2370 4191 2604 4262 quidem
2668 4198 2891 4259 natura,
2944 4193 3041 4245 sed
3089 4192 3535 4258 necessitudine,

1835 4282 1949 4336 qua
1978 4264 2254 4318 nimirum
2287 4280 2485 4317 eorum
2520 4280 2701 4329 mens,
2746 4280 2858 4336 non
2905 4263 3305 4336 cognoscendo
3346 4264 3535 4317 solum

1836 4335 1930 4390 sed
1963 4338 2137 4390 etiam
2168 4336 2414 4389 volendo
2448 4336 2710 4388 ﬁtunum
2745 4335 2960 4404 aliquid
2994 4350 3122 4387 cum
3152 4336 3267 4388 Deo
3301 4348 3312 4389 :
3388 4335 3535 4387 sicut

1836 4407 2316 4461 corollariiinstar
2356 4424 2421 4460 ex
2460 4406 2750 4475 praedictis
2776 4422 2949 4475 supra
2979 4406 3202 4458 illatum
3226 4411 3327 4459 est.
3359 4405 3534 4475 Atqui

1836 4479 1977 4532 boni
2034 4495 2251 4543 omnes,
2304 4484 2588 4548 quatenus
2621 4479 2701 4542 hi,
2734 4482 2797 4531 ut
2843 4476 3233 4547 probavimus,
3292 4477 3531 4546 praemio

1840 4549 2169 4604 afﬁciuntur
2226 4550 2585 4615 intrinsecus,
2644 4554 2779 4602 sunt
2805 4549 2956 4603 beati
2990 4550 3107 4601 sive
3138 4563 3270 4601 cum
3311 4564 3537 4601 summo

1840 4622 1992 4676 bono
2024 4638 2125 4673 sua
2146 4622 2494 4691 cogitatione
2517 4620 2825 4689 conjuncti.

1909 4698 1930 4729 ‘
1961 4696 2033 4746 De
2078 4687 2348 4747 malorum
2392 4708 2601 4760 quoque
2625 4687 2995 4759 'inseparabili
3032 4706 3212 4758 paena,
3239 4687 3375 4761 etc.]
3441 4690 3533 4744 ιν.

1839 4764 2091 4835 lmprobi
2142 4780 2171 4817 e
2195 4764 2482 4817 contrario
2515 4764 2810 4833 suppliciis
2846 4764 2921 4815 ita
2942 4762 3273 4815 al'liciuntur
3326 4762 3537 4835 intrin-

1840 4834 2023 4900 secus,
2060 4840 2120 4887 ut
2144 4836 2202 4887 in
2230 4835 2437 4887 bestias
2463 4841 2865 4888 convertantur
2890 4851 2900 4887 :
2922 4849 3055 4886 nam
3092 4834 3535 4899 contrariorum,

1840 4907 2033 4977 inquit
2068 4907 2306 4972 Tullius,
2365 4906 2655 4959 contraria
2706 4912 2838 4958 sunt
2879 4904 3288 4977 consequentia
3322 4920 3333 4957 :
3378 4905 3539 4976 atqui

1837 4976 2053 5032 bonum
2079 4983 2135 5030 et
2166 4980 2383 5030 malum
2416 4983 2549 5029 sunt
2588 4977 2880 5047 contraria
2919 4976 3330 5037 antecedentia,
3390 4993 3537 5047 pree-

1840 5050 2023 5103 mium
2072 5064 2204 5102 vero
2251 5052 2305 5101 et
2351 5046 2702 5117 supplicium
2757 5048 3042 5099 contraria
3106 5048 3535 5117 consequentia,

1841 5122 1975 5198 sive,
2011 5120 2163 5198 quod
2195 5119 2346 5198 idem
2388 5125 2470 5170 est
2518 5118 2749 5198 adversa
2783 5120 2963 5183 fronte
3017 5118 3539 5198 dissident._'lgitur

1840 5198 1902 5245 ut
1931 5188 2094 5245 bonis
2122 5192 2447 5259 praemium,
2509 5189 2587 5241 sic
2619 5188 2781 5241 malis
2814 5206 2982 5243 suum
3035 5195 3121 5244 est
3158 5188 3531 5259 supplicium.

1840 5263 1986 5327 Quin
2033 5264 2177 5314 sicut
2215 5262 2500 5315 bonorum
2554 5262 2881 5330 proemium,
2922 5261 3087 5315 bonis
3131 5262 3421 5313 mentibus
3453 5260 3535 5311 in-

1840 5337 2036 5395 situm,
2070 5338 2325 5386 versatur
2365 5332 2423 5384 in
2465 5348 2667 5385 eorum
2724 5334 3088 5402 cogitatione,
3120 5333 3199 5384 ita
3250 5332 3535 5402 malorum

1840 5405 2207 5475 SUpplicium,
2237 5404 2402 5456 malis
2432 5404 2719 5456 mentibus
2752 5401 3007 5468 insitum,
3042 5407 3298 5475 versatur
3323 5401 3538 5471 pariter

1838 5472 2133 5531 ineorum
2161 5475 2544 5545 cogitatione:
2579 5476 2855 5528 nimirum
2889 5475 2947 5527 in
2978 5472 3325 5527 conscientia
3350 5489 3373 5545 A:
3407 5488 3533 5545 ma,—

1838 5564 1947 5615 gna
1970 5550 2109 5601 enim
2130 5543 2465 5601 conscientiae
2484 5551 2566 5601 vis
2594 5552 2670 5601 est
2694 5550 2749 5598 in
2775 5553 3063 5613 utramque
3092 5548 3323 5613 partem,
3347 5543 3538 5615 inquit

1842 5620 2031 5671 Cicero
2068 5634 2168 5687 pro
2202 5619 2445 5672 Milone:
2488 5624 2735 5687 uinoque
2764 5622 2983 5669 timeant
3022 5619 3064 5667 ii
3105 5618 3201 5684 qui
3248 5616 3390 5669 nihil
3433 5614 3532 5669 ad-

1840 5694 2123 5753 miserunt,
2156 5694 2204 5743 et
2228 5705 2443 5758 pomum
2472 5706 2679 5757 semper
2705 5694 2828 5741 ante
2849 5688 3024 5740 oculos
3046 5688 3257 5739 versari
3312 5691 3530 5754 putent,

1840 5763 1936 5831 qui
1956 5757 2329 5831 peccaverunt.
2360 5761 2414 5816 S.
2450 5760 2735 5827 Ambros,
2770 5776 2787 5813 1
2818 5757 2996 5826 Oftic.,
3031 5760 3259 5829 Impius,
3320 5758 3529 5831 inquit,
