3982 6182
416 280 520 334 ’799
1741 272 1856 327 AN.
1897 270 2113 327 MANL.

415 439 579 510 piens
636 439 899 507 nequeat.
950 435 1090 489 Nam
1121 448 1252 487 cum
1292 432 1509 487 bonum
1560 431 1916 502 malumque,
1965 430 2103 485 item

414 543 597 601 pinnae
620 530 790 597 atque
815 523 1120 596 praemium
1153 522 1390 577 adversa
1410 522 1595 576 fronte
1613 521 1948 589 dissideant,
1973 538 2103 592 quae

414 615 475 669 in
529 614 665 669 boni
704 614 945 685 prmmio
1002 613 1259 667 videmus
1306 611 1579 677 accidere,
1641 611 1842 665 eadem
1882 626 2108 665 necesse

414 708 500 759 est
528 704 589 758 in
610 704 746 758 mali
780 720 950 775 poena
980 702 1264 756 contraria
1292 706 1454 771 parte
1487 701 1892 771 respondeant.
1952 700 2111 756 Sicut

413 793 593 864 igitur
648 794 844 864 probis
896 792 1154 863 probitas
1186 792 1308 863 ipsa
1344 791 1411 844 tit
1467 790 1816 861 praemium;
1870 788 1983 862 (15)
2030 790 2111 843 ita

414 882 694 952 improbis
724 880 982 953 nequitia
1012 881 1362 952 supplicium
1394 884 1517 955 est"
1539 881 1661 933 .lam
1693 894 1827 933 vero
1846 880 2110 950 quisquis

414 971 662 1025 afficitur
690 972 879 1041 poena,
912 971 1064 1023 malo
1101 986 1158 1023 se
1191 970 1459 1023 affectum
1492 985 1613 1022 esse
1639 984 1752 1022 non
1777 968 2014 1022 dubitat.
2050 969 2111 1023 Si

413 1059 591 1129 igitur
642 1076 763 1113 sese
808 1059 947 1129 ipsi‘
996 1059 1282 1112 aestimare
1342 1058 1537 1124 velint,
1578 1064 1818 1126 possunt
1867 1074 1938 1112 ne
1996 1058 2103 1111 sibi

415 1149 725 1219 suppplicii
756 1152 1016 1219 expertes
1037 1149 1396 1217 videri,quos
1425 1147 1687 1201 omnium
1713 1148 1998 1201 malorum
2021 1163 2113 1200 ex-

413 1243 598 1292 trema
629 1239 891 1309 nequitia
923 1254 1037 1291 non
1068 1238 1243 1291 afﬁcit
1272 1238 1462 1304 modo,
1497 1253 1696 1291 verum
1729 1238 1903 1291 etiam
1939 1237 2108 1291 vehe-

412 1333 635 1381 menter
662 1327 887 1383 inticit?
930 1328 1064 1380 Vide
1107 1331 1299 1381 autem
1341 1343 1405 1379 ex
1438 1327 1673 1380 adversa
1722 1330 1881 1397 parte
1922 1326 2111 1380 bono-

413 1432 562 1482 rum,
625 1433 755 1487 quae
814 1417 1107 1486 improbos
1171 1416 1283 1485 (Ἒο)
1341 1432 1510 1485 poena
1553 1416 1876 1469 comitetur.
1930 1415 2110 1469 Omne

414 1522 687 1577 namque,
720 1507 870 1577 quod
905 1506 996 1572 sit,
1039 1522 1217 1559 unum
1251 1521 1392 1571 es:e,
1426 1505 1731 1575 ipsumque
1793 1520 1973 1558 unum
2001 1504 2109 1557 bo-

414 1612 553 1649 num
586 1612 706 1649 esse
752 1597 923 1665 paulo
976 1599 1107 1649 ante
1155 1594 1423 1647 didicisti.
1468 1594 1573 1647 Cui
1596 1610 1950 1664 consequens
2004 1597 2107 1659 est,

412 1689 477 1738 ut
504 1701 672 1737 omne
693 1685 843 1755 quod
872 1684 967 1752 sit,
1002 1683 1051 1737 id
1077 1682 1249 1737 etiam
1282 1683 1497 1737 bonum
1530 1699 1649 1736 esse
1681 1683 1960 1736 videatur.
1994 1682 2110 1737 Hoc

412 1773 589 1843 igitur
617 1774 788 1827 modo
821 1772 1102 1843 quidquid
1134 1790 1166 1826 a
1210 1772 1362 1825 bono
1394 1772 1605 1837 deficit,
1642 1788 1761 1826 esse
1827 1771 2047 1826 desistit
2091 1788 2103 1825 :

413 1880 526 1934 quo
550 1864 630 1930 tit,
662 1867 725 1916 ut
747 1863 879 1915 mali
902 1863 1166 1916 desinant
1197 1878 1317 1916 esse
1342 1863 1495 1932 quod
1519 1862 1761 1915 fuerant.
1798 1862 1909 1915 Sed
1931 1861 2107 1915 fuisse

413 1953 699 2019 homines,
737 1953 920 2006 adhuc
951 1952 1072 2022 ipsa
1100 1951 1337 2005 humani
1368 1951 1618 2022 corporis
1652 1952 1867 2019 reliqua
1894 1952 2111 2019 species

414 2042 522 2111 (2Ξὶ)
573 2046 833 2096 ostentat.
892 2042 1076 2105 Quare
1132 2040 1276 2093 versi
1326 2041 1385 2094 in
1446 2040 1743 2105 malitiam,
1796 2040 2109 2093 humanam

413 2147 643 2203 quoque
675 2131 915 2186 amisere
958 2134 1245 2185 naturam.
1298 2129 1407 2184 Sed
1466 2146 1595 2184 cum
1639 2130 1786 2183 ultra
1844 2129 2108 2182 homines

2161 270 2311 327 SEV.
2354 269 2583 326 BOETII
3748 277 3833 331 300

2141 410 2188 463 A
2211 419 2498 476 quemque
2528 401 2844 475 provehere
2875 402 2995 457 sola
3016 400 3271 474 probitas
3299 402 3487 474 possit,
3519 420 3722 460 necesse
3742 413 3832 472 est,

2216 497 2280 548 ut
2323 510 2467 565 quos
2483 494 2555 548 ab
2585 494 2841 547 humana
2870 492 3195 547 conditione
3227 491 3442 562 dejecit,
3468 494 3603 547 intra
3629 495 3839 549 hominis

2218 584 2487 638 meritum
2520 583 2783 637 detrudat
2812 582 3170 653 improbitas.
3200 582 3397 636 Evenit
3425 582 3605 651 igitur,
3627 588 3682 647 ut
3702 601 3839 654 quem

2217 673 2688 728 transformatum
2722 672 2873 726 vitiis
2904 673 3118 738 videas,
3150 672 3441 725 hominem
3472 673 3726 727 aestimare
3750 691 3839 729 non

2218 764 2417 835 possis.
2473 761 2701 824 273M,
2765 761 3015 815 Avaritia
3077 762 3256 815 fervet
3336 761 3635 815 alienarum
3701 779 3841 832 opum

2218 851 2502 905 violentus
2534 854 2809 922 ereptor?
2837 852 2961 921 lupi
2991 850 3243 905 similem
3296 850 3517 904 dixeris.
3542 859 3559 885 ε
3590 852 3762 920 Ferox,
3788 857 3845 906 at-

2219 957 2329 1011 que
2359 940 2606 1012 inquies,
2639 941 2898 1012 linguam
2926 941 3121 1012 litigiis
3152 941 3412 995 exercet?
3443 940 3561 995 cani
3592 957 3841 1011 compara-

2219 1031 2327 1085 bis.
2360 1030 2387 1066 ά
2418 1031 2721 1086 lnsidiator
2766 1030 3001 1084 occultis
3033 1030 3375 1101 surripuisse
3421 1030 3696 1084 fraudibus
3737 1047 3844 1101 gan-

2219 1122 2351 1174 det?
2383 1121 2704 1191 vulpeculis
2755 1125 3108 1191 exaequetur.
3146 1129 3167 1154 ο
3210 1122 3311 1173 Ira:
3359 1120 3723 1189 intemperans
3763 1122 3844 1174 fre-

2218 1210 2364 1264 mit?
2396 1210 2580 1264 leonis
2628 1210 2884 1264 animum
2917 1215 3138 1279 gestare
3171 1210 3452 1265 credatur.
3484 1210 3551 1278 ('5)
3578 1208 3593 1242 ί
3656 1210 3848 1263 Pavidus

2219 1316 2284 1353 ac
2314 1300 2482 1369 fugax
2510 1316 2624 1353 non
2656 1300 2973 1353 metuenda
2997 1298 3311 1353 formidat?
3339 1299 3516 1351 cervis
3558 1298 3739 1350 similis
3770 1298 3846 1351 ha-

2219 1390 2442 1444 beatur.
2471 1416 2498 1455 g
2528 1389 2750 1459 Segnis,
2785 1405 2849 1443 ac
2878 1388 3141 1458 stupidus
3170 1388 3405 1459 torpet?
3440 1385 3462 1419 ²
3483 1386 3689 1439 asinum
3729 1387 3847 1439 vivit.

2218 1481 2245 1521 ιι
2276 1479 2437 1533 Levis
2477 1483 2650 1549 atque
2678 1480 3005 1532 inconstans
3034 1478 3223 1531 studia
3253 1478 3584 1547 permutat?
3631 1476 3750 1528 nihil
3797 1477 3847 1529 ab

2220 1569 2417 1623 avibus
2449 1569 2655 1623 differt.
2698 1568 2710 1601 ¹
2758 1568 2943 1622 Fcedis
2978 1568 3410 1638 immundisque
3441 1564 3747 1619 libidinibus
3768 1564 3845 1617 in:-

2221 1660 2547 1728 mergitur?
2577 1658 2821 1711 sordidae
2874 1658 2989 1710 suis
3012 1658 3303 1726 voluptate
3336 1655 3635 1709 detinetur.
3688 1654 3753 1706 Ita
3786 1654 3845 1713 lit.

2224 1753 2282 1801 ut
2312 1749 2431 1819 qui,
2467 1746 2751 1818 probitate
2784 1746 3025 1813 deserta,
3054 1747 3223 1799 homo
3254 1761 3376 1797 esse
3409 1744 3647 1801 desierit,
3678 1758 3782 1795 cum
3806 1742 3845 1793 in

2219 1837 2468 1891 divinam
2500 1836 2889 1890 conditionem
2914 1835 3024 1907 (10)
3058 1834 3297 1889 transire
3329 1850 3443 1887 non
3474 1832 3697 1902 possint,
3713 1835 3847 1883 verta-

2221 1932 2313 1980 tur
2344 1927 2405 1980 in
2437 1926 2710 1980 belluam.

2151 1720 2189 1773 Β

2771 2003 2919 2051 271
2948 1997 3257 2051 METRUM‘
3278 1996 3375 2049 III.

2220 2078 2618 2132 Anoouaxruu.
2654 2107 2720 2114 —
2750 2079 2895 2141 Quin
2920 2080 3054 2131 mali
3071 2092 3262 2143 mores,
3317 2078 3500 2143 inquit
3537 2072 3847 2140 Philosophia,

2294 2148 2507 2203 Circaeis
2564 2150 2895 2203 carminibus
2946 2152 3270 2217 potentiores
3309 2162 3418 2201 non
3462 2152 3631 2200 instar
3685 2145 3847 2208 horum,

1880 2217 2460 2274 INTERPRETATIO.

483 2300 508 2325 ⁸
535 2291 809 2344 Judicare.

483 2365 507 2405 b
533 2364 751 2415 Avarus
787 2364 931 2428 lupo.

483 2445 507 2473 c
533 2432 832 2498 Litigiosus
857 2435 1003 2487 cani.

484 2501 512 2539 ἀ
532 2504 835 2556 Ιηδὶιιίατον
877 2505 1049 2571 vulpi.

484 2584 506 2609 °
531 2574 835 2628 Iracundus
859 2575 1015 2628 leoni.

484 2658 500 2698 ι
524 2647 770 2709 Ignarus
800 2661 968 2697 cervo.

486 2743 513 2782 ε
536 2719 699 2781 Piger
723 2718 894 2769 asino.

486 2802 511 2841 ιι
548 2788 824 2841 Volaticus
845 2788 953 2839 avi.

488 2858 501 2892 ¹
548 2860 901 2927 Voluptarius
938 2871 1098 2927 porco
1127 2857 1341 2911 similis.

2283 2292 2474 2351 Navis,
2527 2306 2635 2358 qua
2684 2291 2799 2343 dua:
2822 2290 3039 2360 Ulysscs
3076 2307 3200 2343 cum
3234 2289 3403 2343 sociis
3433 2289 3718 2355 ferebatur,
3760 2288 3845 2353 post

2213 2366 2394 2415 varios
2427 2378 2631 2415 errores
2654 2365 2709 2415 in
2729 2359 2904 2421 mari,
2926 2366 3100 2413 ventis
3125 2362 3367 2415 adducta
3395 2367 3471 2414 est
3502 2360 3571 2412 ad
3592 2359 3791 2411 insulam
3808 2359 3845 2406 in

2217 2448 2327 2499 qua
2360 2435 2525 2499 Circe,
2557 2434 2657 2485 dea
2692 2436 2944 2501 pulchra,
2979 2450 3012 2486 a
3044 2436 3161 2487 Sole
3180 2440 3335 2497 nata,
3368 2433 3618 2484 habitans
3643 2431 3848 2497 propinat

2218 2506 2407 2557 calices
2439 2508 2742 2557 incantatus
2776 2507 2998 2558 advenis
3026 2508 3195 2557 novis.
3231 2506 3373 2569 Quos
3406 2505 3499 2555 ubi
3525 2505 3679 2566 Circe,
3706 2506 3848 2567 potens

2215 2576 2413 2641 herbis,
2446 2579 2678 2629 mutavit
2703 2580 2757 2629 in
2790 2579 2997 2640 formas
3032 2576 3295 2641 diversas,
3318 2590 3461 2627 unus
3495 2574 3663 2626 induit
3688 2572 3848 2623 vultum

2217 2650 2379 2715 apri;
2404 2648 2543 2701 alter
2572 2647 2750 2700 factus
2794 2649 2869 2700 leo
2901 2648 3202 2713 Africanus
3226 2650 3419 2700 crescit
3441 2645 3676 2698 dentibus
3699 2644 3847 2707 ungui-

2216 2716 2451 2784 busque;
2521 2720 2604 2771 hic
2652 2724 3041 2772 annumeratus
3092 2720 3235 2787 lupis
3290 2719 3490 2779 ululat,
3539 2720 3851 2787 cumconatur

2222 2789 2431 2858 lugere;
2460 2790 2549 2843 ille
2594 2792 2739 2843 velut
2778 2792 2941 2857 tigris
2988 2790 3160 2844 India:
3189 2792 3389 2843 circuit
3442 2789 3637 2852 domos,
3676 2786 3850 2839 clemens

2136 2859 2177 2912 C

2044 2955 2268 3012 NOT/E.

414 3031 529 3098 ipse
559 3028 670 3083 sibi
686 3043 849 3097 poma
878 3031 973 3094 est,
983 3027 1167 3095 justus
1187 3031 1367 3081 autem
1387 3027 1503 3095 ipse
1522 3026 1850 3095 sibigratia,
1879 3028 1943 3080 ut
1967 3030 2108 3082 utris

416 3116 517 3168 que
548 3104 645 3154 aut
680 3102 934 3158 bonorum
957 3104 1053 3153 aut
1080 3100 1346 3153 malorum
1375 3114 1595 3167 operum
1615 3114 1812 3152 merces
1837 3114 1904 3151 ea:
1934 3101 2109 3167 seipso

414 3174 673 3226 solvatur)
708 3172 963 3241 Denique
996 3170 1137 3223 sicut
1172 3170 1355 3224 bonus
1377 3186 1477 3222 sua
1507 3170 1659 3223 bona
1680 3168 2110 3293 cogitationem

415 3244 554 3293 deus
580 3263 595 3293 :
620 3243 701 3293 sic
730 3244 915 3293 malus
964 3258 1066 3293 sua
1097 3242 1248 3293 mala
1297 3241 1637 3293 cogitatione
1662 3242 1727 3293 tit
1797 3241 1951 3293 estia.
2006 3242 2109 3293 Ni—

415 3244 554 3297 deus
580 3263 595 3309 ;
620 3243 701 3295 sic
730 3244 915 3295 malus
964 3258 1066 3293 sua
1097 3242 1248 3295 mala
1297 3241 1637 3309 cogitatione
1662 3242 1727 3294 tit
1755 3241 1951 3293 bestia.
2006 3242 2109 3294 Ni—

414 3314 629 3368 mirum
657 3330 818 3367 mens
844 3313 1097 3367 humana
1152 3311 1231 3366 ita
1261 3311 1450 3365 media
1483 3316 1565 3364 est
1593 3312 1742 3365 inter
1783 3314 1961 3365 Deum
2012 3328 2107 3365 au-

415 3390 650 3452 ctorem,
684 3389 741 3437 et
772 3400 978 3452 corpus
1015 3399 1263 3447 consors,
1309 3388 1370 3435 ut
1402 3399 1506 3451 pro
1536 3384 1692 3436 varia
1738 3400 1840 3436 sua
1892 3383 2107 3453 cogita-

413 3455 584 3517 tione,
606 3456 759 3509 bona
788 3454 1134 3515 scilicettvel
1161 3455 1331 3520 mala,
1365 3454 1452 3506 vel
1485 3469 1613 3507 cum
1647 3455 1782 3521 Deo,
1819 3454 1908 3507 vel
1979 3471 2107 3507 cum

414 3542 674 3595 corpore,
708 3530 1001 3579 contracta
1022 3526 1271 3596 quadam
1304 3524 1740 3591 necessitudine,
1770 3525 1868 3577 fiat
1889 3525 2109 3596 aliquid

414 3613 617 3651 unum.
674 3596 1059 3660 Quamobrem
1108 3612 1238 3649 cum
1270 3600 1428 3649 tanta
1473 3596 1543 3649 sit
1578 3596 1897 3651 similitudo
1958 3596 2110 3650 inter

414 3684 619 3738 corpus
651 3667 903 3721 hominis
935 3672 991 3721 et
1022 3684 1228 3738 corpus
1259 3667 1478 3733 bestiae,
1530 3672 1592 3719 ut
1624 3667 1783 3737 prius
1824 3684 1857 3720 a
1918 3673 2111 3738 poste-

414 3740 553 3793 riori
592 3755 709 3792 non
737 3739 982 3807 differat,
1014 3740 1120 3792 nisi
1144 3754 1317 3809 penes
1339 3742 1743 3809 mentem,qua
1766 3738 2110 3793 informatur

415 3810 621 3863 idcirco
647 3811 818 3863 homo
845 3810 1066 3863 ratione
1083 3810 1249 3864 mala:
1268 3826 1383 3861 suae
1406 3810 1766 3878 cogitationis
1788 3810 1851 3863 tit
1873 3810 2056 3864 bestia
2091 3826 2105 3864 :

413 3882 569 3952 quod
588 3881 904 3949 prohibens
934 3882 1217 3951 propheta
1246 3896 1363 3947 rex,
1400 3881 1542 3950 psal.
1578 3897 1709 3935 xxxx
1748 3898 1760 3935 :
1790 3883 1987 3942 Nolite,
2022 3881 2108 3935 in-

412 3953 555 4024 quit,
574 3952 1026 4022 ﬁcrisicutequus
1048 3958 1096 4005 et
1115 3954 1313 4019 mulus,
1340 3952 1538 4020 quibus
1560 3968 1665 4005 non
1688 3959 1763 4006 est
1782 3954 2102 4006 intellectus.

486 4043 501 4076 ¹
535 4042 794 4096 Avaritia
820 4043 1015 4108 fervet,
1040 4041 1171 4111 etc.]
1204 4041 1296 4096 Sic
1326 4057 1527 4094 avarus
1559 4041 1761 4094 similis
1797 4048 1881 4094 est
1922 4042 2057 4110 lupo
2092 4056 2105 4095 :

413 4113 549 4185 quia
578 4115 747 4185 lupus
774 4117 856 4166 est
885 4113 1097 4185 animal
1129 4112 1560 4185 voracissimum
1594 4133 1604 4165 :
1647 4112 1794 4165 unde
1849 4112 2107 4185 meretri-

412 4183 524 4263 ces,
557 4184 712 4255 quod
742 4185 1013 4263 luporum
1046 4184 1240 4248 instar,
1278 4184 1393 4263 sint
1416 4200 1670 4263 rapaces,
1701 4189 1841 4263 teste
1870 4183 2106 4262 lsidoro,

2216 3046 2333 3083 uno
2364 3046 2571 3101 genere
2595 3046 2882 3097 versuum,
2914 3046 3164 3102 quorum
3208 3030 3451 3101 quilibet
3480 3046 3547 3083 ex
3574 3026 3851 3102 trochaeo‘et

2219 3097 2439 3181 duobus
2480 3102 2713 3181 dactylis
2746 3097 3159 3181 componitur;
3189 3097 3246 3155 in
3280 3119 3399 3181 quo
3432 3102 3534 3155 hoc
3564 3116 3728 3181 genus
3768 3097 3849 3181 dif:

2218 3174 2327 3227 fert
2358 3174 2425 3226 ab
2458 3174 2569 3226 alio
2599 3171 2849 3227 carmine
2878 3171 3229 3244 _Glyconico,
3286 3171 3360 3227 de
3413 3190 3527 3244 quo
3564 3171 3672 3242 jam
3720 3171 3850 3222 locuti

2219 3261 2440 3319 sumus,
2472 3246 2529 3298 in
2554 3262 2675 3319 quo
2708 3247 2994 3319 spondeus
3026 3245 3293 3319 praecedit
3323 3246 3473 3299 duos
3504 3244 3780 3319 dactylos._

2292 3318 2531 3396 Carmen
2553 3317 2661 3370 llOC
2678 3334 2795 3370 non
2822 3322 2951 3371 ante
2982 3316 3267 3397 intelliges
3290 3332 3477 3397 quam
3502 3316 3556 3368 in
3576 3316 3851 3397 memeriam

2217 3390 2499 3441 revocaris
2540 3404 2605 3442 ea
2634 3405 2764 3459 qua:
2799 3406 2829 3443 a
2868 3389 3054 3460 poetis
3084 3383 3193 3442 dici
3223 3383 3415 3441 solent
3471 3402 3596 3442 cum
3624 3386 3687 3439 de
3705 3383 3850 3460 _Circe,

2218 3465 2337 3513 tum
2365 3460 2536 3513 etiam
2563 3460 2632 3513 de
2654 3458 2887 3529 Ulyssef
2914 3461 3092 3526 Circe,
3128 3460 3422 3531 inquiunt,
3450 3460 3609 3531 Solis,
3627 3463 3677 3531 et
3704 3458 3851 3531 Perses

2218 3531 2494 3601 Nympha:
2542 3531 2681 3598 filia,
2736 3526 3145 3586 veneficiorum
3187 3526 3540 3601 peritissime
3592 3530 3705 3601 fuit.
3754 3526 3849 3601 [lac

2217 3597 2608 3674 sarmatariim
2640 3603 2761 3672 regi
2792 3604 3007 3674 nupsit,
3055 3620 3167 3673 quo
3188 3597 3441 3655 venenis
3488 3602 3662 3674 occiso
3682 3600 3731 3651 in
3771 3597 3850 3673 Ita-

2217 3674 2352 3727 liam
2385 3673 2533 3740 fugit
2554 3674 2624 3726 ad
2653 3668 2929 3740 montem,
2966 3668 3369 3744 qui-quoniam
3398 3673 3734 3744 quibusdam
3760 3668 3851 3719 cin-

2218 3744 2375 3815 gitur
2406 3745 2731 3815 paludibus,
2760 3746 2886 3799 ideo
2914 3741 3127 3799 insulin
3149 3741 3644 3799 formam—habere
3661 3741 3853 3815 videtur,

2218 3808 2430 3886 quique
2460 3832 2614 3897 a‘sua
2643 3808 2889 3897 hospite
2917 3823 3114 3897 postea
3146 3817 3330 3896 dictus
3351 3822 3454 3897 ‘e‘st
3479 3888 3486 3894 _
3510 3816 3749 3897 Circinus.
3768 3808 3851 3897 ‘ch

2218 3881 2356 3956 s'aga
2375 3888 2618 3940 crudelis
2643 3881 2993 3941 homines-in
3043 3889 3270 3951 bestias,
3311 3888 3521 3940 oblatis
3564 3881 3848 3956 quibusdam

2216 3954 2457 4027 poculis,
2508 3958 2807 4029 verbisque
2846 3960 3190 4030 quibusdam
3253 3960 3518 4029 prolatis,
3576 3954 3851 4030 convertere

2217 4026 2545 4094 ferebatur;
2609 4026 2749 4083 alios
2780 4026 3010 4099 quidem
3062 4031 3118 4083 in
3170 4026 3387 4096 leones,
3429 4030 3567 4082 alios
3614 4029 3666 4099 in
3712 4026 3853 4099 lupos

2220 4101 2361 4153 alios
2422 4101 2479 4153 in
2538 4102 2734 4169 tigres,
2782 4096 2922 4154 alios
2953 4103 3013 4154 in
3043 4118 3189 4165 sues,
3225 4101 3362 4154 alios
3395 4102 3453 4153 in
3496 4100 3627 4152 alias
3656 4096 3852 4149 bestias:

2220 4172 2371 4241 quod
2393 4168 2686 4239 eleganter
2712 4172 2791 4225 sic
2820 4174 3098 4240 expressit
3127 4172 3477 4226 clarissimus
3499 4175 3683 4223 noster
3709 4168 3852 4220 Anto-

411 4236 739 4311 dictaelsuut
770 4236 941 4324 lupae:
978 4256 1135 4308 ferox
1170 4236 1337 4324 atque
1370 4236 1595 4325 inquies
1628 4236 1742 4325 sive
1788 4236 2105 4325 inquietus;
2144 4268 2187 4321 Ι)
2218 4236 2348 4296 ﬂius
2383 4236 2624 4296 Hall-{PDS
2657 4260 2721 4296 ex
2753 4236 2997 4297 Hom—cro
3029 4260 3042 4297 ε

411 4328 558 4405 cani,
591 4344 704 4397 quo
746 4326 895 4405 nihil
930 4325 1321 4405 impudentius
1352 4324 1479 4404 est:
1521 4324 1843 4405 insidiator,
1907 4324 2105 4405 vulpe-

411 4400 574 4463 culae,
607 4396 737 4469 quas
768 4402 858 4469 est
882 4396 1062 4469 bestia
1104 4396 1516 4469 callidissimat
1537 4396 1664 4469 vitae
1704 4396 2105 4469 conservanda:

411 4486 581 4523 causa
614 4466 752 4523 {iraa
810 4467 1106 4533 obnoxius,
1132 4468 1307 4532 leoni,
1343 4466 1440 4536 qui
1488 4466 1686 4521 Ovidio
1730 4473 1965 4520 vocatur
1987 4467 2101 4520 ira-

414 4540 658 4621 cundus,
683 4539 858 4621 quod,
896 4543 953 4591 ut
984 4538 1063 4619 ait
1105 4538 1489 4621 Lucretiusml.
1528 4554 1608 4605 ιιι,
1658 4539 1837 4621 Catilli
1872 4540 2000 4621 plus
2030 4543 2107 4619 est

410 4614 497 4665 illi
528 4628 539 4665 :
582 4609 842 4681 pavidus,
870 4609 1067 4675 cervis,
1099 4609 1306 4678 quibus
1337 4610 1561 4681 nullum
1598 4610 1807 4681 animal
1832 4615 1914 4681 est
1936 4610 2092 4663 timi-

412 4684 544 4737 dius
571 4680 922 4752 {propterea
952 4684 1199 4734 cervinus
1232 4681 1315 4732 vir
1335 4680 1481 4752 olim
1514 4680 1809 4752 dicebatur
1837 4680 2109 4734 formido-

414 4755 570 4807 losus
607 4750 663 4806 et
684 4750 835 4822 fugae
866 4752 1064 4820 magis,
1092 4768 1263 4822 quam
1296 4750 1510 4804 viribus
1540 4751 1723 4804 ﬁdens
1758 4768 1770 4805 :
1806 4752 1979 4820 quod,
2016 4768 2108 4804 au-

413 4830 568 4878 ctore
602 4824 859 4877 Lucretio
882 4824 918 4876 l.
947 4839 1028 4887 ιιι,
1059 4824 1229 4877 cervis
1262 4823 1386 4891 plus
1412 4826 1484 4875 sit
1523 4823 1727 4888 frigidi
1758 4838 1767 4875 :
1826 4822 2016 4891 segnis
2038 4839 2103 4875 ac

414 4894 701 4963 stupidus,
746 4894 927 4960 asino,
964 4894 1062 4965 qui
1098 4899 1182 4965 est
1215 4893 1426 4947 animal
1450 4893 1854 4965 tardissimum
1891 4910 1903 4946 :
1940 4894 2107 4965 ilevis

414 4973 586 5035 atque
626 4964 995 5031 inconstans,
1027 4964 1247 5030 avibus,
1283 4981 1423 5035 quae
1448 4964 1559 5018 huc
1589 4965 1838 5032 illucque
1896 4964 2109 5018 discur-

414 5034 598 5091 runt:
650 5036 1011 5101 libidinosus,
1071 5034 1450 5105 suibusfqui,
1516 5035 1706 5105 inquit
1767 5036 1980 5102 Festus,
2043 5053 2109 5089 ea:

415 5110 562 5162 omni
596 5113 868 5162 mansueto
898 5123 1082 5177 pecore
1111 5107 1539 5162 immundissimi
1560 5111 1709 5166 sunt,
1740 5112 1789 5161 et
1838 5106 2108 5161 ardentis-

414 5183 564 5234 sima:
616 5180 892 5245 libidinis;
944 5184 1026 5232 ita
1078 5185 1139 5232 ut
1197 5179 1551 5247 opprobrium
1599 5177 1921 5232 mulieribus
1983 5179 2113 5233 inde

417 5256 650 5306 tractum
679 5256 769 5317 szt,
803 5266 922 5304 cum
951 5251 1147 5305 subare
1175 5255 1223 5303 et
1252 5252 1432 5303 surire
1463 5249 1746 5303 dicuntur.

488 5341 763 5395 ’Asinum
791 5342 947 5393 vivit.
976 5338 991 5409 j
1025 5339 1220 5392 Modus
1258 5338 1534 5407 loquendi
1580 5338 1715 5391 satis
1748 5338 2005 5409 usitatus,
2035 5337 2115 5391 di-

418 5412 565 5467 citur
621 5411 831 5479 ellipsis
863 5427 875 5463 :
911 5408 1009 5463 ubi
1041 5409 1285 5476 intelligi
1311 5409 1478 5461 debet
1521 5410 1798 5475 particula
1847 5408 2111 5479 quaedam

418 5485 590 5537 tacita
624 5499 636 5535 :
661 5482 753 5535 hic
783 5487 975 5534 autem
1008 5480 1354 5547 intelligitur
1383 5480 1708 5546 secundum;
1743 5484 1805 5533 ut
1829 5497 1959 5533 cum
1984 5480 2115 5533 dici-

418 5558 567 5676 tur
594 5569 848 5676 malgnam
877 5556 1086 5621 partem
1132 5552 1391 5604 mentitur
1425 5565 1437 5603 :
1502 5554 1693 5605 caetera
1720 5552 1958 5621 prudens
1986 5567 2000 5606 :
2058 5555 2115 5605 et

422 5639 501 5676 sic
573 5638 603 5676 e
641 5640 787 5676 aus.

422 5623 501 5677 sic
532 5623 603 5677 de
641 5624 787 5678 aliis.

490 5709 513 5732 '
551 5709 715 5775 Quod
764 5708 975 5765 dicitur
1036 5710 1402 5781 Glyconicum,
1447 5724 1679 5765 carmen
1735 5716 2001 5767 constans
2044 5727 2113 5767 ex

2277 4332 2436 4388 Queis
2465 4332 2741 4380 hominum
2778 4332 3068 4381 abstulerat
3092 4332 3277 4381 faciem
3305 4332 3623 4394 dederatque
3672 4328 3855 4376 ferarum

2277 4396 2408 4443 Diva
2437 4395 2601 4442 salax.
2637 4395 2730 4443 llic
2752 4409 2979 4457 namque
3007 4396 3117 4457 lupi
3154 4399 3407 4443 curvatus
3440 4396 3490 4442 in
3520 4399 3678 4457 artus,

2279 4458 2368 4504 Est
2391 4458 2480 4519 qui
2510 4457 2693 4513 ululat,
2746 4453 2963 4519 seseque
3022 4453 3205 4519 pavet;
3265 4458 3353 4518 qui
3393 4458 3549 4504 dente
3580 4456 3663 4502 sed
3710 4453 3855 4499 insons

2278 4520 2473 4567 Crescit
2501 4524 2553 4567 et
2579 4534 2755 4581 ungue
2788 4520 2887 4576 leo,
2914 4524 3006 4567 aut
3035 4519 3171 4567 villis
3203 4520 3543 4577 nigrantibus
3580 4530 3734 4581 ursus,

2280 4581 2486 4643 Quique
2518 4580 2719 4644 amplas
2737 4582 2883 4645 tigris
2912 4582 3179 4630 maculosa
3201 4582 3539 4644 perambulat
3562 4580 3707 4628 mdes.

2219 4661 2441 4731 Ulysses
2470 4676 2603 4713 vero
2629 4665 2787 4713 ortus
2817 4665 2903 4713 est
2936 4678 3003 4713 ex
3036 4661 3226 4713 Nerito
3259 4666 3457 4713 monte
3492 4660 3699 4719 Ithaca),
3728 4655 3856 4731 patre

2217 4726 2441 4797 Laerta,
2478 4733 2581 4795 vel,
2617 4737 2679 4784 ut
2710 4732 2807 4784 alii
2838 4733 3056 4796 volunt,
3085 4732 3348 4801 Sisypho,
3383 4737 3564 4784 matre
3614 4745 3731 4801 vero
3769 4726 3856 4775 An-

2216 4804 2383 4856 ticlea
2415 4796 2436 4856 :7
2460 4802 2699 4871 ﬁngitur
2730 4803 3059 4871 ablHomero
3094 4796 3377 4855 vir-multa
3412 4801 3675 4871 praeditus
3706 4796 3859 4870 factm-

2218 4875 2311 4929 dia
2346 4892 2447 4928 nec
2482 4875 2704 4927 minore
2753 4874 3127 4943 experientia,
3170 4874 3325 4926 vafer
3356 4873 3613 4931 consilio,
3639 4878 3861 4943 egregius

2218 4946 2387 5011 bello,
2422 4946 2680 4999 laborum
2712 4941 3184 5015 patientissimus.
3212 4946 3330 5009 llic,
3386 4950 3551 5013 capta
3578 4941 3761 5015 νΤι-υλιι,
3786 4951 3859 4987 na-

2220 5018 2334 5069 vim
2367 5014 2725 5083 conscendit,
2769 5018 2827 5069 in
2860 5017 3100 5085 patriam
3142 5017 3449 5081 rediturus,
3498 5014 3590 5067 sed
3632 5016 3861 5085 ροεὶχᾶ·

2220 5088 2336 5141 rios
2374 5104 2617 5151 errores,
2666 5078 2735 5142 de
2764 5078 2969 5158 quibus
3008 5088 3097 5141 hic
3121 5104 3233 5141 non
3264 5078 3469 5155 agitur,
3505 5078 3676 5158 ventis
3726 5078 3861 5158 addu-

2221 5166 2344 5211 ctus
2367 5164 2449 5211 est
2486 5159 2555 5212 ad
2579 5149 2834 5213 montem
2876 5158 3173 5223 Circaeum,
3221 5149 3327 5210 ubi
3347 5158 3503 5211 Circe
3551 5156 3668 5225 ejus
3707 5149 3861 5219 explu-

2222 5235 2437 5283 ratores
2470 5230 2528 5282 in
2561 5246 2688 5284 sues
2726 5230 2988 5295 mutavit,
3018 5230 3139 5299 ipse
3166 5246 3317 5293 vero,
3350 5235 3574 5299 sumpta
3613 5242 3692 5287 ea,
3724 5234 3861 5291 quam

2223 5301 2531 5355 Mercurius
2570 5301 2782 5365 docuit,
2817 5300 3014 5365 herba,
3044 5298 3216 5369 ’Moly
3268 5306 3477 5362 vocata,
3514 5298 3861 5369 illaisauiser-

2224 5373 2375 5425 vavit
2409 5388 2570 5425 suam
2618 5372 2885 5438 formam,
2942 5372 3094 5442 quod
3148 5364 3226 5425 sic
3254 5370 3548 5441 descripsit
3602 5364 3862 5437 prmdi’cws

2225 5444 2467 5497 Hallzeus
2498 5443 2879 5497 continuans:

2350 5534 2489 5588 Quas
2519 5530 2676 5578 simul
2702 5531 2917 5580 intravit
2946 5545 3083 5579 nova
3115 5531 3291 5583 turba.
3322 5529 3461 5578 haud
3488 5523 3861 5576 immemorarlis

2348 5594 2656 5654 Colchiacm,
2693 5596 2931 5643 attonitis
2956 5594 3244 5641 medicatos
3274 5594 3404 5656 Saga
3434 5590 3671 5656 propinat

2350 5651 2898 5727 ljospitibuépalices;
2932 5657 3302 5727 vertendisqqe
3332 5651 3449 5727 apta
3478 5651 3652 5727 figuris

2349 5718 2591 5768 Carnuns
2615 5718 2815 5769 Titanis
2843 5718 3231 5769 demurmurat
3249 5718 3439 5768 Ordine
3468 5721 3517 5765 et
3546 5724 3717 5763 omnes
