3972 6182
76 279 160 332 801

131 422 339 476 corpora
371 407 701 481 convertunt
731 407 790 459 in
838 420 1021 474 apros,
1077 407 1264 474 leones,
1313 409 1486 479 lupos,
1532 412 1722 481 tigres,
1762 413 1810 468 A

143 493 268 543 sues,
297 477 388 532 sed
415 481 481 531 in
508 479 686 546 ipsam
705 481 932 532 mentem
960 481 1212 535 saeviunt.

274 583 579 639 επις-γωδ
603 584 803 638 Neritii
834 585 1019 656 ducis,

270 675 338 728 Et
364 689 537 744 vagas
567 673 772 745 pelago
803 679 954 728 rates

267 764 456 817 Eurus
485 763 710 834 appulit
736 763 964 819 insulas.

260 851 507 906 Pulchra
535 869 649 924 qua
675 853 932 909 residens
961 853 1071 910 dea

198 943 227 996 5
267 941 415 996 Solis
439 941 591 995 edita
621 942 841 996 semine

261 1031 457 1087 Miscet
487 1030 806 1102 hospitibus
838 1031 1000 1086 novis

260 1123 431 1176 Tacta
463 1121 717 1175 carmine
762 1121 988 1192 pocula.

265 1216 419 1265 πθ
447 1211 601 1274 Quos
627 1215 692 1264 ut
725 1210 785 1264 in
813 1211 1000 1265 varios
1029 1210 1230 1268 modos

260 1299 446 1354 Vertit
475 1300 847 1371 herbipotens
875 1316 1079 1356 manus
1103 1317 1117 1356 :

173 1391 224 1443 10
262 1390 424 1444 Hunc
449 1389 578 1461 apri
609 1390 781 1445 facies
811 1392 973 1461 tegit,

1050 274 1142 330 DE
1183 275 1710 333 CONSOLATIONE
1747 278 2228 336 PHILOSOPHle
2264 277 2406 334 LIB.
2454 279 2551 336 IV.

3449 285 3552 342 802

2122 411 2223 466 Ille
2261 411 2628 466 Marmaricus
2667 413 2756 466 leo

2137 501 2318 556 Dente
2347 501 2548 556 crescit
2573 506 2628 555 et
2659 501 2950 571 unguibus
2974 519 2989 570 ;

2139 590 2240 644 Hic
2260 591 2414 662 lupis
2440 606 2614 660 super
2644 590 2874 644 additus

2138 675 2298 730 Flere
2326 677 2463 730 dum
2495 681 2680 745 parat,
2715 675 2932 730 ululat:

2035 767 2096 818 15
2137 764 2263 830 Ille,
2295 764 2462 834 tigris
2493 769 2557 817 ut
2590 764 2801 832 Indica,

2135 853 2306 908 Tecta
2330 853 2488 906 mitis
2519 852 2874 920 obambulat,

2137 941 2246 997 Sed
2279 941 2412 996 licet
2437 942 2606 995 variis
2645 941 2813 995 malis

2137 1034 2360 1086 Numen
2378 1031 2611 1086 Arcadis
2633 1031 2786 1084 alitis

2139 1121 2404 1176 Obsitum
2434 1122 2711 1176 miserans
2743 1121 2947 1176 ducem

2034 1215 2102 1266 20
2139 1213 2302 1268 Peste
2335 1211 2569 1266 solverit
2617 1210 2901 1281 hospitis:

2143 1305 2289 1356 277
2332 1301 2456 1355 Jam
2483 1306 2676 1354 tamen
2710 1301 2861 1354 mala
2890 1299 3138 1370 remiges

2139 1391 2249 1445 Ore
2281 1391 2488 1462 pocula
2504 1393 2833 1444 traxerant:

1547 1477 2131 1535 INTERPRETATIO.

83 1600 260 1648 tamen.
291 1594 368 1648 At
401 1596 658 1662 quamvis
700 1595 1028 1662 Mercurius,
1082 1598 1222 1650 Deus
1272 1596 1446 1661 aliger
1488 1596 1748 1658 arcadia,
1791 1595 1830 1648 Β
1863 1596 2151 1659 integrum.
2191 1594 2307 1646 Una
2335 1607 2480 1646 mens
2509 1597 2777 1661 superstes
2829 1593 2970 1646 dolet
2995 1593 3252 1662 prodigia
3282 1611 3401 1664 qua:
3429 1594 3554 1664 ipsa

81 1671 332 1718 miseratus
381 1667 702 1719 liberaverit
751 1683 784 1718 a
836 1683 1034 1719 ueneno
1061 1683 1177 1719 suae
1223 1668 1452 1735 hospitis
1506 1669 1745 1733 Ulyssem

74 1739 305 1803 jrzctatum
336 1737 579 1790 diversis
634 1737 870 1803 casibus,
918 1738 1286 1792 Nihilominus
1336 1740 1563 1803 remiges
1595 1739 1744 1807 ejus-

83 1811 180 1860 dem
230 1809 386 1861 ducis
433 1809 572 1877 jam
618 1826 706 1863 ore
750 1811 1046 1862 hauserant
1074 1813 1316 1877 potiones
1365 1810 1579 1875 malas;
1624 1810 1747 1876 jam

84 1879 182 1931 facti
209 1895 321 1933 sues
356 1885 713 1932 mutaverant
753 1881 950 1947 glande
993 1896 1224 1949 panem,
1273 1882 1481 1936 Cereris
1528 1895 1744 1945 munus,

83 1954 365 2020 amissisque
395 1954 618 2020 loquela
647 1956 697 2004 et
743 1953 931 2005 forma
977 1956 1222 2021 corporis
1279 1954 1421 2006 nihil
1466 1958 1746 2021 supererat

1857 1665 2002 1718 subit
2035 1664 2076 1718 0
2103 1665 2382 1717 dexteram
2413 1664 2598 1717 Circes
2644 1665 3065 1728 imbecilliorem,
3107 1681 3135 1716 ο
3167 1666 3360 1719 herbas
3401 1681 3553 1735 saga:

1855 1735 2157 1802 imalidas,
2191 1751 2308 1802 qua:
2339 1737 2588 1802 quamvis
2606 1738 2820 1802 possint
2851 1741 3063 1788 mutare
3092 1751 3308 1804 corpus,
3341 1753 3447 1789 non
3470 1747 3553 1789 ta-

1856 1823 1988 1860 men
2019 1812 2244 1875 possunt
2276 1812 2486 1859 mutare
2515 1811 2740 1860 mentem
2763 1823 2780 1860 :
2806 1807 2865 1860 id
2893 1810 3114 1860 virtutis
3141 1813 3217 1860 cst
3251 1808 3555 1862 hominibus

1858 1881 2053 1940 insitae,
2079 1894 2198 1946 quae
2225 1878 2282 1930 in
2318 1884 2509 1930 mente
2539 1878 2693 1931 velut
2732 1881 2788 1931 in
2827 1894 2948 1932 arce
2977 1879 3182 1932 occulta
3225 1880 3549 1942 includitur,

1857 1965 2084 2002 morum
2118 1949 2380 2002 videlicet
2416 1965 2854 2019 perversorum:
2897 1951 3007 2004 hac
3038 1965 3243 2004 venena
3275 1965 3419 2004 saeva
3457 1951 3555 2004 ab-

1691 2048 1896 2105 NOTA'J
1907 2088 1920 2101 .

229 2147 291 2195 Ut
313 2146 668 2210 portentifieaz
690 2146 948 2208 percussit
976 2145 1192 2210 cuspide
1217 2147 1399 2209 virgas,

229 2210 372 2272 Haud
393 2223 565 2266 mora,
599 2211 924 2271 procubuere
955 2210 1086 2267 solo,
1119 2214 1170 2258 et
1198 2210 1378 2270 lugere
1408 2214 1655 2272 parantes

229 2271 289 2318 Se
319 2286 551 2319 raucum
584 2286 766 2333 porcos
793 2272 1066 2334 grunnire,
1096 2276 1148 2320 et
1177 2277 1385 2331 tergora
1411 2271 1594 2320 densis

230 2335 337 2382 Jam
374 2335 507 2382 setis
537 2334 748 2382 horrere
778 2334 958 2382 vident
983 2349 995 2392 ;
1018 2335 1221 2396 subque
1249 2333 1363 2383 ilice
1395 2336 1545 2397 proni

231 2397 484 2443 Excussas
518 2397 798 2456 mandunt,
827 2397 999 2444 Cereis
1028 2411 1122 2459 pro
1166 2411 1385 2445 munere
1402 2396 1653 2459 glandes.

233 2459 421 2522 L'uicus
453 2459 699 2522 humana
726 2460 824 2506 sub
850 2459 1079 2515 imagine
1110 2463 1272 2522 restat
1293 2460 1568 2522 Ulysses...

235 2521 595 2584 Carminaque
621 2521 868 2569 obtundit
892 2535 1024 2570 raras
1055 2522 1134 2569 vis
1164 2521 1344 2569 abdita
1364 2521 1584 2584 plantae,

235 2584 457 2632 Numina
491 2583 640 2646 Moly
664 2587 861 2646 vocant
885 2598 895 2632 :
928 2588 1065 2632 artes
1092 2588 1324 2632 tutamen
1350 2583 1414 2632 ad
1436 2585 1562 2633 istas

234 2646 460 2694 Donarat
488 2645 635 2693 Deus
661 2645 828 2701 heroi,
862 2648 998 2694 Deus
1020 2660 1140 2694 acra
1170 2647 1363 2708 plantis

237 2709 329 2765 Qui
359 2713 564 2768 tranat,
593 2723 889 2770 superoque
915 2709 1032 2758 Jovi
1089 2709 1377 2757 famulatur
1399 2712 1451 2758 et
1479 2709 1603 2758 imo.

144 2791 184 2840 1.
222 2791 344 2842 Vela
380 2791 601 2845 Ner-itii
633 2789 807 2843 ducis.
837 2787 858 2861 ]
909 2790 1085 2842 Naves
1122 2790 1351 2859 Ulyssis,
1414 2790 1514 2860 qui
1543 2788 1750 2861 dicitur

91 2860 289 2940 Neritius
319 2877 346 2913 a
375 2860 851 2954 mJoEte‘Ncr'iFtop
876 2861 1027 2914 unde
1076 2867 1271 2954 ortpsE
1323 2865 1380 2914 et
1418 2862 1551 2954 duit,
1578 2860 1746 2940 quod
1788 2899 1826 2954 Ο

89 2945 138 2981 eo
155 2933 360 2984 nomine
382 2933 449 2985 ad
473 2932 701 2985 bellum
724 2931 1031 3000 Trojauum
1052 2931 1360 3000 profectus,
1386 2930 1751 2985 utilissimam

90 3001 254 3074 Grazcis
301 3019 544 3074 Operam
590 3001 917 3069 navaverit;
963 3019 1297 3073 quanquam
1354 3003 1402 3056 si
1451 3003 1750 3057 credamus

89 3073 210 3141 Ajaci
233 3073 371 3144 apud
395 3075 570 3129 Ovid.
603 3091 710 3128 xm
741 3076 990 3141 Metam.,
1025 3091 1079 3127 ν.
1108 3077 1214 3129 ‘25:

237 3163 347 3212 llzec
372 3164 486 3212 sine
533 3167 663 3211 teste
689 3163 841 3225 gerit,
865 3176 1091 3226 quorum
1130 3176 1238 3212 nox
1264 3163 1477 3212 conscia
1506 3162 1619 3212 sola
1653 3165 1750 3212 est.

222 3264 390 3342 Vagas
418 3264 624 3334 pelago
653 3267 820 3319 rates.
853 3261 870 3336 ]
900 3264 1119 3335 Ulysses
1155 3263 1353 3319 decem
1391 3263 1558 3318 annis
1589 3280 1749 3319 erra—

94 3337 153 3386 vit
172 3337 223 3386 in
249 3337 412 3390 mari.

148 3409 188 3457 3.
217 3408 380 3460 Eurus
411 3406 658 3476 appulit.
693 3406 710 3478 ]
745 3407 928 3460 Eurus
977 3406 1271 3477 speciatim
1302 3411 1503 3460 ventus
1549 3410 1634 3460 est
1679 3405 1749 3460 ab

97 3481 193 3528 ortu
220 3493 380 3531 verno
402 3480 520 3532 sive
551 3478 942 3548 aequinoctiali
974 3479 1195 3548 spirans
1221 3495 1233 3532 :
1270 3479 1368 3532 sed
1399 3479 1491 3532 hic
1522 3478 1750 3532 videtur

99 3548 237 3620 accipi
276 3565 375 3619 pro
438 3565 790 3620 quocunque
860 3554 1028 3602 vento
1087 3549 1366 3602 validiori.
1427 3549 1544 3602 Nisi
1599 3549 1751 3602 dicas

103 3617 303 3690 L'lyssem
334 3621 403 3673 ab
435 3617 569 3673 ortu
610 3620 678 3673 ad
698 3617 986 3673 'occasum
1031 3621 1325 3688 navigasse
1359 3621 1748 3690 profecturum

101 3689 147 3738 ad
171 3691 304 3762 littus
330 3692 635 3744 infandum
667 3693 887 3757 Circes;
919 3691 1075 3762 quod
1106 3708 1136 3744 a
1170 3691 1613 3759 Lazstrigonibus
1645 3691 1750 3745 im-

100 3761 392 3814 manissimis
425 3764 495 3816 ad
544 3762 823 3816 Circzeum
876 3761 1128 3816 montem
1181 3763 1455 3816 accedens
1507 3762 1678 3816 solvit
1717 3779 1751 3816 a

105 3827 325 3886 Formiis:
361 3834 607 3887 Formias
649 3840 840 3886 autem
900 3851 1073 3904 supra
1111 3835 1361 3903 Cajetam
1413 3838 1572 3887 vetus
1613 3850 1746 3902 pro-

101 3905 398 3957 montorium
431 3911 573 3958 sunt
596 3905 776 3974 magis
801 3905 872 3958 ad
913 3906 1194 3958 orientem
1229 3921 1402 3975 quam
1432 3910 1594 3958 vetus
1621 3905 1750 3958 Cir-

101 3984 168 4023 ces
184 3978 652 4046 promontorium,
689 3976 841 4046 quod
875 3982 957 4028 est
986 3977 1135 4029 infra
1169 3977 1555 4029 Tarracinam.

152 4047 192 4093 3.
233 4045 491 4118 Insula]
538 4045 722 4101 Menti
757 4049 974 4108 Circaeo,
1036 4048 1135 4118 qui
1189 4047 1391 4100 insulae
1440 4046 1748 4118 quamdam

101 4110 297 4191 fortnam
328 4110 538 4191 habet,
577 4118 773 4188 Virgil.
815 4134 873 4172 ιιι
917 4110 1158 4183 A3neid.,
1200 4135 1252 4171 v.
1305 4110 1750 4187 386:2Eaeazque

101 4187 243 4240 insula
268 4190 464 4244 Circes.
502 4190 572 4242 Et
602 4187 728 4243 les.
763 4205 861 4256 vn,
894 4206 947 4242 Y.
986 4191 1068 4243 10.

247 4276 481 4326 Proxima
507 4277 720 4326 Circense
751 4276 1012 4326 raduntur
1037 4277 1216 4327 littora
1243 4281 1416 4327 terrae.

154 4357 194 4408 5.
221 4356 350 4413 Solis
392 4359 545 4412 edita
584 4356 829 4429 semine.]

102 4420 301 4495 Metam.,
328 4447 379 4484 v.
409 4431 498 4486 1οε
531 4431 654 4486 Sole
683 4420 1021 4487 satz'Circes
1081 4420 1140 4484 et
1165 4447 1329 4484 versu
1361 4420 1424 4484 33
1452 4445 1464 4484 :

250 4517 321 4566 En
348 4533 444 4582 ego
470 4533 595 4568 cum
627 4519 725 4568 dea
753 4520 872 4577 sim,
902 4519 1056 4568 nitidi
1073 4533 1194 4568 cum
1220 4519 1325 4568 ﬁlia
1350 4519 1504 4574 Solis.

198 4578 420 4647 Carmine
440 4597 562 4647 cum
583 4587 808 4644 tantum,
831 4587 1037 4633 tantum
1055 4596 1266 4647 quoque
1284 4583 1523 4647 gramine
1539 4581 1754 4646 possim,

250 4642 309 4693 Ut
337 4649 424 4693 tua
449 4645 550 4693 sim
575 4659 760 4694 voveo.

103 4716 260 4792 Virgil.
292 4741 362 4780 v11
389 4725 635 4793 JEneid.,
664 4743 715 4780 v.
756 4729 808 4780 11
839 4742 854 4781 :

253 4813 400 4862 Dives
431 4816 732 4863 inaccessos
748 4815 838 4863 ubi
863 4814 992 4864 solis
1025 4813 1134 4864 ﬁlia
1160 4814 1310 4865 lucos

252 4877 466 4926 Assiduo
493 4882 706 4927 resonat
735 4881 913 4926 cantu.

133 4955 199 5029 ,7.
238 4957 392 5012 Tacta
419 4961 658 5013 carmine
688 4960 902 5028 pocula.
935 4963 952 5025 ]
985 4959 1320 5015 Brevissima
1354 4958 1758 5028 significantur

102 5034 248 5102 f'lrga,
278 5044 520 5092 carmen,
557 5037 614 5083 et
644 5047 903 5096 gramen,
937 5031 1146 5102 quibus
1189 5031 1349 5084 Circe
1381 5030 1646 5086 homines
1693 5031 1755 5085 in

102 5089 517 5172 bestiasmutare
538 5089 772 5155 solebat.
812 5089 1008 5171 Virgil.
1049 5103 1228 5172 eclog.
1266 5104 1297 5156 8
1325 5118 1338 5156 :

254 5169 580 5219 Carminibus
609 5172 754 5220 Circe
785 5169 958 5221 socios
987 5169 1213 5222 mutavit
1243 5172 1464 5233 Ulyssei.

107 5241 158 5296 Et
179 5248 375 5305 :Eneid.
405 5268 502 5317 vu,
531 5269 588 5307 v.
637 5256 696 5307 19
726 5269 741 5306 :

260 5336 394 5394 Quos
418 5339 692 5389 hominum
717 5355 779 5390 ex
813 5340 944 5391 facie
974 5340 1071 5391 dea
1086 5356 1226 5391 saeva
1247 5342 1554 5394 potentibus
1582 5341 1760 5391 herbis

258 5399 497 5451 lnduerat
531 5403 672 5454 Circe
695 5405 748 5453 in
779 5404 962 5453 vultus
993 5419 1053 5452 ac
1075 5409 1221 5466 terga
1248 5399 1498 5454 ferarum.

269 5482 410 5557 Hunc
440 5487 586 5552 apri,
619 5489 724 5540 etc.
755 5484 772 5557 ]
824 5486 897 5539 Ex
932 5485 1250 5556 hospitibus
1291 5486 1454 5540 novis
1484 5485 1577 5538 hic
1614 5501 1754 5557 con-

111 5555 314 5630 vertitur
344 5555 400 5607 in
431 5571 652 5630 aprum,
675 5555 791 5630 ille
825 5558 884 5610 in
917 5555 1166 5630 leonem,
1192 5558 1283 5630 hic
1324 5557 1638 5630 inglupum,
1665 5556 1759 5610 ille

113 5630 157 5667 ιη
183 5622 390 5698 tigrim;
425 5622 519 5698 sed
552 5629 636 5682 leo
667 5628 1052 5696 Marmaricus,
1087 5622 1250 5698 tigris
1277 5622 1759 5694 Indica—vocatur,

115 5691 242 5755 quod
268 5693 586 5754 Marmarica
627 5699 833 5757 Africae
865 5691 1048 5771 regio
1074 5691 1272 5756 versus
1308 5699 1618 5772 IEgyptum
1647 5691 1759 5754 foré

878 4360 1053 4425 Circe,
1098 4360 1217 4428 ﬁlia
1255 4359 1419 4421 Solis,
1462 4357 1623 4414 Ovid.
1655 4374 1746 4413 xiv
1786 4349 1830 4404 Π

1858 2151 1942 2199 tes
1983 2145 2198 2211 leones,
2254 2143 2416 2198 India
2466 2159 2601 2198 vero
2658 2143 2836 2213 tigres
2868 2143 3015 2198 ferre
3073 2145 3386 2200 consuevit.
3445 2146 3554 2200 Ha-

1858 2217 2200 2342 ruggéatiam
2241 2215 2559 2270 formarum
2609 2215 2875 2269 meminit
2905 2216 3068 2270 Ovid.
3101 2217 3140 2269 l.
3178 2233 3272 2270 xw
3305 2218 3553 2283 Metam.,

1859 2305 1907 2342 v.
2066 2303 2079 2341 :

1859 2305 1907 2344 V.
1936 2303 2042 2342 2ῠυ
2066 2303 2079 2341 Ξ

2039 2375 2180 2424 Mille
2209 2375 2339 2438 lupi.
2368 2374 2614 2438 mistique
2642 2375 2782 2438 lupis
2801 2375 3013 2438 ursique
3042 2375 3245 2438 leaeque

2042 2439 2278 2486 Occursu
2309 2438 2480 2486 fecere
2511 2442 2708 2487 metum
2737 2454 2748 2486 :
2781 2439 2873 2487 sed
2905 2438 3054 2487 nulla
3086 2438 3321 2487 timenda

2041 2500 2301 2563 Nullaque
2336 2504 2450 2549 erat
2473 2505 2654 2549 nostro
2680 2501 2879 2549 factura
2915 2502 2972 2549 in
3011 2515 3229 2562 corpore
3260 2501 3490 2550 vulnus:

2044 2564 2185 2620 Quin
2215 2563 2369 2611 etiam
2397 2563 2620 2626 blandas
2650 2577 2856 2612 movere
2887 2578 2979 2626 per
3007 2577 3128 2612 aera
3157 2564 3352 2612 caudas

2046 2627 2337 2690 §ostraque
2361 2625 2648 2690 adulantes
2672 2625 2929 2675 comitant
2950 2627 3172 2690 vestigia
3200 2627 3369 2676 donec

2041 2687 2322 2751 Excipiunt
2353 2687 2588 2737 famulas.

1933 2771 2015 2823 18.
2053 2770 2261 2822 Numen
2306 2768 2546 2822 Arcadis
2594 2767 2789 2837 alitis]
2838 2769 3162 2833 Mercurius,
3203 2768 3281 2821 sic
3315 2769 3496 2821 dictus
3523 2785 3556 2821 a

1858 2839 2161 2902 mercibus,
2233 2839 2388 2908 quod
2434 2838 2653 2892 feratur
2725 2855 2970 2907 praeesse
3027 2840 3206 2904 lucro,
3269 2840 3555 2909 rebusque

1862 2911 2119 2964 emendis
2163 2925 2227 2963 ac
2273 2910 2620 2962 vendendis:
2681 2911 2832 2962 unde
2885 2911 3048 2978 pingi
3101 2911 3268 2975 solet,
3325 2910 3556 2962 sinistra

1860 2981 2166 3048 virgulam,
2199 2981 2395 3034 dextra
2426 2981 2715 3034 sacculum
2742 2981 3134 3034 nummarium
3162 2985 3381 3033 tenens.
3422 2981 3557 3033 Mer-

1862 3056 2053 3106 curius
2075 3059 2266 3106 autem
2288 3068 2442 3104 nunc
2463 3058 2696 3105 vocatur
2726 3068 2942 3118 numen,
2981 3051 3115 3120 quia
3133 3053 3286 3104 Jovis
3317 3056 3370 3104 ct
3397 3052 3475 3104 Ma
3491 3053 3553 3103 ia)

1860 3126 2033 3183 ﬁlius.
2069 3124 2246 3176 instar
2267 3123 2562 3188 cujusdam
2592 3123 2866 3189 numinis,
2885 3123 3197 3192 prassidere
3219 3123 3554 3175 credebatur

1859 3213 1979 3250 non
2012 3196 2197 3247 Solum
2242 3195 2399 3247 lucro
2433 3199 2548 3246 tam
2582 3193 2795 3263 injusto
2825 3211 2998 3264 quam
3029 3195 3196 3262 justo,
3245 3193 3342 3247 sed
3383 3195 3552 3246 etiam

1860 3266 2168 3322 facundiae:
2225 3267 2375 3318 unde
2409 3266 2646 3319 deorum
2678 3265 2912 3318 nuntius
2947 3265 3225 3319 habetur:
3270 3268 3553 3334 quatenus

1860 3343 2081 3393 mentes
2134 3337 2378 3390 facundo
2447 3353 2709 3389 sermone
2756 3336 3139 3390 innotescunt.
3193 3336 3302 3390 Sed
3351 3335 3557 3389 dicitur

1858 3426 2076 3463 numen
2119 3410 2308 3470 alitis;
2345 3409 2617 3478 quoniam
2641 3409 2755 3459 alas
2784 3413 2847 3460 ut
2873 3407 2928 3460 in
2961 3407 3223 3477 pedibus,
3255 3406 3334 3459 sic
3365 3406 3423 3459 in
3457 3422 3556 3478 ca-

1858 3483 1975 3551 pite
2007 3495 2205 3550 gerere
2239 3496 2302 3532 ex
2332 3477 2398 3532 eo
2433 3479 2686 3551 ﬁngitur,
2719 3479 2873 3551 quod
2894 3495 3102 3544 sermo,
3137 3478 3227 3530 cui
3262 3477 3550 3551 praesidet,

1858 3549 1962 3624 per
1992 3549 2124 3606 aera
2152 3551 2424 3624 velociter
2456 3550 2688 3624 feratur.
2719 3549 2932 3624 Dicitur
2960 3550 3132 3624 etiam
3157 3565 3377 3624 numen
3408 3549 3558 3602 alitis

1857 3621 2135 3685 Arcadis;
2171 3623 2303 3693 quia
2349 3623 2417 3675 ab
2453 3622 2667 3675 Arcade
2709 3621 2862 3674 lovis
2916 3627 2972 3674 et
3015 3621 3255 3693 Calistus
3299 3621 3418 3693 tilio
3462 3625 3560 3672 Ar-

1857 3696 2022 3748 cades
2053 3692 2334 3764 originem
2376 3708 2706 3764 nomenque
2751 3693 3074 3764 duxerunt:
3109 3692 3424 3764 Mercurius
3455 3707 3558 3764 au-

1856 3769 1973 3820 tem
2005 3762 2171 3818 natus
2229 3770 2310 3818 est
2370 3763 2428 3816 in
2479 3763 2750 3817 Arcadia:
2788 3763 2940 3817 unde
2995 3762 3268 3833 Virgilius
3313 3762 3558 3816 Arcades

1857 3838 2138 3891 allocutus
2170 3851 2262 3888 vni
2295 3836 2444 3898 [Εηη
2483 3849 2533 3886 ν.
2570 3837 2704 3888 13οε

2041 3923 2200 3973 Vobis
2229 3921 2526 3985 Mercurius
2553 3926 2698 3984 pater
2723 3924 2818 3980 est,
2847 3934 3002 3985 quem
3026 3922 3253 3972 candida
3277 3922 3414 3972 Maia

2044 3986 2286 4050 Cyllenes
2313 3984 2486 4046 gelido
2513 3988 2826 4048 conceptum
2853 3984 3045 4034 vertice
3079 3985 3232 4034 fudit.

1863 4066 2117 4137 Denique
2152 4064 2459 4137 Mercurius
2509 4065 2687 4133 Ulyssi
2715 4063 2890 4137 variis
2934 4064 3156 4118 casibus
3181 4064 3553 4137 jactatolier-

1857 4137 1989 4192 bam
2022 4134 2294 4203 dederat,
2345 4136 2508 4205 cujus
2551 4152 2658 4205 ope
2713 4134 2988 4189 liberatus
3040 4142 3126 4189 est
3157 4137 3225 4190 ab
3269 4135 3559 4189 insidiosis

1857 4209 2082 4280 poculis
2111 4209 2319 4262 Circes.
2355 4207 2516 4262 Ovid.
2552 4223 2642 4260 xw
2676 4207 2926 4271 Metam.,
2961 4222 3012 4260 v.
3039 4208 3178 4260 '206:

2046 4297 2248 4348 Pacifer
2276 4297 2400 4345 huic
2431 4295 2649 4345 dederat
2676 4296 2860 4343 ﬂorem
2903 4295 3172 4356 Cyllenius
3197 4293 3398 4355 album,

2047 4361 2190 4424 ltloly
2219 4362 2411 4408 vocant
2435 4359 2610 4424 superi
2644 4373 2655 4406 :
2681 4358 2831 4424 nigra
2850 4357 3033 4424 radice
3065 4363 3290 4424 tenetur.

2047 4419 2209 4472 Totus
2239 4437 2320 4480 eo,
2358 4419 2675 4484 monitisque
2707 4419 2871 4484 simul
2893 4419 3194 4468 caelestibus
3224 4419 3404 4468 intrat.

2050 4485 2143 4534 Ille
2175 4486 2389 4533 domum
2423 4483 2613 4540 Circes,
2637 4487 2688 4532 et
2717 4483 2972 4531 insidiosa
3005 4485 3221 4530 vocatus

2052 4548 2247 4597 Pocula
2275 4551 2556 4596 conantem
2587 4546 2736 4608 virga
2761 4545 2993 4608 mulcere
3033 4543 3252 4608 capillos

2049 4611 2316 4674 Reppulit,
2344 4614 2396 4659 et
2421 4609 2601 4659 stricto
2623 4606 2864 4672 pavidam
2894 4606 3149 4656 deterruit
3167 4618 3312 4655 ense.

1933 4708 2022 4762 2t.
2063 4709 2185 4762 Jam
2209 4712 2388 4761 tamen
2418 4707 2563 4761 mala
2594 4709 2843 4774 remiges,
2877 4709 2981 4758 etc.
3020 4701 3042 4776 ]
3069 4705 3301 4759 Ramex.
3332 4719 3365 4758 a
3404 4719 3562 4776 remo

1863 4777 2067 4846 dictus,
2101 4777 2192 4832 ille
2227 4784 2309 4832 est
2343 4778 2441 4849 qui
2473 4794 2632 4832 remo
2664 4793 2767 4848 per
2804 4793 2981 4849 aquas
3011 4775 3314 4849 promovet
3333 4775 3559 4849 navim:

1863 4850 2186 4920 cujusmodi
2219 4847 2382 4903 erant
2425 4849 2509 4903 illi
2549 4847 2756 4918 UlySsis
2797 4847 3031 4920 milites,
3070 4847 3286 4918 quippe
3334 4847 3435 4916 qui
3463 4863 3565 4900 ea-

1866 4918 1996 4992 dem
2043 4938 2157 4990 qua
2213 4921 2436 4992 Ulysses
2469 4937 2621 4992 nave
2665 4919 2828 4992 vecti,
2889 4918 3036 4972 hanc
3065 4920 3372 4972 movebant
3403 4921 3563 4992 (nam

1863 4991 1974 5046 haec
2020 4989 2238 5046 servata
2283 4989 2542 5045 manebat
2595 4991 2722 5046 Sola
2766 4995 2965 5059 ipsum,
3016 4992 3291 5059 sociosque
3338 4989 3564 5057 ferens.)

1865 5064 1963 5119 llic
1995 5069 2184 5117 autem
2243 5063 2454 5134 Ulyssis
2494 5061 2701 5116 milites
2746 5063 2862 5115 sive
2905 5061 3053 5134 socii
3085 5078 3141 5134 _a
3188 5078 3290 5114 suo
3331 5062 3563 5114 ductore

1866 5135 2150 5206 praemissi
2187 5132 2414 5189 fuerant
2453 5134 2521 5187 ad
2561 5133 2759 5206 Circen
2792 5132 3144 5206 explorandi
3165 5148 3352 5199 causa,
3386 5149 3419 5184 a
3453 5147 3564 5206 qua

1867 5201 2175 5276 antequam
2207 5206 2328 5276 ipse
2356 5207 2575 5276 Ulysses
2610 5201 2951 5273 advenisset,
2983 5203 3104 5276 jam
3131 5204 3336 5276 hausto
3361 5201 3564 5276 poculo

1866 5278 1926 5332 in
1958 5273 2085 5332 sues
2131 5273 2390 5331 con—versi
2419 5273 2668 5340 fuerant,
2715 5280 2771 5331 et
2798 5273 3009 5347 panem
3059 5274 3173 5328 sive
3204 5273 3416 5347 pabula
3459 5273 3562 5326 Cc-

1866 5349 2042 5404 realia
2075 5348 2282 5418 glande
2313 5352 2624 5401 verterant.
2658 5346 2820 5403 Ovid.
2858 5363 2948 5402 xxv
2980 5347 3231 5412 Metam.,
3265 5361 3314 5398 v.
3340 5346 3466 5398 281.

2177 5455 2483 5517 Accipimus
2513 5467 2666 5502 sacra
2697 5453 2819 5502 data
2848 5451 3041 5517 pocula
3070 5451 3256 5499 dextra

2053 5517 2182 5574 Qum
2212 5516 2370 5565 simul
2400 5517 2568 5565 arenti
2595 5517 2831 5565 sitientes
2856 5516 3130 5563 hausimus
3165 5527 3275 5572 ore,

2054 5581 2118 5628 Et
2142 5580 2314 5641 tetigit
2338 5580 2485 5640 virga
2509 5593 2764 5641 summos
2781 5578 2881 5641 Dea
2914 5577 3028 5624 dira
3057 5575 3296 5641 capillos.

2053 5643 2117 5714 ξι
2137 5637 2302 5714 pudet
2329 5647 2381 5691 et
2397 5637 2642 5713 referam,
2674 5640 2798 5690 setis
2822 5639 3124 5714 horrescere
3149 5637 3284 5700 ccepi

2053 5699 2160 5755 Nec
2178 5705 2288 5769 jam
2316 5717 2468 5768 posse
2490 5703 2658 5768 queri,
2688 5716 2782 5766 pro
2811 5700 2985 5751 verbis
3011 5699 3164 5750 cdere
3190 5699 3406 5748 raucum
