3982 6182
453 249 560 300 803
1771 241 1891 294 ΛΝ.
1939 240 2146 294 MANL.

739 383 765 436 ,Ι
771 397 863 434 am
894 396 1024 434 sues
1064 378 1317 435 Cerealia

744 478 960 534 Glande
993 478 1205 548 pabula
1233 478 1542 530 verterant.

637 570 705 623 25
750 570 814 623 Et
840 568 980 621 nihil
1014 574 1209 621 manet
1238 566 1529 636 integrum

745 659 911 723 Voce,
948 673 1210 728 corpore,
1239 656 1496 726 perditis.

742 747 869 801 Sola
902 763 1066 801 mens
1097 746 1338 811 stabilis,
1372 760 1543 815 super

745 837 1015 902 Monstra,
1047 853 1175 906 quae
1213 835 1449 905 patitur,
1492 833 1689 904 gemit.

743 927 785 981 Ο
818 927 998 980 levem
1031 925 1275 979 nimium
1310 940 1564 989 manum,

640 1018 708 1071 30
750 1016 861 1070 Nec
891 1015 1148 1085 potentia
1181 1014 1466 1085 gramina,

744 1116 996 1169 Membra
1028 1132 1155 1186 quae
1181 1115 1407 1168 valeant
1439 1114 1588 1181 licet,

746 1205 932 1259 Corda
962 1208 1181 1257 vertere
1209 1219 1323 1256 non
1356 1202 1565 1269 valent,

747 1293 909 1347 Intus
940 1296 1022 1346 est
1053 1292 1357 1346 hominum
1386 1291 1545 1362 vigor

741 1383 886 1437 Arce
930 1381 1195 1435 conditus
1240 1381 1450 1435 abdita.

645 1474 712 1526 35
752 1474 879 1527 Haec
904 1488 1124 1526 venena
1152 1470 1443 1542 potentius

750 1563 1070 1616 Detrahunt
1098 1561 1391 1614 hominem
1424 1558 1532 1613 sibi

743 1652 896 1717 Dira,
933 1668 1063 1721 quae
1093 1650 1322 1720 penitus
1353 1650 1567 1715 meant,

742 1742 854 1795 Nec
887 1740 1154 1794 nocentia
1175 1737 1403 1809 corpori

738 1829 937 1884 Mentis
969 1830 1154 1883 ulcere
1186 1827 1446 1882 saeviunt.

1042 1940 1192 1989 279
1224 1934 1450 1988 PROSA
1481 1932 1567 1985 lV.

455 2027 899 2079 Aacuuauruu.
959 2054 1028 2062 —
1075 2022 1429 2090 ΡΙιὶΙοςορΙιῐα
1467 2018 1833 2089 improborum
1877 2019 2154 2073 miseriam

527 2098 763 2165 amplius
805 2098 1212 2163 conﬁrmatum,
1270 2095 1363 2146 hoc
1422 2108 1525 2165 eos
1561 2106 1672 2145 esse
1728 2093 2027 2144 miseriores
2074 2106 2154 2165 os-

527 2163 714 2229 tendit,
749 2167 895 2236 quod
924 2168 1109 2235 cupita
1156 2167 1446 2233 perﬁciant
1494 2163 1737 2217 diutius:
1774 2165 2033 2232 impuniti
2076 2164 2155 2217 vi-

526 2245 659 2293 vant
679 2259 698 2303 ,-
728 2241 1037 2307 cretertsque
1068 2239 1313 2303 inferant
1338 2236 1624 2305 injuriam.

525 2348 670 2401 Tum
704 2362 810 2414 ego
843 2354 867 2379 ⁸
901 2346 1120 2411 Fateor,
1154 2344 1412 2415 inquam,
1462 2359 1566 2397 nec
1600 2369 1624 2405 ι,
1655 2341 1868 2413 injuria
1916 2341 2029 2396 dici
2062 2340 2150 2395 vi-

456 2435 561 2490 deo
593 2435 850 2501 vitiosos,
886 2434 1113 2488 tametsi
1154 2434 1397 2487 humani
1429 2432 1687 2503 corporis
1733 2430 1985 2501 speciem
2032 2448 2150 2485 ser—

456 2528 612 2591 vent,
644 2523 702 2577 in
734 2524 955 2577 belluas
1000 2528 1195 2577 tamen
1227 2524 1557 2576 animorum
1606 2521 1877 2593 qualitate
1918 2520 2148 2575 mutari.

459 2614 567 2670 Sed
601 2630 849 2685 quorum
881 2618 1043 2667 atrox
1075 2613 1463 2683 scelerataque
1505 2628 1668 2666 mens
1707 2611 1991 2666 bonorum
2020 2627 2150 2681 per-

456 2704 602 2759 nicie
632 2703 809 2768 szevit,
843 2702 1093 2773 idipsum
1131 2701 1212 2756 eis
1262 2702 1430 2755 licere
1469 2700 1799 2754 noluissem.
1850 2700 1961 2755 Nec
1998 2700 2149 2766 licet,

455 2792 663 2863 inquit,
712 2792 789 2863 (ii)
842 2791 921 2845 uti
976 2791 1337 2845 convenienti
1381 2790 1812 2845 monstrahibur
1856 2790 2016 2844 loco:
2053 2790 2152 2845 sed

454 2887 647 2938 tamen
678 2882 723 2935 si
770 2881 1023 2952 idipsum
1071 2882 1225 2952 quod
1276 2881 1354 2935 eis
1402 2881 1574 2935 licere
1618 2880 1886 2947 creditur,
1935 2880 2152 2934 aufera-

452 2977 567 3041 tur,
601 2988 811 3042 magna
840 2987 906 3025 ex
942 2976 1103 3041 parte
1156 2971 1565 3025 sceleratorum
1625 2969 1932 3025 hominum
1978 2986 2147 3040 poena

453 3071 474 3098 ο
503 3063 805 3118 relevatur.
844 3062 858 3095 ¹
885 3062 1109 3117 Etenim
1141 3061 1291 3133 quod
1323 3059 1654 3116 incredibile
1686 3060 1955 3133 cuiquam
2001 3060 2145 3115 forte

2191 240 2343 294 SEV.
2394 238 2615 292 BOETll
2633 277 2646 291 .
3795 242 3881 293 801

2189 376 2229 430 Α
2260 374 2543 440 videatur,
2592 372 2939 427 infeliciores
2974 388 3094 427 esse
3150 386 3376 426 necesse
3426 374 3508 426 est
3554 373 3736 441 malos,
3780 391 3885 430 cum

2265 462 2455 535 cupita
2495 461 2859 534 perfecerint,
2910 478 3085 533 quam
3117 462 3163 515 si
3210 477 3294 527 ea,
3350 477 3477 532 qua:
3524 462 3760 533 cupiunt,
3802 464 3883 520 im-

2261 554 2419 624 plere
2451 570 2568 608 non
2594 553 2832 622 possint.
2870 554 3012 608 Nam
3044 552 3089 606 si
3120 551 3388 606 miserum
3415 556 3497 606 est
3526 553 3748 607 voluisse
3786 571 3883 625 pra-

2263 659 2352 709 va,
2391 645 2501 713 (10)
2533 643 2785 713 potuisse
2845 642 3109 697 miserius
3160 646 3263 707 est,
3298 642 3418 695 sine
3478 658 3584 712 quo
3628 643 3886 697 voluntatis

2264 732 2487 787 misera:
2522 733 2821 803 langueret
2858 732 3109 786 effectus.
3157 732 3353 802 Itaque
3404 747 3531 785 cum
3559 748 3650 785 sua
3687 734 3882 803 singulis

2264 824 2494 877 miseria
2523 822 2612 891 sit,
2646 822 2858 891 triplici
2888 822 3203 877 infortunio
3237 837 3461 875 necesse
3503 824 3583 874 est
3609 828 3885 892 urgeantur,

2262 928 2406 983 quos
2437 910 2629 965 videas
2678 910 2859 963 scelus
2898 911 3059 976 velle,
3112 927 3299 981 posse,
3358 909 3643 980 perficere.
3698 911 3887 979 Accedo,

2260 1001 2530 1072 inquam:
2562 1000 2660 1054 sed
2706 999 2788 1053 uti
2836 1000 2945 1054 hoc
2993 1000 3304 1054 infortunio
3354 1000 3467 1053 cito
3498 1003 3729 1065 careant,
3756 1000 3780 1041 ἀ
3810 1015 3886 1069 pa-

2259 1091 2453 1146 trandi
2535 1089 2763 1144 sceleris
2849 1089 3227 1161 possibilitate
3295 1088 3523 1155 deserti,
3582 1088 3886 1143 vehementer

2261 1185 2490 1252 exopto.
2543 1181 2845 1242 Carebunt,
2892 1179 3100 1251 inquit,
3129 1188 3150 1213 °
3182 1195 3376 1251 ocyus,
3423 1194 3596 1249 quam
3629 1178 3728 1248 (l5)
3756 1180 3826 1232 vel
3847 1184 3888 1232 tu

2260 1270 2497 1324 forsitan
2523 1270 2684 1336 velis,
2738 1271 2821 1323 vel
2851 1269 2935 1323 illi
2984 1286 3104 1323 sese
3143 1269 3469 1323 existiment
3502 1283 3619 1322 esse
3645 1268 3886 1321 carituros.

2260 1360 2453 1430 Neque
2486 1359 2641 1413 enim
2672 1362 2754 1413 est
2780 1358 2999 1429 aliquid
3048 1357 3109 1412 in
3155 1362 3273 1412 tam
3320 1356 3586 1411 brevibus
3616 1356 3733 1409 vita:
3760 1357 3886 1409 metis

2260 1447 2340 1501 ita
2401 1449 2421 1489 f
2472 1463 2684 1513 serum,
2736 1448 2890 1519 quod
2933 1451 3257 1518 exspectare
3297 1448 3551 1516 [longum
3606 1444 3887 1499 immortalis

2260 1535 2582 1605 praesertim
2628 1535 2853 1589 animus
2911 1540 3111 1605 putet:
3169 1551 3419 1605 quorum
3470 1550 3665 1604 magna
3709 1550 3813 1605 spes
3849 1540 3888 1587 et

2262 1625 2484 1679 excelsa
2534 1623 2851 1679 facinorum
2896 1625 3161 1679 machina
3214 1624 3516 1695 repentino
3559 1629 3715 1694 atque
3752 1622 3888 1693 inspe-

2265 1718 2385 1768 rato
2413 1730 2563 1784 smpe
2602 1714 2713 1768 iiue
2733 1714 3045 1769 destruitur
3068 1730 3079 1767 :
3115 1714 3266 1785 quod
3294 1714 3529 1784 quidem
3565 1713 3672 1766 illis
3699 1713 3885 1766 miseria

2261 1811 2287 1847 8
2319 1803 2549 1857 modum
2601 1803 2817 1857 statuit.
2881 1807 3033 1857 .280
3064 1804 3085 1837 ²
3147 1803 3287 1857 Nam
3323 1803 3371 1856 si
3417 1802 3666 1873 nequitia
3708 1801 3885 1855 miseros

2262 1892 2415 1961 facit,
2463 1892 2729 1947 miserior
2760 1893 2830 1947 sit
2882 1909 3111 1947 necesse
3167 1899 3249 1947 est
3296 1892 3622 1947 diuturnior
3663 1906 3885 1962 nequam:

2264 1999 2409 2054 quos
2473 1982 2901 2037 infelicissimos
2959 2000 3078 2037 esse
3129 1983 3474 2054 judicarem,
3508 1982 3552 2036 si
3606 1997 3708 2035 non
3739 1995 3886 2034 eorum

2262 2073 2543 2127 malitiam
2577 2074 2779 2127 saltem
2824 2090 2979 2127 mors
3011 2076 3261 2127 extrema
3289 2073 3505 2127 ﬁniret.
3550 2072 3749 2126 Etenim
3774 2071 3810 2123 si
3838 2069 3884 2122 de

2261 2162 2551 2233 pravitatis
2580 2162 2895 2217 infortunio
2940 2179 3073 2216 vera
3105 2163 3515 2229 conclusimus,
3556 2160 3805 2214 inﬁnitam
3842 2159 3885 2210 li-

2261 2258 2540 2323 quetesse
2574 2252 2882 2319 miseriam,
2919 2268 3093 2324 quam
3124 2269 3241 2306 esse
3279 2257 3505 2306 constat
3560 2248 3882 2316 mternam.;3)

2259 2343 2403 2397 Tiim
2437 2358 2565 2413 ego,
2616 2342 2753 2396 Mira
2803 2342 3057 2413 quidem,
3114 2342 3378 2413 inquam,
3432 2346 3486 2395 et
3509 2355 3752 2395 concessu
3779 2336 3883 2390 (111⁵11-

2260 2432 2382 2486 cilis
2415 2433 2443 2475 ιι
2473 2431 2651 2487 illatio
2678 2449 2689 2500 ;
2725 2432 2824 2486 sed
2854 2432 2941 2486 his
2973 2448 3121 2499 eam,
3151 2449 3276 2503 quae
3314 2432 3481 2502 prius
3506 2445 3748 2485 concessa
3773 2430 3880 2491 sunt,

2259 2521 2500 2576 nimium
2551 2521 2856 2575 convenire
2906 2537 3202 2592 cognosco.
3248 2522 3443 2586 Recte,
3488 2521 3682 2591 inquit,
3736 2515 3882 2570 existi-

2259 2627 2411 2666 mas:
2472 2611 2568 2665 sed
2627 2610 2726 2683 qui
2799 2611 3153 2665 conclusioni
3228 2611 3495 2666 accedere
3531 2610 3719 2664 durum
3746 2609 3878 2678 putat,

2258 2716 2491 2771 aequum
2545 2704 2628 2753 est
2683 2699 2770 2754 vel
2815 2701 3021 2755 falsum
3069 2700 3291 2772 aliquid
3342 2699 3683 2772 praecessisse
3710 2698 3882 2751 demon-

2260 2793 2421 2853 stret,
2454 2789 2544 2843 vel
2567 2789 2934 2844 collationem
2964 2790 3429 2861 prepositionum
3466 2805 3577 2844 non
3609 2803 3714 2842 esse
3738 2783 3879 2839 efﬁca-

2259 2893 2381 2934 cem
2408 2879 2742 2933 necessarice
2796 2880 3171 2934 conclusionis
3202 2880 3506 2935 ostendat:
3542 2878 3643 2948 (l0)
3684 2872 3880 2945 alioquin

2189 2975 2227 3030 C
2259 2969 2535 3023 concessis
2587 2970 3062 3041 praecedentibus,
3115 2970 3257 3040 nihil
3286 2987 3524 3042 prorsus
3566 2973 3658 3037 est,
3686 2965 3810 3039 quod
3832 2963 3877 3017 de

2257 3059 2551 3116 liliatione
2594 3065 2876 3116 causetur.
2906 3061 2928 3095 ³
2960 3060 3098 3117 Eam
3138 3060 3247 3117 hoc
3278 3077 3513 3133 quoque
3557 3058 3696 3131 quod
3721 3055 3875 3119 dicam,

1915 3183 2482 3243 lNTERPRETATIO
2498 3225 2511 3239 .

451 3294 661 3350 ducunt
689 3291 955 3349 hominem
985 3295 1259 3363 efﬁcacius
1280 3310 1314 3348 a
1342 3294 1647 3361 semetipso,
1686 3292 1901 3363 quippe
1924 3308 2044 3364 qua
2064 3308 2152 3361 pe-

451 3371 671 3420 netrant
702 3369 761 3419 in
808 3370 1056 3437 mentem,
1108 3370 1157 3420 et
1187 3366 1317 3421 dum
1364 3369 1601 3437 parcunt
1657 3367 1872 3435 corpori
1916 3367 2153 3433 afﬂgunt

453 3444 682 3491 mentem
707 3436 869 3505 gravi
902 3437 1136 3491 vulnere.

525 3517 549 3543 ⁸
588 3508 845 3560 Boetius.

523 3582 547 3622 b
586 3581 884 3633 Immerito.

527 3664 549 3691 ε
592 3652 880 3704 Minuitur.

2331 3303 2357 3346 d
2396 3295 2619 3348 Peccare
2647 3294 2836 3349 nescii.

2336 3372 2357 3399 θ
2397 3366 2596 3421 Citius.

2333 3433 2351 3470 ί
2393 3436 2631 3490 Tardum
2643 3474 2654 3487 .

2330 3519 2361 3562 ε
2398 3508 2588 3562 Finem
2620 3508 2869 3576 imponit.

2328 3579 2356 3620 h
2396 3579 2807 3648 Consequentia.

2332 3648 2347 3682 ί
2387 3650 2761 3706 Consecutione
2791 3653 3175 3720 conqueratur,

2091 3764 2316 3822 NOTAE.

638 3884 894 3941 Murmur,
916 3884 967 3931 et
994 3881 1051 3929 in
1082 3884 1279 3929 teraam
1311 3882 1421 3929 toto
1444 3878 1792 3941 procumbere
1820 3880 1976 3930 vultu

640 3946 811 4007 Osque
842 3958 1017 3993 meum
1050 3943 1191 3991 sensi
1218 3943 1393 4007 pando
1424 3942 1787 4007 occallescere
1807 3948 1997 4003 rostro,

638 4004 783 4055 Colla
808 4013 1010 4055 tumere
1042 4009 1188 4063 toris,
1218 4004 1273 4054 et
1302 4020 1406 4067 qua
1440 4006 1597 4053 modo
1636 4004 1825 4069 pocula
1856 4012 2002 4069 parte

635 4070 854 4134 Sumpta
883 4070 1008 4118 mihi
1052 4069 1281 4123 fuerant,
1315 4069 1406 4117 illa
1436 4068 1659 4130 vestigia
1690 4068 1805 4116 feci.

518 4171 608 4223 27.
637 4170 763 4224 Sola
786 4184 951 4235 mens,
1016 4168 1163 4238 etc.]
1200 4168 1359 4221 Circe
1410 4167 1589 4220 instar
1633 4166 1794 4233 Solis,
1838 4166 2000 4237 cujus
2031 4171 2150 4224 erat

448 4240 589 4305 filia,
620 4242 673 4293 vi
704 4242 1031 4305 herbarum,
1065 4240 1392 4304 Verborum,
1431 4243 1580 4293 278
1614 4244 1670 4291 et
1696 4239 1891 4309 virgas,
1940 4239 2149 4309 quibus

451 4312 735 4377 utebatur,
768 4328 1005 4381 corpora
1031 4311 1264 4381 quidem
1301 4315 1522 4363 mutare
1563 4314 1800 4379 poterat,
1834 4327 1949 4363 nou
1984 4327 2145 4364 men-

447 4386 555 4448 tes,
590 4385 800 4453 quippe
829 4400 953 4453 quae
980 4388 1039 4434 ut
1070 4399 1099 4434 a
1149 4382 1271 4434 solo
1310 4384 1421 4435 Deo
1454 4386 1657 4453 creatm
1714 4388 2143 4448 conservantur,

448 4455 528 4507 sic
562 4452 742 4507 a’solo
776 4452 887 4507 Deo
911 4453 1115 4505 mutari
1145 4458 1383 4521 possunt
1406 4468 1418 4517 ;
1442 4452 1551 4505 nisi
1573 4453 1727 4521 quod
1751 4453 1932 4507 eidem
1968 4455 2146 4507 menti

449 4525 715 4594 quaedam
747 4532 924 4578 Virtus
958 4525 1230 4577 divinitus
1264 4524 1435 4576 insita
1466 4530 1548 4576 est
1576 4541 1588 4589 ;
1638 4525 1899 4577 voluntas
1938 4524 2147 4578 scilicet

448 4596 538 4648 sui
575 4597 827 4659 domina,
862 4611 989 4666 quae
1034 4595 1565 4663 perturbationibus
1608 4596 1873 4648 obsecuta
1919 4596 2147 4666 corpori

449 4668 684 4735 quidem
726 4684 956 4737 parcere
987 4666 1233 4731 videtur,
1272 4667 1369 4719 sed
1418 4672 1688 4737 mentem,
1714 4683 1746 4720 a
1791 4668 1904 4720 Deo
1938 4668 2015 4721 sic
2063 4684 2147 4721 res

448 4738 640 4803 trahit,
676 4736 741 4791 ut
766 4739 1025 4791 eamdem
1047 4738 1119 4791 ad
1142 4739 1401 4791 intimam
1423 4736 1735 4792 bestiarum
1763 4739 2145 4793 conditionem

448 4808 773 4876 deprimere
801 4810 1077 4863 videatur.

524 4881 537 4911 ¹
580 4880 804 4953 Etenim
828 4881 969 4953 quod
989 4880 1323 4943 incredibile,
1360 4884 1463 4934 etc.
1492 4880 1510 4951 ]
1538 4882 1580 4935 Ι.
1616 4879 1980 4951 Philosophia
2011 4898 2143 4953 pro-

448 4948 544 5023 bat
578 4950 870 5021 improbos
917 4951 1025 5004 hoc
1057 4969 1175 5005 esse
1228 4948 1573 5015 miseriores,
1621 4953 1772 5023 quod
1799 4948 1989 5023 cupita
2012 4948 2147 5022 'per-

448 5021 679 5094 ﬁciant:
715 5039 847 5075 nam
880 5024 1022 5077 velle
1054 5025 1255 5091 scelis,
1307 5041 1515 5094 magna
1560 5021 1789 5077 miseria
1821 5021 1922 5089 est,
1957 5021 2145 5093 posse,

448 5092 651 5161 major,
701 5095 996 5163 perficere,
1030 5096 1319 5149 maxima:
1355 5092 1823 5165 quandoquidem
1873 5092 2144 5150 defectio?

448 5180 547 5219 nes
600 5171 756 5234 sunt,
813 5182 941 5236 qua)
990 5173 1148 5219 tanto
1205 5173 1487 5231 crescunt,
1550 5173 1764 5236 quanto
1796 5184 1827 5221 a
1886 5169 1999 5221 Deo
2030 5169 2146 5221 sive

448 5254 671 5309 summo
705 5238 857 5291 bono
892 5238 1073 5307 magis
1108 5254 1171 5291 ac
1203 5238 1385 5306 magis
1418 5240 1717 5291 recedunt:
1768 5238 2147 5309 quamobrem

447 5308 493 5362 si
526 5309 775 5379 improbi
818 5325 934 5363 non
975 5310 1159 5363 solum
1195 5310 1391 5373 velint,
1432 5315 1490 5364 et
1532 5308 1917 5380 possint,’sed
1974 5310 2147 5364 etiam

447 5382 744 5461 perficiant
785 5382 988 5461 scelus,
1024 5381 1083 5433 hi
1104 5398 1186 5461 [eo
1215 5382 1339 5461 ipso
1373 5387 1548 5461 erunt
1590 5381 1954 5461 miseriores:
1988 5381 2147 5453 atqui

446 5452 699 5521 improbi
752 5453 947 5518 cupita
992 5452 1366 5521 perficiendo,
1412 5452 1718 5522 perficiunt
1766 5454 1983 5507 scelus:
2016 5469 2147 5507 cum

447 5526 601 5596 enim
634 5524 884 5593 improbi
913 5524 1043 5589 sint,
1070 5523 1129 5577 hi
1148 5524 1293 5577 nihil
1316 5523 1424 5576 nisi
1446 5523 1663 5577 malum
1687 5525 1944 5596 adeoque
1966 5527 2147 5579 scelus

449 5593 722 5665 perﬁcere
755 5600 1054 5649 conantur.

517 5663 540 5697 ²
578 5668 720 5723 Nam
764 5668 814 5721 si
855 5668 1107 5733 nequitia
1154 5666 1375 5721 miseros
1404 5667 1559 5734 facit,
1609 5666 1764 5738 etc.J
1815 5667 1881 5721 Il.
1934 5667 2146 5724 Eadem

2262 3882 2628 3959 philosophia
2686 3882 2894 3959 probat
2941 3883 3234 3959 improbos
3282 3883 3391 3938 hoc
3445 3897 3561 3959 esse
3598 3874 3869 3959 miseriores1

2262 3946 2416 4008 'uod
2461 3946 2882 4009 diuturniorem
2926 3946 3100 4011 vitam
3146 3962 3383 4025 agentes
3417 3954 3599 4025 cupita
3643 3946 3872 4020 perﬁciant

2260 3971 2476 4079 giutius
2500 4042 2512 4079 :
2545 4027 2680 4079 quia
2711 4043 2839 4079 cum
2863 4027 3091 4079 miseria
3119 4027 3195 4079 sic
3221 4027 3495 4079 miserum
3522 4023 3691 4079 faciat,
3720 4026 3769 4071 ut
3791 4015 3872 4068 fell-

2302 4026 2476 4098 iutius
2500 4042 2512 4079 :
2545 4027 2680 4095 quia
2711 4043 2839 4079 cum
2863 4027 3091 4080 miseria
3119 4015 3502 4081 sicvmiserum'
3522 4015 3691 4098 faciat,
3714 4026 3769 4098 ,ιη
3791 4015 3873 4098 fel?

2260 4096 2397 4150 citas
2430 4089 2677 4161 felicem,
2721 4098 3207 4168 quemadmodum
3263 4116 3329 4151 eo
3360 4097 3567 4168 aliquis
3595 4091 3779 4168 felicior
3800 4089 3870 4168 est.

2260 4184 2373 4248 quo
2404 4169 2528 4248 ejus
2584 4158 2821 4248 felicitas
2861 4176 2946 4223 est
2985 4169 3367 4248 diuturnior;
3407 4158 3483 4222 sic
3512 4185 3574 4221 eo
3605 4161 3778 4248 aliquis
3814 4158 3871 4248 est

2258 4239 2540 4313 miserior,
2580 4256 2694 4313 quo
2736 4242 2858 4311 ejus
2918 4242 3150 4294 miseria
3181 4242 3507 4295 diuturnior
3552 4244 3657 4313 est:
3689 4239 3869 4313 utraqut3

2261 4308 2629 4383 enimtantas
2647 4308 2793 4365 vires
2825 4313 3291 4381 acquiriteundo,
3317 4318 3379 4365 ut
3404 4329 3513 4383 quo
3544 4308 3803 4383 antiquior.
3822 4312 3869 4350 80

2186 4361 2229 4413 D
2262 4361 2853 4436 simainsatiatus;
2863 4361 3302 4437 ὲῦὂᾶὲὲὶἶυὶιὶᾷἰο
3322 4361 3385 4436 3;.
3395 4361 3613 4438 ιῗίῖεζιτίο.
3631 4361 3774 4443 Atqui
3791 4383 3869 4448 quo

2255 4453 2469 4507 diutius
2516 4455 2785 4524 improbi,
2817 4454 3234 4509 diuturniorem
3268 4456 3441 4509 vitam
3468 4456 3696 4524 agentes,
3733 4446 3873 4510 CUPita

2254 4524 2579 4595 perticiunt,
2601 4521 2691 4579 _eo
2752 4526 3079 4580 diuturnior
3110 4531 3193 4579 est
3239 4543 3439 4580 eorum
3473 4521 3720 4578 miseria:
3756 4527 3866 4572 cnim.

2254 4602 2317 4650 ut
2342 4597 2611 4662 diximus,
2672 4597 3058 4651 miserrimum
3096 4598 3168 4652 sit
3198 4600 3378 4652 scelus
3411 4597 3698 4669 perﬁcere:
3740 4597 3868 4669 quam

2252 4658 2622 4732 infelicissimi
2668 4675 2859 4733 essent,
2927 4671 2975 4722 si
3036 4685 3142 4723 non
3197 4658 3683 4723 eorum‘malitiam
3732 4658 3872 4734 sali?!"

2253 4755 2396 4811 mors
2429 4747 2671 4793 extrema
2705 4744 2885 4806 ﬁniret
2917 4758 2930 4795 :
2960 4742 3112 4811 quod
3145 4758 3317 4807 mors,
3357 4742 3485 4795 licet
3515 4754 3618 4792 non
3646 4736 3706 4811 sit
3739 4739 3875 4811 αξηυξ·

2252 4808 2394 4864 libet
2449 4794 2995 4865 illorum'miseriaal
3035 4794 3206 4881 meta,
3260 4794 3577 4867 esttamen
3612 4794 3801 4860 sceleris
3824 4794 3872 4847 ab

2252 4881 2454 4935 iisdem
2487 4883 2820 4952 perficiendi
2852 4885 3004 4937 finis.
3678 4944 3755 4953 ,η

2324 4958 2349 5030 ξ
2384 4943 2666 5030 Namhoc‘
2692 4970 2900 5030 quoque
2930 4955 3074 5030 quod
3109 4956 3305 5022 dicam,
3330 4960 3458 5030 _etc_.
3492 4954 3508 5025 ]
3540 4952 3627 5007 Ill.
3676 4943 3865 5030 Philo}?

2254 5024 2391 5095 phia
2421 5026 2624 5095 probat
2654 5015 2953 5094 improbos
2974 5028 3079 5081 hoc
3111 5043 3232 5081 esse
3264 5015 3601 5089 miseriores,
3632 5015 3761 5091 quod
3798 5015 3866 5095 lin-

2255 5081 2442 5167 puniti
2471 5096 2700 5170 vivant:
2738 5081 2851 5152 uon
2888 5099 3074 5170 solum
3128 5101 3262 5170 quia
3300 5099 3483 5169 poenis
3513 5102 3567 5150 et
3591 5081 3762 5170 'so'utes

2254 5163 2452 5220 serunt
2482 5174 2538 5222 et
2564 5168 2818 5224 insontes
2849 5169 3030 5223 vitent
3060 5163 3320 5237 crimina,
3357 5184 3553 5223 verum
3587 5163 3732 5218 etiam
3767 5165 3866 5237 qu"?

2254 5254 2385 5292 cum
2416 5240 2646 5293 miseria
2698 5246 2909 5295 crescat
2957 5240 3278 5295 accessione
3307 5235 3483 5305 rmali,
3532 5251 3639 5292 non
3666 5235 3865 5307 599.05}?

2253 5310 2493 5384 felicitas
2539 5312 2859 5366 accessione
2916 5312 3052 5368 boni
3102 5314 3280 5384 (quod
3314 5319 3379 5367 ut
3445 5300 3643 5366 bonum
3672 5300 3861 5384 felicitas

2254 5380 2335 5456 sic
2370 5383 2584 5436 malum
2604 5384 2848 5456 miseria
2869 5384 2941 5437 sit
2962 5400 3028 5438 ex
3057 5377 3262 5455 dictis),
3299 5390 3595 5456 propterea
3609 5377 3863 5456 cuicunqtf‘f

2256 5453 2462 5507 misero
2502 5454 2706 5508 accidit
2749 5456 2969 5525 aliquid
3015 5457 3172 5521 mali,
3225 5446 3323 5511 ille
3380 5446 3479 5509 h'oc
3510 5446 3865 5525 ipso‘gmiﬁerlﬂ'

2256 5502 2886 5598 estzquemadmoduril
2935 5502 3257 5598 cuicunque
3288 5502 3654 5598 feliciacizidit
3694 5502 3864 5598 aliqui?

2254 5588 2547 5671 boni,'_ille
2576 5614 2644 5671 eo
2677 5598 2802 5669 ipso
2834 5602 2919 5653 est
2950 5588 3188 5654 felicior:
3224 5599 3395 5671 Atqui
3422 5591 3709 5671 improbe.
3732 5588 3864 5671 eff?

2259 5659 2413 5740 quod
2449 5667 2540 5725 hic
2569 5659 2893 5743 impunitus
2931 5671 3101 5741 vivat,
3136 5659 3342 5730 accidit
3364 5659 3567 5743 aliquid
3594 5659 3734 5719 mali:
3767 5659 3859 5708 cum
