3972 6182
117 274 207 324 8(ὶὸ
1125 270 1213 324 DE
1260 269 1778 324 CONSOIATIONE
1819 269 2302 324 PHILOSOPHl/li
2343 269 2471 322 LIB.
2509 271 2593 322 ιν.

3487 271 3588 325 806

119 417 222 456 non
253 400 440 455 minus
475 397 684 452 mirum
721 397 1003 465 videatur,
1037 399 1136 454 sed
1167 416 1237 453 ex
1267 401 1356 454 his
1394 417 1524 471 quae
1553 406 1782 471 sumpta
1819 406 1866 458 A
1892 401 1968 466 bi,
2005 403 2116 470 (10)
2150 400 2417 471 iniquum
2451 416 2573 454 esse
2598 401 2967 454 manifestum
2999 405 3100 454 est.
3126 401 3263 464 Quis
3288 401 3346 455 id
3381 401 3588 472 neget?

119 496 234 544 sunt
263 505 422 560 teque
460 493 542 542 est
572 487 978 542 necessarium.
1027 489 1360 552 Quidnam?
1391 491 1650 561 inquam.
1676 491 1784 545 Fe-

115 581 338 641 liciores,
401 577 602 649 inquit,
666 593 786 632 esse
844 578 1138 648 improbos
1205 578 1488 649 supplicia
1537 579 1780 644 luentes,

117 686 268 742 quam
296 669 341 722 si
372 685 470 722 eos
507 668 664 722 nulla
687 667 925 738 justitite
971 684 1144 740 poena
1171 673 1462 736 ,coerceat.
1502 669 1698 739 Neque
1727 669 1784 723 id

112 768 290 816 nuncs
318 758 540 826 molior,
587 758 740 829 quod
793 758 970 812 cuivis
1020 757 1134 828 (15)
1169 759 1360 813 veniat
1399 758 1461 812 in
1506 763 1780 825 mentem,

112 848 298 918 corrigi
327 847 544 902 ultione
573 863 776 915 pravos
807 863 1013 914 mores,
1055 852 1110 901 et
1147 848 1217 902 ad
1247 853 1465 902 rectum
1513 845 1781 917 supplicii

111 945 300 994 terrore
332 936 555 1001 deduci,
604 937 825 991 caeteris
855 953 1086 1008 quoque
1134 938 1462 1008 exemplum
1497 952 1618 991 esse
1657 937 1780 990 cul-

106 1024 270 1096 panda
298 1022 598 1093 fugiendi:
643 1022 743 1077 sed
774 1023 886 1076 alio
933 1024 1180 1094 quodam
1226 1025 1395 1079 modo
1437 1024 1780 1078 infeliciores

110 1130 209 1168 esse
235 1113 531 1182 improbos
579 1113 832 1166 arbitror
862 1113 1201 1183 impunitos,
1239 1114 1469 1169 tametsi
1501 1115 1658 1168 nulla
1687 1129 1778 1167 ra-

111 1205 173 1257 tio
199 1201 589 1271 correctionis,
621 1202 818 1256 nullus
865 1207 1155 1274 respectus
1201 1203 1480 1258 habeatur
1509 1203 1777 1275 exempli.

115 1293 164 1346 Et
193 1291 308 1362 quis
353 1292 483 1358 erit,
529 1291 787 1362 inquam,
840 1297 1050 1362 prater
1095 1293 1198 1346 hos
1241 1293 1385 1347 alius
1440 1293 1683 1347 modus?
1713 1293 1783 1348 Et

112 1382 202 1446 illa,
250 1383 454 1448 Bonos,
519 1382 634 1450 (‘20)
693 1381 901 1451 inquit,
963 1397 1084 1436 esse
1132 1382 1346 1451 felices,
1405 1383 1587 1437 malos
1646 1398 1778 1436 vero

109 1471 309 1524 miseros
364 1486 562 1524 nonne
633 1471 1063 1525 concessimus?
1119 1472 1356 1537 lta'est,
1408 1473 1664 1542 inquam.
1725 1471 1780 1526 Si

108 1558 276 1631 igitur,
307 1560 519 1631 inquit,
551 1560 800 1615 miserim
831 1562 1149 1632 cujuspiam
1182 1561 1396 1616 bonum
1435 1562 1651 1633 aliquid
1677 1562 1780 1615 ad-

105 1652 260 1714 datur,
306 1666 422 1704 non
458 1651 683 1704 felicior
721 1656 803 1705 est
857 1668 944 1719 eo,
994 1652 1157 1721 cujus
1206 1667 1352 1722 pura
1408 1667 1471 1706 ac
1516 1650 1778 1705 solitaria

109 1741 204 1793 sine
245 1741 587 1811 cujusquam
638 1739 776 1794 boni
821 1741 1163 1795 admistione
1219 1741 1452 1796 miseria
1502 1742 1624 1795 est?
1663 1741 1770 1807 Sic,

107 1828 329 1897 inquam,
378 1829 628 1883 videtur.
676 1830 821 1893 Quid
873 1831 921 1884 si
969 1830 1156 1884 eidem
1209 1834 1350 1884 28!
1407 1830 1634 1897 misero,
1677 1829 1777 1901 qui

108 1920 290 1974 cunctis
318 1925 515 1974 careat
554 1919 743 1986 bonis,
787 1925 997 1991 praeter
1045 1937 1128 1986 ea,
1185 1921 1395 1991 quibus
1439 1921 1616 1976 miser
1667 1925 1770 1989 est,

107 2011 288 2063 malum
315 2009 468 2063 aliud
506 2009 682 2064 fuerit
713 2027 1025 2078 annexum,
1059 2027 1252 2065 nonne
1280 2011 1461 2066 multo
1493 2011 1776 2066 infelicior

109 2115 158 2153 eo
185 2099 484 2153 censendus
524 2104 627 2166 est,
676 2100 838 2169 cujus
873 2098 1250 2153 infortunium
1293 2099 1436 2153 boni
1476 2099 1775 2170 participa-

107 2189 230 2243 tione
259 2192 281 2232 ι)
317 2188 648 2243 relevatur?
683 2189 832 2252 Quid
864 2188 961 2243 ni“?
1013 2190 1271 2260 inquam.
1321 2189 1542 2246 Habent
1597 2189 1776 2259 igitur

108 2278 338 2349 improbi,
376 2294 516 2333 cum
546 2278 891 2349 puniuntur,
938 2279 1078 2332 boni
1108 2278 1375 2350 {quidem
1423 2278 1641 2348 aliquid
1670 2294 1775 2332 an-

108 2383 300 2435 nexum,
326 2368 399 2438 (5)
442 2383 684 2438 poenam
714 2367 901 2438 ipsam
955 2367 1185 2434 scilicet,
1233 2383 1361 2438 quae
1408 2368 1629 2422 ratione
1672 2368 1774 2438 ju-

109 2458 245 2512 stitize
273 2459 414 2512 bona
445 2461 544 2511 est
576 2473 589 2511 :
614 2457 903 2527 iidemque
936 2473 1066 2511 cum
1087 2456 1366 2527 supplicio
1387 2462 1601 2525 carent,
1626 2457 1774 2512 inest

112 2547 173 2600 eis
198 2548 396 2619 aliquid
429 2547 676 2602 ulterius
706 2547 864 2614 mali,
906 2546 1027 2618 ipsa
1077 2547 1412 2618 impunitas,
1458 2563 1634 2619 quam
1662 2547 1776 2602 ini-

113 2637 307 2707 quitatis
349 2638 561 2692 merito
613 2638 832 2692 malum
888 2653 1014 2691 esse
1058 2637 1346 2691 confessus
1415 2652 1494 2692 es.
1555 2638 1772 2707 Negare

113 2743 202 2780 non
234 2743 474 2798 possum.
521 2727 697 2781 Multo
747 2725 923 2796 igitur
965 2725 1303 2780 infeliciores
1351 2725 1600 2795 improbi
1643 2729 1775 2780 sunt

111 2814 286 2883 iniusta
308 2815 656 2888 impunitate
689 2815 908 2885 donati,
943 2831 1116 2885 quam
1137 2816 1293 2885 justa
1315 2814 1532 2870 ultione
1556 2815 1768 2886 puniti.

115 2904 197 2958 Sed
227 2906 408 2975 puniri
441 2906 769 2977 improbos,
812 2906 1060 2977 justum;
1094 2905 1406 2976 impunitos
1451 2920 1582 2960 vero
1604 2913 1626 2941 ο
1657 2904 1770 2959 ela-

1893 489 2000 545 Sed
2036 507 2105 543 ne
2150 490 2293 544 illud
2327 490 2583 560 quidem,
2632 489 2728 556 ait,
2765 490 3071 561 quisquam
3102 489 3336 560 negabit
3365 491 3585 545 bonum

1893 596 2010 633 esse
2033 596 2202 634 omne
2226 580 2378 650 quod
2403 580 2623 649 justum
2643 584 2756 633 est:
2783 584 3096 651 contraque
3127 580 3278 650 quod
3306 579 3585 649 injustum

1893 675 1976 725 est
1996 671 2213 724 malum
2244 670 2466 740 liquere
2497 686 2638 723 esse.
2673 671 2816 724 Tum
2838 685 2976 740 ergo
3012 686 3024 723 :
3059 670 3170 722 Ista
3201 669 3434 739 quidem
3457 685 3586 723 con-

1892 760 2190 830 sequentia
2230 764 2362 813 sunt
2425 759 2505 813 eis
2550 775 2677 829 quae
2724 760 2896 828 paulo
2943 762 3078 813 ante
3120 759 3388 812 conclusa
3429 762 3581 813 sunt.

1894 850 2002 904 Sed
2036 866 2246 921 quaeso,
2283 850 2539 920 inquam,
2572 853 2647 915 te,
2683 851 2913 903 nullane
2945 849 3269 903 animarum
3306 847 3586 918 supplicia

1890 944 2020 1010 post
2072 941 2401 993 defunctum
2463 943 2646 993 morte
2714 955 2915 1010 corpus
2981 939 3094 1010 (15)
3153 937 3464 1009 relinquis?
3519 939 3585 992 Et

1893 1045 2100 1099 magna
2126 1029 2378 1099 quidem,
2421 1028 2613 1100 inquit
2648 1046 2660 1083 :
2702 1029 2714 1062 ί
2742 1028 3148 1099 (ιιιοιυυωζειιὶει
3174 1027 3390 1098 poenali
3420 1042 3582 1079 acer-

1888 1117 2083 1185 bitate,
2117 1118 2228 1171 alia
2257 1133 2391 1172 vero
2415 1118 2749 1189 purgatoria
2777 1118 3081 1172 clementia
3128 1116 3382 1171 exerceri
3418 1121 3577 1186 puto.

1889 1206 1996 1261 Sed
2050 1224 2203 1261 nunc
2261 1208 2332 1261 de
2389 1208 2479 1262 his
2523 1208 2804 1262 disserere
2844 1207 3149 1262 consilium
3204 1222 3322 1261 non
3370 1210 3472 1259 est.
3524 1205 3580 1258 id

1887 1313 2021 1350 vero
2086 1297 2362 1351 hactenus
2415 1296 2658 1367 egimus,
2708 1302 2791 1363 ut,
2848 1312 2976 1368 qua:
3035 1295 3435 1366 indignissima
3478 1294 3582 1347 tibi

1887 1386 2208 1452 videbatur,
2241 1386 2527 1440 malorum
2573 1391 2845 1462 potestas,
2879 1401 3006 1440 eam
3036 1385 3256 1438 nullam
3287 1400 3406 1439 esse
3444 1399 3584 1453 cog-

1889 1492 2150 1530 nosceres
2215 1491 2228 1529 :
2287 1491 2544 1546 quosque
2603 1476 2917 1546 impunitos
2970 1475 3305 1546 querebare,
3363 1473 3582 1527 videres

1888 1581 2189 1636 nunquam
2247 1565 2629 1635 improbitatis
2677 1582 2794 1619 suae
2843 1565 2954 1634 (20)
3005 1581 3196 1619 carere
3243 1561 3579 1633 suppliciis:

1890 1654 2180 1709 licentiam
2205 1655 2390 1725 fquam
2435 1654 2546 1707 cito
2598 1653 2753 1707 finiri
2801 1653 3144 1724 precabaris,
3195 1667 3300 1706 nec
3350 1653 3582 1721 longam

1883 1761 2000 1798 esse
2053 1744 2298 1797 disceres
2331 1759 2346 1798 :
2380 1743 2876 1812 infelicioremque
2923 1743 3066 1810 fore,
3126 1742 3173 1796 si
3221 1741 3579 1806 diuturnior;

1886 1833 2341 1888 infelicissimam
2373 1849 2524 1900 vero,
2559 1833 2604 1886 si
2642 1838 2791 1887 esset
2822 1837 3036 1886 aeterna
3069 1846 3082 1885 :
3115 1834 3241 1901 post
3270 1829 3391 1883 haec
3419 1828 3580 1882 mise-

1881 1923 2224 1992 rioresﬁesse
2279 1923 2590 1992 improbos,
2643 1922 2856 1992 injusta
2903 1921 3245 1991 impunitate
3295 1918 3582 1984 dimissos,

1883 2029 2055 2084 quam
2099 2013 2256 2082 justa
2309 2012 2524 2065 ultione
2564 2011 2818 2082 punitos.
2877 2011 2982 2065 Cui
3028 2009 3329 2064 sententiae
3376 2022 3582 2062 conse-

1883 2119 2063 2174 quens
2130 2107 2234 2168 est,
2285 2105 2348 2155 ut
2399 2105 2521 2155 tum
2571 2101 2804 2154 demum
2871 2098 3230 2170 gravioribus
3286 2097 3582 2167 suppliciis

1882 2196 2215 2262 urgeantur,
2265 2207 2394 2244 cum
2435 2189 2709 2260 impuniti
2740 2204 2860 2244 esse
2901 2189 3009 2260 (223)
3060 2188 3388 2241 creduntur.
3436 2187 3579 2240 Tum

1881 2298 2007 2352 ego,
2056 2283 2196 2335 Cum
2249 2286 2390 2348 tuas,
2446 2281 2706 2351 inquam,
2762 2279 3014 2333 rationes
3067 2278 3391 2343 considero,
3433 2277 3579 2330 nihil

1881 2372 1993 2426 dici
2024 2371 2212 2425 verius
2245 2375 2402 2442 puto.
2453 2375 2610 2425 282
2642 2371 2662 2404 ²
2695 2371 2764 2424 At
2808 2369 2855 2422 si
2902 2369 2973 2423 ad
3022 2367 3325 2423 hominum
3367 2365 3581 2437 judicia

1883 2467 2156 2529 revertar,
2207 2462 2334 2531 quis
2382 2463 2466 2514 est
2516 2459 2614 2514 ille
2660 2464 2764 2527 est,
2820 2459 2912 2513 cui
2949 2458 3086 2528 ghmc
3132 2473 3249 2512 non
3298 2455 3578 2510 credenda

1881 2549 2078 2615 modo,
2117 2549 2213 2603 sed
2244 2549 2444 2604 saltem
2499 2565 2614 2603 non
2648 2548 2936 2603 audienda
2972 2548 3314 2602 videantur?
3361 2546 3442 2600 lta
3472 2550 3574 2612 est,

1881 2639 2071 2709 inquit
2105 2629 2559 2710 illa.‘Nequeunt
2599 2638 2755 2693 enim
2799 2638 2990 2693 oculos
3030 2636 3283 2691 tenebris
3322 2640 3577 2689 assuetos

1883 2727 1953 2782 ad
1997 2728 2181 2781 lucem
2232 2728 2550 2798 perspicua:
2585 2727 2837 2782 veritatis
2864 2726 3149 2794 attollere,
3191 2729 3211 2761 ³
3249 2724 3576 2793 similesque

1879 2818 1905 2860 ἀ
1945 2817 2144 2871 avibus
2187 2821 2336 2885 sunt,
2369 2823 2629 2888 iquarum
2675 2817 2950 2870 intuitum
2994 2831 3110 2869 nox
3157 2813 3463 2876 illuminat,
3497 2813 3574 2881 (5)

1881 2906 2004 2960 dies
2044 2909 2269 2976 ,caacat:
2319 2905 2458 2960 dum
2507 2906 2662 2960 enim
2716 2920 2834 2961 non
2891 2919 3076 2959 rerem
3134 2902 3416 2968 ordinem,
3475 2900 3573 2954 sed

1526 3034 2120 3091 INTERPRETATIO.

167 3143 184 3169 ³
216 3135 486 3192 Contende.

167 3206 185 3247 θ
217 3208 488 3263 Minuitur.

1948 3146 1972 3176 ο
2008 3135 2196 3190 Abire.

1949 3208 1976 3249 (ἰ
2012 3207 2254 3261 Noctuis.

1703 3331 1922 3388 NOTrE.

115 3460 236 3515 enim
271 3462 456 3533 puniri
513 3465 721 3533 etnon
754 3459 949 3533 puniri
999 3458 1114 3533 sint
1162 3457 1471 3533 contraria,
1521 3473 1767 3529 cumque

115 3529 288 3600 puniri'
312 3535 380 3587 sit
417 3533 642 3604 aliquid
695 3529 829 3586 boni
870 3531 1041 3584 etiam
1080 3529 1378 3604 improbo,
1430 3546 1656 3604 necesse
1687 3535 1770 3584 est

116 3609 164 3655 ut
188 3620 286 3658 non
315 3602 720 3674 puniri—eidem
757 3604 1016 3673 improbo
1047 3602 1118 3655 sit
1138 3602 1353 3672 aliquid
1376 3602 1528 3669 mali,
1559 3618 1770 3672 quam-

117 3675 179 3726 vis
213 3693 394 3744 magna
433 3680 750 3730 ani-marum
787 3677 1061 3744 supplicia
1100 3680 1219 3744 post
1250 3674 1566 3741 defunctum
1603 3679 1771 3728 morte

117 3760 266 3814 corpus
297 3750 604 3818 supersint.

174 3819 182 3849 ¹
232 3819 448 3883 Quorum
495 3822 616 3872 alia
662 3820 862 3887 poenali
892 3818 1202 3883 acerbitate,
1253 3818 1367 3871 alia
1398 3833 1520 3872 vero
1556 3832 1766 3885 purga-

125 3890 572 3958 toriaelrnuvntiaj
611 3892 798 3954 Malos,
834 3891 1022 3960 inquit
1067 3890 1340 3955 Vallinus,
1393 3888 1479 3941 hic
1524 3891 1770 3954 agnoscit

125 3973 201 4010 non
228 3962 556 4016 Christianus
591 3963 762 4026 modo,
806 3963 899 4014 sed
937 3967 986 4014 et
1018 3963 1312 4013 catholicus
1351 3962 1590 4022 Boetius,
1632 3960 1768 4012 alios

121 4032 294 4091 quidem
315 4038 525 4088 aeternis
571 4037 739 4100 panis
772 4034 1065 4092 damnari;
1088 4034 1224 4084 alios
1253 4047 1375 4083 vero
1418 4047 1515 4098 pro
1537 4032 1768 4098 peccatis

119 4100 241 4170 longo
273 4105 440 4159 dolore
464 4109 809 4159 cruciatuum
839 4104 1125 4157 emundari
1145 4109 1192 4155 et
1225 4105 1458 4170 purgari
1487 4103 1585 4155 diu
1618 4105 1763 4166 igne.

116 4169 246 4245 Quod
276 4183 587 4240 agnoscunt
637 4177 742 4245 ipsi
787 4169 1318 4243 h‘lagdeburgenses,
1372 4179 1515 4245 cent.
1552 4177 1603 4236 6,
1638 4189 1762 4240 cap.

119 4242 462 4314 i,cogitatum
492 4265 525 4301 a
567 4242 780 4300 Boetio.
831 4247 946 4299 Nisi
978 4242 1168 4298 tamen
1221 4244 1604 4312 Philosophia.
1640 4259 1767 4313 qua).

121 4328 238 4390 nunc
269 4318 526 4388 loquitur,
574 4318 820 4370 voluerit
869 4318 958 4370 hic
1008 4317 1328 4384 exprimere
1367 4332 1532 4390 sensa
1577 4316 1768 4368 Plato-

120 4387 354 4458 nicorum,
409 4392 494 4444 vel
547 4391 719 4444 etiam
781 4391 1305 4458 Pythagoracorum,
1363 4387 1570 4457 quibus
1609 4402 1764 4453 qua:-

120 4454 223 4531 durn
252 4468 476 4528 mentes,
527 4463 680 4531 quod
731 4454 925 4513 earnm
967 4454 1179 4512 scelera
1225 4454 1398 4512 nulla'
1425 4458 1765 4531 purgatione

122 4529 210 4579 elui
258 4540 498 4600 possent,
535 4529 770 4585 nitentis
829 4532 1224 4584 efficiebantur
1273 4531 1588 4600 suppliciis:
1640 4530 1766 4582 alia:

121 4612 253 4676 )‘f‘r0._
290 4620 523 4672 quarum
571 4605 792 4656 minora
825 4609 996 4676 erant
1061 4602 1324 4676 crimina,
1385 4608 1490 4676 aut
1538 4602 1766 4654 aeternis

124 4667 257 4746 flljt'su
287 4667 663 4746 voluptatibus
695 4675 1050 4740 fruebantur,
1083 4674 1611 4746 omnipurgatione
1641 4688 1766 4740 per-

121 4737 308 4816 iuncla’,
343 4737 434 4799 aut
467 4749 674 4816 partim
716 4753 975 4816 purgata:
1008 4737 1073 4799 ex
1108 4737 1293 4814 Elysio
1327 4737 1563 4798 invnova
1595 4737 1767 4798 etiam

119 4807 385 4934 Eggtiarum
409 4807 647 4888 corpora
674 4807 1146 4873 detrudebantur.
1172 4807 1383 4886 'Virgil.
1423 4831 1485 4871 v1
1515 4817 1665 4880 Ain.,
1700 4831 1759 4870 v.

127 4900 233 4936 16:1:

216 4973 673 5042 Ergoexercentur
695 4979 868 5042 pcnnis
899 4982 1240 5039 veterumque
1271 4975 1534 5042 malorum

216 5034 457 5104 Supplicia
485 5034 793 5104 expendunt
825 5053 835 5090 :
865 5041 981 5089 alite
1010 5034 1319 5103 panduntur
1352 5040 1537 5088 inanes

216 5098 470 5164 Suspensze
499 5098 566 5151 ad
596 5109 780 5152 ventos
807 5120 820 5152 :
849 5105 964 5151 aliis
995 5098 1094 5151 sub
1129 5104 1336 5164 gurgite
1369 5107 1514 5151 vasto

218 5158 450 5226 Infectum
481 5167 676 5215 eluitur
705 5167 895 5224 scelus,
929 5171 1020 5214 aut
1048 5158 1288 5214 exuritur
1318 5165 1450 5226 igni.

217 5225 425 5296 Quisque
450 5243 572 5296 suos
601 5230 829 5296 patimur
856 5243 1054 5296 manes.
1091 5229 1294 5275 Exinde
1322 5225 1412 5289 per
1435 5225 1668 5288 amplum

217 5284 449 5338 llittiniur
473 5284 725 5354 Elysium,
763 5297 814 5340 et
839 5293 992 5355 pauci
1017 5291 1138 5339 laeta
1162 5305 1287 5339 arva
1317 5284 1575 5338 tenemus.

175 5368 193 5402 ³
242 5378 318 5455 At.
361 5382 408 5432 si
451 5381 522 5434 ad
574 5383 847 5437 hominum
886 5382 1125 5451 judicia,
1177 5379 1326 5455 etc],
1364 5381 1518 5434 Mens
1570 5383 1760 5455 nostra

126 5439 264 5524 Dfuni
309 5449 446 5504 inter
480 5459 534 5505 et
581 5469 785 5524 corpus
816 5439 1133 5507 hu'manuni
1181 5439 1397 5524 media;
1430 5454 1626 5521 utpote
1659 5450 1759 5504 Dei

124 5511 330 5594 illectus,
361 5528 413 5594 et
453 5511 702 5594 corporis
741 5525 981 5580 humani
1030 5526 1234 5588 forma,
1287 5523 1355 5577 ab
1386 5511 1625 5592 utrdque
1652 5538 1763 5594 ipa-

125 5586 251 5652 mur,
298 5606 328 5666 ᾳ
375 5593 484 5648 Deo
537 5586 931 5660 illuminanda,
984 5613 1016 5651 a
1057 5586 1295 5666 corpore
1344 5586 1703 5648 obscuranda
1741 5609 1752 5646 :

125 5661 454 5722 quamobrem
488 5668 684 5725 eadem
725 5685 890 5726 mens
925 5685 1044 5724 non
1083 5661 1216 5724 ante
1259 5671 1393 5738 apta
1431 5669 1514 5721 est
1537 5680 1755 5763 ‘verum

1878 3461 2214 3530 certumque
2247 3458 2315 3512 de
2347 3457 2518 3511 rebus
2544 3455 2850 3530 propositis
2879 3453 3026 3530 ferre
3054 3451 3363 3523 judicium,
3391 3469 3569 3530 quam

1879 3532 2085 3600 spretis
2123 3525 2301 3599 ipsius
2333 3525 2602 3600 corporis
2630 3525 2904 3592 motibus,
2937 3525 3567 3600 solum‘przeceptorem

1883 3595 2058 3655 Deum
2092 3595 2549 3670 interrogavérit,
2592 3599 2861 3668 intusque
2882 3595 3343 3670 respondentem
3379 3596 3566 3670 intel-

1877 3674 2076 3726 lexerit
2103 3667 2375 3726 attentius
2405 3688 2415 3724 :
2451 3672 2665 3741 optime
2698 3667 2850 3722 enim
2871 3669 2926 3722 S.
2951 3673 3244 3741 August._i
3273 3667 3341 3721 de
3365 3668 3564 3741 Genes.

1879 3746 1946 3797 ad
1978 3745 2082 3809 lit.,
2115 3760 2160 3796 c.
2197 3745 2246 3796 5:
2273 3738 2632 3810 Principium,
2657 3742 2757 3805 ait,
2790 3746 3050 3794 creaturae
3078 3738 3462 3793 intellectualis
3493 3743 3571 3793 est

1875 3823 2074 3868 aeterna
2129 3816 2422 3880 sapientia,
2464 3813 2606 3881 quod
2641 3814 2972 3880 principium
3019 3825 3242 3864 manens
3289 3813 3344 3864 in
3393 3825 3447 3864 se
3489 3815 3572 3864 in-

1876 3887 2349 3948 com-mutabiliter,
2392 3885 2539 3937 nullo
2567 3884 2721 3935 modo
2761 3888 2930 3936 cessat
2959 3884 3168 3936 occulta
3209 3884 3569 3949 inspiratione

1877 3961 2172 4010 vocationis
2223 3958 2371 4022 loqui
2423 3958 2473 4007 ei
2512 3959 2794 4016 creaturae,
2847 3956 2935 4006 cui
2987 3955 3319 4021 principium
3361 3959 3458 4015 est,
3506 3957 3569 4004 ut

1878 4035 2224 4082 convertatur
2253 4027 2325 4079 ad
2355 4025 2414 4078 id
2443 4042 2509 4078 ea:
2539 4041 2642 4093 quo
2677 4031 2755 4077 est
2794 4041 2814 4077 :
2847 4025 2991 4092 quod
3029 4025 3190 4076 aliter
3229 4025 3469 4088 formata
3503 4039 3564 4076 ac

1877 4102 2118 4168 perfecta
2149 4114 2257 4153 esse
2294 4112 2399 4150 non
2429 4101 2629 4165 posset.
2676 4098 2896 4163 Ubique,
2930 4095 3118 4164 inquit
3154 4093 3304 4168 idem
3339 4099 3567 4168 sanctus

1877 4163 2074 4224 doctor
2115 4173 2146 4224 l.
2199 4186 2234 4223 Χ
2281 4163 2466 4233 ($0an,
2518 4183 2566 4220 c.
2606 4170 2695 4231 :26,
2756 4169 2965 4220 Veritas
3010 4163 3272 4233 praesides
3316 4165 3563 4216 omnibus

1877 4242 2276 4296 consulentibus
2323 4247 2370 4294 te
2397 4241 2664 4307 simulque
2694 4237 2979 4305 respondes
3007 4236 3252 4290 omnibus
3287 4238 3449 4307 etiam
3480 4235 3566 4287 di-

1874 4331 2029 4367 versa
2059 4312 2477 4366 consulentibus.
2527 4306 2759 4377 Liquide
2785 4315 2842 4361 tu
2875 4307 3185 4376 respondes,
3217 4306 3310 4359 sed
3340 4320 3446 4358 non
3493 4307 3567 4377 li-

1877 4387 2040 4454 quide
2079 4401 2255 4438 omnes
2287 4385 2554 4437 audiunt:
2599 4376 2744 4454 quis
2767 4383 2929 4447 enim,
2971 4380 3063 4454 ait
3091 4379 3240 4454 idem
3274 4376 3567 4454 sanctissi-

1876 4449 2004 4510 mus
2035 4463 2219 4526 pater,
2263 4456 2331 4508 de
2365 4449 2620 4508 lmmort.
2657 4452 2971 4526 animm,c.
3009 4450 3256 4526 lQ,-ben_e
3290 4463 3344 4526 se
3391 4449 3565 4526 inspi-

1877 4531 2018 4581 ciens
2036 4521 2154 4582 'non
2182 4521 2435 4596 eaiperlus
2465 4532 2542 4579 est
2572 4530 2718 4577 tanto
2770 4540 2824 4578 se
2851 4522 3066 4596 aliquid
3093 4521 3423 4596 intellexisse
3451 4521 3566 4571 sin-

1878 4605 2071 4664 ccrius,
2127 4593 2331 4668 quanto
2362 4613 2629 4651 remove-re
2670 4603 2832 4664 atque
2879 4594 3172 4668 subducere
3214 4593 3567 4668 intentionem

1807 4691 1850 4744 D
1881 4662 2072 4725 mentis
2113 4662 2404 4744 deorporis
2440 4669 2682 4744 sensibus
2725 4662 3130 4744 potuitsAtqti-i
3165 4662 3412 4744 maxuma
3437 4677 3567 4730 pars

1882 4744 2180 4797 hominum
2224 4734 2689 4811 p'raicipitatione
2725 4734 2781 4792 et
2812 4735 3146 4809 prmjudiclo
3177 4734 3366 4807 potius
3393 4749 3565 4804 quam

1877 4815 1966 4869 his
2001 4809 2499 4884 legibusijudicant
2533 4827 2546 4864 :
2579 4809 2729 4864 unde

1950 4891 1969 4920 ³
2000 4876 2212 4940 Similes
2237 4876 2438 4938 avibus
2467 4887 2616 4949 sunt,
2655 4879 2784 4949 etc.]
2832 4878 3316 4948 Vespertilionibus
3357 4876 3570 4932 scilicet

1877 4963 1931 5011 et
1960 4960 2189 5022 noctuis,
2224 4973 2352 5026 qua-3
2386 4955 2538 5025 quod
2573 4951 2994 5026 mobilioribus
3018 4949 3565 5026 afﬁciantur-oculo-

1875 5046 2000 5082 rum
2037 5020 2192 5082 iibris
2238 5020 2582 5096 tunicisque,
2621 5024 2829 5096 idcirco
2860 5022 3097 5096 minimo
3130 5023 3310 5096 noctis
3347 5020 3565 5096 lumine

1873 5099 2211 5163 illuminari,
2263 5091 2484 5166 majori
2516 5112 2648 5149 vero
2694 5095 2808 5148 diei
2839 5095 3140 5164 splendore
3167 5091 3387 5166 otfun‘di
3434 5108 3563 5160 pos-

1872 5177 2004 5225 sunt
2037 5188 2048 5225 :
2098 5162 2252 5224 unde
2284 5162 2398 5223 non
2443 5168 2550 5221 nisi
2583 5182 2812 5236 vespere
2853 5162 2907 5219 et
2935 5172 3120 5227 nocte,
3151 5181 3182 5218 a
3222 5162 3424 5234 quibus
3455 5179 3564 5236 _n_o-

1873 5259 2005 5296 men
2043 5243 2278 5305 habent,
2333 5241 2569 5294 volitare
2613 5233 3050 5306 consueverunt,
3099 5233 3257 5291 Ovid.
3292 5236 3327 5288 l.
3370 5247 3423 5288 1v
3453 5233 3560 5286 Me-

1872 5320 2030 5380 tam.,
2068 5314 2181 5369 fab.
2218 5317 2318 5367 12:

1993 5422 2212 5482 Jamque
2247 5420 2360 5466 dies
2391 5422 2605 5468 exactus
2634 5421 2760 5476 erat,
2793 5421 3107 5482 tempusque
3139 5413 3348 5482 subibat

1995 5477 2145 5539 Quod
2174 5489 2228 5530 tu
2261 5497 2357 5530 nec
2386 5483 2646 5530 tenebras.
2682 5495 2779 5529 nec
2804 5477 2972 5543 possis
2999 5479 3169 5543 dicere
3202 5477 3390 5543 lucem,

1993 5546 2091 5593 Sed
2119 5560 2238 5593 cum
2265 5545 2380 5593 luce
2409 5549 2583 5593 tamen
2621 5539 3058 5592 dubize'conﬁnia
3085 5539 3316 5587 noctis...

1991 5610 2256 5671 Tectaque
2275 5621 2384 5656 non
2417 5608 2576 5656 silvas
2606 5607 2874 5656 celebrant
2901 5605 3177 5664 lucemque
3208 5615 3408 5663 perosae

1989 5672 2151 5720 Nocte
2167 5670 2377 5740 "volant,
2402 5684 2518 5720 sero
2535 5683 2624 5733 lue
2653 5671 2836 5718 tenent
2857 5680 2886 5715 a
2917 5677 3130 5728 vespere
3162 5677 3375 5715 nomen.
