3982 6182
376 253 482 306 807
1725 251 1836 304 ΑΝ.
1877 250 2084 305 MANL.

2126 249 2272 306 SEV.
2317 250 2548 306 BOETII
3721 261 3804 313 808

376 400 508 441 suos
553 383 853 438 intuentur
894 381 1147 447 affectus,
1182 381 1271 435 vel
1314 380 1626 449 licentiam,
1665 381 1755 436 vel
1803 381 2064 453 impuni-
2105 384 2150 440 A
2179 398 2353 451 nunc,
2406 383 2506 448 ait,
2563 386 2762 436 contra
2802 381 3021 437 faciunt
3051 385 3078 426 ἅ
3106 388 3378 438 oratores.
3431 387 3530 440 Pro
3570 386 3650 441 his
3680 390 3811 444 enim

377 479 556 531 tatem
619 473 898 527 scelerum
939 475 1144 542 putant
1193 486 1316 525 esse
1381 470 1628 526 felicem.
1688 471 1824 525 Vide
1879 477 2076 526 autem

379 564 520 638 quid
547 566 763 618 aeterna
784 562 875 616 lex
905 560 1164 616 sanciat?
1204 560 1533 615 Melioribus
1564 560 1823 616 animum
1855 562 2077 616 confor-

378 655 664 721 maveris;
693 653 838 707 nihil
871 669 1018 722 opus
1057 655 1142 706 est
1164 651 1358 722 judice
1394 651 1702 722 praemium
1738 652 2026 706 deferente
2059 668 2071 706 :

378 750 441 801 tu
472 750 527 800 te
557 745 680 815 ipse
713 741 1214 797 excellentioribus
1253 740 1544 796 addidisti.
1579 741 1845 796 Studium
1877 741 1950 795 ad
1976 757 2076 812 pe-

377 835 505 906 jora
534 833 862 898 deﬂexeris;
899 836 1061 886 extra
1094 845 1168 885 ne
1201 831 1497 902 queesieris
1542 831 1817 896 ultorem;
1858 830 1970 900 (l0)
2014 835 2076 884 tu

377 929 433 979 te
482 924 604 994 ipse
649 923 712 977 in
755 921 1043 976 deteriora
1091 920 1380 975 detrusisti
1416 919 1444 989 [ε
1485 920 1663 974 veluti
1699 920 1746 974 si
1790 929 1816 955 ⁸
1859 920 2076 974 vicibus

379 1012 670 1070 sordidam
708 1011 976 1077 humum,
1022 1009 1342 1080 caelumque
1381 1009 1674 1080 respicias,
1721 1008 1938 1063 cunctis
1979 1024 2074 1063 ex-

378 1107 467 1158 tra
515 1101 889 1168 cessantibus,
941 1101 1068 1171 ipsa
1105 1099 1379 1154 cernendi
1427 1099 1650 1154 ratione
1690 1115 1846 1154 nunc
1893 1115 2075 1164 cceno,

379 1213 535 1252 nunc
573 1195 857 1251 sideribus
888 1194 1166 1249 interesse
1195 1193 1456 1249 videaris.
1491 1196 1562 1248 At
1589 1193 1795 1264 vulgus
1824 1191 1932 1246 ista
1961 1207 2077 1246 non

379 1286 626 1358 respicit.
656 1285 805 1349 Quid
825 1283 1058 1355 ﬁgitur?
1081 1284 1171 1338 his
1201 1300 1272 1338 ne
1309 1284 1667 1350 accedamus,
1701 1299 1846 1353 quos
1871 1281 2077 1337 belluis

381 1376 597 1431 similes
658 1391 780 1430 esse
837 1373 1319 1429 monstravimus?
1369 1373 1541 1440 Quid,
1587 1372 1634 1427 si
1696 1371 1824 1443 quis
1868 1370 2077 1425 amisso

379 1466 610 1537 penitus
650 1465 793 1532 visu,
855 1463 1045 1534 ipsum
1086 1463 1260 1519 etiam
1304 1479 1362 1518 se
1392 1462 1663 1517 habuisse
1714 1461 1825 1532 (15)
1869 1460 2078 1514 oblivi—

381 1560 634 1610 sceretur
663 1554 958 1621 intuitum,
999 1552 1261 1623 nihilque
1292 1552 1402 1606 sibi
1433 1553 1502 1606 ad
1533 1553 1848 1606 humanam
1883 1549 2076 1620 perfe-

379 1644 630 1698 ctionem
683 1643 878 1696 deesse
932 1641 1329 1708 arbitraretur,
1391 1657 1506 1694 non
1567 1639 1825 1694 videntes
1875 1638 2077 1692 eadem

380 1747 557 1786 caseos
597 1731 969 1801 putaremus?
1007 1728 1193 1784 288'
1230 1731 1372 1783 Nam
1420 1745 1491 1782 ne
1535 1729 1676 1782 illud
1707 1727 1939 1798 quidem
1989 1742 2079 1780 ac-

383 1821 696 1892 quiescent,
731 1819 886 1890 quod
936 1835 1099 1890 aeque
1149 1817 1349 1873 validis
1394 1819 1686 1872 rationum
1730 1816 1937 1871 nititur
1985 1815 2081 1869 ﬁr-

383 1909 711 1975 mamentis,
762 1907 1106 1962 infeliciores
1151 1925 1246 1962 eos
1295 1924 1436 1975 esse,
1484 1907 1585 1979 qui
1620 1906 1860 1974 faciunt,
1909 1919 2084 1976 quam

385 1999 483 2070 qui
517 1997 822 2068 patiuntur
859 1996 1153 2068 injuriam.
1187 1997 1421 2064 Vellem,
1470 1996 1730 2066 inquam,
1780 1995 1882 2066 has
1934 1993 2084 2064 ipsas

384 2087 584 2141 audire
640 2087 909 2140 rationes.
973 2087 1237 2151 Omnem,
1293 2085 1505 2156 inquit,
1559 2085 1893 2155 improbum
1944 2099 2083 2136 num

383 2178 662 2248 supplicio
703 2177 944 2245 dignum
999 2176 1212 2245 negas?
1245 2175 1493 2230 Minime.
1534 2175 1792 2228 Infelices
1841 2172 1919 2242 (5)
1953 2187 2084 2225 vero

385 2282 529 2332 esse,
563 2266 659 2336 qui
700 2265 813 2318 sint
856 2265 1131 2334 improbi,
1181 2263 1578 2334 multipliciter
1627 2264 1825 2334 liquet.
1883 2263 1967 2314 Ita
2000 2265 2086 2314 est

385 2356 646 2427 inquam.
689 2353 794 2419 Qui
847 2355 1027 2424 igitur
1073 2354 1354 2424 supplicio
1414 2353 1575 2423 digni
1632 2358 1784 2420 sunt,
1843 2351 2085 2405 miseros

387 2461 510 2500 esse
587 2461 705 2498 non
759 2443 1027 2498 dubitas?
1091 2442 1393 2510 Convenit,
1463 2442 1724 2512 inquam.
1793 2440 1850 2494 Si
1908 2439 2086 2510 igitur

387 2536 414 2576 δ
441 2532 726 2602 cognitor,
762 2532 864 2601 ait,
896 2531 1195 2597 resideres,
1224 2530 1314 2584 cui
1343 2529 1689 2602 supplicium
1721 2529 2084 2582 inferendum

387 2629 639 2694 putares,
681 2623 810 2676 eine
861 2621 960 2692 qui
999 2621 1244 2689 fecisset,
1302 2636 1375 2674 an
1424 2620 1526 2690 qui
1564 2618 1894 2689 pertulisset
1930 2618 2081 2687 inju-
2113 2674 2118 2680 ,

385 2711 572 2766 riam?
601 2712 712 2765 Nec
741 2719 762 2746 °
791 2710 1045 2780 ambigo,
1095 2712 1368 2781 inquam,
1429 2708 1570 2779 quin
1619 2723 1886 2778 perpesso
1919 2706 2081 2760 satis-

387 2801 635 2856 facerem
687 2799 886 2854 dolore
941 2799 1222 2854 facientis.
1283 2799 1391 2868 (10)
1451 2797 1708 2852 Miserior
1755 2796 1934 2866 igitur
1980 2795 2083 2850 tibi

387 2891 615 2961 injuriae
646 2890 856 2956 illator,
904 2905 1078 2959 quam
1117 2893 1382 2958 acceptor
1407 2904 1528 2942 esse
1566 2887 1876 2941 videretur.
1935 2886 2083 2940 Con-
2119 2943 2126 2950 κ

389 2979 670 3048 sequitur,
705 2980 964 3048 inquam.
1017 2979 1129 3032 llac
1179 2978 1359 3047 igitur
1409 2977 1648 3048 aliisque
1698 2975 1768 3030 de
1801 2976 1987 3029 causis
2019 2991 2086 3028 ea

386 3068 578 3122 radice
618 3068 951 3134 nitentibus,
984 3067 1137 3138 quod
1170 3067 1466 3137 turpitudo
1499 3071 1698 3137 suapte
1747 3070 1952 3119 natura
1983 3064 2088 3118 mi-

392 3174 548 3212 seros
580 3157 770 3222 faciat,
825 3161 1083 3226 apparet,
1115 3157 1333 3210 illatam
1387 3155 1622 3209 cuilibet
1649 3155 1924 3224 injuriam
1970 3170 2088 3206 non

389 3245 740 3317 accipientis,
806 3244 904 3298 sed
967 3243 1265 3298 inferentis
1332 3260 1454 3298 esse
1525 3243 1839 3298 miseriam.
1917 3241 2088 3313 Atqui

2187 473 2286 544 qui
2355 489 2524 543 grave
2583 473 2746 543 quid,
2811 473 3195 544 acerbumque
3234 475 3345 544 (t‘o’)
3399 477 3631 546 perpessi
3687 485 3813 546 sunt,

2185 562 2613 616 miserationem
2641 561 2901 631 judicum
2933 562 3179 617 excitare
3210 569 3501 632 conantur,
3522 582 3639 618 cum
3667 568 3817 635 magis

2186 651 2620 704 admittentibus
2658 651 2868 718 justior
2897 652 3186 705 miseratio
3217 653 3485 706 debeatur
3513 670 3525 707 :
3553 670 3682 724 quos
3727 671 3818 710 non

2181 739 2255 794 ‘ab
2286 741 2468 807 iratis,
2501 739 2600 794 sed
2627 756 2658 793 a
2691 740 2954 811 propitiis
2997 742 3211 810 potius,
3245 741 3730 814 miserantibusque
3755 763 3821 798 ac-

2185 828 2540 882 cusatoribus
2577 829 2646 882 ad
2691 829 2996 899 judicium,
3048 830 3225 884 veluti
3269 847 3450 900 aegros
3475 831 3542 884 ad
3581 833 3822 888 medicum

2185 917 2315 972 duci
2345 918 2662 987 oportebat,
2681 924 2743 971 ut
2763 919 2944 987 culpae
2977 919 3206 972 morbos
3221 920 3494 990 supplicio
3515 929 3822 991 resecarentp

2185 1024 2298 1079 quo
2329 1013 2491 1079 pacto
2521 1008 2889 1062 defensorum
2917 1023 3113 1078 opera,
3150 1010 3235 1063 vel
3264 1014 3383 1063 tota
3413 1010 3652 1079 frigeret,
3685 1012 3757 1064 vel
3783 1015 3821 1065 si

2187 1098 2456 1169 prodesse
2480 1098 2588 1167 (20)
2631 1096 2961 1152 hominibus
3010 1099 3224 1164 mallet,
3267 1099 3328 1152 in
3373 1100 3719 1152 accusationis
3748 1102 3824 1154 ha-

2186 1188 2371 1242 bitum
2409 1192 2742 1241 verteretur.
2789 1187 2903 1258 Ipsi
2947 1204 3180 1258 quoque
3229 1187 3492 1258 improbi,
3538 1189 3580 1240 si
3610 1190 3717 1241 eise
3749 1191 3824 1243 ali-

2188 1294 2300 1348 qua
2353 1277 2562 1330 rimula
2626 1277 2899 1330 virtutem
2969 1277 3195 1330 relictas
3249 1278 3335 1330 fas
3401 1283 3543 1330 esset
3595 1278 3822 1345 aspicere,

2185 1368 2575 1437 vitiorumque
2614 1365 2806 1420 sordes
2838 1382 3139 1435 poenarum
3181 1367 3518 1420 cruciatibus
3564 1383 3616 1419 se
3647 1367 3824 1436 deposi-

2187 1460 2344 1510 turos
2379 1455 2659 1518 viderent,
2697 1455 3163 1524 compensatione
3203 1455 3576 1524 adipiscendae
3618 1456 3823 1524 probita-

2189 1547 2279 1611 tis,
2323 1561 2425 1599 nec
2455 1545 2561 1598 hos
2591 1543 2873 1598 cruciatus
2913 1561 3034 1598 esse
3070 1544 3344 1609 dicerent,
3405 1545 3827 1612 defensorumque

2192 1651 2427 1703 Operam
2476 1633 2870 1702 repudiarent,
2919 1651 2982 1687 ac
3028 1651 3086 1687 se
3119 1638 3267 1686 totos
3318 1634 3716 1686 accusatoribus
3750 1637 3826 1701 (‘25)

2187 1723 2592 1794 judieibusque
2625 1724 3039 1792 permitterent.
3083 1722 3205 1786 Quo
3245 1723 3329 1787 tit,
3362 1729 3425 1774 ut
3471 1722 3615 1791 apud
3653 1721 3828 1790 sapien-

2190 1818 2273 1866 tes
2301 1813 2491 1866 nullus
2537 1827 2770 1882 prorsus
2801 1812 2932 1864 odio
2966 1813 3120 1864 locus
3171 1811 3548 1881 relinquatur.
3596 1811 3719 1863 Nam
3755 1809 3827 1862 bo-

2192 1919 2295 1956 nos
2330 1901 2430 1972 qui
2461 1902 2570 1954 nisi
2621 1901 2992 1954 stultissimus
3040 1899 3260 1953 oderit?
3297 1900 3478 1953 malos
3525 1916 3647 1953 vero
3678 1899 3822 1952 odisse

2191 1992 2414 2045 ratione
2447 1996 2620 2045 caret.
2656 1993 2796 2045 Nam
2829 1991 2894 2056 si,
2931 1991 3014 2043 uti
3045 2006 3353 2059 corporum
3388 1990 3654 2059 languor,
3683 1990 3749 2041 ita
3772 1988 3830 2039 vi-

2190 2081 2413 2134 tiositas
2454 2080 2690 2150 quidam
2738 2085 2822 2131 est
2869 2079 3032 2148 quasi
3082 2080 3321 2132 morbus
3369 2079 3702 2142 animorum;
3733 2092 3829 2129 cum

2191 2186 2375 2239 mgros
2405 2185 2643 2238 corpore
2685 2168 2923 2221 minime
2957 2168 3161 2236 dignos
3207 2169 3364 2234 odio,
3413 2168 3507 2221 sed
3550 2168 3716 2237 potius
3752 2165 3830 2218 mi-

2190 2258 2472 2312 seratione
2524 2257 2866 2326 judicemus,
2925 2259 3106 2310 multo
3159 2258 3343 2328 magis
3396 2259 3506 2326 (30)
3554 2273 3658 2310 non
3717 2255 3826 2307 inse-

2191 2347 2425 2417 quendi,
2461 2346 2558 2399 sed
2597 2346 2906 2399 miserandi
2957 2352 3112 2412 sunt,
3163 2363 3414 2416 quorum
3467 2352 3669 2400 mentes
3697 2344 3821 2397 omni

2189 2438 2466 2507 languore
2500 2435 2747 2490 atrocior
2776 2440 2942 2505 urget
2971 2437 3329 2505 improbitas.

2711 2530 2864 2578 285
2903 2525 3192 2580 METRUM
3228 2526 3244 2544 '
3275 2526 3365 2579 ιν.

2190 2618 2609 2670 ΑΠΟΟΜΕΝΤΒΜ.
2634 2644 2702 2655 -
2738 2616 2877 2667 Cum
2910 2631 3052 2666 mors
3092 2617 3394 2679 immineat,
3445 2620 3536 2667 aut
3575 2616 3738 2681 sponte
3765 2628 3828 2664 rc-

2263 2691 2436 2752 nicns,
2470 2692 2564 2739 aut
2597 2703 2630 2739 a
2663 2689 2796 2751 feris
2829 2687 3061 2749 aliisque
3091 2686 3399 2738 hominibus
3439 2687 3726 2744 accelerate,
3766 2687 3827 2734 in-

2263 2762 2382 2826 quit
2423 2758 2788 2825 Philosophia,
2831 2761 3059 2826 praestat
3103 2762 3151 2809 te
3193 2757 3425 2824 diligere
3473 2757 3651 2826 probos
3685 2761 3727 2807 et
3754 2755 3827 2805 mi-

2263 2833 2425 2884 sereri
2471 2830 2867 2898 improborum,
2904 2844 3068 2896 quam
3111 2829 3247 2881 ullos
3296 2829 3468 2882 odisse
3513 2836 3559 2882 et
3600 2829 3744 2881 armis
3769 2826 3828 2877 la-

2263 2917 2480 2955 cessere.

2339 2990 2483 3053 Quid
2513 2993 2700 3043 tantos
2729 2989 2888 3058 juvat
2910 2990 3152 3043 excitare
3188 2995 3381 3044 motus

2412 3081 2485 3134 Et
2511 3078 2742 3148 propria
2774 3079 2952 3132 fatum
2978 3080 3280 3133 sollicitare
3316 3079 3533 3135 manu?

2339 3169 2398 3224 Si
2423 3174 2668 3222 mortem
2702 3169 2915 3240 petitis,
2949 3169 3303 3241 propinquat
3337 3171 3459 3240 ipsa

2413 3259 2625 3328 Sponte
2657 3274 2776 3327 sua,
2810 3259 3068 3312 volucres
3103 3275 3205 3312 nec
3228 3265 3552 3314 remoratur
3571 3271 3742 3328 equos,

2119 1692 2160 1745 Β

1850 3357 2426 3416 ΙΝΤΕΒΡΒΕΤΑἹΊΟ.

461 3467 488 3494 ⁸
526 3459 792 3513 Alternis.

464 3556 488 3592 ι,
517 3530 711 3584 Ιιιάρω.

459 3611 482 3636 ο
522 3600 735 3654 Dubito.

463 3673 488 3715 ἀ
522 3670 814 3724 Advocati.

463 3751 485 3778 °
523 3743 728 3807 Aliquo
757 3740 934 3796 modo.

463 3813 606 3878 Quid
625 3812 846 3882 prodest
878 3811 1041 3868 vobis
1071 3813 1312 3866 excitare
1347 3814 1524 3867 motus
1566 3815 1744 3868 tantos
1768 3811 1887 3868 odii
1922 3816 1972 3867 et
2005 3827 2094 3866 ur-

2201 3472 2325 3523 gere
2372 3459 2595 3509 mortem.
2653 3456 2850 3509 vestris
2891 3456 3184 3510 man-ibus?
3233 3457 3296 3512 Si
3352 3456 3590 3522 queritis
3640 3456 3857 3514 mortem,

2203 3530 2312 3582 haec
2353 3531 2761 3596 appropinquat
2804 3529 2948 3580 ultro
2979 3543 3146 3595 neque
3179 3528 3369 3581 tardat
3409 3545 3564 3593 equos
3597 3541 3702 3581 suos
3725 3537 3831 3592 prae-

2205 3603 2430 3668 cipites:
2483 3598 2695 3652 Scilicet
2753 3599 2988 3651 homines
3033 3615 3142 3651 sese
3183 3602 3467 3669 perimunt
3513 3599 3696 3665 gladio,
3735 3606 3830 3664 quos

2198 3684 2436 3738 serpens,
2478 3670 2574 3733 leo,
2613 3671 2790 3735 tigris,
2823 3684 3005 3730 ursus,
3042 3676 3098 3722 et
3122 3674 3248 3738 apri
3284 3674 3579 3739 perimunt,
3610 3669 3827 3723 dentibus.

2199 3744 2339 3796 Num
2368 3741 2572 3794 idcirco
2612 3743 2893 3793 instruunt
2928 3745 3195 3795 exercitus
3238 3745 3480 3811 iniquos,
3517 3745 3700 3811 parant
3719 3749 3833 3811 armq

2203 3813 2449 3866 crudelia
2491 3814 2826 3881 cupiuntque
2868 3813 3172 3867 occumbere
3217 3804 3356 3867 telis.
3386 3804 3682 3884 reciprocis,
3723 3804 3831 3878 quod

2026 3911 2246 3968 ΝΟΤᾸΞ.

465 4005 484 4040 ⁸
516 4009 653 4062 Nam
681 4023 746 4060 ne
790 4007 933 4060 illud
981 4007 1198 4076 quidem
1249 4009 1614 4077 acquiescent,
1662 4009 1788 4077 etc]
1840 4010 1908 4064 IV
1952 4009 2094 4064 Phi-

392 4078 657 4150 losophia
697 4078 906 4149 probat
947 4079 1238 4148 improbos
1282 4096 1347 4134 eo
1380 4096 1501 4134 esse
1538 4080 1886 4146 miseriores,
1938 4081 2094 4150 quod

393 4150 920 4230 injuriam‘cmteris
961 4151 1212 4204 inferant
1241 4169 1253 4206 :
1284 4151 1421 4230 quia
1453 4168 1583 4230 cum
1615 4151 1913 4230 improbus
1945 4159 2094 4207 28-1

393 4223 579 4294 omnis
623 4226 694 4294 sit
735 4223 945 4294 miser,
1000 4238 1249 4292 eumque
1297 4223 1718 4294 improbussit
1766 4223 2094 4294 quicunque

394 4293 675 4364 supplicio
716 4293 925 4361 dignus
959 4298 1063 4358 est,
1097 4299 1402 4363 propterea
1427 4310 1540 4363 quo
1576 4293 1784 4364 aliquis
1811 4293 2091 4364 supplicio

395 4363 479 4436 est
509 4363 957 4436 magis‘dignus,
991 4381 1058 4418 eo
1089 4364 1273 4433 magis
1299 4364 1595 4434 improbus
1629 4363 1896 4435 adeoque
1913 4363 2093 4436 magis

395 4434 570 4489 miser
625 4433 824 4489 haberi
868 4435 1036 4489 debet
1091 4451 1103 4490 :
1149 4436 1229 4489 sic
1275 4433 1536 4504 cognitor
1583 4433 1914 4491 existimans
1974 4433 2096 4492 esse

397 4505 890 4579 deteriusinferre
931 4523 1104 4576 quam
1148 4507 1263 4577 pati
1295 4507 1590 4579 injuriam,
1633 4509 1828 4562 statuit
1870 4508 2089 4579 suppli-

396 4576 1094 4650 ciuminferenduminon
1125 4576 1178 4632 ei
1209 4578 1307 4650 qui
1339 4579 1596 4650 pertulit,
1631 4581 1731 4633 sed
1753 4579 1804 4632 ei
1837 4576 2092 4650 quif'ecit

395 4648 690 4717 injuriam.
728 4649 883 4702 Unde
916 4649 1193 4715 Christus,
1227 4649 1422 4703 Matth.
1456 4666 1508 4716 v,
1540 4651 1716 4715 Beati,
1775 4648 1967 4720 inquit
1997 4653 2094 4720 qui

394 4721 812 4787 persecutionem
827 4723 1161 4792 patiuntur;
1189 4737 1300 4792 quo
1325 4721 1638 4791 respiciens
1678 4722 1734 4776 S.
1801 4722 2088 4792 Chrysost.

396 4792 477 4842 ait
507 4793 771 4863 neminem
819 4791 946 4847 laedi
989 4794 1101 4846 nisi
1135 4809 1169 4846 a
1206 4795 1399 4862 seipse.
1460 4791 1637 4862 Atqui
1684 4791 1984 4863 improbus
2026 4809 2092 4848 eo

397 4860 579 4935 magis
611 4861 818 4935 dignus
863 4869 953 4935 est.
982 4860 1296 4935 supplicio;
1325 4863 1478 4934 quod
1512 4860 1674 4918 alteri
1711 4860 1972 4918 intulerit
2005 4865 2094 4918 in-

392 4933 602 5013 juriam
631 4949 644 4987 :
694 4932 1022 5003 reipublicm
1050 4932 1292 5007 'quippe
1317 4932 1579 5002 interest,
1622 4939 1685 4990 ut
1713 4935 1964 5007 improbi
1994 4953 2096 5006 pu-

397 5010 648 5058 niantur.

465 5078 650 5146 Atque
691 5091 789 5155 .ex
840 5074 931 5130 his
982 5077 1250 5132 omnibus
1305 5078 1586 5149 sequitur,
1638 5078 1932 5148 improbos
1982 5078 2096 5155 sive

397 5151 826 5220 aegrosanimo,
862 5163 981 5202 non
1016 5165 1176 5203 secus
1213 5166 1278 5204 ac
1297 5167 1486 5220 aagros
1513 5166 1756 5219 corpore
1801 5166 1918 5205 non
1939 5151 2094 5217 odio,

398 5219 493 5274 sed
526 5218 900 5274 miseratione
934 5221 1133 5290 potius
1159 5218 1372 5292 dignos
1397 5237 1519 5276 esse
1553 5236 1567 5276 :
1601 5218 1778 5292 quare

469 5308 490 5328 ¹
521 5309 766 5363 Carmen
799 5312 1065 5362 constans
1099 5325 1167 5363 ex
1211 5308 1426 5378 duplici
1457 5325 1667 5379 genere
1722 5325 1988 5364 versuum
2023 5309 2098 5364 al-

402 5383 715 5452 ternorum,
745 5394 995 5452 quorum
1016 5380 1172 5452 prior
1194 5381 1526 5452 phaleucus,
1551 5381 1888 5452 spondeum,
1913 5381 2101 5450 dacty-

401 5452 538 5522 lum,
573 5457 630 5504 et
651 5451 793 5504 duos
812 5450 1095 5504 trochieos
1142 5451 1337 5518 habet,
1371 5453 1520 5505 unde
1551 5450 1751 5522 quinto
1779 5469 1948 5506 versu
1982 5453 2097 5520 legi

397 5515 567 5594 debet
595 5524 722 5594 apri
762 5537 876 5575 non
905 5537 1079 5590 aper;
1126 5515 1410 5594 posterior
1443 5528 1528 5578 est
1557 5515 1958 5593 pentamenter
1989 5515 2100 5578 ele-

398 5591 612 5660 giacus,
649 5592 720 5645 de
743 5608 858 5663 quo
893 5608 1086 5663 supra.

473 5682 519 5734 l.
556 5682 755 5736 Tantos
802 5681 1026 5755 motus]
1087 5683 1157 5740 Ut
1185 5681 1645 5756 perturbationes
1691 5684 1945 5740 motibus
1973 5699 2098 5739 cor-

2202 4007 2360 4079 poris
2402 4007 2806 4077 concipiuntur
2856 4025 2870 4062 :
2914 4007 2994 4061 sic
3045 4007 3259 4063 eaedem
3312 4013 3599 4079 concepta:
3637 4005 3832 4059 diversos

2203 4081 2527 4151 producunt
2570 4081 2829 4150 ejusdem
2867 4081 3119 4150 corporis
3165 4087 3377 4134 motus.
3429 4081 3532 4134 Sed
3567 4079 3706 4132 nulla
3743 4089 3834 4148 pen

2203 4150 2454 4206 turbatio
2491 4157 2678 4204 tantos
2737 4157 2944 4218 motus,
2999 4157 3238 4221 quantos
3286 4153 3488 4205 odium
3537 4150 3721 4220 parit:
3757 4158 3830 4221 qui

2205 4223 2360 4276 enim
2405 4221 2535 4276 odio
2577 4216 2988 4283 commovetur,
3015 4216 3094 4277 'hi
3138 4223 3199 4276 in
3243 4225 3476 4288 amicos,
3512 4216 3755 4282 fortunas,
3780 4216 3835 4267 fa-

2132 4331 2174 4385 Β
2206 4311 2380 4385 mam,
2431 4294 2606 4348 vitam
2657 4294 2904 4364 denique
2957 4294 3141 4364 ipsam
3191 4294 3638 4349 adversariorum
3691 4301 3833 4343 erum-

2205 4373 2369 4436 punt.
3694 4432 3702 4436 _
3785 4427 3808 4436 ..

2273 4441 2325 4490 '2.
2362 4438 2555 4491 Fatum
2587 4437 2882 4491 sollicitare
2914 4437 3125 4507 manu.]
3178 4436 3490 4491 Sollicitare
3531 4432 3734 4507 proprie
3758 4429 3836 4507 _di-

2199 4507 2348 4562 citur
2379 4509 2471 4562 ille
2517 4509 2618 4579 qui
2642 4523 2848 4577 corpus
2901 4508 2970 4562 de
3019 4501 3124 4562 suo
3164 4509 3285 4563 loco
3341 4501 3547 4573 movet,
3582 4501 3724 4576 quasi
3748 4501 3833 4579 hoc

2203 4581 2272 4634 de
2313 4596 2414 4633 suo
2455 4574 2571 4633 solo
2594 4574 2899 4645 movendo,
2932 4579 3184 4633 vicinum
3228 4598 3261 4634 a
3293 4597 3408 4650 quo
3446 4574 3664 4642 recedit,
3692 4574 3836 4628 relin-

2200 4655 2340 4777 quat
2358 4651 2564 4716 solum,
2593 4656 2654 4704 ut
2675 4652 2865 4720 ipsum
2891 4650 3077 4704 solum
3100 4651 3236 4704 abit.
3266 4653 3406 4706 llinc
3443 4657 3659 4722 propter
3676 4657 3835 4717 quam-

2239 4738 2332 4774 am
2358 4722 2795 4776 similitudinem
2826 4722 3131 4775 sollicrtare
3175 4723 3420 4776 dicimur
3458 4727 3711 4777 mentem.
3735 4727 3834 4768 cum

2239 4738 2332 4774 am
2358 4722 2795 4776 similitudinem
2826 4722 3131 4775 sollieitare
3175 4723 3420 4776 dicimur
3458 4727 3711 4784 mentem,
3735 4727 3834 4768 cum

2199 4809 2326 4847 eam
2367 4810 2486 4864 spe,
2519 4800 2694 4859 metu,
2728 4799 2828 4847 aut
2858 4793 3112 4863 qualibet
3142 4795 3254 4846 alia
3278 4796 3497 4848 ratione
3530 4795 3594 4848 de
3628 4804 3716 4844 sua
3742 4800 3835 4864 sel}-

2197 4866 2378 4919 tentia
2400 4858 2955 4918 ineveretentamus.
2991 4865 3080 4918 Sic
3100 4881 3236 4934 ergo
3261 4867 3359 4936 qui
3384 4865 3567 4919 duello
3597 4858 3829 4936 pugnant,

2207 4936 2364 5006 quod
2413 4942 2658 4989 mortem
2691 4936 2866 4988 veluti
2901 4936 2970 4988 de
3015 4937 3131 4990 suis
3168 4930 3402 4990 sedibus
3440 4930 3649 5006 pulsam
3683 4930 3749 4983 ad
3773 4943 3833 4978 se'

2200 5007 2474 5078 metipsos
2496 5024 2722 5078 movere
2751 5008 3074 5074 videantur,
3108 5007 3169 5061 lii
3201 5016 3444 5062 mortem
3465 5008 3708 5078 dicuntur
3735 5015 3835 5078 pru-

2201 5071 2535 5150 priafmanu
2569 5077 2892 5143 sollicitare,
2925 5071 3414 5150 quemadmodum
3439 5079 3638 5134 Seneca
3662 5074 3714 5126 in
3740 5071 3838 5124 Her-

2204 5150 2314 5204 cul.
2343 5149 2478 5216 fur.,
2510 5166 2561 5203 v.
2592 5153 2714 5216 867,
2747 5151 2940 5206 canit:

2390 5255 2540 5320 Quid,
2553 5255 2710 5320 juvat
2733 5257 2925 5305 durum
2953 5270 3236 5320 properare
3268 5257 3451 5316 fatum,

2391 5319 2575 5382 {)mnis
2607 5319 2720 5367 haec
2745 5319 3111 5382 magnis’vaga
3141 5321 3299 5370 turba
3327 5321 3476 5369 terris

2390 5379 2492 5430 Ibit
2517 5381 2580 5429 ad
2606 5395 2789 5445 manes
2811 5379 3072 5445 facietque
3101 5383 3260 5432 inerti

2641 5444 2767 5493 Vela
2792 5444 3006 5508 Cocyto.

2278 5544 2327 5596 3.
2387 5542 2448 5597 Si
2507 5546 2729 5613 mortem
2767 5546 2979 5611 petitis,
3048 5543 3179 5613 etc.]
3228 5540 3584 5611 Philosophia
3650 5533 3835 5613 videtur

2207 5613 2472 5684 deinceps
2503 5612 2704 5666 afferre
2736 5607 2932 5670 causas
2968 5607 3198 5670 mortis.
3253 5615 3427 5669 Causa
3455 5607 3632 5665 autem
3660 5607 3834 5684 mortis

2209 5682 2440 5755 duplei.
2489 5685 2610 5740 Una
2646 5684 2909 5755 interior,
2955 5687 3070 5742 sive
3120 5685 3395 5743 naturalis
3448 5682 3828 5739 elementorum.
