3982 6182
165 252 247 304 809
1098 243 1186 295 DE
1226 242 1741 299 CONSOLATIONE
1790 242 2272 297 PHILOSOPHM‘I
2314 241 2445 295 LIB.
2496 242 2588 295 IV.

219 383 243 431 ὅ
268 380 398 433 286
425 372 564 438 Quos
593 386 849 442 serpens,
873 372 985 439 leo,
1018 372 1205 443 tigris,
1238 388 1424 440 ursus,
1450 372 1576 445 apri

334 466 493 517 Dente
521 466 738 532 petunt,
770 461 943 515 iidem
976 478 1033 515 se
1063 466 1256 517 tamen
1280 479 1412 517 ense
1442 468 1665 535 petunt.

270 558 343 610 An
373 553 576 607 distant
606 552 761 623 quia,
797 550 1191 623 dissidentque
1225 569 1433 621 mores,

331 643 556 712 lnjustas
579 642 746 708 acies,
769 646 823 695 et
846 640 967 695 fera
998 641 1151 695 bella
1180 648 1435 711 movent,

270 730 608 801 Alternisque
638 731 834 785 volunt
864 731 1051 801 perire
1086 732 1255 785 telis?

332 821 444 875 Non
476 824 555 874 est
581 819 735 889 justa
752 821 885 873 satis
918 821 1151 875 saevitiae
1179 821 1342 877 ratio.

270 911 351 965 Vis
378 914 561 980 aptam
587 910 804 964 meritis
832 910 1016 964 vicem
1039 911 1285 965 referre?

327 1000 497 1070 Dilige
518 1000 648 1071 jure
669 1001 869 1066 bonos,
900 1005 955 1054 et
980 1001 1343 1056 miserescere
1357 1000 1542 1057 malis.

678 1093 823 1143 287
859 1090 1089 1144 PROSA
1164 1090 1226 1145 V.

156 1184 523 1235 ARGUMENTUM.
545 1207 617 1219 —
645 1180 908 1244 Boetium,
940 1183 1001 1232 ut
1042 1179 1151 1233 sibi
1198 1180 1505 1241 videbatur,
1538 1196 1681 1235 more
1708 1196 1798 1236 sa-

209 1254 383 1321 pientis
431 1253 735 1315 mirantem,
779 1254 880 1304 Deo
920 1252 1181 1305 mundum
1227 1258 1458 1317 regente,
1502 1253 1651 1307 bonis
1697 1254 1797 1307 ad-

208 1338 359 1385 uersa,
411 1323 565 1375 malis
613 1337 872 1390 prospera
915 1323 1175 1389 accidere,
1206 1324 1557 1391 Philosolihia
1600 1329 1795 1390 monet,

209 1410 295 1447 non
318 1394 425 1447 ideo
451 1393 654 1446 homini
686 1393 1067 1459 dubitandum,
1102 1399 1292 1448 cuncta
1321 1400 1459 1449 recte
1474 1396 1622 1465 ﬁeri,
1655 1394 1802 1463 quod

209 1480 400 1520 causam
426 1469 587 1517 tantae
616 1465 991 1532 dispositionis
1012 1467 1101 1519 itte
1130 1468 1362 1533 ignoret.

158 1562 163 1597 ἐ
213 1554 294 1607 Hic
321 1569 437 1622 ego,
473 1552 662 1619 Video,
698 1553 956 1624 inquam,
1000 1570 1128 1623 qua:
1180 1554 1252 1607 sit
1289 1555 1377 1608 vel
1415 1554 1677 1625 felicitas,
1713 1556 1801 1609 vel

3497 243 3600 296 810

1828 375 1875 428 Α
1903 375 2179 427 tractatur
2222 371 2494 439 ofﬁcium,
2543 386 2673 425 cum
2714 370 2774 425 in
2807 370 3203 441 contingentes
3233 373 3475 444 populos
3502 387 3600 427 re—

1903 461 2163 532 gentium
2224 462 2472 533 quodam
2529 462 2700 516 modo
2763 461 3057 516 beatitudo
3105 462 3529 517 transfunditur
3584 479 3597 518 :

1904 567 2033 606 cum
2078 554 2401 622 praesertim
2431 568 2642 619 carcer,
2678 559 2697 586 ο
2723 567 2922 618 nexus,
2957 555 3275 623 ceteraque
3324 552 3601 622 legalium

1903 645 2191 696 tormenta
2248 657 2551 711 pmnarum
2602 639 2944 711 perniciosis
2991 640 3186 712 potius
3220 641 3331 713 (10)
3362 640 3599 709 civibus,

1905 735 2140 801 propter
2170 746 2314 802 quos
2344 730 2519 788 etiam
2559 732 2870 785 constituta
2909 736 3064 798 sunt,
3108 731 3446 787 debeantur.
3491 733 3604 787 Cur

1904 819 2027 874 haec
2051 818 2228 890 igitur
2256 836 2418 874 versa
2447 819 2566 874 vice
2607 824 2930 889 mutentur,
2972 821 3367 890 scelerumque
3391 819 3608 891 suppli-

1906 909 1992 964 cia
2018 909 2201 964 bonos
2257 914 2552 980 premant,
2588 908 2828 981 praemia
2870 909 3146 965 virtutum
3190 909 3326 965 mali
3356 911 3604 981 rapiant,

1906 999 2275 1053 vehementer
2314 999 2589 1066 admiror,
2635 1015 2881 1070 quasque
2914 1004 3032 1054 tam
3064 1000 3293 1070 injustas
3316 1000 3605 1055 confusio-

1906 1088 1995 1142 nis
2026 1090 2171 1142 ratio
2226 1088 2505 1156 videatur,
2542 1106 2607 1144 ex
2640 1094 2693 1144 te
2727 1092 2870 1144 scire
2900 1089 3176 1144 desidero.
3242 1094 3392 1144 288
3432 1090 3454 1124 ²
3517 1089 3610 1144 Mi-

1906 1195 2014 1232 nus
2055 1179 2267 1232 etenim
2298 1178 2562 1248 mirarer,
2604 1179 2652 1232 si
2694 1179 2921 1234 misceri
2961 1179 3156 1233 omnia
3182 1178 3435 1233 fortuitis
3464 1180 3609 1233 casi-

1908 1267 2015 1321 bus
2065 1268 2378 1323 crederem.
2433 1269 2594 1322 Nunc
2625 1273 2921 1339 stuporem
2969 1285 3165 1323 meum
3225 1270 3376 1323 Deus
3423 1272 3611 1323 rector

1906 1352 1934 1390 ἀ
1956 1362 2282 1425 exaggerat,
2304 1356 2554 1423 quicum
2572 1374 2723 1428 stripe
2740 1359 3188 1429 bonisjucunda,
3209 1358 3374 1413 malis
3388 1374 3609 1428 aspera,

1910 1450 2220 1515 contraque
2251 1445 2416 1499 bonis
2438 1446 2580 1500 dura
2612 1447 2846 1515 tribuat,
2893 1448 3058 1502 malis
3090 1452 3285 1518 optata
3318 1447 3610 1513 concedat,

1910 1532 2018 1586 nisi
2059 1549 2229 1587 causa
2267 1534 2755 1604 deprehendatur,
2808 1536 2947 1606 quid
2996 1542 3081 1591 est
3112 1537 3264 1608 quod
3299 1553 3329 1590 a
3359 1536 3611 1591 fortuitis

156 1642 346 1697 miseria
372 1642 429 1696 in
458 1641 596 1711 ipsis
633 1643 943 1713 proborum
982 1648 1149 1714 atque
1198 1644 1595 1713 improborum
1628 1645 1799 1699 meri-
1840 1680 1880 1734 Β
1913 1622 2392 1734 θδῗιξυεξξιίξθξτθ
2418 1622 2495 1694 (ὅ)
2519 1624 2829 1734 Ῐίάθῗξιπῗ
2862 1627 3023 1734 ’LNeC
3054 1625 3291 1725 mirum,
3324 1624 3534 1734 inﬁniti
3568 1624 3616 1679 εί

159 1733 211 1787 tis
233 1733 530 1786 constituta.
572 1732 679 1786 Sed
709 1733 770 1786 in
797 1734 901 1786 hac
932 1731 1054 1804 ipsa
1083 1734 1312 1787 fortuna
1332 1742 1355 1767 ³
1376 1735 1657 1805 populari,
1684 1751 1801 1789 non

159 1823 268 1877 nihil
314 1822 476 1887 bono,
535 1821 749 1875 malive
777 1821 964 1875 inesse
1014 1822 1373 1892 perpendo.l
1436 1824 1630 1894 Neque
1654 1824 1809 1879 enim

160 1912 436 1981 sapientum
479 1911 789 1981 quisquam
841 1911 1025 1979 exsul,
1057 1910 1242 1981 inops,
1276 1911 1809 1983 ignominiosusque

160 2002 214 2070 (ὅ)
267 2016 373 2055 esse
396 2000 554 2054 malit
597 1999 809 2070 potius,
845 2016 1018 2068 quam
1052 2000 1273 2070 pollens
1308 2002 1532 2072 opibus,
1588 2003 1807 2056 honore

158 2091 474 2157 reverendus,
509 2089 773 2159 potentia
797 2089 1035 2157 validus,
1070 2090 1130 2142 in
1166 2106 1267 2143 sua
1296 2106 1642 2160 permanens
1669 2092 1807 2146 urbe

158 2178 339 2235 ﬂorere.
380 2180 463 2235 Sic
511 2179 671 2235 enim
720 2179 951 2248 clarius,
1003 2181 1029 2223 ι)
1079 2179 1453 2251 testatiusque
1507 2180 1807 2253 sapientiai

1912 1712 2050 1783 quid
2076 1712 2292 1766 ordinis
2308 1712 2574 1784 ignorata
2601 1714 2845 1781 ratione,
2877 1715 3249 1768 temerarium
3281 1714 3614 1768 confusum-

1920 1818 2030 1873 que
2064 1802 2346 1857 credatur.
2389 1802 2497 1857 Sed
2532 1807 2593 1858 tu
2618 1804 2879 1875 quamvis
2916 1821 3144 1859 causam
3169 1808 3342 1858 tantm
3382 1803 3618 1875 disposi-

1918 1890 2088 1945 tionis
2114 1891 2364 1961 ignores,
2396 1897 2591 1947 tamen
2618 1894 2890 1964 quoniam
2924 1894 3107 1947 bonus
3130 1894 3412 1949 mundum
3435 1899 3619 1949 rector

1916 1984 2219 2051 temperat,
2250 1984 2400 2035 recte
2426 1981 2551 2035 ﬁeri
2578 1986 2779 2035 cuncta
2796 1997 2867 2036 ne
2890 1982 3134 2036 dubites.

2443 2092 2595 2142 289
2626 2088 2912 2142 METRUM
2949 2090 2970 2113 "
3020 2089 3083 2143 V.

1914 2185 2313 2241 ARGUMENTUM.
2354 2216 2422 2225 --
2469 2185 2697 2253 Idcirco,
2754 2188 2939 2256 inquit
3003 2186 3376 2257 Philosophia,
3420 2188 3618 2257 vulgus

1572 2307 2156 2368 INTERPRETATIO.

159 2418 304 2457 eorum
328 2418 486 2457 mores
507 2406 657 2457 inter
676 2418 731 2457 se
761 2401 1023 2470 differunt
1052 2418 1114 2456 ac
1154 2403 1525 2459 dissentiunt?
1554 2404 1662 2459 haec
1692 2422 1814 2460 cau-

156 2489 205 2527 sa
226 2475 456 2529 saeviendi
492 2491 603 2529 non
641 2479 717 2528 est
739 2477 875 2528 satis
904 2490 1079 2543 aequa.
1114 2474 1351 2544 Optasne
1386 2476 1675 2544 rependere
1704 2493 1810 2531 me-

157 2548 291 2599 ritum
316 2548 480 2599 simile
504 2549 700 2600 merito
740 2546 955 2600 simili?
984 2562 1131 2612 ama,
1182 2551 1239 2601 ut
1266 2562 1477 2616 aequum
1500 2552 1594 2609 est,
1632 2548 1810 2616 bonos,

158 2622 195 2670 et
213 2622 430 2672 miserere
458 2618 852 2687 improborum.

1985 2411 2003 2439 '
2029 2408 2278 2473 Vulgari.

1990 2479 2013 2520 δ
2035 2481 2417 2549 Apertiusque.

1994 2560 2015 2585 ε
2043 2551 2293 2604 Vincula.

1993 2621 2019 2663 ἀ
2036 2622 2233 2688 Auget.

1750 2743 1970 2800 NOTIE.

159 2856 207 2894 ex
225 2840 407 2911 quibus
438 2841 617 2895 homo
642 2844 884 2907 constat,
918 2839 1257 2911 compositio

159 2916 231 2964 tur
257 2913 333 2965 liis
360 2913 562 2979 verbis,
594 2915 930 2983 prepinquat
979 2916 1101 2981 ipsa
1130 2916 1319 2981 sponte
1350 2928 1467 2966 sua.
1498 2915 1689 2967 Altera
1713 2931 1805 2967 ex-

159 2983 315 3049 terior,
362 3001 483 3054 quee
530 2999 732 3037 rursus
778 2983 1012 3053 ponitur
1068 2983 1126 3037 in
1182 2983 1395 3053 duplici
1435 2983 1802 3039 discrimine:

159 3054 254 3106 haec
278 3055 415 3107 enim
457 3071 616 3108 mors
649 3059 733 3108 est
766 3055 853 3108 vel
895 3070 927 3107 a
976 3055 1128 3120 feris,
1162 3055 1485 3123 cujusmodi
1515 3060 1646 3110 sunt
1696 3072 1807 3109 ser-

155 3139 277 3193 pens,
299 3127 384 3192 leo,
418 3130 602 3195 tigris,
648 3142 832 3192 ursus,
866 3142 1027 3194 aper;
1059 3127 1145 3179 vel
1189 3127 1257 3179 ab
1304 3126 1427 3179 aliis
1454 3126 1807 3193 hominibus,

159 3197 253 3267 qui,
282 3198 441 3250 veluti
466 3198 856 3266 indignantes,
880 3202 1122 3250 mortem
1154 3198 1438 3267 praedictis
1452 3200 1632 3251 causis
1659 3214 1812 3252 acce-

160 3266 358 3320 leratam
405 3268 698 3338 longiores
740 3284 926 3321 moras
986 3266 1177 3337 agere,
1228 3268 1373 3322 hanc
1416 3271 1705 3324 conversis
1752 3269 1811 3323 in

160 3353 256 3392 sese
273 3339 496 3394 invicem
518 3340 696 3393 armis
719 3342 1014 3393 advocant.

216 3412 256 3482 5_.
285 3412 459 3481 Apri]
489 3411 583 3466 Sic
608 3410 852 3481 legimus
878 3426 1008 3464 cum
1038 3409 1281 3477 Vallino,
1306 3426 1424 3465 non
1446 3427 1578 3480 aper
1610 3426 1620 3465 :
1658 3412 1813 3482 quod

162 3478 300 3549 hujus
326 3478 500 3551 prima
548 3478 776 3553 syllaba
824 3498 1053 3552 semper
1107 3482 1451 3553 corripiatur
1478 3478 1505 3536 ἒ
1560 3478 1815 3552 alioquin

163 3556 262 3618 apri
288 3570 391 3607 non
420 3555 658 3609 haberet
694 3552 942 3623 primam
983 3554 1257 3624 syllabam
1288 3570 1655 3609 communem
1698 3571 1709 3608 :
1745 3554 1817 3607 si-

163 3628 235 3675 cut
265 3629 440 3680 matris
488 3631 541 3679 et
582 3627 784 3691 fratris
811 3624 1030 3695 priores
1060 3625 1290 3695 syllabae
1319 3641 1433 3678 non
1483 3630 1615 3678 sunt
1662 3642 1817 3679 com-

167 3709 350 3759 munes,
384 3698 534 3768 quod
568 3703 746 3751 mater
784 3704 840 3751 et
868 3699 1049 3764 frater
1090 3695 1295 3767 primis
1327 3696 1555 3767 syllabis
1600 3697 1818 3767 produ-

166 3771 347 3820 cantur.

224 3841 513 3910 {unumst
531 3840 693 3908 justa
720 3841 854 3893 satis
903 3841 1125 3893 saevitiae
1161 3836 1347 3910 ratio.]
1382 3839 1631 3893 Alterius
1662 3838 1819 3910 cogis

166 3908 369 3980 taliones
428 3910 540 3964 tuis
589 3910 1036 3980 cogitationibus
1091 3908 1390 3964 contrariae
1443 3913 1665 3964 nullum
1720 3909 1823 3963 tibi

167 3978 533 4052 darepossunt
556 3978 850 4052 jus'necis
900 3982 959 4034 in
1000 3982 1243 4035 alterum
1299 3982 1593 4035 hominem
1642 3999 1653 4035 :
1692 3997 1821 4035 cum

166 4049 257 4103 vita
277 4051 519 4106 humana
544 4049 627 4106 ita
658 4053 717 4105 in
750 4069 971 4105 summa
1003 4052 1176 4105 solius
1206 4052 1303 4105 Dei
1334 4059 1617 4122 potestate
1635 4070 1821 4106 verse-

167 4123 334 4203 tur,ut
360 4140 543 4203 neque
581 4123 785 4203 judicia,
829 4140 1015 4203 neque
1076 4123 1186 4203 ipsi
1219 4125 1357 4203 regi,
1396 4124 1511 4203 nisi
1539 4130 1823 4203 quatenus

1307 2857 1319 2895 :
1362 2844 1417 2895 et
1470 2841 1593 2895 haec
1644 2845 1807 2897 nota-
1850 2844 1890 2899 C
1921 2845 2024 2909 est,
2053 2842 2208 2914 quod
2240 2841 2440 2913 populi
2471 2840 2823 2913 sapientibus
2871 2842 3109 2898 ducibus
3157 2842 3380 2900 facilius
3421 2847 3618 2902 crede-

1922 2918 2068 2989 rent,
2122 2914 2594 2989 _eorur_ndemque_
2640 2919 2927 2989 praecepta
2959 2915 3348 2989 _observarent
3393 2917 3621 2989 religio-

1924 2986 2060 3050 sius,
2090 2985 2136 3038 si
2178 2985 2503 3054 sapientum
2565 2984 2775 3038 ducum
2822 2984 3154 3040 felicitatem
3205 3003 3322 3040 una
3370 2984 3624 3043 cum'sa-

1923 3055 2139 3136 pientia
2160 3056 2390 3136 populis
2420 3055 2643 3136 infnndi
2664 3056 2945 3136 viderent.
2981 3058 3173 3136 Altera
3208 3057 3366 3136 quod
3397 3061 3617 3136 suppli-

1898 3127 2011 3180 ‘cia
2032 3142 2148 3180 non
2172 3126 2285 3201 nisi
2314 3127 2592 3201 improbis
2623 3126 2924 3181 videantur
2961 3126 3288 3183 constituta.
3329 3126 3624 3201 Supplicia

1928 3202 2143 3272 autem
2170 3198 2274 3272 hic
2310 3198 2594 3272 _dicuntur
2640 3213 2840 3272 carcer
2868 3203 2923 3253 et
2948 3214 3139 3254 nereus.
3170 3202 3353 3257 Nereus
3389 3198 3623 3272 quidem

1927 3269 2066 3345 sive,
2090 3270 2155 3321 ut
2183 3268 2279 3345 alii
2308 3268 2507 3345 legunt
2535 3270 2640 3336 lem,
2669 3269 2942 3345 quoniam
2977 3272 3218 3345 vinculis
3246 3268 3433 3345 premi
3479 3290 3609 3345 sup-

1928 3340 2165 3409 plicium
2197 3344 2298 3394 est.
2336 3340 2537 3395 Carcer
2565 3356 2701 3394 vero
2733 3341 2905 3394 etiam
2952 3358 2985 3395 a
3032 3340 3295 3398 Lucreti—0
3327 3344 3479 3400 inter
3508 3340 3618 3399 alia

1929 3411 2344 3483 suppliciorum
2374 3427 2585 3481 genera
2610 3418 2948 3466 numeratur
2984 3413 3085 3467 lib.
3120 3431 3179 3468 III
3217 3431 3230 3469 :

2056 3499 2154 3572 §ed
2176 3500 2425 3572 metusin
2443 3500 2552 3572 vita
2574 3514 2969 3572 pmnarum‘pro
2992 3502 3283 3572 malafactis

2054 3563 2145 3627 Est
2174 3562 2738 3627 insignibusinsignis,
2774 3562 3088 3627 scelerisque
3115 3566 3273 3623 luela,

2055 3626 2241 3673 Carcer
2260 3630 2312 3674 et
2336 3625 2694 3673 horribilis’de
2716 3640 2842 3674 saxo
2863 3625 3017 3688 jactu‘
3040 3627 3305 3686 deorsum,

2055 3688 2301 3746 Verbera,
2329 3688 2617 3743 carniﬁces,
2647 3689 2827 3743 robur,
2854 3689 2959 3751 pix,
2987 3689 3203 3749 lamina,
3236 3691 3390 3740 tedas.

2005 3769 2235 3840 _‘Minus
2263 3768 2455 3840 etenim
2502 3768 2753 3833 mirarer,
2787 3766 2916 3840 etc.]
2974 3769 3031 3822 ll.
3077 3769 3306 3823 Boetius
3350 3787 3415 3823 eo
3448 3770 3629 3840 magis

1936 3837 2177 3910 miratur
2227 3837 2418 3910 bon_is_
2458 3840 2715 3910 adversa,
2777 3839 2941 3891 malis
3017 3856 3293 3910 prospera
3351 3837 3625 3907 accidere,

1979 3909 2085 3962 uod
2137 3909 2282 3961 Deus
2325 3907 2550 3981 inﬁnite
2594 3910 2840 3981 sapiens,
2885 3907 3067 3981 bonus
3098 3907 3171 3965 et'
3199 3917 3419 3981 potens,
3467 3928 3631 3966 mun-

1980 3996 2079 4052 umr
2105 3984 2300 4049 regat:
2346 3979 2494 4052 Deus
2516 3979 2671 4052 enim
2702 3980 2954 4052 accusari
2989 3998 3099 4034 non
3124 3979 3310 4051 potest
3340 3990 3436 4035 aut
3466 3984 3630 4052 igno-

1936 4051 2160 4123 rantiae,
2196 4066 2310 4120 qua
2344 4050 2670 4123 nesciathas
2701 4051 2883 4123 vices;
2911 4057 3011 4105 aut
3043 4050 3293 4119 malitiae,
3320 4070 3433 4123 qua
3462 4050 3627 4120 velit;

1939 4121 2435 4191 antimpotentiae,
2472 4137 2599 4193 qua
2638 4122 2819 4175 sciens
2854 4123 3166 4193 volensque
3210 4124 3310 4177 has
3338 4121 3487 4177 vices
3526 4139 3627 4177 ne-

168 4190 240 4264 hic
265 4194 368 4247 vice
416 4190 511 4249 D'ei
556 4190 727 4262 gerit,
754 4196 834 4248 fas
864 4190 939 4248 sit
992 4190 1646 4248 hominem'interiicere
1692 4211 1703 4248 :
1735 4194 1828 4247 Ad
1866 4196 1909 4247 D
1937 4198 2109 4264 queat
2140 4190 2383 4246 mutare.
2430 4190 2781 4246 Id'miratur
2823 4193 2993 4246 etiam
3026 4190 3199 4248 David
3250 4196 3392 4264 psal.
3427 4210 3579 4248 Lxxu
3611 4211 3629 4248 :

168 4263 423 4387 iraaigiriem
471 4271 675 4336 quippe
721 4270 838 4335 Dei,
876 4266 1067 4336 inquit
1102 4267 1248 4319 Deus
1280 4266 1486 4323 Genes.
1543 4282 1615 4331 1x,
1648 4268 1829 4331 factus

170 4348 209 4386 es
281 4352 403 4387 omo.

170 4339 231 4386 est
250 4339 403 4391 homo.

230 4409 298 4459 Η.
344 4410 432 4463 Vis
469 4414 659 4478 aptam
687 4410 895 4463 meritis
918 4410 1088 4462 vicem
1134 4406 1377 4477 referre]
1428 4409 1534 4461 Par
1563 4408 1689 4477 pari
1743 4423 1829 4461 co-

170 4475 370 4545 gitando
402 4475 635 4550 referre,
662 4497 775 4551 sive
806 4479 1182 4551 cogitationes
1209 4475 1648 4550 cogitationibus
1674 4495 1831 4533 com-

173 4561 398 4615 pensare.

231 4621 304 4693 12.
336 4624 503 4690 Dilige
543 4625 672 4693 jure
706 4620 914 4693 bonos.]
960 4621 1121 4685 Quod
1175 4620 1329 4675 enim
1376 4637 1536 4675 amor
1586 4624 1835 4691 nequeat

173 4686 263 4774 I‘l_i‘5_i
290 4686 471 4772 amore
518 4686 1175 4774 compen's‘ariIiustitim
1207 4698 1292 4747 est
1317 4694 1538 4774 bonos,“
1563 4709 1592 4745 a
1623 4686 1834 4774 quibus

173 4757 451 4835 diligimur,
478 4784 510 4821 a
532 4757 696 4820 nobis
718 4757 897 4835 diligi;
927 4757 1123 4835 Neque
1142 4769 1337 4819 tamen
1360 4757 1618 4835 sequitur
1638 4757 1834 4818 ﬁdium

176 4831 284 4908 odio
314 4838 795 4908 compensandum
826 4831 968 4908 {sed

239 4906 306 4958 1'2.
339 4906 619 4963 Mis‘eresce
661 4906 869 4978 malis]
919 4907 1068 4960 Nihil
1119 4907 1333 4978 quippe
1379 4906 1589 4961 rationi
1651 4906 1834 4975 magis

179 4985 587 5050 consentaneum
629 4996 796 5050 quam
846 4980 1185 5032 miserorum
1224 4978 1482 5032 misereri
1515 4994 1529 5031 :
1563 4978 1699 5031 mali
1728 4994 1832 5030 au-

179 5044 273 5122 tem
304 5064 492 5104 omnes
525 5044 714 5104 miseri
754 5054 916 5122 sunt,
962 5065 1091 5103 cum
1127 5054 1364 5119 propter
1415 5050 1663 5122 rationes
1694 5065 1836 5122 prte-

181 5114 347 5192 dictas,
393 5128 513 5175 tum
550 5122 793 5175 maxime
826 5121 959 5192 quia
988 5114 1271 5191 peccando
1311 5121 1584 5174 deﬁciunt
1617 5137 1628 5174 :
1664 5114 1837 5173 miser

182 5188 381 5259 qUippe,
414 5193 457 5244 si
488 5195 783 5246 credamus
815 5188 1051 5245 Varroni
1077 5193 1113 5245 l.
1170 5209 1223 5245 vr
1254 5192 1323 5245 de
1355 5192 1392 5246 l.
1472 5192 1532 5254 |.,
1567 5192 1774 5246 dicitur
1804 5208 1835 5244 a

183 5261 419 5333 minus,ut
438 5271 573 5333 pote
597 5264 687 5318 cui
713 5279 840 5317 cum
878 5279 1020 5333 Opus
1046 5268 1152 5328 est,
1176 5264 1367 5315 minus
1399 5262 1557 5316 nullo
1589 5269 1693 5330 est,
1726 5262 1832 5329 vel,

183 5332 699 5406 utplacettjujacio,
728 5351 760 5387 a
788 5332 980 5388 Graeco
1012 5336 1177 5406 μῦσος
1206 5336 1406 5387 scelus,

240 5401 439 5475 Micelae
468 5401 607 5460 enim
641 5410 950 5474 sapientum
998 5401 1311 5475 Quisquam,
1351 5406 1480 5475 etc.]
1514 5406 1553 5459 Ι.
1586 5403 1833 5469 Boetius,

185 5472 234 5521 ut
259 5471 351 5526 sibi
384 5476 620 5543 videtur,
648 5471 805 5531 more
833 5471 1105 5543 sapientis
1132 5471 1400 5543 miratur,
1448 5471 1613 5530 bonis
1645 5476 1837 5528 adver-

184 5553 249 5607 sa,
286 5546 437 5601 malis
462 5564 731 5620 prospera
761 5544 1036 5617 accidere,
1069 5547 1286 5621 duplici
1328 5549 1396 5604 de
1425 5563 1613 5603 causa.
1647 5544 1840 5602 Prima

507 5658 777 5727 PATROL.
830 5657 1051 5726 LXIII.

1938 4267 2044 4320 Mei
2075 4269 2253 4317 autem
2278 4279 2414 4331 pene
2443 4268 2573 4317 moti
2594 4269 2721 4317 sunt
2752 4265 2932 4332 pedes,
2955 4280 3086 4333 pene
3119 4265 3277 4333 effusi
3306 4272 3437 4320 sunt
3486 4280 3636 4333 gres-

1938 4351 2030 4391 sus
2060 4337 2187 4396 mei,
2222 4337 2354 4402 quia
2385 4336 2555 4388 zelavi
2612 4351 2776 4404 super
2820 4338 3035 4405 iniquos
3070 4352 3256 4405 pacem
3293 4342 3635 4406 peccatorum

1938 4408 2143 4461 videns.
2184 4405 2242 4460 Id
2270 4406 2442 4458 etiam
2478 4406 2792 4460 mirabatur
2820 4407 3092 4461 Jeremias
3121 4424 3244 4478 cap.
3276 4405 3352 4461 in
3400 4424 3411 4461 :
3462 4407 3637 4472 Quare

1939 4482 2030 4533 via
2050 4480 2341 4546 impiorum
2368 4492 2654 4545 prospera,
2686 4478 2814 4532 bene
2863 4479 3206 4534 estomnibus
3237 4481 3335 4548 qui
3362 4481 3637 4549 praevari-

1940 4554 2135 4604 cantur
2161 4554 2211 4602 et
2228 4550 2412 4616 inique
2441 4552 2649 4615 agunt?

2012 4621 2033 4655 ³
2054 4622 2160 4692 Nec
2190 4623 2410 4692 mirum,
2450 4619 2580 4689 etc.]
2611 4620 2709 4673 IlI.
2745 4618 3125 4692 Philosophia
3146 4621 3453 4692 respondet
3491 4622 3640 4676 hanc

1941 4691 2399 4757 admirationem,
2455 4696 2517 4744 ut
2549 4695 2803 4755 caeteras,
2842 4692 2980 4745 oriri
3011 4708 3076 4745 ex
3115 4691 3477 4762 ignoratione
3511 4710 3640 4747 cau-

1941 4778 2051 4829 sae;
2084 4763 2182 4816 sed
2229 4762 2649 4831 ignorationem
2698 4762 2858 4835 hanc,
2890 4778 3005 4815 non
3037 4779 3158 4835 esse
3188 4764 3515 4835 legitimum
3556 4780 3642 4818 ar-

1943 4838 2279 4905 gumentum
2317 4849 2385 4905 ex
2435 4849 2549 4903 quo
2602 4833 2865 4888 concludi
2914 4834 3115 4903 possit,
3148 4833 3328 4889 Deum
3373 4853 3490 4889 non
3521 4852 3642 4890 esse

1940 4903 2157 4960 bonum
2189 4903 2389 4957 mundi
2421 4908 2720 4970 rectorem,
2775 4909 2873 4958 aut
2904 4906 3095 4959 omnia
3137 4923 3254 4960 non
3284 4914 3434 4962 recte
3465 4908 3591 4962 ﬁeri
3625 4923 3637 4961 :

1944 4977 2089 5031 sicut
2110 4976 2379 5045 deinceps
2410 4974 2610 5047 eadem
2640 4975 3006 5047 Philosophia
3039 4977 3320 5047 probabit.

2013 5049 2035 5075 *
2062 5048 2325 5111 Carmen,
2360 5046 2511 5115 quod
2545 5045 2653 5098 dici
2710 5045 2899 5115 potest
2936 5045 3194 5102 constare
3232 5049 3443 5120 duplici
3474 5064 3644 5119 gene-

1947 5134 2025 5190 re,
2073 5133 2340 5190 versuum
2385 5122 2852 5190 tetrametrorum
2923 5120 3295 5187 alternorum,
3391 5135 3641 5190 quorum

1943 5188 2103 5260 prior
2141 5189 2408 5261 trochaeo,
2462 5188 2744 5261 posterior
2786 5190 3040 5259 spondeo
3094 5192 3339 5261 incipit:
3403 5188 3641 5259 uterque

1945 5264 2135 5315 autem
2167 5263 2294 5329 post
2317 5260 2569 5329 primum
2615 5260 2840 5329 pedem,
2875 5260 3227 5329 spondeum,
3248 5263 3331 5314 vel
3362 5261 3640 5327 iambum,

1945 5279 2135 5315 autem
2167 5279 2294 5329 pos:
2317 5279 2569 5329 pl'lmum
2615 5279 2840 5329 peaem,
2875 5279 2900 5315 s
2945 5279 3213 5328 onueum,
3248 5279 3331 5314 vei
3362 5279 3640 5327 iambum,

1943 5333 2033 5386 vel
2062 5330 2346 5401 dactylum
2405 5330 2620 5404 habens
2659 5348 2787 5386 cum
2839 5279 3056 5404 syﬁaba
3086 5332 3407 5404 superstite,
3466 5348 3644 5402 quam

1945 5408 2152 5457 vocant
2190 5417 2486 5475 cmsuram,
2538 5402 2761 5474 dactylo
2806 5402 3143 5475 et’spondeo
3176 5403 3395 5475 linitur.
3422 5403 3645 5474 Excipi«

1945 5478 2040 5547 tur
2068 5478 2284 5547 _tamen
2312 5472 2621 5547 vigesimus
2656 5472 2877 5547 versus,
2922 5472 3094 5545 cujus
3136 5473 3361 5545 primus
3407 5490 3508 5547 pes
3554 5472 3644 5531 est

1947 5545 2174 5601 iambus
2196 5548 2252 5601 et
2281 5545 2563 5602 secundus
2593 5546 2938 5603 tribrachus.

3206 5661 3290 5721 26
