3972 6182
315 303 421 355 815

1625 299 1738 354 AN.
1784 300 1995 354 MANL.
2043 297 2196 353 SEV.
2244 297 2487 354 BOETII.

3669 302 3758 352 8l6

313 449 539 489 summo
559 433 818 487 omnium
854 431 1114 502 principe
1134 431 1462 500 constituta,
1487 447 1616 502 quae
1654 435 1854 484 cuncta
1885 432 1994 485 dis-
2034 434 2076 484 Λ
2103 447 2197 484 seu
2227 429 2496 484 omnibus
2525 428 2711 482 fatalis
2744 427 2920 482 series
2947 427 3193 494 texitur;
3230 428 3368 482 illud
3389 433 3533 483 certe
3561 429 3628 499 (ὅ)
3660 447 3768 484 ma-

313 523 476 594 ponit
509 539 520 576 :
557 527 708 576 294
744 523 758 554 ¹
792 521 970 576 fatum
1004 536 1136 574 vero
1168 520 1452 574 inhaerens
1495 520 1665 574 rebus
1697 520 2001 574 mobilibus

313 611 632 682 dispositio,
663 627 766 681 per
797 627 970 681 quam
1016 609 1376 664 Providentia
1405 609 1522 664 suis
1555 626 1800 681 quaeque
1829 609 2002 662 nectit

311 701 625 756 ordinibus.
650 699 1014 754 Providentia
1031 715 1280 770 namque
1307 705 1510 753 cuncta
1534 700 1769 770 pariter,
1803 714 2002 769 quam-

310 791 394 844 vis
441 791 686 856 diversa,
735 788 996 859 quamvis
1043 788 1287 854 inﬁnita,
1329 789 1770 858 complectitur:
1819 788 1999 841 fatum

299 896 436 934 vero
469 880 696 950 singula
737 879 946 949 digerit
976 879 1035 932 in
1067 883 1289 933 motum
1319 877 1481 944 locis,
1511 878 1730 942 formis,
1767 893 1829 930 ac
1859 882 2002 931 tem-

305 970 542 1042 poribus
564 969 869 1023 distributa
901 985 914 1022 :
951 975 1013 1022 ut
1043 968 1118 1039 (ὅ)
1151 969 1271 1022 haec
1293 968 1625 1038 temporalis
1657 967 1873 1022 ordinis
1915 984 2003 1021 ex-

305 1059 555 1132 plicatio,
580 1060 642 1113 in
671 1060 876 1114 divinae
909 1059 1118 1114 mentis
1148 1060 1398 1114 adunata
1428 1069 1452 1093 α
1489 1064 1813 1130 prospectu,
1856 1061 2001 1112 Pro-

306 1149 558 1205 videntia
601 1149 674 1203 sit
717 1165 730 1203 :
793 1149 993 1203 eadem
1039 1165 1176 1203 vero
1233 1149 1506 1203 adunatio
1560 1149 1779 1218 digesta
1829 1153 2000 1218 atque

310 1239 588 1310 explicata
620 1239 982 1309 temporibus
1033 1239 1214 1293 fatum
1261 1241 1514 1292 vocetur.
1559 1237 1717 1304 Quae,
1752 1237 1883 1291 licet
1914 1236 1999 1290 di-

309 1345 472 1384 versa
515 1328 649 1395 sint,
697 1330 941 1382 alterum
984 1333 1174 1382 tamen
1225 1329 1439 1399 pendet
1493 1343 1561 1381 ex
1601 1328 1800 1381 altero.
1849 1326 2000 1381 Ordo

309 1435 560 1489 namque
590 1417 776 1472 fatalis
808 1433 876 1472 ex
898 1417 1277 1472 Providentia:
1310 1417 1673 1487 simplicitate
1720 1415 1996 1486 procedit.

2111 520 2380 574 nifestum
2403 523 2505 587 est,
2540 518 2916 584 immobilem,
2963 519 3394 589 simplicemque
3423 521 3772 589 gerendarum

2106 610 2352 663 formam
2384 625 2576 663 rerum
2601 625 2722 663 esse
2739 608 3157 679 providentiam
3195 625 3207 662 :
3233 609 3412 663 fatum
3439 627 3563 664 vero
3594 627 3772 666 eorum

2109 716 2238 771 quas
2268 698 2461 754 divina
2493 699 2828 770 simplicitas
2875 699 3127 770 gerenda
3171 698 3472 769 disposuit,
3522 700 3770 755 mobilem

2110 805 2338 855 nexum,
2391 793 2562 858 atque
2609 789 2876 842 ordinem
2925 788 3322 858 temporalem.
3371 789 3394 822 ³
3441 788 3556 852 Quo
3597 789 3673 855 ﬁt,
3715 796 3771 844 ut

2111 878 2306 932 omnia
2337 895 2466 948 quae
2497 879 2610 931 fato
2651 878 2910 945 subsunt,
2942 879 3319 932 Providentiae
3346 893 3567 949 quoque
3607 879 3776 950 subje-

2109 971 2196 1020 cta
2223 972 2394 1033 sunt;
2425 967 2515 1021 cui
2545 968 2735 1037 ipsum
2770 967 2945 1022 etiam
2990 968 3245 1037 subjacet
3285 968 3484 1021 fatum.
3528 967 3776 1031 Quaedam

2108 1073 2265 1126 vero,
2293 1073 2423 1127 qua:
2467 1057 2572 1111 sub
2618 1057 2981 1112 Providentia
3013 1058 3126 1127 (10)
3167 1057 3354 1111 locata
3392 1063 3541 1125 sunt,
3579 1057 3674 1112 fati
3711 1075 3783 1114 se-

2110 1143 2252 1197 riem
2284 1148 2574 1213 superent.
2610 1145 2685 1196 Ea
2716 1160 2847 1197 vera
2881 1149 3030 1211 sunt,
3069 1160 3198 1214 qua:
3247 1145 3447 1214 primae
3479 1146 3780 1217 propinqua

2111 1231 2397 1286 divinitati
2439 1232 2718 1287 stabiliter
2757 1234 2890 1300 ﬁxa,
2932 1232 3118 1287 fatalis
3158 1234 3422 1289 ordinem
3475 1235 3780 1290 mobilitatis

2111 1323 2407 1376 excedunt.
2441 1323 2581 1376 Nam
2614 1326 2676 1376 ut
2703 1322 2927 1376 orbium
2961 1323 3175 1378 circum
3217 1325 3483 1378 eumdem
3516 1326 3782 1380 cardinem

2110 1427 2231 1465 sese
2276 1412 2645 1477 vertentium,
2694 1413 2792 1482 qui
2836 1417 2919 1465 est
2958 1412 3216 1480 intimus,
3259 1414 3331 1468 ad
3381 1413 3779 1485 simplicitatem

308 1508 465 1564 Sicut
495 1507 652 1561 enim
683 1507 884 1561 artifex
917 1507 1289 1561 faciendaa'rei
1321 1507 1567 1560 formam
1599 1510 1789 1560 mente
1812 1505 2003 1574 perci-
2112 1500 2431 1554 medietatis
2482 1503 2714 1568 accedit,
2779 1507 3238 1574 cmterorumque
3287 1508 3444 1557 extra
3495 1505 3781 1558 locatarum

307 1597 490 1668 piens,
521 1596 627 1668 (10)
655 1601 844 1650 movet
876 1596 1066 1667 operis
1103 1595 1391 1659 eliectum,
1425 1599 1480 1649 et
1527 1594 1681 1665 quod
1731 1593 2003 1663 simplici—
2115 1590 2287 1642 veluti
2319 1590 2486 1643 cardo
2515 1591 2772 1661 quidam,
2819 1591 2966 1644 circa
2996 1607 3168 1662 quem
3204 1596 3524 1661 versentur,
3575 1593 3780 1648 existit:

310 1691 420 1752 ter,
451 1688 476 1729 ι)
525 1685 1012 1756 praesentarieque
1063 1689 1453 1755 prospexerat,
1509 1699 1614 1754 per
1657 1682 2000 1753 temporales
2047 1679 2230 1775 l3(12$)
2263 1679 2513 1732 extimus
2554 1696 2690 1733 vero
2725 1681 2940 1750 majore
2984 1679 3206 1735 ambitu
3241 1686 3482 1750 rotatus,
3534 1687 3730 1754 quanto
3758 1699 3785 1737 a

311 1775 540 1831 ordines
570 1775 759 1840 ducit;
794 1774 875 1828 ita
918 1775 1066 1828 Deus
1113 1773 1478 1828 Providentia
1515 1773 1751 1842 quidem
1802 1773 2005 1842 singu-
2047 1768 2083 1775 ”
2116 1768 2310 1839 puncti
2344 1769 2534 1822 media
2575 1769 2974 1824 individuitate
3023 1770 3281 1838 discedit,
3317 1775 3474 1826 tanto
3517 1772 3784 1843 ampliori-

310 1864 528 1932 lariter,
561 1863 956 1934 stabiliterque
980 1863 1238 1919 facienda
1259 1862 1512 1932 disponit
1541 1880 1556 1916 :
1582 1862 1696 1915 fato
1727 1875 1858 1914 vero
1886 1861 2006 1913 haec
2114 1858 2220 1912 bus
2268 1858 2465 1927 spatiis
2503 1859 2816 1928 explicatur
2867 1876 2879 1913 :
2933 1859 2977 1913 si
3007 1859 3144 1930 quid
3187 1877 3322 1915 vero
3383 1861 3467 1917 illi
3498 1878 3554 1916 se
3618 1862 3782 1916 medio

313 1954 460 2025 ipsa,
518 1970 648 2025 quas
701 1952 1000 2024 disposuit,
1052 1951 1451 2023 multipliciter
1497 1967 1560 2005 ac
1611 1949 2008 2020 temporaliter
2117 1952 2416 2002 connectat
2444 1953 2500 2001 et
2530 1947 2721 2014 societ,
2754 1948 2812 2002 in
2845 1948 3268 2019 simplicitatem
3314 1951 3558 2021 cogitur,
3600 1950 3783 2004 diffun-

313 2043 703 2098 administrat.
734 2049 884 2098 295
916 2041 938 2073 ³
984 2042 1112 2097 Sive
1160 2041 1354 2112 igitur,
1403 2040 1813 2094 famulantibus
1873 2038 2007 2109 qui-
2119 2037 2291 2107 dique
2322 2053 2386 2090 ac
2417 2037 2679 2092 difﬂuere
2709 2043 2909 2092 cessat.
2937 2039 3118 2092 Simili
3142 2039 3372 2093 ratione
3404 2040 3551 2111 quod
3586 2040 3784 2110 longius

313 2132 559 2187 busdam
589 2131 965 2186 Providentiae
1011 2130 1217 2185 divinis
1249 2129 1560 2201 spiritibus,
1613 2130 1796 2183 fatum
1844 2143 2008 2182 exer-
2118 2142 2152 2180 a
2203 2138 2226 2167 ο
2259 2127 2472 2196 {prima
2520 2133 2711 2180 mente
2751 2127 3012 2193 discedit,
3064 2129 3382 2198 majoribus
3426 2130 3526 2183 fati
3572 2130 3783 2184 nexibus

312 2226 491 2287 cetur,
536 2237 636 2275 seu
679 2221 892 2287 anima,
923 2236 1023 2274 seu
1070 2224 1189 2274 tota
1246 2219 1590 2274 inserviente
1630 2224 1852 2283 natura,
1909 2234 2006 2270 seu
2117 2216 2464 2285 implicatur,
2497 2232 2560 2268 ac
2599 2220 2756 2270 tanto
2814 2216 3030 2286 aliquid
3074 2216 3190 2270 fato
3241 2217 3493 2272 liberum
3542 2223 3623 2272 est
3665 2218 3780 2288 ('20),

312 2310 634 2366 coelestibus
677 2309 926 2363 siderum
975 2307 1246 2374 motibus,
1293 2325 1395 2362 seu
1464 2307 1723 2376 angelica
1777 2307 2004 2373 virtute,
2119 2310 2334 2375 quanto
2368 2306 2528 2358 illum
2560 2321 2752 2358 rerum
2785 2305 3075 2359 cardinem
3106 2306 3329 2361 vicinus
3367 2308 3528 2377 petit.
3565 2307 3712 2372 Quod
3746 2307 3783 2360 si

313 2415 414 2454 seu
463 2399 793 2453 daemonum
843 2397 999 2452 varia
1028 2397 1276 2464 solertia,
1311 2413 1410 2452 seu
1440 2396 1728 2467 aliquibus
1775 2396 2006 2461 horum,
2121 2411 2385 2465 superna:
2420 2400 2570 2450 296
2601 2395 2810 2450 mentis
2833 2395 3063 2450 haeserit
3101 2395 3384 2465 ﬁrmitati,
3414 2403 3568 2452 motu
3590 2413 3779 2463 carens,

1769 2517 2353 2574 INTERPBETATIO.

387 2682 416 2714 a
441 2659 684 2712 Notione.

386 2732 412 2773 Β
441 2731 521 2784 Et
550 2725 927 2796 imaginando.

2189 2666 2213 2695 ο
2242 2657 2365 2708 Deo.

1947 2822 2169 2879 ΝΟΤᾹΞ.

388 2951 608 3006 Dicitur
641 2951 699 3004 3°
742 2951 801 3003 in
837 2962 1045 3003 summo
1093 2948 1335 3001 omnium
1384 2947 1633 3015 principe
1679 2948 2007 3001 constituta:

319 3025 456 3096 quia
481 3021 843 3077 Providentia
864 3019 1056 3096 divina
1079 3023 1162 3072 est
1204 3017 1540 3096 attributum
1569 3017 1686 3084 Dei,
1731 3024 2014 3096 quatenus

320 3089 584 3170 Deusest
611 3090 1160 3170 summusomnium
1205 3090 1516 3170 princeps;
1545 3091 1755 3169 summi
1797 3089 2010 3170 quippe

317 3166 594 3238 principis
614 3168 716 3230 est,
739 3162 1037 3238 providere
1060 3159 1344 3238 omnibus.
1375 3159 1681 3228 Sapientia:
1702 3177 1751 3238 vi
1773 3177 1787 3212 :
1812 3164 2013 3229 Equa-

320 3233 445 3292 litc-r
482 3233 614 3290 cura
642 3241 720 3288 est
760 3235 844 3287 illi
883 3233 947 3287 de
977 3234 1260 3297 omnibus;
1295 3235 1351 3285 et
1385 3248 1500 3301 cap.
1541 3248 1638 3285 vui
1672 3247 1684 3284 :
1712 3233 1953 3298 Attingit
1977 3248 2011 3286 a

318 3309 428 3379 ﬁne
447 3308 519 3362 ad
548 3310 707 3379 ﬁnem
725 3308 945 3372 fortiter
975 3310 1023 3357 et
1055 3305 1297 3379 disponit
1323 3308 1503 3356 omnia
1533 3306 1793 3379 suaviter.

392 3373 610 3433 Dicitur
640 3376 698 3430 4ο
756 3392 875 3445 quae
904 3382 1096 3430 cuncta
1149 3375 1428 3443 disponit:
1463 3374 1735 3444 quoniam
1759 3373 2007 3443 providae

320 3450 528 3504 mentis
559 3454 666 3513 est,
695 3464 797 3517 pro
825 3464 892 3499 eo
926 3463 1096 3516 quem
1131 3447 1236 3499 sibi
1263 3447 1534 3515 proponit
1562 3447 1674 3499 ﬁne
1707 3445 2008 3498 materiam

321 3521 430 3576 sibi
459 3520 775 3590 subjectum
816 3533 1240 3590 suoquamque
1274 3518 1477 3590 ordine
1509 3517 1740 3590 ‘etloco
1771 3532 2004 3590 ponere.

321 3594 466 3649 [line
497 3585 864 3646 Providentia
888 3585 1080 3642 divina
1112 3585 1384 3642 deﬁnitur
1440 3604 1472 3640 a
1503 3585 1560 3644 S.
1595 3585 1810 3641 Thoma
1862 3589 2006 3641 ratio

324 3665 541 3719 ordinis
570 3678 750 3715 rerum
777 3663 834 3714 in
853 3661 1043 3728 ﬁnem.

394 3744 405 3771 '
446 3738 647 3792 Fatum
667 3749 791 3786 vero
823 3733 1114 3796 inhaerens,
1148 3728 1276 3801 etc.]
1313 3730 1399 3784 ιν.
1425 3728 1794 3798 Philosophia
1819 3728 2001 3798 subji-

317 3805 393 3860 cit
423 3805 814 3860 deﬁnitionem
846 3803 942 3855 fati
973 3818 985 3855 :
1020 3805 1221 3869 fatum,
1253 3802 1462 3872 inquit,
1512 3805 1597 3854 est
1627 3802 1890 3854 inluerens
1924 3816 2007 3853 re-

318 3879 414 3932 bus
470 3876 757 3931 mobilibus
797 3874 1082 3940 dispositio
1127 3889 1226 3942 per
1271 3889 1436 3942 quam
1491 3873 1838 3926 Providentia
1891 3873 2004 3925 suis

315 3965 538 4018 quaeque
562 3950 728 4000 nectit
759 3946 1040 3999 ordinibus
1072 3961 1090 3998 .'
1112 3944 1264 4014 quod
1288 3945 1461 3998 etiam
1487 3944 1696 3997 clarius
1728 3944 2006 4013 interpre-

315 4022 424 4074 tari
456 4019 810 4073 conabimur.

385 4093 640 4146 Primum
667 4088 1058 4159 igiturfatum,
1084 4085 1837 4159 interpretationenominis,
1857 4083 2000 4137 nihil

317 4169 402 4218 est
430 4163 583 4216 aliud
608 4157 779 4232 quam
815 4159 1017 4232 divina:
1043 4157 1348 4232 voluntatis
1372 4157 1620 4232 signum,
1648 4157 1764 4208 sive
1789 4157 2001 4232 dictum

315 4236 570 4290 divinum
600 4227 778 4299 {nam
808 4230 1024 4300 judicio
1055 4228 1342 4300 Varronis,
1377 4227 1748 4300 quod‘Parcae
1793 4227 2002 4279 consti-

312 4311 549 4360 tuerunt
578 4297 853 4368 nascenti,
892 4317 924 4354 a
973 4299 1142 4353 fando
1194 4300 1370 4351 fatum
1414 4303 1497 4350 est
1528 4297 1783 4351 dictum:
1831 4303 2002 4366 atque

311 4379 419 4432 hoc
453 4377 621 4430 modo
647 4376 700 4429 S.
730 4375 878 4443 Aug.
915 4373 952 4424 l.
987 4387 1017 4424 v
1045 4371 1113 4424 de
1136 4370 1298 4424 Civit.
1330 4370 1450 4435 Dei,
1479 4385 1600 4443 cap.
1636 4371 1688 4443 9,
1718 4369 1828 4443 ait.
1850 4369 2003 4439 apud

312 4449 665 4504 Christianos
703 4439 1042 4498 esse'fatum
1092 4458 1104 4495 :
1158 4443 1274 4496 Non
1310 4443 1468 4504 enim,
1512 4439 1722 4509 inquit,
1774 4439 2008 4493 abnuere

303 4535 593 4590 possumus
643 4532 752 4571 esse
784 4517 1062 4590 scriptum
1083 4515 1136 4566 in
1158 4514 1379 4590 Litteris
1400 4513 1602 4590 sanctis
1626 4528 1650 4590 :_
1673 4513 1829 4590 semel
1858 4511 1998 4590 locu-

313 4583 398 4644 tus
422 4596 499 4643 est
527 4593 666 4643 Deus
689 4627 702 4641 .
729 4629 742 4641 .
780 4628 792 4640 .
818 4583 962 4655 quod
977 4587 1117 4638 enim
1140 4585 1342 4637 dictum
1365 4586 1461 4648 est,
1493 4583 1650 4634 semel
1669 4583 1870 4655 locutus
1888 4586 1996 4643 est;

311 4662 642 4727 intellig-itur
686 4653 1050 4722 immobiliter,
1103 4657 1196 4708 hoc
1234 4660 1332 4727 est,
1369 4653 1882 4707 incommutabiliter
1919 4659 1997 4706 est

311 4726 543 4795 locutus,
574 4734 711 4784 sicut
732 4733 878 4783 novit
899 4726 1413 4782 incommutabiliter
1458 4727 1639 4778 omnia
1658 4739 1774 4792 qua:
1803 4727 1999 4790 futura

309 4806 456 4868 sunt,
492 4807 540 4854 et
571 4816 688 4868 quae
715 4803 830 4868 ipse
858 4803 1108 4867 facturus
1137 4802 1233 4853 est.
1268 4797 1524 4850 Lucanus
1549 4797 1608 4849 in
1638 4811 1787 4848 nono
1820 4811 1832 4850 :

1237 4903 1350 4951 Non
1380 4901 1598 4949 vocibus
1625 4899 1747 4948 ullis

433 4969 639 5017 Numen
666 4969 799 5027 eget,
823 4965 954 5013 dixit
981 4965 1142 5014 semel
1169 4964 1510 5014 nascentibus
1540 4967 1740 5022 auctor,

435 5027 702 5091 Quidquid
729 5027 859 5075 scire
881 5027 1015 5076 licet.

381 5128 598 5187 Deinde
626 5127 806 5181 fatum
831 5129 913 5177 est
943 5125 1226 5192 dispositio
1256 5141 1268 5178 :
1300 5125 1435 5195 quia
1452 5128 1538 5178 est
1568 5123 1690 5193 ipsa
1720 5139 1808 5177 res
1840 5139 1994 5176 crea-

311 5208 384 5270 ta,
410 5217 616 5272 corpus
652 5197 947 5272 nimirum,
971 5202 1069 5272 aut
1088 5212 1258 5272 _r_nens
1281 5213 1380 5272 suo
1412 5202 1694 5272 tempore,
1719 5195 1865 5272 loco,
1895 5200 1998 5249 aut

308 5267 671 5346 quocumque
706 5269 814 5346 alio
851 5267 1023 5346 modo
1045 5267 1242 5320 atfecta
1274 5284 1286 5321 :
1321 5268 1379 5322 id
1410 5268 1624 5339 quippe
1655 5272 1738 5320 est
1772 5267 1870 5320 Dei
1898 5282 1996 5320 vo-

305 5340 474 5402 lantis
494 5340 718 5416 jus—sum
732 5413 738 5416 _
753 5340 901 5416 dictu
914 5354 1102 5416 mque.

379 5408 660 5470 Praeterea
688 5410 983 5482 dispositio
1030 5409 1153 5482 haec
1194 5408 1416 5482 inhaeret
1459 5410 1616 5464 rebus
1660 5409 1989 5463 mobilibus:

306 5492 391 5542 est
424 5488 576 5542 enim
596 5479 795 5548 fatum,
834 5483 1037 5537 modus
1068 5480 1150 5534 rei
1182 5479 1459 5534 duntaxat
1488 5485 1692 5535 creata:
1727 5497 1738 5535 :
1770 5487 1830 5533 ut
1858 5487 1992 5550 pote

305 5574 446 5630 quae
480 5575 601 5630 nec,
633 5557 757 5630 ﬁeri
793 5571 896 5609 nec
939 5552 1286 5630 conservari,
1324 5567 1427 5630 nec
1448 5551 1990 5630 quocunquemodo

305 5622 476 5696 afﬁci,
500 5629 610 5682 nisi
647 5628 842 5682 divina
881 5627 1195 5694 voluntate,
1251 5623 1415 5695 cujus
1442 5622 1543 5678 illa
1580 5622 1876 5695 dispositio
1911 5625 1996 5678 est

304 5703 560 5774 signum,
580 5704 790 5770 potest.

2185 2949 2422 3019 Insuper
2446 2965 2542 3018 per
2593 2950 2728 3002 hanc
2772 2949 3178 3018 dispositionem
3205 2955 3371 3009 rebus
3413 2956 3687 3010 mobilibus
3711 2961 3779 3009 in-

2053 3049 2092 3103 ρ
2122 3020 2404 3103 ζιῖενεηίριη
2427 3021 2613 3103 divina
2639 3022 2994 3103 Propideiitiq
3017 3026 3133 3103 suis
3164 3041 3395 3103 quaeque
3416 3032 3575 3082 nectit
3602 3027 3779 3081 ordini-

2124 3092 2248 3145 bus:
2284 3109 2414 3145 uam
2446 3093 2712 3161 equidem,
2740 3092 2925 3163 inquit
2957 3094 3019 3157 Q.
3053 3092 3304 3162 Curtius,
3333 3103 3532 3152 aeterna
3559 3101 3782 3154 constitui

2124 3167 2265 3216 tione
2295 3164 2615 3216 crediderim
2647 3180 2896 3232 nexuque
2933 3181 3220 3220 causarum
3256 3169 3542 3223 latentium
3570 3176 3615 3223 et
3642 3170 3780 3223 multo

2122 3241 2246 3287 ante
2269 3235 2665 3288 destinatarum
2679 3250 2836 3288 suum
2859 3252 3081 3304 qumque
3092 3238 3670 3295 ordinemimmutabili
3689 3243 3778 3306 lege

2115 3322 2448 3382 percurrere.
2487 3309 2605 3360 Uno
2637 3307 2806 3359 verbo
2836 3308 3016 3382 fatum
3045 3309 3270 3382 estipse
3296 3312 3548 3380 patiendi
3579 3311 3780 3382 agendi-

2120 3393 2234 3456 que
2263 3377 2492 3456 modus,
2512 3394 2639 3456 quo
2664 3393 2751 3431 res
2783 3379 3102 3456 mobilisab
3130 3377 3419 3456 immobili
3447 3385 3558 3437 Deo
3584 3377 3776 3453 sapien-

2118 3448 2336 3523 tissime
2379 3448 2668 3523 afﬁcitur_:
2714 3450 2868 3523 quod
2917 3451 3233 3523 evidentius
3279 3455 3502 3523 patebit
3548 3448 3775 3509 conside-

2117 3520 2268 3596 ranti
2302 3520 2606 3596 sequentia
2629 3521 3009 3596 Providentia).
3043 3527 3099 3575 et
3127 3523 3226 3576 fati
3279 3520 3624 3589 discrimina.
3669 3540 3774 3596 quae

2118 3590 2384 3669 deinceps
2415 3608 2446 3642 a
2481 3591 2865 3669 Philosophia
2885 3601 3288 3669 proponentur
3328 3597 3504 3651 veluti
3545 3590 3774 3669 quaedam

2115 3663 2401 3732 praedictae
2435 3662 2730 3732 utriusque
2759 3663 3113 3718 deﬁnitionis
3133 3669 3506 3723 consectaria.

2184 3751 2207 3783 ²
2250 3753 2371 3807 Sive
2415 3754 2587 3824 igitur
2624 3753 3045 3819 famulantibus,
3098 3754 3230 3824 etc.]
3285 3758 3523 3812 Etiamsi
3564 3759 3771 3821 constet,

2115 3822 2293 3876 fatum
2327 3823 2633 3897 quemdam
2671 3840 2788 3897 esse
2821 3824 2904 3877 rei
2939 3825 3164 3879 mobilis
3197 3822 3773 3897 modum,constetque

2115 3895 2671 3970 praetereamodum
2705 3895 2855 3948 hunc
2886 3911 3005 3949 esse
3039 3913 3071 3949 a
3095 3898 3228 3964 Deo,
3265 3905 3539 3970 tanquam
3568 3895 3773 3970 apriina

2114 3980 2302 4030 causa,
2340 3965 2592 4018 dubitari
2624 3972 2813 4018 tamen
2840 3972 3040 4036 potest,
3073 3973 3269 4022 utrum
3303 3965 3486 4025 fatum
3521 3972 3590 4025 sit
3615 3965 3649 4024 a
3679 3971 3771 4024 Deo

2114 4037 2396 4106 proxime,
2435 4052 2506 4088 au
2554 4037 2964 4094 famulantibus
3015 4039 3366 4106 quibusdam
3414 4044 3538 4096 aliis
3588 4042 3770 4096 rebus:

2112 4107 2246 4160 hinc
2278 4107 2644 4180 Philosophia
2676 4109 2950 4178 quasdam
2999 4109 3479 4180 philosophorum
3511 4115 3611 4166 hac
3638 4113 3697 4165 de
3722 4125 3771 4163 re

2113 4178 2812 4250 perstringitropiniones,
2845 4178 3089 4250 quarum
3122 4178 3342 4237 nullam
3389 4185 3601 4238 caeteris
3636 4188 3770 4236 ante-

2113 4250 2296 4320 ponit,
2330 4249 2480 4323 quod
2517 4251 2776 4323 quamvis
2813 4249 2959 4323 Deus
2994 4256 3188 4305 utatur
3235 4255 3422 4323 geniis
3465 4272 3590 4309 cum
3633 4252 3770 4307 bonis

2041 4340 2083 4393 ι)
2112 4327 2234 4397 tum
2268 4321 2468 4397 malis;
2513 4322 2715 4397 spiritu
2769 4322 3055 4397 universi;
3090 4321 3418 4397 elementis;
3469 4325 3770 4397 corporibus

2117 4393 2441 4466 coelestibus
2471 4409 2483 4457 ;
2515 4399 2569 4446 et
2601 4393 2727 4466 aliis
2754 4395 3032 4462 ejusmodi
3065 4395 3233 4449 rebus
3265 4399 3336 4451 ad
3364 4399 3542 4452 fatum
3567 4393 3766 4466 aliquod

2116 4464 2516 4529 exercendum,
2547 4465 2702 4539 nulla
2734 4471 2928 4539 tamen
2959 4471 3044 4539 est
3072 4483 3138 4520 ex
3177 4467 3266 4520 his
3297 4470 3466 4523 rebus
3499 4486 3606 4539 qua
3647 4464 3770 4522 Deus

2109 4540 2319 4611 utatur_
2339 4536 2655 4611 generatim
2693 4536 2763 4590 ad
2792 4537 3101 4592 movendas
3143 4539 3396 4611 reliquas
3425 4536 3531 4596 res
3558 4545 3767 4603 creatas,

2107 4607 2223 4660 sive
2255 4607 2323 4660 ad
2355 4623 2522 4660 omne
2555 4607 2757 4660 fatum.

2178 4698 2198 4767 ξ
2229 4694 2338 4767 Quo
2369 4694 2630 4767 ﬁt.ietc.]
2663 4696 2742 4749 Ex
2789 4694 2954 4749 dictis
2987 4697 3358 4767 Philosophia
3389 4698 3630 4764 conﬁcit,
3658 4711 3769 4767 pro-

2105 4764 2700 4842 videntiamdiviuam
2732 4767 2902 4842 latius
2933 4773 3127 4842 patere
3157 4764 3296 4837 fato,
3333 4776 3610 4842 quatenus
3639 4764 3768 4842 quai—

2107 4852 2331 4906 cunque
2364 4837 2479 4891 fato
2516 4838 2776 4903 subsunt,
2822 4837 2948 4892 haec
2972 4841 3143 4893 etiam
3191 4837 3565 4896 Providentia:
3607 4837 3767 4906 subji-

2105 4909 2360 4981 ciuntur,
2415 4909 2536 4981 sed
2569 4925 2924 4980 qumcunque
2970 4911 3354 4981 subjiciuntur
3397 4912 3762 4974 Providentiae,

2105 4979 2227 5034 haec
2249 4995 2378 5053 non
2410 4980 2487 5033 ita
2516 4979 2631 5034 fato
2681 4979 2943 5048 subsi’nt;
2972 4979 3089 5036 non
3137 4985 3290 5053 quod
3321 5000 3411 5037 res
3449 4985 3562 5038 ulla
3603 4990 3766 5053 creata

2105 5052 2304 5122 possit,
2360 5053 2469 5105 Deo
2513 5068 2630 5106 non
2670 5053 3065 5120 modiﬁcaute,
3099 5049 3418 5109 modiﬁcari
3447 5072 3460 5122 ;
3493 5055 3581 5108 sed
3629 5049 3761 5122 quod

2105 5138 2218 5176 non
2252 5123 2437 5177 omnis
2469 5139 2557 5176 res
2583 5130 2768 5177 creata
2801 5141 2965 5194 aeque
3000 5125 3073 5179 sit
3105 5127 3398 5180 mutabilis
3432 5144 3446 5180 :
3485 5142 3609 5180 cum
3630 5123 3760 5176 enim

2105 5194 2286 5248 fatum
2314 5195 2384 5247 sit
2415 5194 2701 5263 dispositio
2718 5196 2875 5249 rebus
2912 5197 3199 5252 mobilibus
3221 5200 3506 5263 inhaerens,
3525 5213 3585 5250 ex
3617 5195 3760 5263 rebus

2105 5267 2309 5319 creatis
2343 5260 2600 5335 quaedam
2642 5267 2843 5334 magis,
2885 5268 3148 5337 quaedam
3202 5269 3391 5322 minus
3424 5260 3537 5322 fato
3581 5260 3759 5337 subjici

2106 5337 2392 5410 dicuntur,
2428 5344 2594 5406 prout
2631 5339 2812 5410 magis
2835 5336 2932 5391 aut
2962 5339 3154 5393 minus
3186 5357 3218 5393 a
3245 5341 3431 5410 prima
3463 5345 3640 5410 mente
3667 5336 3756 5410 dis-

2104 5409 2366 5461 cedentes
2390 5411 2571 5478 magis
2619 5415 2715 5461 aut
2741 5409 2929 5462 minus
2973 5407 3408 5465 obnoxiae—sunt
3438 5407 3713 5463 mutationi
3744 5418 3756 5454 :

2105 5479 2256 5553 quod
2286 5479 2664 5553 Philosophia
2694 5481 2926 5550 exponit
2956 5484 3220 5553 exemplo
3258 5483 3508 5553 plurium
3555 5478 3754 5534 orbium

2103 5552 2250 5604 circa
2281 5550 2580 5604 immotum
2613 5553 2879 5606 eumdem
2923 5569 3082 5607 axem
3117 5550 3197 5608 ita
3241 5550 3513 5617 actorum,
3567 5555 3624 5603 ut
3658 5560 3755 5617 quo

2101 5622 2174 5676 ad
2205 5637 2368 5676 axem
2414 5623 2593 5691 magis
2623 5626 2721 5676 aut
2765 5625 2957 5680 minus
3009 5626 3285 5683 accedunt
3330 5641 3400 5680 eo
3447 5620 3644 5678 minori
3668 5619 3754 5672 aut

2101 5693 2310 5764 majori
2337 5699 2499 5750 motu
2527 5693 2804 5751 cieautur.
