3972 6182
156 248 249 299 81⁸1

1168 240 1259 294 DE
1295 239 1826 296 CONSOLATIONE
1864 238 2339 295 PHILOSOPHM‘]
2379 239 2504 292 LIB.
2552 239 2640 294 ιν.

3534 242 3639 297 818

164 375 256 431 fati
290 387 508 445 quoque
544 397 568 424 ι
597 368 1035 441 supergreditur
1054 370 1471 426 necessitatem.
1501 372 1514 404 ί
1541 372 1723 441 Igitur
1744 370 1828 426 uti
1868 373 1914 425 A
1945 369 2156 423 intueri
2184 370 2339 423 illam
2361 368 2625 423 intimam
2664 370 3028 441 temperiem,
3055 370 3231 426 veluti
3278 371 3339 426 in
3384 373 3638 443 corpori-

166 469 241 519 est
269 463 331 517 ad
361 465 385 505 Ι)
414 460 761 514 intellectum
793 459 1157 513 ratiocinatio
1184 477 1197 527 ;
1232 461 1300 514 ad
1332 461 1387 515 id
1424 463 1577 532 quod
1624 467 1727 525 est,
1774 462 1834 515 id

166 553 301 624 quod
346 551 622 621 gignitur,
678 549 750 602 ad
799 548 1179 603 {eternitatem
1216 554 1466 621 tempus,
1516 552 1585 605 ad
1636 552 1835 622 puncti

163 639 397 694 medium
428 638 701 703 circulus;
730 637 808 690 ita
836 641 920 690 est
964 636 1065 691 fati
1098 637 1271 690 series
1306 636 1534 691 mobilis
1586 638 1657 691 ad
1690 640 1836 691 Pro-

163 728 415 783 videntiee
442 726 700 781 stabilem
730 726 1181 797 simplicitatem.
1210 726 1285 797 (Ei)
1320 728 1396 780 Ea
1422 727 1595 780 series
1626 728 1833 781 ccelum

162 835 217 874 ac
236 818 417 873 sidera
472 821 680 882 movet,
722 817 1007 871 elementa
1053 816 1114 869 in
1146 831 1205 871 se
1234 816 1480 871 invicem
1528 821 1833 887 temperat,

161 914 208 961 et
233 909 443 960 alterna
474 906 921 959 commutatione
962 905 1351 960 transformat.
1406 907 1614 961 Eadem
1645 919 1668 947 ο
1726 924 1837 961 na-

158 996 377 1063 scentia,
411 994 841 1065 occidentiaque
870 995 1064 1048 omnia
1095 1011 1198 1064 per
1214 995 1430 1049 similes
1462 996 1705 1062 fetuum,
1739 1012 1826 1051 se-

160 1086 483 1155 minumque
543 1088 780 1138 renovat
843 1100 1183 1154 progressus
1252 1086 1380 1139 Haec
1428 1090 1585 1139 actus
1636 1086 1830 1153 etiam,

155 1174 514 1244 fortunasque
564 1173 867 1226 hominum
910 1173 1297 1229 indissolubili
1350 1190 1651 1229 causarum
1696 1191 1832 1229 con-

155 1264 383 1319 uexione
415 1262 759 1332 constringit
787 1279 798 1316 :
834 1279 961 1333 quae
991 1280 1122 1317 cum
1152 1264 1223 1318 ab
1276 1264 1589 1317 immobilis
1635 1264 1831 1318 Provi-

154 1352 344 1409 dentia:
394 1352 833 1422 proficiscantur
892 1353 1161 1419 exordiis,
1216 1353 1331 1424 (10)
1403 1354 1552 1424 ipsas
1600 1370 1832 1424 quoque

152 1446 173 1486 εἰ
202 1440 584 1495 immutabiles
612 1457 734 1495 esse
764 1457 991 1495 necesse
1024 1446 1125 1495 est.
1164 1443 1249 1496 Ita
1278 1442 1430 1497 enim
1464 1459 1555 1497 res
1615 1444 1832 1514 optime

154 1536 438 1602 reguntur,
475 1531 523 1584 si
551 1547 791 1584 manens
809 1532 869 1584 in
889 1531 1081 1585 divina
1112 1536 1301 1586 mente
1333 1532 1688 1601 simplicitas,
1737 1533 1826 1585 in-

155 1621 538 1676 declinabilem
594 1636 893 1673 causarum
943 1621 1205 1675 ordinem
1253 1626 1513 1690 promat;
1546 1622 1637 1675 hic
1696 1638 1828 1675 vero

156 1710 281 1765 ordo
312 1726 399 1764 res
432 1709 765 1775 mutabiles,
803 1714 857 1763 et
890 1710 1105 1781 alioqui
1137 1715 1353 1764 temere
1398 1710 1663 1764 ﬁuituras
1693 1728 1829 1782 pro-

153 1797 909 1871 priaeincommutabilitate
966 1804 1240 1853 coerceat.
1299 1799 1420 1863 Quo
1475 1799 1559 1865 fit,
1628 1804 1692 1854 ut
1739 1804 1832 1853 ta-

154 1887 303 1942 metsi
340 1886 498 1940 vobis
531 1886 685 1939 hunc
707 1885 965 1939 ordinem
997 1886 1234 1940 minime
1255 1886 1617 1941 considerare
1640 1888 1831 1941 valen-

156 1980 306 2045 tibus,
340 1976 582 2030 confusa
630 1976 825 2028 omnia
862 1976 973 2045 (l5)
1006 1976 1449 2047 perturbataque
1506 1976 1827 2045 videantur,

154 2067 514 2121 nihilominus
564 2070 757 2118 tamen
806 2081 942 2117 suus
984 2065 1187 2118 modus
1234 2066 1301 2118 ad
1334 2066 1548 2120 bonum
1580 2065 1831 2135 dirigens

154 2161 334 2212 cuncta
361 2156 653 2226 disponat.
692 2153 844 2208 Nihil
877 2158 964 2208 est
993 2153 1148 2207 enim
1190 2154 1343 2225 quod
1370 2154 1507 2208 mali
1556 2170 1729 2208 causa
1759 2171 1830 2209 ne

155 2247 215 2300 ab
240 2246 367 2315 ipsis
398 2244 642 2315 quidem
668 2242 945 2313 improbis
971 2242 1074 2297 fiat
1106 2259 1118 2296 :
1176 2260 1340 2314 quos,
1376 2248 1441 2298 ut
1470 2244 1489 2278 ί
1541 2243 1830 2299 uberrime

156 2335 594 2390 demonstratum
627 2337 731 2395 est,
782 2332 999 2386 bonum
1034 2338 1362 2403 quaerentes
1402 2350 1611 2403 pravus
1671 2351 1833 2389 error

156 2426 355 2491 avertit,
388 2433 413 2467 8
439 2438 511 2477 ne
552 2422 687 2475 dum
721 2422 861 2475 ordo
884 2422 953 2475 de
982 2423 1192 2475 summi
1237 2422 1373 2477 boni
1412 2424 1643 2477 cardine
1698 2441 1831 2495 pro-

156 2513 409 2575 ﬁciscens,
444 2529 477 2566 a
504 2528 615 2565 suo
650 2528 999 2582 quemquam
1044 2511 1308 2566 deﬂectat
1337 2513 1593 2567 exordio.
1630 2516 1649 2548 ³
1694 2515 1830 2578 Quae

156 2618 269 2656 vero
291 2603 396 2673 ('20)
432 2601 687 2671 inquies,
713 2605 901 2670 potest
942 2600 1061 2654 ulla
1090 2601 1345 2670 iniquior
1375 2618 1495 2655 esse
1550 2603 1829 2670 confusio,

157 2708 306 2763 quam
350 2696 413 2745 ut
463 2690 641 2745 bonis
680 2695 804 2743 tum
838 2694 983 2744 297
1045 2690 1301 2756 adversa,
1356 2694 1481 2745 tum
1535 2708 1825 2763 prospera,

158 2782 297 2834 malis
317 2781 487 2834 etiam
523 2784 654 2833 tum
678 2782 890 2849 optata,
916 2784 1040 2833 tum
1064 2779 1263 2833 odiosa
1278 2780 1655 2851 contingant?
1683 2784 1828 2837 Num

156 2869 309 2941 igitur
339 2886 403 2924 ea
424 2869 647 2923 mentis
673 2868 999 2939 integritate
1029 2868 1292 2923 homines
1323 2870 1563 2941 degunt,
1594 2875 1659 2925 ut
1688 2887 1831 2942 quos

1943 459 2050 513 bus
2070 459 2179 513 dici
2213 458 2375 526 solet,
2409 459 2776 513 animorum?
2806 462 2925 513 Non
2943 460 3096 514 enim
3128 460 3405 516 dissimile
3423 467 3508 516 est
3528 463 3634 517 mi-

1943 550 2203 603 raculum
2234 549 2510 603 nescienti
2539 566 2640 603 cur
2670 550 2822 603 sanis
2853 551 3210 619 corporibus,
3255 551 3343 604 his
3399 553 3635 622 quidem

1946 639 2149 705 dulcia,
2186 639 2298 693 illis
2337 655 2467 693 vero
2498 655 2693 693 amara
2736 640 3095 693 conveniant.
3132 642 3246 694 Cur
3276 642 3415 711 azgri
3463 642 3633 697 etiam

1944 729 2177 800 quidam
2209 728 2454 795 lenibus,
2498 730 2603 798 (10)
2632 728 2863 799 quidam
2898 745 3031 782 vero
3074 730 3296 783 acribus
3354 731 3637 799 adjuvan-

1942 823 2055 873 tur.
2111 820 2181 871 At
2231 818 2338 871 hoc
2394 818 2669 883 medicus,
2744 818 2844 888 qui
2893 818 3152 871 sanitatis
3202 819 3401 889 ipsius,
3464 826 3635 890 atque

1941 907 2304 977 aegritudinis
2357 908 2593 961 modum
2643 911 3284 978 temperamentumque
3327 909 3631 978 dignoscit,

1942 997 2179 1051 minime
2234 996 2494 1050 miratur.
2542 996 2687 1060 Quid
2726 1013 2859 1049 vero
2891 997 3043 1051 aliud
3098 998 3423 1051 animorum
3484 999 3635 1051 salus

1940 1086 2166 1141 videtur
2189 1103 2331 1152 esse,
2366 1102 2539 1156 quam
2593 1086 2884 1156 probitas?
2936 1087 3073 1155 quid
3126 1086 3421 1155 aegritudo,
3458 1102 3633 1157 quam

1940 1175 2112 1229 vitia?
2147 1176 2282 1240 Quis
2331 1180 2523 1229 autem
2561 1176 2704 1229 alius
2743 1174 2829 1228 vel
2880 1180 3135 1228 servator
3180 1176 3485 1243 bonorum,
3547 1178 3634 1230 vel

1941 1265 2223 1319 malorum
2272 1265 2558 1334 depulsor,
2596 1280 2767 1335 quam
2801 1268 2987 1317 rector
3016 1280 3079 1317 ac
3129 1265 3444 1318 medicator
3472 1281 3632 1319 men-

1940 1353 2085 1407 tium
2121 1354 2232 1423 (15)
2258 1354 2443 1406 Deus?
2472 1353 2600 1419 Qui,
2629 1369 2757 1405 cum
2789 1370 2855 1405 ex
2888 1354 3000 1406 alla
3032 1353 3441 1422 providentlze‘
3494 1369 3629 1423 spe-

1940 1443 2067 1495 cula
2098 1442 2347 1511 respicit,
2382 1441 2518 1511 quid
2551 1442 2861 1511 unicuique
2894 1442 3195 1495 conveniat
3224 1443 3497 1511 agnoscit,
3554 1446 3629 1508 et,

1940 1532 2096 1601 quod
2136 1531 2441 1585 convenire
2486 1531 2662 1596 novit,
2696 1532 3107 1585 accommodat.
3184 1532 3321 1585 Hinc
3378 1532 3499 1601 jam
3566 1532 3633 1585 fit

1941 1622 2083 1675 illud
2114 1622 2301 1676 fatalis
2323 1621 2537 1675 ordinis
2559 1620 2782 1690 insigne
2807 1620 3171 1685 miraculum,
3195 1638 3324 1675 cum
3356 1622 3425 1675 ab
3452 1622 3633 1675 scien-

1941 1716 1994 1765 te
2022 1712 2257 1782 geritur,
2283 1710 2435 1780 quod
2467 1713 2734 1779 stupeant
2758 1709 3103 1778 ignorantes.
3136 1710 3276 1762 Nam
3308 1713 3371 1761 ut
3418 1725 3619 1779 pauca,

1941 1817 2068 1871 quae
2097 1800 2243 1853 ratio
2288 1800 2436 1852 valet
2482 1799 2753 1866 humana,
2794 1814 2808 1864 j
2867 1799 2936 1852 de
2985 1798 3180 1852 divina
3233 1798 3621 1868 profunditate

1941 1890 2345 1961 perstringam,
2382 1888 2409 1921 ¹ί
2459 1887 2527 1941 de
2582 1886 2707 1953 hoc,
2767 1902 2938 1956 quem
2998 1891 3059 1940 tu
3108 1886 3632 1957 justissimum(20)

1941 1983 1996 2033 et
2027 1978 2176 2048 aequi
2206 1976 2701 2030 servantissimum
2724 1981 2909 2046 putas,
2956 1976 3152 2029 omnia
3180 1975 3378 2029 scienti
3437 1975 3631 2029 Provi-

1940 2068 2143 2123 dentiae
2190 2068 2479 2121 diversum
2511 2066 2754 2118 videtur.
2794 2066 2857 2118 Et
2886 2064 3172 2117 victricem
3204 2065 3437 2135 quidem
3496 2080 3629 2119 cau-

1940 2174 2063 2212 sam
2126 2156 2253 2223 diis,
2301 2155 2506 2209 victam
2529 2170 2662 2208 vero
2704 2152 2902 2208 Catoni
2934 2149 3261 2223 placuisse‘
3323 2153 3625 2207 familiaris

1939 2252 2130 2303 noster
2161 2247 2415 2301 Lucanus
2437 2244 2754 2299 admonuit.
2781 2243 2880 2297 Hic
2909 2243 3087 2313 igitur
3117 2251 3155 2278 ω
3182 2243 3460 2314 quidquid
3492 2243 3632 2297 citra

1940 2353 2099 2408 spem
2147 2336 2335 2390 videas
2396 2334 2539 2404 geri,
2580 2334 2753 2387 rebus
2805 2332 3039 2402 quidem
3096 2336 3284 2387 rectus
3329 2332 3467 2386 ordo
3525 2337 3628 2400 est,

1940 2426 2202 2497 opinioni
2228 2441 2377 2494 ,vero
2410 2428 2525 2478 tua:
2555 2439 2825 2493 perversa
2854 2422 3133 2475 confusio.
3170 2421 3278 2476 Sed
3308 2421 3381 2475 sit
3423 2421 3633 2492 aliquis

1938 2515 2021 2569 ita
2062 2515 2207 2568 bene
2266 2518 2543 2577 moratus,
2592 2512 2707 2582 (25)
2762 2516 2823 2565 ut
2853 2510 2921 2564 de
2952 2527 3019 2564 eo
3047 2510 3308 2564 divinum
3349 2510 3633 2581 judicium

1939 2602 2171 2673 pariter,
2205 2602 2640 2671 humanumque
2672 2599 3019 2663 consentiat;
3055 2600 3151 2654 sed
3184 2603 3267 2652 est
3297 2598 3474 2651 animi
3497 2598 3633 2652 viri-

1938 2691 2044 2745 bus
2079 2691 2339 2745 inﬁrmus
2374 2690 2520 2756 :cui,
2568 2689 2615 2742 si
2657 2690 2793 2760 quid
2835 2689 3059 2743 eveniat
3110 2688 3351 2753 adversi,
3412 2687 3635 2741 desinet

1940 2782 2123 2835 colere
2172 2781 2410 2834 forsitan
2452 2778 2841 2832 innocentiam
2889 2793 2994 2847 per
3053 2793 3226 2848 quam
3276 2791 3391 2829 non
3438 2775 3626 2846 potuit

1940 2871 2188 2927 retinere
2218 2870 2533 2923 fortunam.
2567 2867 2756 2921 Parcit
2786 2867 2978 2937 itaque
3010 2866 3235 2936 sapiens
3276 2864 3625 2935 dispensatio

155 2961 339 3030 probos
364 2960 738 3032 improbosve
769 2959 1077 3026 censuerit,
1110 2976 1207 3013 eos
1236 2975 1489 3031 quoque,
1522 2960 1608 3015 uti
1639 2960 1831 3015 existi-
1871 2978 1910 3034 ρ
1941 2961 1993 3015 ei
2023 2976 2194 3031 quem
2240 2958 2587 3012 deteriorem
2639 2956 2822 3009 facere
2845 2955 3023 3025 possit
3046 2954 3375 3019 adversitas,
3423 2969 3497 3006 ne
3537 2952 3631 3007 cui

156 3052 312 3119 ment,
359 3065 480 3103 esse
513 3063 753 3102 necesse
785 3048 893 3103 sit?
935 3048 1107 3119 Atqui
1158 3048 1257 3119 qui
1287 3048 1347 3102 in
1382 3048 1490 3103 hoc
1520 3050 1824 3105 hominum

151 3138 338 3207 judicia
360 3154 385 3192 ιι
411 3140 520 3209 dep
542 3142 760 3208 ugnant
790 3142 847 3191 et
877 3154 1022 3209 quos
1052 3138 1148 3191 alii
1176 3140 1432 3210 praemio,
1477 3139 1573 3193 alii
1598 3140 1825 3211 (5)5111)-

158 3228 306 3297 plicio
326 3229 528 3299 dignos
544 3227 919 3281 arbitrantur.
963 3227 1071 3282 Sed
1098 3228 1496 3296 concedamus,
1532 3233 1592 3283 ut
1620 3230 1828 3301 aliquis

160 3319 313 3388 possit
348 3319 529 3373 bonos
556 3318 807 3372 malosve
826 3316 1182 3385 discernere;
1235 3334 1376 3374 num
1409 3318 1588 3390 igitur
1613 3320 1826 3390 poterit

1934 3066 2051 3105 non
2107 3047 2373 3103 convenit
2421 3046 2680 3100 laborare
2739 3043 3008 3115 patiatur.
3070 3044 3166 3097 Est
3217 3043 3361 3097 alius
3411 3042 3630 3097 cunctis

1934 3137 2239 3191 virtutibus
2269 3136 2381 3204 (30)
2413 3133 2728 3198 absolutus,
2779 3135 3121 3201 sanctusque
3156 3146 3217 3184 ac
3253 3132 3368 3185 Deo
3426 3129 3626 3199 proxi-

1933 3244 2062 3281 mus
2094 3243 2105 3280 :
2142 3225 2274 3278 hinc
2291 3223 2545 3293 contingi
2574 3220 2924 3293 quibuslibet
2954 3221 3203 3274 adversis
3232 3219 3386 3273 nefas
3436 3219 3631 3273 Provi-

1936 3316 2129 3371 dentia
2162 3314 2402 3385 judicat,
2433 3312 2599 3381 adeo,
2630 3316 2695 3366 ut
2720 3327 2790 3365 ne
2822 3310 3114 3381 corporeis
3143 3310 3377 3380 quidem
3414 3308 3633 3363 morbis

1588 3442 2144 3502 INTERPRETATIO
2155 3484 2166 3497 .

223 3568 243 3592 ⁸
268 3560 637 3614 Transcendit.

224 3656 244 3691 δ
267 3633 701 3698 Intelligentiam.

222 3710 240 3735 ε
264 3702 458 3755 Series.

224 3775 245 3814 ἀ
274 3774 563 3825 Fortunas.

222 3847 242 3874 °
262 3845 595 3899 Constantia.

224 3912 239 3947 ί
262 3915 766 3967 Abundanlissime.

226 3996 251 4037 ς
277 3987 498 4039 Tantum
521 3985 675 4037 abest
706 3988 785 4037 ut.

225 4066 248 4108 ιι
262 4056 397 4110 Inter
416 4072 470 4111 se
494 4060 863 4125 opponuntur.

2015 3556 2271 3624 1Vigilia
2331 3556 2423 3610 hoc
2476 3559 2554 3609 est
2585 3555 2722 3624 loco;
2748 3552 2890 3607 unde
2919 3554 3109 3621 vigiles
3133 3552 3347 3619 longius
3412 3550 3630 3619 prospi-

1937 3634 2105 3684 ciunt.

2003 3717 2017 3767 j
2060 3705 2129 3754 De
2151 3703 2256 3753 Deo
2278 3697 2729 3765 ineomprehenso.

2015 3773 2039 3804 κ
2070 3771 2223 3835 Quod
2256 3775 2311 3823 tu
2332 3764 2494 3837 putas
2512 3782 2744 3837 aequum,
2779 3766 3023 3835 idipsum
3074 3766 3212 3818 Deus
3242 3764 3635 3817 scientissimus

1939 3845 2189 3911 iniquum
2222 3842 2386 3893 videt.

2016 3916 2030 3947 ¹
2058 3912 2415 3978 ΡΙιὲΙοεορΙιίεθ
2440 3911 2672 3977 peritus.
3061 3976 3071 3978 Α
3129 3977 3140 3978 7
3346 3930 3371 3949 ο

2014 3992 2052 4018 ω
2081 3976 2285 4037 Οιηηίά
2329 3980 2545 4049 quidem
2590 3984 2728 4034 recte
2784 3981 2947 4047 ﬁunt,
2980 3976 3074 4031 sed
3106 3977 3171 4031 de
3216 3990 3399 4031 eorum
3446 3976 3635 4028 eventu

1942 4056 2081 4109 male
2106 4053 2346 4123 judicas.

1785 4178 2004 4235 NOTAE.

228 4307 242 4340 ί
270 4306 446 4372 Igitur
478 4307 563 4359 uti
595 4308 672 4358 cst
693 4304 765 4357 ad
794 4304 1139 4371 intellectum,
1166 4305 1293 4370 etc.]
1330 4302 1609 4357 Nimirum
1646 4307 1707 4356 ut
1764 4318 1830 4355 ex

1943 4302 2166 4356 diversa
2194 4303 2275 4354 est
2309 4298 2632 4369 temperies.

170 4351 430 4431 intelliactu
461 4378 580 4430 sive
612 4376 990 4445 intelligentia
1023 4351 1171 4445 (quin
1192 4351 1334 4428 niliil
1368 4381 1450 4428 est
1478 4375 1633 4428 aliud
1660 4390 1831 4444 quam
1872 4351 1915 4404 D
2012 4373 2269 4446 Primum
2302 4351 2536 4442 quidem
2560 4368 2713 4439 quod
2732 4366 2990 4446 homines
3018 4365 3308 4446 ignorent,
3340 4364 3485 4446 Deus
3503 4378 3634 4417 vero

170 4448 391 4515 cognitio
422 4450 575 4502 clara
607 4452 662 4499 et
685 4447 971 4512 distincta,
1005 4462 1251 4518 quaeque
1284 4452 1367 4499 est
1389 4462 1595 4499 norma
1620 4451 1682 4498 ut
1704 4462 1831 4499 sen-

171 4519 339 4571 tentia:
397 4520 474 4572 sic
522 4518 976 4571 ratiocinationis
1012 4534 1160 4571 verze
1188 4518 1491 4587 certaeque)
1540 4521 1834 4570 constante

174 4592 214 4640 el
236 4591 394 4643 veluti
448 4592 687 4643 immota
736 4589 917 4642 oritur
947 4589 1324 4655 ratiocinatio,
1358 4604 1487 4658 qua:
1532 4593 1620 4641 est
1656 4588 1835 4641 veluti

174 4674 478 4729 progressus
514 4660 723 4714 mentis
767 4676 943 4715 unum
970 4661 1251 4731 judicium
1308 4676 1371 4713 ex
1405 4660 1662 4728 pluribus
1711 4660 1835 4712 aliis

176 4733 441 4797 probantis
462 4734 549 4785 vel
583 4732 960 4801 improbantis
994 4747 1005 4785 :
1041 4738 1103 4785 ut
1128 4748 1192 4784 ex
1224 4734 1464 4784 materia
1486 4731 1681 4783 eadem
1716 4747 1833 4783 ma-

178 4807 342 4874 nente,
374 4804 598 4856 diversa
628 4809 973 4871 generantur
1004 4818 1269 4874 corpora,
1301 4819 1351 4856 v.
1388 4818 1438 4871 g,
1481 4819 1661 4871 seges,
1719 4802 1828 4855 tri-

178 4872 352 4939 ticum,
384 4875 567 4944 panis,
605 4874 855 4944 sanguis,
892 4890 1021 4928 caro
1056 4891 1069 4927 :
1108 4872 1180 4927 'ut
1215 4875 1285 4927 ab
1318 4874 1653 4937 aeternitate,
1706 4888 1836 4942 quin

180 4947 249 5015 est
278 4944 613 4999 diuturnitas
647 4947 727 4998 rei
754 4946 873 4999 sine
896 4945 1180 5015 principio
1213 4952 1269 4998 et
1294 4945 1413 4997 sine
1444 4944 1556 4997 line
1596 4944 1835 4997 existen-

178 5012 256 5078 tis,
284 5018 529 5084 procedit
582 5022 808 5085 tempus
853 5012 1007 5086 quod
1067 5012 1147 5070 est
1174 5016 1521 5069 diuturnitas
1582 5015 1662 5068 rei
1705 5030 1837 5067 cum

182 5085 430 5162 principio
463 5088 644 5162 etline
672 5085 1273 5162 existentisiutgcentro
1295 5088 1534 5162 immoto
1578 5092 1839 5162 movetur

181 5157 414 5225 circulus,
458 5159 538 5211 ita
570 5159 943 5227 providentiae
974 5160 1075 5213 Dei
1102 5160 1356 5213 immotae
1389 5158 1691 5227 subjicitur
1738 5157 1837 5211 fati

184 5228 334 5280 series
355 5230 597 5283 mobilis.

243 5298 403 5376 fQuz
428 5317 594 5376 vero,_
616 5303 846 5376 inquies,
896 5306 1075 5376 potest
1113 5303 1246 5376 ulla,
1280 5301 1409 5370 etc.]
1442 5301 1527 5376 lV_.
1580 5301 1839 5376 Philoso-

184 5366 386 5443 phiaex
418 5372 702 5441 praedictis
738 5366 1031 5443 principiis
1063 5373 1255 5439 infert,
1282 5366 1409 5425 non'
1441 5373 1631 5424 minus
1655 5372 1843 5424 Provi-

189 5437 368 5513 dentia:
393 5437 561 5512 quam
597 5444 691 5496 fati
719 5437 838 5496 esse
870 5437 1021 5513 quod
1048 5444 1213 5497 bouis
1243 5437 1415 5497 etiam
1444 5444 1699 5509 adversa,
1787 5448 1843 5497 et

188 5511 330 5589 malis
355 5511 517 5589 etiam
547 5530 814 5589 prospera
845 5511 1202 5589 contingant,
1234 5515 1357 5589 sive
1380 5516 1511 5589 quia
1541 5532 1682 5585 quos
1708 5531 1840 5583 pro-

190 5576 275 5662 bos
304 5576 695 5662 improbos-que:
726 5587 986 5662 homines
1019 5576 1268 5651 ocnsent,
1304 5587 1363 5639 hi
1387 5576 1526 5662 tales
1552 5576 1662 5639 non
1686 5576 1841 5662 sunt,

194 5649 286 5705 Dec
314 5649 515 5722 judice,
549 5649 659 5713 sive
691 5658 863 5713 etiam
886 5658 1022 5729 quia
1041 5664 1100 5714 ut
1132 5649 1438 5729 corporum
1460 5658 1538 5713 sic
1559 5649 1843 5713 mentium

1946 4435 2357 4515 perfectissime
2391 4435 2595 4515 noscat
2624 4439 2882 4515 omnium
2914 4435 3635 4515 hominumncogitationes

1946 4507 2069 4570 ﬁeri
2103 4520 2291 4584 potest
2314 4519 2376 4567 ut
2404 4508 3417 4584 humanumdivinumquejudicium
3448 4508 3516 4584 de
3540 4507 3634 4560 bo-

1947 4588 2034 4641 nis
2058 4580 2451 4657 perversisque
2502 4583 2832 4657 hominibus
2860 4582 3129 4657 diﬂ‘erat:
3182 4585 3244 4633 ut
3288 4596 3429 4657 quos
3486 4580 3636 4657 Deus

1947 4650 2174 4728 probat,
2234 4658 2334 4709 hos
2358 4650 2633 4709 homines
2668 4654 3017 4728 improbent,
3063 4668 3321 4722 quosque
3371 4650 3636 4728 homines

1947 4720 2213 4799 probant,
2244 4728 2353 4799 hos,
2390 4720 2883 4799 Deusiimprobet:
2913 4725 2997 4799 sic_
3021 4720 3133 4799 quo
3174 4720 3433 4799 tempore
3465 4720 3636 4799 amici

1945 4794 2073 4855 ξιοὺὶ
2104 4800 2291 4867 ipsum
2328 4798 2696 4861 damnabant,
2727 4796 2930 4849 eodem
2972 4795 3179 4849 Jobum
3213 4796 3357 4848 [)eus
3379 4794 3636 4847 absolve-

1948 4873 2064 4926 bat.
2102 4866 2253 4934 Quin
2300 4871 2471 4922 etiam
2500 4868 2604 4921 hac
2642 4869 2700 4920 in
2735 4883 2793 4919 re
2826 4867 3111 4920 contraria
3138 4869 3270 4919 sunt
3331 4866 3636 4919 hominum

1942 4942 2178 5013 judicia,
2213 4945 2260 4994 et
2284 4956 2412 5009 quos
2443 4940 2801 5008 aliiprazmio,
2852 4940 2955 4992 alii
3000 4940 3269 5007 supplicio
3319 4938 3513 5005 dignos
3546 4952 3635 4989 ar-

1950 5016 2245 5068 bitrantur.

2024 5085 2235 5139 Deinde
2260 5082 2541 5136 mentium
2572 5080 2649 5134 sic
2677 5081 2899 5135 diversa
2950 5084 3034 5133 est
3070 5079 3397 5150 temperies,
3438 5078 3637 5131 saltem

1950 5156 2373 5225 habitalratione
2399 5154 2673 5223 corporis,
2699 5168 2827 5225 cum
2860 5168 2974 5222 quo
3003 5153 3636 5225 junguntur,_ut_qua>.-

1953 5228 2084 5282 dam
2117 5219 2239 5298 ipso
2271 5219 2516 5298 corpore
2534 5225 2644 5298 sint
2666 5219 3035 5298 infirmiores,
3072 5219 3335 5298 quaedam
3354 5219 3635 5298 fortiores,

1955 5292 2215 5369 quaedam
2255 5292 2429 5351 veluti
2460 5296 2678 5350 libratis
2708 5296 2924 5369 viribus
2946 5292 3193 5365 aequales
3229 5309 3240 5346 :
3272 5292 3476 5369 quibus
3514 5306 3640 5369 om-

1954 5362 2141 5436 nibus,
2197 5371 2311 5422 Deo
2372 5369 2725 5439 providente,
2780 5368 2950 5420 modo
3004 5362 3504 5439 prospei'a,_modo
3538 5362 3638 5415 ad-

1956 5434 2501 5510 versa'conling'unt,
2536 5434 2718 5510 prout
2738 5440 2856 5492 ilch
2896 5434 3219 5510 conducunt
3250 5436 3318 5487 ad
3361 5434 3495 5510 vitia
3544 5450 3642 5486 re-

1957 5513 2257 5579 movenda,
2293 5506 2376 5565 vel
2406 5513 2476 5564 ad
2508 5506 2741 5565 virtutes
2790 5507 3204 5580 promovendas
3242 5521 3252 5559 :
3298 5506 3451 5575 quod
3524 5510 3639 5558 tam

1955 5584 2218 5655 ignotum
2268 5590 2355 5639 est
2384 5583 2733 5650 hominibus,
2779 5595 2951 5651 quam
2990 5580 3091 5632 illa
3128 5580 3322 5632 intinza
3354 5582 3641 5647 temperies

1960 5671 2282 5711 animorum.
