3982 6182
335 267 445 320 819

1686 261 1799 315 ΑΝ.
1840 260 2045 317 MANL.
2088 261 2237 319 sev.
2282 262 2510 341 nomn
3696 272 3783 327 suo

337 395 543 469 agitari
590 395 759 449 sinat.
797 398 946 449 298
981 395 999 431 ¹
1041 393 1186 447 Nam
1216 396 1281 447 ut
1307 391 1542 463 quidam
1574 407 1599 436 ει
1641 406 1732 445 me
1789 407 2020 464 quoque
2061 399 2106 450 A
2139 397 2307 465 atque
2346 393 2624 463 improbis
2675 394 2897 449 nullum
2947 393 3129 449 foedus
3172 399 3273 463 est,
3315 397 3392 450 ita
3421 396 3525 467 ipsi
3564 398 3698 453 inter
3738 418 3789 455 se

337 484 707 542 excellentior
752 483 868 550 ait,
906 484 931 525 ὃ
983 478 1198 555 Ἀνδρός
1261 481 1398 554 ἱεροῦ
1458 488 1609 553 σῶμα
1656 478 1907 553 δυνάμεις
1965 480 2035 532 οἰ-

338 571 662 649 χροδομοῦσι
722 573 807 626 Fit
866 575 1057 625 autem
1106 586 1278 641 saepe,
1337 570 1421 624 uti
1446 570 1614 624 bonis
1667 586 1894 625 summa
1942 587 2032 624 re-

338 680 469 719 rum
522 662 771 732 gerenda
818 660 1126 726 deferatur,
1186 664 1251 713 ut
1300 668 1320 694 °
1365 660 1685 714 exuberans
1759 660 2034 714 retunda-

340 758 436 808 tur
468 752 821 823 improbitas.
865 751 1004 803 Aliis
1031 750 1199 803 mista
1234 750 1519 819 quaedam,
1556 765 1661 818 pro
1712 750 2038 803 animorum

340 844 633 913 qualitate,
668 840 995 893 distribuit:
1031 839 1307 909 quosdam
1336 839 1363 880 ά
1396 839 1705 900 remordet,
1740 854 1810 892 ne
1867 838 2039 907 longa

344 931 423 1001 (5)
456 931 727 985 felicitate
782 929 1109 982 luxurient:
1153 928 1294 981 alios
1328 928 1484 981 duris
1522 926 1728 996 agitari
1772 926 1924 994 sinit,
1979 931 2040 980 ut

343 1021 577 1074 virtutes
627 1018 824 1083 animi,
882 1017 1176 1086 patientia:
1225 1032 1331 1070 usu
1380 1022 1551 1087 atque
1610 1016 2038 1082 exercitatione,

345 1109 709 1163 conﬁrment.
772 1107 883 1160 Alii
939 1106 1067 1175 plus
1118 1120 1284 1174 aequo
1328 1109 1612 1171 metuunt,
1668 1105 1824 1175 quod
1891 1105 2039 1158 ferre

348 1203 593 1268 possunt
626 1214 637 1250 :
676 1196 773 1248 alii
807 1196 936 1265 plus
971 1210 1137 1263 aequo
1176 1194 1505 1264 despiciunt
1534 1194 1687 1264 quod
1728 1194 1878 1247 ferre
1926 1210 2042 1247 non

346 1292 604 1358 possunt.
644 1288 773 1351 Hos,
805 1285 864 1337 in
896 1283 1349 1352 experimentum
1402 1284 1511 1347 sui,
1559 1284 1815 1337 tristibus
1862 1284 2038 1337 ducit.

344 1377 615 1432 Nonnulli
641 1384 660 1409 ο
690 1374 1077 1427 venerandum
1110 1373 1302 1425 saeculi
1334 1388 1565 1437 nomen,
1598 1372 1863 1441 gloriosae
1898 1388 2043 1442 .pre-

351 1466 432 1521 tio
478 1464 699 1527 mortis,
745 1466 1027 1514 emerunt.
1082 1460 1325 1523 Quidam
1384 1460 1493 1527 (l0)
1537 1460 1829 1530 suppliciis
1889 1460 2045 1514 inex-

351 1552 693 1625 pugnabiles
717 1550 1047 1618 exemplum
1092 1549 1311 1602 caeteris
1347 1549 1729 1616 praetulerunt
1773 1548 2042 1603 invictam

352 1642 517 1696 malis
549 1656 667 1695 esse
693 1639 979 1691 virtutem.
1014 1638 1150 1700 Qua:
1190 1653 1359 1707 quam
1392 1641 1543 1690 recte
1571 1642 1741 1706 atque
1796 1637 2045 1707 disposi-

353 1736 411 1784 te
458 1736 516 1783 et
562 1746 626 1782 ex
674 1743 876 1780 eorum
943 1725 1116 1792 bono,
1175 1726 1385 1794 quibus
1442 1726 1695 1778 accidere
1754 1726 2039 1789 videntur,

352 1820 513 1882 ﬁant,
546 1817 705 1870 nulla
726 1814 1004 1868 dubitatio
1036 1820 1137 1866 est.
1179 1814 1317 1866 Nam
1359 1814 1500 1866 illud
1557 1830 1807 1884 quoque,
1883 1816 2036 1885 quod

348 1907 627 1978 improbis
683 1921 836 1959 nunc
872 1904 1071 1971 tristia,
1122 1919 1275 1957 nunc
1309 1908 1501 1973 optata
1540 1904 1915 1973 proveniunt,
1975 1920 2039 1958 ex

352 1996 566 2051 eisdem
595 1994 822 2049 ducitur
857 1992 1060 2046 causis.
1101 1994 1178 2045 Ac
1208 1992 1275 2045 de
1308 1992 1561 2045 tristibus
1611 1992 1843 2062 quidem
1874 2010 2043 2047 nemo

353 2085 595 2138 miratur
624 2083 773 2154 quod
819 2082 931 2151 (15)
991 2097 1086 2134 eos
1140 2082 1285 2134 male
1327 2081 1560 2134 meritos
1608 2097 1808 2135 omnes
1859 2082 2047 2136 existi-

351 2178 531 2228 mant.
576 2172 833 2237 Quorum
884 2169 1119 2240 quidem
1173 2168 1475 2239 supplicia,
1528 2175 1652 2222 tum
1709 2174 1944 2224 caeteros
1973 2171 2043 2225 ab

354 2262 662 2317 sceleribus
694 2262 1000 2325 deterrent,
1032 2263 1153 2311 tum
1194 2258 1364 2327 ipsos,
1415 2259 1625 2329 quibus
1673 2259 2042 2326 invehuntur,

354 2352 621 2405 emendat
652 2366 664 2403 :
700 2351 830 2402 laeta
860 2364 990 2402 vero
1018 2362 1290 2416 magnum
1326 2346 1490 2400 bonis
1523 2352 1932 2418 argumentum
1964 2350 2048 2402 lo-

352 2445 630 2509 quuntur,
666 2437 804 2506 quid
832 2436 900 2490 de
930 2436 1263 2506 hujusmodi
1284 2434 1556 2489 felicitate
1591 2436 1834 2490 debeant
1882 2437 2047 2507 judi-

355 2543 504 2591 care,
534 2541 708 2597 quam
741 2525 1007 2578 famulari
1056 2540 1207 2593 saepe
1241 2524 1519 2592 improbis
1545 2530 1801 2578 cernant.
1844 2527 1907 2578 ln
1936 2541 2048 2595 qua

356 2631 417 2669 re
448 2615 591 2669 illud
638 2611 859 2667 etiamr
897 2612 1218 2682 dispensari
1253 2612 1447 2681 credo,
1470 2613 1623 2683 quod
1672 2620 1757 2667 est
1808 2614 2048 2667 forsitan

355 2704 595 2773 alicujus
626 2702 737 2774 (20)
772 2708 887 2756 tam
914 2717 1166 2771 praeceps
1188 2710 1361 2771 atque
1380 2701 1714 2772 importuna
1740 2708 1966 2768 natura,
1988 2708 2049 2756 ut

353 2790 981 2861 euminscelerapotius
1009 2800 1034 2833 ε
1049 2791 1387 2844 exacerbare
1427 2789 1602 2859 possit
1624 2790 1705 2843 rei
1750 2790 2050 2845 familiaris

354 2880 588 2950 inopia:
639 2879 809 2949 hujus
871 2879 1071 2932 morbo
1102 2878 1469 2932 Providentia
1520 2881 1742 2933 collatae
1792 2880 2046 2950 pecunia:

2144 482 2394 551 improbi
2423 489 2722 550 nequeunt
2747 483 3071 538 convenire.
3110 484 3361 549 Quidni?
3400 502 3524 540 cum
3572 504 3599 541 a
3636 497 3793 543 semet

2144 570 2221 639 (5)
2250 571 2385 641 ipsis
2439 572 2893 642 discerpentibus
2951 574 3359 627 conscientiam
3417 574 3561 628 vitiis
3604 577 3795 646 quique

2143 660 2502 728 dissentiant,
2554 662 2877 731 faciantque
2923 678 3093 732 saepe,
3148 679 3272 733 quae
3334 678 3461 717 cum
3517 664 3787 733 gesserint,

2145 766 2257 804 non
2285 750 2455 804 fuisse
2488 752 2740 821 gerenda
2767 751 3113 805 decernant?
3141 753 3213 809 Ex
3262 767 3375 822 quo
3427 769 3571 823 saepe
3601 769 3798 808 summa

2146 840 2243 893 illa
2273 840 2638 893 Providentia
2671 840 3150 910 protulitinsigne
3182 841 3541 905 miraculum,
3570 847 3627 894 ut
3644 842 3799 895 malos

2148 929 2284 981 mali
2313 929 2496 982 bonos
2526 929 2795 983 facerent.
2824 930 2965 982 Nam
2988 930 3124 983 dum
3148 930 3349 999 iniqua
3380 929 3486 983 sibi
3513 946 3543 982 a
3570 932 3801 998 pessimis

2147 1018 2383 1089 quidam
2424 1018 2646 1087 perpeti
2700 1019 2981 1083 videntur,
3013 1020 3319 1073 noxiorum
3368 1018 3498 1071 odio
3528 1020 3801 1089 ﬂagrantes

2149 1108 2219 1160 ad
2251 1107 2478 1159 virtutis
2501 1107 2727 1176 frugem
2758 1106 2999 1167 rediere,
3028 1107 3163 1159 dum
3195 1122 3252 1159 se
3282 1107 3364 1159 eis
3397 1108 3508 1177 (10)
3534 1108 3801 1160 dissimiles

2150 1196 2377 1249 student
2413 1212 2556 1260 esse,
2618 1212 2760 1266 quos
2813 1196 3071 1250 oderant.
3110 1195 3239 1250 Sola
3287 1203 3372 1249 est
3422 1196 3573 1248 enim
3631 1197 3799 1249 divina

2150 1286 2254 1351 vis,
2287 1286 2379 1337 cui
2403 1286 2553 1338 mala
2586 1300 2819 1354 quoque
2851 1286 3000 1337 bona
3027 1285 3161 1347 sint,
3194 1300 3320 1337 cum
3346 1285 3428 1337 eis
3450 1290 3803 1352 competenter

2152 1374 2387 1438 utendo,
2440 1374 2683 1443 alicujus
2718 1372 2854 1426 boni
2885 1373 3037 1426 elicit
3083 1373 3371 1426 effectum.
3407 1374 3428 1405 ²
3483 1372 3625 1426 Ordo
3678 1374 3803 1424 enim

2152 1463 2386 1531 quidam
2418 1467 2621 1515 cuncta
2641 1462 3057 1531 complectitur,
3094 1467 3153 1514 ut
3177 1461 3328 1530 quod
3353 1461 3424 1513 ab
3439 1460 3708 1528 assignata
3734 1476 3805 1511 or-

2152 1550 2299 1604 dinis
2328 1551 2550 1604 ratione
2594 1550 2936 1615 discesserit,
2969 1550 3078 1603 hoc
3108 1550 3239 1602 licet
3278 1549 3337 1602 in
3380 1549 3576 1613 alium,
3643 1554 3806 1600 tamen

2152 1638 2208 1691 in
2250 1641 2512 1693 ordinem
2552 1640 2862 1705 relabatur,
2899 1654 2969 1692 ne
3001 1639 3138 1708 quid
3160 1638 3219 1691 in
3244 1653 3425 1707 regno
3460 1636 3803 1689 Providentia

2152 1729 2317 1781 liceat
2359 1729 2691 1782 temeritati.
2743 1728 2907 1797 (15)h
2945 1726 3184 1797 Ἀγαλέσν
3227 1724 3367 1797 δέμέ
3416 1730 3581 1776 ταῦτα
3622 1726 3718 1775 θεὸν
3752 1726 3804 1783 ὡς

2150 1816 2297 1868 πάντ’
2327 1815 2606 1890 ἀγορεύειν.
2676 1818 2869 1887 Neque
2899 1816 3054 1870 enim
3082 1816 3177 1869 fas
3221 1822 3306 1868 est
3338 1814 3559 1869 homini
3605 1817 3800 1866 cunctas

2152 1906 2331 1961 divini
2360 1907 2549 1975 operis
2597 1906 2889 1959 machinas
2928 1905 3015 1959 vel
3048 1904 3281 1973 ingenio
3333 1902 3803 1973 comprehendere,

2150 1994 2237 2047 vel
2265 1994 2549 2063 explicare
2581 2010 2865 2049 sermone.
2905 1996 3019 2048 Hoc
3044 1996 3270 2046 tantum
3309 1990 3659 2062 perspexisse
3680 1990 3807 2043 sulti-

2152 2083 2281 2149 ciat,
2302 2084 2458 2153 quod
2484 2089 2821 2137 naturarum
2861 2082 3122 2136 omnium
3154 2082 3166 2115 ί
3197 2082 3457 2149 proditor
3485 2081 3645 2143 Deus,
3681 2079 3804 2131 idem

2154 2172 2223 2225 ad
2246 2172 2463 2225 bonum
2492 2171 2747 2241 dirigens
2772 2176 2974 2224 cuncta
3001 2170 3253 2240 disponit
3286 2186 3297 2222 :
3334 2170 3587 2238 dumque
3606 2184 3667 2220 ea
3703 2182 3807 2236 qua:

2152 2262 2411 2330 protulit,
2442 2261 2499 2313 in
2552 2260 2641 2313 sui
2672 2260 3112 2313 similitudinem
3138 2259 3386 2311 retinere
3430 2258 3668 2321 festinat,
3713 2256 3803 2323 (20)

2156 2349 2371 2401 malum
2401 2365 2572 2401 omne
2620 2350 2689 2401 de
2730 2348 3059 2415 reipublicae
3090 2363 3205 2399 suae
3234 2346 3500 2399 terminis
3524 2360 3623 2414 per
3652 2344 3805 2396 fatalis

2154 2437 2362 2489 seriem
2412 2434 2797 2502 necessitatiSj
2865 2435 3146 2489 eliminat.
3197 2435 3319 2498 Quo
3371 2435 3456 2499 tit,
3510 2440 3568 2486 ut
3606 2448 3716 2503 quae
3759 2432 3805 2483 in

2153 2525 2321 2579 terris
2352 2526 2642 2579 abundare
2660 2524 2994 2589 creduntur,
3037 2524 3085 2577 si
3114 2523 3515 2592 disponentem
3540 2519 3803 2575 Providen-

2156 2615 2295 2668 tiam
2321 2620 2560 2684 spectes,
2609 2614 2750 2667 nihil
2786 2628 3027 2683 usquam
3060 2628 3181 2666 essc
3214 2613 3556 2681 perpendas.
3604 2608 3699 2663 Sed
3748 2606 3807 2659 vi-

2158 2703 2265 2757 deo
2289 2704 2409 2772 jam
2434 2702 2654 2756 dudum
2691 2708 2742 2756 te
2764 2708 2819 2755 et
2849 2701 3104 2770 pondere
3148 2700 3485 2770 quaestionis
3527 2706 3804 2756 oneratum,

2159 2798 2216 2845 et
2262 2792 2499 2843 rationis
2530 2789 2857 2859 prolixitate
2910 2789 3230 2859 fatigatum,
3279 2789 3533 2859 aliquam
3580 2784 3807 2839 carminis

2160 2885 2485 2949 exspectare
2511 2879 2891 2933 dulcedinem.
2915 2878 3119 2948 Accipe
3146 2878 3257 2948 (25)
3293 2878 3474 2947 igitur
3504 2877 3530 2910 κ
3549 2876 3800 2937 haustum,

352 2969 611 3025 remedio
642 2968 921 3023 medetur.
948 2968 1048 3022 Hic
1068 2967 1335 3023 fmdatam
1356 2967 1583 3038 probris
1640 2969 2047 3023 conscientiam
2088 2992 2127 3047 ρ
2159 2986 2271 3040 quo
2305 2968 2565 3037 refectus,
2598 2968 2820 3023 ﬁrmior
2846 2967 2906 3021 in
2928 2966 3204 3021 ulteriora.
3233 2966 3563 3021 contendas.

356 3062 640 3125 spectans,
698 3060 754 3110 et
809 3072 939 3110 cum
969 3056 1198 3110 fortuna
1256 3072 1359 3110 sua
1405 3072 1762 3127 comparans,
1808 3058 2049 3112 forsitan

353 3145 725 3214 pertimescit,
758 3161 830 3199 ne
860 3146 1022 3213 cujus
1061 3147 1111 3197 ei
1141 3146 1426 3213 jucundus
1450 3163 1585 3199 usus
1608 3153 1713 3215 est,
1747 3148 1819 3200 sit
1864 3148 2045 3202 tristis

359 3233 608 3287 amissio.
631 3232 865 3287 Mutabit
885 3233 1062 3302 igitur
1091 3232 1201 3303 (25)
1234 3249 1441 3302 mores,
1474 3250 1556 3301 ac,
1591 3235 1725 3288 dum
1760 3235 2053 3291 fortunam

357 3322 565 3375 metuit
584 3322 868 3387 amittere,
902 3321 1219 3392 nequitiam
1251 3323 1617 3394 derelinquit.
1669 3329 1818 3379 299
1892 3326 2050 3381 Alios

358 3411 419 3463 in
448 3412 669 3464 cladem
694 3411 959 3464 meritam
992 3414 1366 3481 praecipitavit
1393 3414 1628 3480 indigne
1650 3419 1773 3466 acta
1790 3413 2047 3470 felicitas.

360 3498 714 3561 Quibusdam
738 3499 1080 3568 permissum
1104 3500 1381 3569 puniendi
1406 3501 1523 3570 jus,
1548 3505 1611 3555 ut
1658 3502 1915 3556 exercitii
1948 3504 2050 3556 bo-

360 3585 473 3656 nis,
527 3590 583 3640 et
632 3585 796 3641 malis
820 3590 965 3641 esset
1014 3602 1181 3641 causa
1238 3588 1524 3659 supplicii.
1574 3590 1715 3645 Nam
1756 3595 1817 3644 ut
1855 3590 2050 3662 probis

2691 3061 2845 3112 300
2874 3055 3185 3111 METRUM‘
3216 3055 3305 3108 VI.

2161 3151 2573 3201 Ancuuexruu.
2615 3176 2683 3187 ——
2727 3146 3075 3214 Philosophia
3130 3145 3395 3212 exemplis
3454 3140 3803 3214 conﬁrmatum

2235 3219 2478 3273 divinam
2502 3218 2922 3281 Providentiam,
2942 3212 3059 3270 'ha’c
3090 3220 3188 3281 est,
3220 3218 3425 3283 inquit,
3470 3215 3555 3267 lem
3583 3212 3807 3286 divinitus

2233 3293 2547 3353 constituta,
2573 3294 2630 3342 ut
2648 3304 2780 3358 pace
2801 3291 2943 3341 inita
2969 3287 3112 3341 inter
3154 3286 3359 3348 sidera,
3393 3287 3658 3347 elementa,
3701 3294 3805 3332 anm

2235 3366 2589 3427 tempestates,
2624 3363 2909 3427 omniaque
2938 3374 3163 3428 corpora
3190 3358 3465 3421 vidcntia,
3498 3358 3599 3409 haec
3625 3364 3801 3428 μή)έῖ-

2233 3426 2349 3485 tuos
2395 3435 2642 3500 repetant
2699 3426 2958 3484 circuitus
2998 3426 3071 3483 ad
3117 3430 3257 3483 illud
3291 3444 3325 3481 a
3372 3444 3477 3498 quo
3505 3426 3802 3497 prodierunt,

2231 3504 2478 3557 reditura
2510 3503 2634 3556 boni
2662 3502 2945 3569 cujuslibet
2968 3503 3323 3569 principium.

2305 3591 2361 3647 Si
2392 3591 2473 3645 vis
2501 3591 2637 3646 celsi
2659 3591 2794 3662 jura
2821 3590 3077 3645 tonantis

1814 3724 2396 3782 INTEBPRETATIO.

430 3852 456 3878 ι
487 3844 651 3897 Forte
684 3844 919 3897 Hermes
949 3844 1374 3913 Trismegistus.

428 3915 457 3960 b
479 3916 605 3969 Viri.
624 3916 772 3969 sacri
791 3930 982 3985 corpus
1020 3918 1247 3971 virtutes
1277 3916 1569 3985 zdiﬁcant.

437 3995 458 4022 ο
477 3985 768 4040 Grassata.

427 4057 458 4171 2
479 4058 819 4183 ﬁiisﬁtgi'itatis
847 4130 1058 4195 famam
1084 4129 1291 4185 illustri
1325 4133 1493 4184 morte
1519 4130 1795 4187 consecuti
1827 4135 1972 4185 sunt.

432 4198 450 4233 ί
483 4199 617 4253 Ideo
646 4202 785 4268 ﬁeri.

428 4278 453 4314 ε
484 4272 835 4326 Commovere.

2234 3850 2261 3891 h
2293 3849 2529 3917 Difﬁcile
2574 3852 2754 3903 autem
2814 3849 2895 3902 est
2925 3860 3007 3901 me
3042 3844 3150 3902 hac
3174 3846 3354 3902 omnia
3384 3843 3527 3901 velut
3555 3841 3699 3897 deum
3721 3836 3804 3892 elo-

2168 3936 2282 3987 qui.

2232 4007 2243 4043 i
2272 3989 2512 4043 Creator.

2225 4086 2240 4126 ,ι
2271 4062 2533 4127 Εωρειιίι.

2234 4133 2260 4164 κ
2290 4133 2564 4186 Poculum.
3779 4190 3786 4199 .

2230 4204 2297 4257 Si
2351 4202 2629 4255 desideras
2677 4200 2956 4254 advertere
2996 4199 3405 4269 providentiam
3475 4200 3572 4272 Dei
3620 4204 3800 4272 summi.

2157 4278 2331 4327 mente
2351 4272 2607 4340 diligenti
2638 4279 2687 4326 et
2700 4288 2866 4342 pura,
2903 4264 3188 4327 considera
3217 4274 3443 4326 vertices
3465 4270 3580 4325 οωΙὶ
3599 4264 3804 4320 sublimis

1986 4395 2207 4453 NOTAE.

430 4519 450 4553 ⁸
473 4487 612 4576 Nam
645 4524 703 4573 ut
736 4519 960 4589 quidam
989 4535 1070 4573 me
1107 4535 1318 4591 quoque
1356 4520 1700 4575 excellentior
1744 4520 1871 4590 ait]
1918 4522 2044 4577 Cre-
2084 4525 2127 4578 D
2157 4526 2286 4588 etc.,
2319 4521 2425 4574 hoc
2447 4524 2529 4574 est
2558 4535 2570 4573 :
2611 4520 2828 4588 difficile
2859 4522 3037 4574 autem
3085 4520 3192 4574 haec
3227 4518 3409 4573 omnia
3444 4531 3524 4571 me
3580 4518 3802 4578 tanquam

360 4591 751 4663 diturHermes
812 4593 1210 4659 Trismegistus,
1260 4591 1450 4662 inquit
1501 4591 1825 4657 Ascensius,
1873 4608 2044 4663 quem

361 4663 541 4715 Deum
562 4662 833 4733 _efl:ectum
857 4662 1145 4716 fabulatur
1164 4663 1475 4733 gentilitas.
1510 4664 1700 4718 Graeca
1728 4662 1917 4716 autem
1950 4664 2047 4717 illa

358 4733 525 4786 verba
549 4728 736 4804 ἀνδρὸς
772 4734 928 4805 ἱεροῦ,
954 4739 1083 4801 etc.,
1127 4728 1203 4787 sic
1235 4734 1396 4787 reddi
1426 4734 1634 4788 debent
1667 4750 1678 4787 :
1739 4737 1850 4788 viri
1904 4738 2052 4789 sacri

361 4818 579 4875 corpus;
617 4806 847 4875 virtutes
914 4805 1231 4872 aediﬁcant:
1292 4821 1621 4875 quanquam
1680 4805 1855 4870 enim,
1905 4811 2047 4859 teste

358 4873 639 4943 Apostolo,
680 4875 725 4926 II
754 4874 883 4928 Cor.
908 4891 987 4929 xu
1019 4878 1225 4941 Virtus,
1271 4873 1326 4929 in
1352 4873 1668 4945 inﬁrmitate
1706 4878 2044 4944 perﬁciatur,

359 4945 510 4997 salus
541 4950 733 5017 tamen
791 4947 1067 5015 corporis,
1128 4948 1357 5009 divitire,
1395 4954 1450 4999 et
1498 4952 1713 5000 caetera),
1764 4948 2048 5017 ejusmodi

357 5015 763 5085 prosperitates
789 5033 901 5068 non
936 5033 1064 5069 raro
1096 5019 1422 5072 conducunt
1450 5019 1519 5071 ad
1542 5015 1807 5072 virtutem
1850 5019 2047 5071 colen—

359 5086 490 5141 dam
530 5087 649 5140 :sic
710 5089 824 5140 Deo
857 5088 1063 5141 dicenti
1112 5091 1316 5143 Jobum
1345 5106 1466 5143 esse
1500 5089 1683 5141 virum
1714 5088 1932 5159 justum
1992 5094 2048 5143 et

357 5159 640 5230 colentem
698 5160 895 5221 Deum,
956 5162 1247 5230 respondit
1291 5162 1474 5214 malus
1518 5160 1720 5230 genius
1760 5177 1875 5213 non
1922 5175 2044 5215 esse

358 5229 592 5301 mirum.
627 5246 755 5283 cum
782 5230 973 5283 omnia
1008 5229 1090 5283 illi
1121 5248 1392 5301 prOSpera
1413 5229 1619 5284 essent.
1660 5231 1775 5284 Lib.
1809 5231 1933 5286 Job.

430 5300 453 5332 ³
485 5302 637 5358 Ordo
696 5304 838 5355 enim
882 5300 1133 5371 quidam,
1192 5300 1322 5373 etc.]
1373 5304 1441 5357 Ut
1480 5304 1632 5355 enim
1685 5318 1875 5354 rerum
1904 5318 2041 5373 Aom-

356 5371 518 5443 nium
549 5379 868 5426 creatarum
894 5389 1070 5425 unum
1091 5377 1175 5425 est
1207 5371 1550 5443 principium
1584 5389 1846 5443 unusque
1889 5371 2041 5441 ﬁnis,

357 5441 435 5495 sic
456 5458 683 5496 necesse
734 5449 818 5497 est
846 5460 993 5497 unus
1024 5446 1097 5497 sit
1130 5441 1459 5496 earumdem
1502 5460 1692 5498 rerum
1738 5441 1897 5509 ordo,
1933 5460 2049 5497 una

358 5513 734 5582 Providentia,
776 5531 949 5585 quam
995 5520 1055 5565 ut
1104 5519 1253 5585 pote,
1286 5514 1565 5585 inﬁnitam
1608 5532 1796 5585 neque
1856 5517 2046 5567 animo

356 5584 869 5656 Comprehendere,
913 5601 1097 5656 neque
1143 5584 1327 5638 verbis
1368 5584 2042 5656 explicarepossumus:

356 5648 572 5723 optime
630 5657 783 5710 enim
818 5648 1118 5727 Homerus,
1179 5656 1335 5711 Iliad.
1394 5648 1461 5711 Μῖ
1508 5648 1780 5731 Ἀργαῖέον
1824 5654 1871 5709 δ’
1936 5648 2040 5728 iiii,

2155 4593 2310 4647 deum
2341 4593 2543 4660 eloqui.

2229 4699 2440 4763 ‘Quod
2500 4697 2845 4769 quibusdam
2882 4701 3115 4750 vocatur
3169 4694 3539 4764 spondaicum.
3598 4690 3800 4769 Carmeli

2156 4776 2240 4825 est
2262 4756 2535 4824 constans
2555 4786 2619 4822 ex
2648 4785 2761 4822 uno
2793 4784 2999 4837 genere
3014 4756 3302 4831 versuum,
3329 4779 3569 4834 quorum
3600 4756 3801 4837 qlli‘libet

2157 4848 2488 4896 tetrameter
2530 4840 2698 4893 tertio
2730 4830 2849 4892 locvo
2891 4838 3177 4908 dactylum
3210 4844 3265 4890 et
3296 4830 3799 4908 quartosponde‘um

2157 4915 2364 4982 saepius
2415 4912 2621 4964 habet:
2677 4911 2804 4964 aliis
2860 4926 2993 4963 vero
3018 4898 3189 4974 vlocis,
3243 4898 3449 4977 printer
3503 4898 3599 4958 hos
3641 4898 3798 4970 pedes»

2158 4986 2330 5038 etiam
2354 4988 2730 5051 anapaestum.

2232 5093 2279 5142 1.
2308 5090 2456 5141 Jura
2497 5085 2775 5158 tonantis]
2811 5085 3207 5141 Providentiam
3238 5086 3329 5138 Dei
3360 5100 3371 5137 :
3406 5096 3529 5135 nam
3563 5091 3676 5131 cum
3704 5072 3799 5158 hiet

2160 5160 2508 5213 Providentia
2534 5175 2599 5211 ex
2622 5155 2783 5211 dictis
2806 5160 2876 5211 sit
2902 5158 3091 5210 divina
3107 5158 3249 5209 ratio
3275 5157 3331 5207 in
3362 5167 3557 5207 summo
3600 5155 3795 5221 omnium

2154 5234 2403 5299 principe
2428 5233 2719 5284 constituta
2753 5245 2869 5297 qua:
2901 5234 3089 5281 cuncta
3122 5226 3423 5299 εἰίειῖοηὶεἨ
3450 5224 3559 5299 hinc
3597 5232 3698 5299 non
3722 5226 3797 5299 "‘11:

2158 5282 2361 5356 inerito
2384 5282 2618 5354 vocatur
2651 5282 3047 5370 jus‘divinum,
3092 5282 3323 5349 sivc‘lex
3371 5282 3571 5348 divina.
3617 5282 3794 5370 Deinde

2157 5390 2290 5426 vero
2322 5378 2513 5427 tonans
2560 5358 2671 5424 cstv
2692 5373 2879 5424 Deus:
2929 5358 3055 5422 cum
3112 5370 3263 5420 enim
3297 5384 3472 5419 causm
3521 5358 3794 5431 peculiarth

2158 5445 2421 5515 fulguris,
2454 5443 2728 5515 tonitrui,
2750 5448 2803 5515 et
2833 5440 3091 5515 fulminis
3114 5440 3282 5506 vulgo
3318 5454 3424 5491 non
3458 5427 3790 5515 innotescatlﬁ

2157 5500 2277 5568 haec
2303 5500 2501 5569 effecta
2530 5514 2606 5565 ita
2629 5500 2732 5565 soli
2766 5514 2879 5565 Deo
2906 5512 3075 5565 tribui
3098 5500 3525 5569 consueverunt,
3560 5508 3614 5555 ut
3639 5500 3789 5569 poetic

2158 5564 2855 5655 praisertimnominando
2888 5564 3279 5655 fulgurantrm,
3302 5564 3578 5641 tonantem,
3609 5564 3657 5623 el.
3695 5564 3789 5632 [αι’

2157 5653 2473 5725 minantem,
2508 5657 2688 5711 Deum
2718 5654 2963 5725 intelligi
2988 5653 3186 5708 velint.
