3972 6182
326 261 432 315 821

543 393 695 447 Pura
731 391 911 446 solers
936 404 1168 445 cernere
1198 393 1415 459 mente,

541 481 746 553 Aspice
772 479 983 535 summi
1013 480 1270 535 culmina
1301 481 1448 535 coeli.

540 577 689 626 801
724 570 844 625 Illic
859 570 1014 642 justo
1044 569 1255 625 fadere
1276 585 1472 626 rerum

323 664 358 714 5
540 662 802 716 Veterem
841 665 1074 716 servant
1101 659 1288 714 sidera
1324 675 1549 733 pacem.

541 751 667 806 Non
692 753 777 805 sol
796 750 969 805 rutilo
1000 749 1255 804 concitus
1277 750 1411 821 igne

538 837 800 894 Gelidum
830 837 1069 893 Phabes
1097 836 1341 908 impedit
1365 852 1551 891 axem.

538 929 651 983 Nec
675 944 805 1000 qua
834 942 1060 982 summo
1085 926 1297 981 vertice
1327 926 1533 981 mundi

536 1017 737 1071 Flectit
764 1016 992 1087 rapidos
1034 1016 1173 1069 Ursa
1202 1019 1445 1081 meatus,

319 1106 385 1159 lO
534 1106 841 1176 Nunquam
871 1103 1106 1159 occiduo
1141 1104 1251 1158 tota
1270 1102 1582 1174 profundo,

530 1194 749 1248 Catera
774 1209 1011 1247 cernens
1041 1193 1229 1248 sidera
1267 1192 1476 1263 mergi,

530 1282 700 1353 Cupit
730 1284 953 1338 Oceano
985 1281 1200 1354 tingere
1226 1282 1506 1337 ﬂammas.

527 1371 766 1442 Semper
793 1372 1009 1427 vicibus
1037 1372 1315 1442 temporis
1335 1372 1517 1443 aquis

527 1461 734 1531 Vesper
759 1476 912 1515 seras
948 1460 1175 1515 nuntiat
1206 1460 1461 1528 umbras,

300 1552 368 1603 15
521 1550 872 1621 Revehitque
900 1550 1055 1605 diem
1078 1548 1302 1605 Lucifer
1333 1550 1570 1605 almum.

517 1639 608 1694 Sic
629 1643 877 1693 aternos
908 1639 1090 1695 reﬁcit
1119 1654 1319 1693 cursus

516 1728 785 1783 Alternus
816 1744 1013 1783 amor:
1043 1727 1121 1783 sic
1146 1727 1435 1799 astrigeris

517 1817 738 1872 Bellum
769 1817 985 1872 discors
1014 1818 1231 1871 exsulat
1260 1816 1395 1872 oris.

1370 260 1461 314 DE
1500 259 2027 319 CONSOLATIONE
2066 258 2562 316 PHILOSOPHIIE
2606 258 2734 313 LIB.
2776 258 2867 315 IV.

2054 396 2103 450 Α
2308 394 2439 448 Hac
2476 391 2781 447 concordia
2810 396 3096 464 temperat
3126 393 3307 466 aquis

3726 261 3829 317 822

2132 483 2200 538 20
2308 482 2607 537 Elementa
2632 480 2838 549 modis,
2869 486 2937 536 ut
2959 482 3281 553 pugnantia

2305 570 2533 626 Vicibus
2559 570 2766 625 cedant
2789 570 3047 640 [humida
3071 571 3254 640 siccis,

2302 661 2627 732 Jungatque
2657 658 2831 715 ﬁdem
2860 660 3077 731 frigora
3108 660 3379 731 ﬂammis,

2304 749 2592 805 Pendnlus
2625 748 2778 821 ignis
2806 754 3003 821 surgat
3030 749 3093 804 in
3120 751 3320 806 altum.

2297 840 2600 911 Terraque
2630 853 2831 910 graves
2851 839 3106 909 pondere
3132 839 3343 895 sidant.

2121 929 2189 984 25
2299 934 2450 984 30%
2470 928 2680 983 Iisdem
2710 928 2893 981 causis
2922 944 3055 983 vere
3085 929 3302 1001 tepenti

2294 1017 2484 1089 Spirat
2514 1016 2733 1072 ﬂorifer
2762 1033 2947 1072 annus
2976 1018 3203 1088 odores,

2292 1108 2478 1161 jEstas
2508 1106 2770 1161 Cererem
2799 1105 3015 1161 fervida
3044 1106 3239 1177 siccat,

2292 1195 2527 1250 Remeat
2563 1195 2753 1266 pomis
2783 1194 2972 1265 gravis
3003 1200 3347 1264 autumnus,

2292 1284 2552 1340 Hiemem
2578 1284 2803 1339 deﬂuus
2835 1284 3039 1356 irrigat
3068 1285 3275 1342 imber.

2113 1373 2179 1429 30
2288 1374 2417 1427 llac
2451 1373 2758 1443 temperies
2792 1374 2909 1441 alit,
2945 1389 3008 1427 ac
3039 1374 3258 1445 profert

2288 1462 2578 1533 Quidquid
2610 1462 2787 1516 vitam
2817 1462 2998 1533 spirat
3029 1463 3092 1517 in
3121 1463 3259 1517 orbe
3284 1479 3298 1518 :

2286 1552 2498 1606 Eadem
2527 1552 2758 1622 rapiens
2789 1552 3003 1614 condit,
3029 1556 3085 1606 et
3109 1553 3319 1621 aufert,

2290 1641 2462 1696 Obitu
2487 1657 2751 1711 mergens
2781 1645 2904 1695 orta
2937 1657 3228 1712 supremo.

2279 1730 2449 1786 Sedet
2478 1731 2700 1786 interea
2730 1730 2996 1785 conditor
3014 1731 3185 1797 altus,

2104 1821 2169 1872 35
2282 1821 2613 1893 Rerumque
2646 1837 2851 1892 regens
2882 1820 3063 1877 ﬂectit
3087 1820 3365 1889 habenas,

1792 1913 2092 1972 INTERPR
2103 1916 2375 1974 ETATIO.

288 2011 394 2064 Hic
428 2015 581 2064 astra
621 2013 854 2064 retinent
907 2011 1249 2066 concordiam
1300 2014 1586 2080 antiquam
1613 2026 1814 2073 rerum,
1844 2016 1984 2066 certo

280 2081 513 2146 radere.
545 2083 635 2137 Sol
678 2089 874 2150 raptus
898 2083 1125 2141 ﬂamma
1165 2083 1455 2151 splendida
1483 2099 1586 2136 non
1612 2083 1839 2151 impedit
1871 2099 1989 2137 cur-

283 2169 415 2206 rum
442 2152 716 2221 frigidum
774 2154 931 2207 luna.
978 2156 1158 2221 Neque
1192 2156 1351 2222 Ursa,
1414 2170 1534 2223 qua
1584 2158 1815 2207 vertitur
1843 2159 1989 2208 circa

279 2238 558 2277 summum
585 2225 768 2292 polum
795 2225 1004 2291 mundi,
1034 2226 1153 2278 licet
1182 2225 1316 2278 hinc
1335 2240 1616 2294 nunquam
1652 2225 1840 2278 abluta
1869 2227 1986 2289 fue-

276 2297 362 2347 rit
392 2310 585 2348 oceano
610 2295 853 2360 occiduo,
886 2296 1019 2349 inde
1041 2312 1164 2349 vero
1189 2296 1374 2350 videat
1402 2300 1594 2350 caetera
1630 2302 1783 2349 astra
1809 2297 1980 2365 ablui,

274 2367 470 2419 studet
499 2367 714 2419 abluere
742 2381 865 2420 suos
893 2370 1043 2433 ignes
1073 2367 1178 2420 hoc
1209 2368 1409 2420 eodem
1446 2370 1607 2421 mari.
1644 2368 1867 2436 Semper
1906 2370 1984 2421 al-

277 2443 442 2490 terna
471 2438 566 2491 sed
595 2439 754 2505 justa
802 2440 1128 2491 successione
1159 2441 1413 2506 temporis
1472 2438 1630 2492 stella
1674 2440 1982 2507 vespertina

274 2510 493 2562 indicat
539 2509 784 2563 tenebras
816 2514 1127 2571 nocturnas,
1162 2512 1475 2580 eademque
1502 2510 1659 2563 stella
1706 2513 1979 2563 matutina

269 2581 454 2644 refert
501 2580 666 2648 lucem
718 2580 1032 2645 fecundam.
1075 2581 1162 2635 Sic
1208 2596 1361 2633 amor
1415 2584 1721 2648 reciprocus
1750 2585 1978 2648 reparat

268 2655 455 2705 motus
479 2656 789 2721 perpetuos;
821 2654 900 2706 sic
934 2651 1127 2705 bellum
1158 2651 1364 2705 discors
1387 2652 1614 2721 ejectum
1643 2656 1721 2705 est
1749 2666 1776 2705 e
1806 2654 1976 2718 regio-

2094 2013 2256 2067 nibus
2309 2014 2606 2080 stelliferis.
2665 2012 2961 2069 Concordia
3026 2014 3138 2067 ista
3185 2013 3501 2068 moderatur
3537 2015 3796 2070 elementa

2094 2085 2265 2152 justis
2289 2085 2516 2152 legibus,
2542 2090 2603 2139 ut
2624 2085 2850 2139 humida
2867 2087 3146 2139 contraria
3168 2086 3395 2139 alternis
3412 2086 3605 2141 cedant
3618 2089 3793 2154 siccis,

2097 2160 2148 2209 et
2174 2155 2390 2223 frigida
2416 2158 2603 2209 ineant
2641 2171 2827 2225 pacem
2873 2171 2992 2209 cum
3033 2156 3268 2221 calidis;
3320 2159 3466 2221 ignis
3495 2172 3790 2226 suspensus

2095 2228 2262 2279 evolet
2291 2241 2507 2281 sursum
2560 2232 2609 2281 et
2672 2233 2818 2281 terra
2848 2228 3153 2295 ponderosa
3207 2227 3475 2282 subsistat
3523 2229 3793 2282 deorsum

2093 2313 2196 2350 sua
2225 2302 2517 2365 gravitate.
2551 2300 2652 2352 Hic
2696 2299 2903 2365 legibus
2935 2312 3110 2353 annus
3141 2300 3333 2365 ﬂorum
3358 2314 3563 2367 parens
3595 2302 3794 2353 emittit

2091 2368 2277 2422 odores
2328 2374 2663 2438 tempestate
2714 2369 2901 2438 tepida
2944 2371 3107 2435 veris,
3162 2373 3324 2423 astas
3382 2369 3566 2423 calida
3608 2372 3791 2439 coquit

2091 2454 2332 2508 messem,
2385 2445 2681 2494 autumnus
2737 2444 3030 2494 revertitur
3082 2444 3305 2493 onustus
3350 2443 3548 2509 pomis,
3596 2442 3791 2509 pluvia

2088 2510 2285 2565 cadens
2315 2514 2555 2579 aspergit
2589 2512 2829 2565 hiemem.
2860 2513 2986 2567 Hac
3033 2513 3314 2579 temperies
3361 2513 3539 2565 nutrit
3577 2512 3792 2579 produ-

2084 2584 2261 2650 citque
2314 2597 2509 2650 corpus
2560 2598 2710 2636 omne
2748 2583 2892 2649 quod
2941 2581 3060 2649 agit
3096 2586 3270 2635 vitam
3327 2584 3385 2635 in
3413 2583 3655 2647 mundo;
3685 2583 3783 2637 sed

2084 2653 2271 2709 eadem
2305 2654 2611 2723 temperies
2660 2654 2803 2707 tollit
2837 2658 2888 2707 et
2919 2656 3151 2708 occultat
3179 2652 3323 2707 idem
3351 2668 3544 2723 corpus
3575 2656 3781 2723 vivens,

1910 2767 2132 2825 ΝΟΤᾹΞ.

342 2864 401 2917 2.
429 2864 578 2918 Pura
604 2863 768 2917 solers
806 2877 1017 2917 cernere
1069 2864 1258 2917 mente.
1292 2860 1311 2932 ]
1340 2862 1513 2917 Mente
1542 2863 1789 2917 omnibus
1815 2879 1958 2933 pra-

255 2934 499 3005 judiciis
525 2938 691 2988 exuta
734 2935 877 2987 clare
920 2939 969 2987 et
1013 2934 1269 2988 distincte
1324 2948 1656 3001 cognoscere,
1706 2934 1959 2990 divinam

264 3006 553 3060 nimirum
592 3005 1032 3071 Providentiam,
1090 3005 1261 3074 hujus
1313 3010 1506 3058 autem
1555 3005 1955 3073 Providentia,

2069 2869 2255 2919 tatum
2277 2867 2604 2933 motricium,
2630 2880 2759 2937 qua
2778 2863 2858 2918 ita
2887 2866 3121 2918 notatur
3147 2863 3445 2937 (Pendulus
3479 2867 3623 2933 ignis
3654 2880 3778 2922 sur-

2068 2942 2164 3004 gat
2185 2940 2246 2990 in
2275 2939 2466 3001 altum,
2507 2935 2788 3005 Terraque
2817 2950 3011 3006 graves
3040 2936 3276 3003 pondere
3304 2935 3553 3006 sidant).

2137 3010 2226 3061 24.
2273 3008 2472 3062 Iisdem
2529 3010 2726 3069 causis,
2781 3005 2933 3078 etc.]
2979 3008 3075 3060 Ill.
3130 3006 3333 3060 Iisdem
3366 3005 3773 3078 Providentia

255 3077 461 3149 judice
503 3075 887 3149 Philosophia,
950 3080 1291 3149 argumenta
1343 3081 1476 3149 sunt
1532 3077 1667 3146 ipsa
1730 3082 1963 3149 natura
2001 3078 2041 3134 C.
2076 3079 2298 3149 legibus
2352 3083 2601 3149 quatuor
2667 3077 2802 3149 anni
2861 3075 3257 3149 tempestates,
3317 3077 3594 3132 nimirum
3654 3096 3772 3148 ver,

258 3147 447 3219 leges,
481 3164 640 3219 quas
666 3147 926 3219 videmus
983 3147 1289 3211 observari,
1349 3147 1600 3218 primum
1644 3148 1878 3219 quidem
1908 3151 1969 3204 in

261 3166 317 3203 Ie
367 3166 447 3214 es,
481 3166 621 3218 quas
666 3166 926 3201 Videmus
983 3166 1289 3211 onservari,
1349 3166 1600 3218 primum
1644 3166 1878 3219 quidem
1908 3166 1969 3204 In

261 3166 575 3285 Sigeribus,
599 3217 818 3290 deinde
860 3221 917 3272 in
950 3219 1276 3290 elementis.
1310 3224 1503 3290 postea
1554 3219 1612 3272 in
1646 3218 1784 3289 ipsis
1834 3221 1970 3275 anni

257 3288 722 3361 tempestatibus,
757 3290 1004 3360 denique
1036 3289 1094 3342 in
1127 3288 1395 3343 omnibus
1420 3290 1756 3361 corporibus
1779 3291 1969 3344 viven-

258 3362 456 3429 tibus;
504 3361 574 3416 de
617 3361 826 3432 quibus
882 3376 1139 3416 seorsum
1196 3362 1565 3432 Philosophia
1608 3362 1833 3417 dictura
1861 3369 1963 3417 est.

335 3469 389 3520 5.
413 3469 644 3524 Servant
675 3468 857 3523 sidera
884 3464 1135 3539 pacem]
1163 3467 1200 3521 l.
1249 3467 1539 3539 Praedicta
1585 3469 1966 3525 Providentia

254 3542 417 3610 leges
442 3541 818 3593 observantur
837 3539 896 3593 in
915 3538 1217 3603 sideribus,
1244 3538 1518 3610 nimirum
1537 3539 1597 3592 in
1627 3540 1767 3606 sole,
1801 3541 1960 3608 luna,

259 3609 424 3677 Ursa,
472 3609 727 3664 Lucifero
760 3615 816 3661 et
870 3610 1091 3663 cateris
1121 3610 1318 3663 stellis.
1365 3609 1527 3677 Nam,
1571 3611 1829 3679 quamvis
1878 3615 1962 3667 sol

256 3684 340 3735 ita
367 3682 440 3734 sit
487 3696 693 3751 corpus
722 3681 1002 3747 lucidum,
1038 3685 1099 3734 ut
1146 3680 1295 3749 ignis
1325 3680 1523 3734 haberi
1565 3682 1765 3750 possit,
1795 3682 1959 3751 juxta

255 3753 399 3807 illud
436 3752 598 3805 Eccli.
627 3768 787 3806 XLIII:
830 3752 921 3807 Sol
973 3766 1201 3805 exurens
1258 3755 1482 3816 montes,
1540 3752 1728 3806 radios
1778 3756 1960 3821 igneos

256 3825 565 3890 easuf/lans
586 3841 606 3885 ;
626 3824 766 3876 luna
790 3838 923 3877 vero
941 3822 1019 3875 ita
1038 3838 1245 3892 corpus
1279 3837 1523 3891 opacum
1555 3828 1615 3875 ut
1643 3823 1958 3878 nisialieno

255 3894 479 3947 lumine
513 3894 781 3960 reluceat,
832 3893 1039 3963 frigida
1068 3893 1261 3963 potius
1311 3909 1484 3963 quam
1520 3894 1699 3947 calida
1758 3894 1956 3950 haberi

254 3967 485 4031 debeat,
521 3965 598 4018 sol
648 3971 838 4018 tamen
872 3965 949 4017 ita
998 3970 1281 4031 movetur,
1342 3969 1406 4017 ut
1456 3964 1607 4018 luna
1652 3964 1952 4020 circuitum

252 4053 370 4091 non
406 4035 699 4106 impediat.
727 4036 1000 4089 Similiter
1035 4038 1173 4091 Ursa
1206 4035 1363 4105 polo,
1398 4037 1487 4088 cui
1521 4051 1733 4089 nomen
1775 4036 1950 4105 dedit,

253 4108 442 4161 vicina
470 4108 545 4161 ita
580 4113 841 4161 movetur
868 4107 1017 4160 circa
1047 4107 1311 4161 eumdem
1344 4107 1564 4177 polum,
1601 4111 1662 4159 ut
1684 4107 1953 4161 occiden-

250 4179 408 4233 tibus
438 4177 659 4232 cateris
699 4178 981 4232 sideribus
1030 4194 1328 4248 nunquam
1369 4178 1604 4231 occidat.
1649 4178 1761 4231 Nec
1787 4193 1949 4231 secus

258 4253 458 4313 Venus,
478 4265 604 4318 qua
625 4249 857 4302 alternis
876 4253 1099 4302 noctem
1122 4249 1391 4319 diemque
1410 4248 1761 4317 pranuntiat
1777 4264 1949 4303 mane

253 4321 498 4386 Lucifer,
532 4337 658 4374 sero
689 4322 921 4390 Vesper,
975 4322 1116 4374 nihil
1148 4320 1502 4374 obstantibus
1532 4320 1750 4373 cateris
1782 4320 1946 4374 astris

248 4392 710 4446 constantissime
739 4408 868 4444 suas
890 4392 1133 4445 alternat
1152 4392 1320 4444 vices.
1356 4391 1544 4460 Usque
1568 4391 1709 4443 adeo
1743 4407 1943 4446 verum

248 4470 335 4516 est
364 4462 552 4515 sidera
600 4462 958 4531 praescriptas
1006 4462 1385 4516 Providentia
1417 4462 1569 4531 leges
1618 4462 1937 4516 observare.

248 4534 361 4588 Sed
396 4533 466 4585 de
502 4533 754 4597 Lucifero
810 4540 994 4587 metro
1043 4535 1072 4585 ὅ
1124 4534 1222 4587 lib.
1282 4549 1320 4599 ι,
1382 4532 1451 4586 de
1506 4534 1643 4586 Ursa
1695 4539 1877 4586 metro
1913 4537 1943 4587 ὅ

247 4605 348 4657 lib.
390 4620 463 4668 Iv,
493 4609 551 4656 et
577 4606 646 4656 de
677 4604 982 4669 sideribus,
1012 4620 1140 4674 qua
1172 4619 1300 4656 cum
1340 4602 1625 4669 occidunt,
1658 4605 1841 4673 poetis
1862 4605 1944 4659 di-

246 4682 463 4729 cuntur
487 4690 700 4727 oceano
733 4675 934 4743 mergi,
972 4675 1186 4745 passim
1220 4675 1436 4728 dictum
1480 4680 1583 4728 est.

324 4785 405 4853 19.
442 4781 580 4835 Hac
611 4782 913 4846 concordia,
965 4782 1115 4853 etc.)
1150 4782 1215 4835 ll.
1268 4781 1492 4835 Eadem
1546 4782 1698 4853 leges
1742 4781 1943 4835 Provi—

245 4852 457 4907 dentia
491 4857 790 4905 servantur
835 4854 890 4905 in
953 4852 1268 4906 elementis.
1320 4854 1676 4906 Elementum
1734 4853 1944 4907 dicitur

246 4940 455 4993 corpus
486 4923 801 4987 dividuum,
837 4924 991 4994 quod
1020 4924 1097 4976 ita
1127 4924 1433 4977 formatum
1467 4928 1569 4985 est,
1608 4930 1668 4976 ut
1697 4940 1761 4976 ex
1815 4924 1942 4993 ipso

242 5002 450 5048 cmtera
478 4999 915 5064 componantur.
948 4995 1130 5064 Vulgo
1160 5000 1407 5064 quatuor
1429 4994 1811 5048 admittuntur
1831 4996 1943 5047 ele-

242 5072 461 5131 menta,
498 5081 705 5135 nempe
746 5065 914 5135 ignis,
971 5082 1083 5129 aer,
1146 5082 1289 5135 aqua
1324 5070 1380 5119 et
1434 5071 1625 5131 terra;
1662 5082 1788 5135 qua
1813 5072 1938 5120 tum

238 5136 633 5209 qualitatibus,
658 5152 798 5206 quas
830 5141 1040 5189 vocant
1078 5138 1453 5209 Aalteratrices,
1475 5152 1602 5189 cum
1655 5135 1941 5209 qualitati-

237 5207 365 5273 bus,
403 5224 541 5278 quas
574 5207 770 5261 dicunt
799 5209 1047 5261 motrices
1072 5207 1223 5261 inter
1251 5224 1309 5261 se
1340 5223 1597 5278 pugnare
1626 5207 1936 5278 perhiben-

234 5286 349 5334 tur.
388 5278 698 5343 Qualitates
741 5280 1097 5343 alteratrices,
1145 5278 1575 5349 inquiunt,sunt
1622 5280 1788 5342 calor,
1833 5280 1940 5343 fri-

233 5366 357 5419 gus,
386 5350 579 5404 humor
604 5353 653 5402 et
682 5352 915 5403 siccitas.
950 5348 1261 5413 Qualitates
1309 5355 1501 5403 autem
1530 5352 1775 5404 matrices
1807 5353 1939 5402 sunt

235 5425 428 5476 leuitas
452 5428 509 5475 et
536 5423 806 5489 gravitas.
844 5421 966 5474 Non
1016 5421 1206 5490 agitur
1232 5421 1325 5474 hic
1376 5420 1483 5473 nisi
1515 5420 1584 5474 de
1633 5420 1937 5473 concordia

234 5492 519 5563 ejusmodi
544 5493 984 5561 elementorum,
1009 5492 1121 5544 sive
1141 5493 1360 5545 ratione
1379 5491 1721 5563 qualitatum
1739 5493 1936 5543 altera-

234 5562 477 5629 tricium,
516 5579 643 5634 qua
686 5563 765 5616 sic
814 5563 1161 5634 exprimitur
1211 5563 1427 5631 (cedant
1478 5562 1707 5634 humida
1754 5564 1932 5634 siccis,

222 5633 575 5705 jungantque
599 5634 764 5701 ﬁdem
787 5633 1005 5705 frigora
1008 5634 1287 5705 ﬂammis)
1326 5635 1442 5688 sive
1488 5633 1711 5687 ratione
1750 5633 1936 5704 quali-

2083 3147 2267 3217 astas,
2303 3147 2615 3204 autumnus
2647 3152 2703 3203 et
2744 3148 2928 3202 hiems
2984 3148 3091 3201 sibi
3142 3147 3388 3201 invicem
3440 3147 3771 3207 succedunt.

2080 3222 2190 3274 Ver
2218 3237 2319 3274 suo
2348 3226 2546 3290 tepore
2588 3220 2757 3273 ﬂores
2809 3219 3125 3289 odoresque
3177 3218 3411 3273 emittit.
3444 3221 3625 3273 Estas
3667 3236 3771 3276 suo

2077 3291 2299 3346 fervore
2329 3308 2541 3345 messes
2574 3291 2760 3344 siccat.
2794 3292 3117 3344 Autumnus
3146 3290 3334 3359 pomis
3383 3294 3624 3345 onustus
3668 3307 3770 3347 su-

2076 3364 2193 3431 bit;
2228 3364 2576 3434 tandemque
2606 3362 2789 3434 hiems
2820 3361 2890 3415 ab
2920 3361 3221 3434 imbribus,
3253 3360 3368 3414 sive
3394 3360 3499 3412 ἁπό
3522 3369 3612 3434 rei)
3641 3360 3766 3428 ὒειν,

2072 3436 2278 3503 pluere,
2315 3432 2498 3496 dicta;
2528 3433 2737 3505 pluviis
2762 3448 2931 3503 agros
2975 3432 3210 3503 irrigat:
3245 3448 3377 3503 qua
3418 3433 3613 3487 omnia
3642 3434 3767 3489 evi—

2076 3506 2408 3561 dentissime
2438 3505 2530 3559 hic
2558 3508 2981 3576 proponuntur.

2143 3580 2209 3630 30
2266 3580 2386 3631 Ilaec
2418 3573 2716 3645 temperies,
2742 3580 2845 3629 etc.
2878 3573 2895 3647 ]
2932 3575 3018 3647 IV.
3066 3573 3160 3647 llis
3191 3573 3364 3647 etiam
3390 3573 3598 3629 divina
3617 3576 3762 3647 Pro-

2073 3648 2339 3702 videntia
2380 3644 2603 3717 legibus
2650 3644 2893 3717 corpora
2925 3644 3191 3717 viventia
3243 3646 3498 3715 primum
3531 3646 3765 3715 quidem

2071 3718 2130 3771 in
2158 3724 2316 3772 utero
2346 3715 2591 3771 formata
2620 3715 2873 3782 aluntur,
2908 3715 3115 3769 deinde
3157 3716 3216 3769 in
3245 3732 3412 3769 auras
3454 3717 3762 3786 prodeunt,

2068 3791 2413 3859 tandemque
2452 3793 2681 3857 peracto
2722 3788 2849 3840 vita
2882 3803 3051 3859 cursu
3088 3787 3449 3859 moriuntur:
3477 3788 3629 3858 quod
3661 3789 3760 3843 ad-

2069 3856 2339 3913 mirabile
2361 3856 2593 3930 quidem
2634 3861 2717 3911 est
2745 3856 3083 3927 generatim,
3118 3858 3213 3912 sed
3247 3859 3417 3929 longe
3453 3856 3761 3914 admirabi-

2065 3930 2176 3983 lius
2205 3930 2496 4000 speciatim
2529 3935 2867 4000 spectatum.

2134 3996 2424 4057 34.'Scdet
2457 3996 2684 4063 interea,
2716 4003 2821 4052 etc.
2857 3996 2870 4067 1
2907 3999 2966 4051 V.
3007 3998 3375 4069 Philosophia
3414 3999 3598 4063 docet,
3632 4000 3757 4055 illas

2063 4088 2369 4135 corporum
2402 4069 2820 4124 vicissitudines
2844 4069 2983 4123 oriri
3012 4086 3045 4122 a
3072 4070 3188 4122 Deo
3228 4069 3585 4140 providente.
3617 4071 3756 4126 Hinc

2061 4143 2208 4196 Deus
2242 4143 2311 4196 ab
2343 4143 2541 4196 eadem
2597 4139 2962 4209 Philosophia
2991 4139 3525 4207 vocatur’conditor,
3572 4142 3755 4195 mode-

2060 4219 2233 4280 rator,
2264 4229 2382 4279 rex,
2436 4213 2707 4277 dominus,
2738 4213 2883 4278 fons,
2927 4213 3099 4278 origo,
3134 4211 3221 4265 lea:
3257 4216 3308 4265 et
3348 4214 3567 4279 sapiens
3596 4213 3751 4266 arbi-

2061 4289 2175 4337 ter:
2205 4290 2270 4338 ut
2296 4284 2508 4338 scilicet
2536 4283 2624 4337 his
2658 4282 2989 4336 nominibus
3019 4297 3144 4335 eam
3176 4297 3348 4353 quam
3384 4280 3614 4353 insitam
3646 4282 3749 4336 ha-

2058 4356 2259 4409 bemus
2306 4356 2406 4409 Dei
2436 4354 2621 4409 ideam
2655 4354 3043 4417 notionemve,
3072 4352 3170 4406 sed
3200 4352 3751 4422 perturbationibus

2057 4425 2439 4489 obscuratam,
2474 4430 2531 4479 et
2571 4425 2745 4480 veluti
2776 4424 3022 4483 sopitum
3064 4423 3333 4489 illustret,
3362 4424 3748 4493 suscitetque:

2054 4497 2159 4551 hac
2190 4497 2402 4568 quippe
2433 4497 2558 4551 idea
2590 4512 2687 4549 seu
2715 4496 2907 4566 potius
2937 4497 3051 4549 Deo
3072 4496 3197 4568 ip_so
3228 4494 3485 4557 docente,
3518 4495 3751 4568 tandem

2055 4566 2364 4638 aliquando
2404 4583 2814 4636 cognoscemus
2873 4567 3063 4619 solum
3125 4566 3301 4638 Deum
3355 4580 3476 4617 esse
3518 4566 3747 4638 proprie

2054 4636 2282 4693 causam
2314 4639 2718 4709 praedictorum
2750 4644 3011 4709 motuum
3042 4652 3194 4709 quos
3216 4636 3514 4709 miramur,
3548 4636 3664 4690 sive
3689 4637 3748 4709 in

2053 4706 2355 4775 sideribus,
2388 4709 2502 4763 sive
2534 4709 2594 4762 in
2645 4708 2963 4773 elementis,
3015 4707 3133 4760 sive
3182 4707 3242 4760 in
3287 4706 3416 4759 aliis
3462 4706 3748 4775 ejusmodi

2052 4782 2416 4857 corporibus:
2444 4779 2953 4857 sicut-nonmi-nus
2982 4778 3094 4857 pie.
3114 4784 3287 4847 quam
3316 4777 3744 4857 doctedempn-

2053 4848 2254 4905 stravit
2296 4856 2494 4905 auctor
2542 4851 2669 4904 libri
2724 4850 2793 4903 de
2840 4848 3212 4918 Inquisitione
3269 4848 3545 4902 veritatis.
3605 4850 3747 4903 Hinc

2051 4924 2250 4976 eadem
2302 4921 2666 4990 Philosophia
2695 4935 2849 4974 nunc
2878 4920 3063 4984 docet,
3104 4936 3222 4973 non
3258 4920 3443 4973 solum
3467 4920 3742 4989 quietem.

2052 4994 2145 5045 sed
2180 4994 2352 5046 etiam
2387 4998 2611 5047 motum
2659 5006 2987 5061 corporum,
3034 4991 3150 5043 imo
3209 4994 3267 5044 et
3304 4991 3500 5045 modos
3532 4991 3744 5062 quibus

2050 5080 2288 5133 corpora
2328 5069 2649 5128 moventur,
2683 5079 2805 5115 esse
2828 5062 2896 5115 ab
2914 5062 3038 5130 ipso
3068 5064 3184 5133 Deo
3208 5062 3565 5131 providente.
3586 5062 3744 5117 Sistit

2047 5132 2333 5189 retrahens
2366 5151 2430 5190 ac
2452 5150 2595 5205 vaga
2622 5137 2806 5202 ﬁrmat
2826 5150 2843 5185 :
2889 5149 3014 5186 ecce
3054 5132 3326 5203 quietem,
3372 5138 3522 5186 motu
3561 5137 3743 5185 conci-

2050 5211 2131 5259 tat
2151 5210 2260 5260 ire:
2293 5222 2419 5259 ecce
2452 5210 2671 5258 motum
2705 5205 2890 5274 ipsum
2920 5220 2933 5268 ;
2967 5211 3138 5259 rectos
3184 5218 3435 5257 revocans
3466 5206 3599 5266 itus,
3642 5205 3738 5268 ﬂe-

2045 5292 2145 5330 mos
2177 5281 2372 5330 iterum
2403 5282 2557 5343 cogat
2585 5278 2658 5329 in
2682 5276 2831 5329 orbes
2862 5291 2874 5328 :
2910 5292 3038 5328 ecce
3072 5275 3269 5328 modos
3314 5280 3520 5326 motus.
3552 5274 3739 5343 Atque

2046 5364 2118 5400 ne
2148 5356 2380 5418 putares
2406 5342 2582 5400 Deum
2606 5347 2659 5399 id
2694 5346 2869 5399 ofﬁcii
2894 5346 3247 5399 commisisse
3264 5342 3735 5418 naturaecuidam.

2043 5413 2257 5484 forma,
2286 5418 2667 5486 qualitatibus,
2700 5418 3073 5471 accidentibus
3105 5419 3161 5467 et
3188 5413 3410 5486 cateris
3432 5414 3736 5486 ejusmodi,

2044 5484 2411 5559 Philosophia
2442 5490 2619 5554 addit,
2653 5490 2773 5541 fore
2809 5496 2891 5552 ut,
2936 5490 3043 5541 nisi
3094 5487 3239 5539 Deus
3270 5484 3405 5559 ipse
3423 5484 3554 5559 hac
3586 5501 3736 5554 pra-

2046 5565 2238 5625 staret,
2279 5555 2407 5629 quae
2457 5575 2599 5615 nunc
2654 5561 2870 5614 stabilis
2909 5562 3141 5612 continet
3184 5555 3337 5621 ordo,
3370 5555 3616 5624 dissepta
3644 5572 3738 5611 suo

2043 5634 2195 5698 fonte
2211 5634 2497 5697 fatiscant.
