3982 6182
366 257 470 312 823

579 387 699 441 Rex
730 389 785 440 et
818 385 1112 454 dominus,
1146 386 1275 442 fons
1304 391 1362 443 et
1399 388 1582 461 origo,

574 474 685 529 Lex
715 477 771 527 et
801 473 1024 545 sapiens
1053 474 1266 529 arbiter
1290 476 1463 547 atqui,

576 564 642 617 Et
673 579 802 633 qua:
823 568 987 618 motu
1019 564 1268 619 concitat
1298 566 1403 635 ire,

577 652 733 707 Sistit
763 652 1081 719 retrahens,
1111 670 1173 707 ac
1208 670 1351 725 vaga
1372 655 1587 711 ﬁrmat.

360 742 429 796 48
578 747 730 797 308
755 742 895 796 Nam
930 742 1039 796 nisi
1068 748 1255 797 rectos
1284 760 1556 799 revocans
1586 744 1718 812 itus,

580 832 771 885 Flexos
792 832 1002 886 iterum
1037 837 1203 904 cogat
1228 834 1287 887 in
1318 836 1505 903 orbes,

573 920 707 983 Quae
741 937 893 975 nunc
924 921 1142 976 stabilis
1174 924 1434 978 continet
1465 925 1626 995 ordo,

577 1009 836 1081 Dissepta
866 1027 971 1066 suo
1004 1011 1162 1067 fonte
1192 1012 1474 1068 fatiscant.

578 1099 679 1153 Hie
709 1105 795 1154 est
826 1101 1046 1154 cunctis
1094 1102 1418 1156 communis
1448 1119 1630 1173 amor,

358 1188 426 1242 45
577 1190 988 1261 Repetuntque
1021 1190 1156 1244 boni
1184 1192 1298 1244 ﬁne
1332 1192 1533 1247 teneri.

574 1278 695 1343 Qua
727 1296 840 1333 non
872 1280 1037 1333 aliter
1070 1280 1276 1334 durare
1317 1286 1556 1351 queunt,

574 1367 693 1421 Nisi
726 1384 999 1423 converso
1022 1385 1219 1423 rursus
1253 1386 1447 1425 amore

574 1456 838 1513 Reﬂuant
894 1474 1099 1525 causae,
1143 1476 1271 1530 quae
1306 1460 1460 1515 dedit
1488 1476 1629 1515 esse.

925 1573 1076 1621 304
1112 1568 1337 1622 PROSA
1362 1569 1476 1621 VII.

362 1654 763 1708 Anouueurun.
824 1684 891 1694 ——
943 1657 1031 1711 Sic
1061 1672 1203 1723 ergo,
1243 1657 1427 1725 inquit
1466 1657 1834 1727 Philosophia,
1881 1660 2053 1712 omnis

433 1726 676 1791 fortuna,
714 1728 825 1779 sive
856 1728 963 1781 haec
1001 1742 1269 1795 prospera
1324 1732 1516 1795 fuerit,
1544 1733 1657 1784 sive
1684 1726 1954 1793 adversa,
1999 1736 2060 1784 ut

426 1800 555 1869 pote
602 1811 721 1864 qua:
766 1813 799 1849 a
848 1800 950 1851 Deo
1000 1800 1320 1866 providente
1346 1803 1540 1865 oritur,
1576 1801 1650 1853 ad
1690 1804 1867 1869 ipsum
1894 1803 2060 1855 Deum

432 1868 690 1933 refertur,
721 1872 782 1920 ut
810 1870 882 1922 sit
903 1869 1059 1932 bona,
1088 1885 1182 1924 nec
1211 1873 1319 1924 nisi
1349 1872 1681 1925 abutentium
1710 1868 1842 1926 vitio
1876 1874 2021 1926 mala
2045 1888 2056 1926 :

433 1941 512 1991 sic
541 1938 736 2011 probos
772 1954 1037 2008 prospera
1094 1957 1455 2010 remunerare,
1505 1944 1741 1997 adversa
1786 1954 2060 2011 exercere;

431 2009 702 2134 ;mErtobos
759 2026 883 2064 vero
934 2011 1167 2066 adversa
1200 2017 1414 2083 punire,
1442 2009 1732 2084 prospera
1783 2009 2065 2070 emendare

475 2096 500 2134 e
538 2096 563 2133 e
595 2119 607 2132 .

475 2096 607 2135 εοει.

432 2187 634 2241 Jamne
667 2185 847 2257 igitur
872 2187 1048 2257 vides,
1082 2189 1221 2261 quid
1250 2190 1372 2246 haec
1393 2192 1609 2260 omnia,
1642 2208 1771 2264 quae
1795 2192 2058 2262 diximus,

1706 262 1819 316 AN.
1860 262 2070 318 MANL.
2114 263 2263 321 SEV.
2307 264 2533 322 BOETII
3718 278 3805 329 824

2104 398 2149 451 Α
2174 399 2247 461 et,
2277 396 2325 449 si
2347 411 2520 467 quam
2537 396 2711 467 paulo
2742 400 2873 451 ante
2904 396 3143 451 docuisti
3163 398 3568 455 Providentiam
3588 402 3809 462 fatumve

2169 486 2544 554 considerem,
2574 486 2754 540 firmis
2798 486 3013 541 viribus
3048 487 3181 541 nixa
3223 490 3517 544 sententia.
3550 492 3649 547 Sed
3684 511 3809 561 eam,

2167 577 2213 630 si
2245 577 2449 647 placet,
2481 576 2632 630 inter
2663 593 2757 631 eas
2806 593 2948 648 quas
2982 579 2996 613 ¹
3028 590 3052 619 ο
3098 578 3476 649 inopinabiles
3520 585 3676 653 paulo
3704 593 3813 643 ante

2168 667 2428 735 posuisti.
2472 666 2581 737 (lO)
2638 683 3027 723 numeremus.
3073 669 3099 711 (ι
3129 668 3279 733 Qui?
3310 670 3515 741 inquit.
3562 673 3693 737 Quia
3724 678 3813 732 eid

2167 755 2468 809 hominum
2504 772 2691 810 sermo
2736 757 3057 811 communis
3094 764 3350 828 usurpat,
3398 765 3451 815 et
3481 763 3694 832 quidem
3720 782 3816 821 cre-

2165 843 2293 913 bro,
2317 846 2699 916 quorumdam
2722 846 2929 901 malam
2965 863 3083 900 esse
3114 846 3427 903 fortunam.
3462 850 3621 906 Visne
3648 854 3812 923 igitur,

2165 934 2374 1004 inquit,
2409 934 2706 1005 paulisper
2756 936 2912 1006 vulgi
2968 938 3327 993 sermonibus
3386 942 3719 1008 accedamus,
3758 962 3816 999 ne

2166 1024 2409 1078 nimium
2456 1026 2610 1079 velut
2641 1026 2708 1079 ab
2754 1026 3132 1080 humanitatis
3180 1043 3290 1083 usu
3315 1029 3620 1097 {recessisse
3664 1034 3817 1089 videa-

2167 1114 2341 1168 mur?
2374 1116 2439 1168 Ut
2461 1115 2664 1186 placet,
2686 1115 2942 1186 inquam.
2980 1122 3132 1171 305
3163 1118 3183 1151 ²
3216 1119 3413 1173 Nonne
3439 1120 3611 1191 igitur
3636 1122 3817 1179 bonum

2166 1219 2360 1257 censes
2390 1220 2527 1270 esse,
2563 1205 2713 1275 quod
2746 1205 3026 1275 prodest?
3057 1207 3139 1259 Ita
3159 1211 3262 1273 est,
3285 1208 3538 1278 inquam.
3565 1210 3687 1275 Quae
3712 1230 3817 1269 vero

2167 1298 2265 1346 aut
2312 1296 2554 1359 exercet,
2600 1298 2699 1348 aut
2730 1295 2977 1365 corrigit,
3032 1296 3283 1366 prodest.
3338 1298 3555 1367 Fateor,
3596 1301 3814 1373 inquam.

2167 1382 2320 1436 Bona
2366 1382 2559 1453 igitur.
2594 1381 2909 1448 {,Quidni?
2935 1385 3045 1439 Sed
3089 1384 3207 1439 haec
3249 1402 3452 1441 eorum
3496 1394 3599 1458 est,
3638 1392 3724 1462 qui
3750 1396 3816 1447 vel

2165 1472 2225 1525 in
2257 1472 2464 1526 virtute
2494 1473 2685 1543 positi,
2719 1478 2916 1527 contra
2955 1490 3157 1544 aspera
3196 1474 3414 1530 bellum
3447 1485 3665 1547 gerunt,
3694 1482 3817 1536 vela

2166 1561 2318 1614 vitiis
2365 1562 2734 1629 declinantes,
2770 1563 2995 1617 virtutis
3031 1564 3141 1617 iter
3173 1565 3475 1635 arripiunt.
3510 1567 3580 1635 (ὅ)
3615 1569 3816 1639 Negare,

2169 1651 2427 1721 inquam,
2456 1668 2694 1722 nequeo.
2722 1653 2869 1716 Quid
2891 1653 3463 1726 verojucunda,quze
3484 1656 3541 1710 in
3555 1659 3816 1727 praemium

2168 1742 2437 1796 tribuitur
2490 1741 2671 1809 bonis,
2724 1758 2863 1796 num
2910 1743 3113 1813 vulgus
3141 1744 3353 1798 malam
3404 1761 3525 1799 esse
3564 1746 3818 1803 decernit?

2172 1832 2542 1901 Nequaquam
2571 1848 2583 1885 :
2618 1848 2813 1885 verum
2848 1832 2927 1885 uti
2946 1837 3049 1898 est,
3083 1832 3162 1886 ita
3192 1850 3424 1903 quoque
3446 1852 3563 1889 esse
3585 1838 3817 1907 Optimam

2172 1924 2379 1975 censet.
2413 1920 2559 1986 Quid
2580 1920 2820 1991 reliqua,
2851 1937 3000 1992 quae,
3034 1938 3163 1976 cum
3201 1922 3274 1976 sit
3305 1940 3528 1993 aspera,
3548 1925 3689 1993 justo
3719 1944 3819 1996 sup-

2171 2012 2342 2084 plicio
2374 2012 2553 2065 malos
2588 2015 2829 2079 coercet,
2886 2027 3025 2065 num
3087 2011 3294 2065 bonam
3358 2014 3602 2082 populus
3648 2016 3819 2083 putat?

2170 2104 2292 2157 Imo
2316 2102 2595 2165 omnium,
2632 2101 2891 2173 inquam,
2920 2117 3048 2172 qua:
3079 2101 3391 2171 excogitari
3424 2108 3671 2172 possunt,
3695 2104 3818 2173 judi-

2170 2198 2259 2249 cat
2290 2192 2404 2261 (10)
2440 2208 2559 2247 esse
2587 2191 2991 2246 miserrimam.
3047 2191 3181 2244 Vide
3224 2191 3403 2261 igitur
3434 2208 3504 2246 ne
3535 2192 3816 2263 opinionem

366 2278 795 2347 consequatur?
829 2277 1112 2341 Quidnam
1134 2280 1162 2333 ?
1210 2280 1469 2351 inquam.
1504 2282 1812 2349 aOmuem,
1852 2282 2059 2354 inquit,

373 2366 592 2423 bonam
621 2383 856 2437 prorsus
886 2384 1008 2423 esse
1035 2369 1345 2424 fortunam.
1370 2372 1437 2425 Et
1465 2374 1489 2414 ι)
1508 2372 1628 2443 qui,
1657 2372 1913 2443 inquam,
1937 2372 2061 2426 fieri

366 2455 601 2527 potest?
634 2457 898 2523 Attende,
933 2458 1140 2529 inquit,
1190 2475 1321 2513 cum
1362 2460 1549 2515 omnis
1591 2461 1819 2515 fortuna
1848 2463 1931 2515 vel
1959 2461 2059 2531 ju-

369 2544 578 2613 cunda,
608 2545 697 2600 vel
730 2562 953 2616 aspera,
980 2551 1103 2602 tum
1134 2550 1541 2605 remunerandi
1583 2550 1952 2604 exercendive
1990 2551 2059 2621 (ὅ)

370 2634 570 2701 bonos,
612 2639 738 2689 tum
777 2635 1061 2705 puniendi
1115 2638 1510 2710 corrigendive
1558 2640 1854 2711 improbos
1894 2656 2062 2694 causa

371 2724 700 2791 deferatur;
733 2724 917 2779 omnis
946 2726 1096 2780 bona
1126 2732 1230 2794 est,
1265 2744 1439 2799 quam
1482 2730 1569 2783 vel
1596 2730 1809 2799 justam
1840 2734 2063 2783 constat

369 2828 510 2881 esse,
545 2813 633 2868 vel
668 2814 886 2868 utilem.
922 2814 1100 2869 Nimis
1129 2817 1385 2886 quidem,
1418 2817 1676 2889 inquam,
1708 2834 1843 2872 vera
1872 2818 2054 2871 ratio:

2170 2282 2371 2355 populi
2403 2286 2705 2353 sequentes
2744 2280 3019 2352 quiddam
3049 2280 3210 2334 valde
3242 2289 3267 2324 ε
3295 2279 3641 2351 inopinabile
3674 2296 3694 2336 ιι
3721 2299 3819 2336 con-

2170 2372 2519 2427 fecerimus?
2562 2371 2755 2436 Quid?
2790 2370 3047 2440 inquam.
3096 2370 3171 2423 Ex
3216 2369 3305 2422 his
3366 2370 3541 2435 enim,
3584 2371 3674 2435 ait,
3718 2387 3818 2441 qua

2170 2475 2437 2514 concessa
2466 2464 2619 2520 sunt,
2650 2458 2661 2491 ¹
2694 2459 2885 2512 evenit
2925 2474 3125 2512 eorum
3165 2460 3427 2529 quidem,
3466 2460 3562 2531 qui
3605 2461 3684 2513 vel
3713 2466 3819 2513 sunt

2171 2550 2229 2604 in
2264 2548 2641 2620 possessione,
2674 2548 2761 2601 vel
2783 2547 2845 2600 in
2891 2553 3181 2618 provectu,
3207 2549 3294 2603 vel
3329 2548 3392 2602 in
3421 2549 3707 2619 adeptione
3735 2549 3819 2602 vir-

2170 2640 2330 2705 tutis,
2366 2654 2621 2706 omnem,
2647 2652 3003 2709 quacunque
3024 2636 3115 2703 sit,
3140 2637 3356 2691 bonam
3384 2638 3475 2707 ;in
3498 2638 3818 2708 improbitate

2171 2744 2303 2780 vero
2336 2726 2720 2792 manentibus,
2770 2740 3002 2779 omnem
3034 2726 3343 2796 pessimam
3378 2742 3497 2779 esse
3530 2727 3627 2796 (15)
3668 2727 3818 2780 fortu-

2171 2832 2327 2870 nam.
2368 2819 2504 2883 Hoc,
2536 2816 2798 2887 inquam,
2830 2830 3027 2869 verum
3065 2818 3165 2883 est,
3197 2815 3429 2870 tametsi
3462 2832 3621 2870 nemo
3653 2816 3818 2870 audeat

1827 2943 2406 2999 INTERPRETATIO.

372 3062 520 3118 illud
562 3062 741 3118 delens
773 3068 943 3119 morte
975 3066 1187 3121 ultima.
1220 3067 1447 3122 Interim
1485 3069 1642 3135 Deus,
1676 3082 1917 3123 summus
1962 3084 2073 3123 om-
2114 3070 2153 3124 C
2181 3069 2440 3121 circuitus
2467 3080 2780 3120 causarum.

372 3138 526 3189 nium
556 3140 787 3202 creator,
818 3136 986 3201 sedet,
1016 3143 1065 3191 et
1101 3139 1387 3207 disponens
1410 3139 1723 3194 moderatur
1752 3140 1923 3194 veluti
1953 3142 2063 3206 fre-
2252 3147 2275 3171 ³
2318 3141 2608 3205 Utramque
2636 3139 2939 3204 fortunam,
2985 3150 3170 3206 nempe
3234 3139 3608 3206 prosperamct
3662 3134 3820 3189 adver-

369 3210 455 3261 nis
508 3222 592 3280 res
645 3223 865 3271 omnes,
912 3211 1032 3280 ipse
1057 3213 1331 3278 princeps,
1383 3209 1650 3276 dominus,
1691 3214 2060 3280 [principium
2176 3225 2293 3263 sam
2324 3225 2432 3263 esse
2461 3210 2674 3262 bonam.

371 3281 541 3351 origo,
577 3279 663 3331 lea:
700 3283 749 3331 et
779 3279 1015 3351 prudens
1054 3281 1362 3334 moderator
1396 3286 1574 3350 aequi;
1629 3298 1691 3336 ac
1735 3279 2065 3351 quacunque
2248 3284 2271 3323 b
2312 3280 2604 3344 Quomodo.

373 3349 470 3402 dat
501 3354 648 3422 motu
679 3352 829 3411 cieri,
864 3350 986 3402 haec
1015 3354 1289 3406 continens
1318 3349 1564 3407 moratur
1594 3349 1883 3422 ﬁrmatque
1917 3349 2064 3408 com-
2248 3361 2268 3386 ο
2297 3352 2676 3405 Incredibites.

373 3424 539 3473 mota.
573 3420 696 3474 Nisi
725 3424 863 3501 enim
898 3424 1037 3502 Deus
1083 3422 1374 3490 prohibens
1406 3420 1602 3502 itiones
1644 3420 1836 3502 rectas,
1871 3440 2063 3502 rursus
2247 3422 2273 3459 ἀ
2316 3426 2517 3502 Quare.
2590 3495 2599 3502 _
2816 3495 2831 3502 _
2950 3494 2961 3502 _
3160 3496 3168 3502 _
3334 3497 3343 3502 _
3484 3492 3532 3502 __
3747 3492 3755 3502 ο

370 3495 709 3564 promoveret
765 3493 1127 3559 circuitiones,
1187 3509 1251 3546 ea
1303 3509 1420 3562 qua:
1471 3496 1591 3562 jam
1622 3495 1885 3550 cohaerent
1930 3500 2064 3549 serie
2247 3504 2267 3529 °
2316 3496 2408 3547 Ita
2454 3494 2692 3547 homines
2736 3495 2898 3563 vulgo
2944 3494 3258 3564 loquuntur,
3294 3497 3344 3548 et
3397 3492 3609 3563 quidem
3643 3492 3819 3561 saepius.

371 3559 555 3630 ﬁrma,
589 3575 737 3615 asuo
754 3564 1029 3630 principio
1057 3564 1253 3618 auulsa
1281 3559 1540 3632 perirent.
1574 3568 1683 3619 Hoc
1712 3572 1789 3621 est
1820 3567 2063 3620 studium
2245 3579 2263 3619 ς
2302 3565 2482 3628 Quare
2508 3580 2613 3618 non
2639 3568 2666 3617 ?

372 3647 647 3705 commune
690 3632 958 3698 omnibus,
1021 3638 1201 3688 omnia
1258 3636 1475 3690 student
1533 3640 1697 3690 teneri
1752 3641 1857 3705 ﬁne
1908 3638 2063 3692 boni:
2246 3651 2275 3693 ε
2312 3636 2659 3692 Incredibile.

374 3704 634 3773 quoniam
664 3719 783 3771 quae
822 3707 965 3778 Deus
1009 3706 1274 3773 condidit,
1326 3708 1433 3762 haec
1484 3723 1590 3762 non
1623 3714 1856 3778 possunt
1904 3711 2064 3763 aliter
2248 3711 2275 3751 ιι
2312 3709 2686 3761 Intulerimus.

371 3789 737 3844 perseverare,
770 3777 880 3830 nisi
921 3791 1100 3831 amore
1151 3780 1347 3833 iterum
1386 3777 1641 3835 converso
1690 3780 1927 3851 quidam
1965 3785 2063 3851 ﬁat
2246 3778 2260 3813 ί
2302 3780 2683 3847 Consequitur.

2024 3903 2242 3962 ΝΟΤᾸΕ.

447 4004 535 4059 44.
561 4006 773 4086 Hicest
802 4008 1011 4086 cunctis
1033 4011 1364 4086 _communis_
1386 4026 1558 4065 amor.
1592 4010 1812 4086 ]Amor
1842 4012 2071 4086 prOprie
2182 4010 2546 4086 abutentinm
2570 4008 2706 4086 vitio
2738 4008 2947 4086 malam
2981 4006 3233 4086 aliquam
3261 4023 3411 4086 esse.
3536 4078 3547 4086 _
3579 4078 3587 4086 .

376 4091 492 4151 non
524 4080 608 4151 est
634 4076 743 4129 nisi
768 4078 996 4151 mentis,
1032 4080 1162 4146 huc,
1199 4097 1311 4150 quo
1336 4083 1483 4135 Dens
1525 4072 1723 4136 saitem
1755 4072 2070 4151 generatim
2256 4081 2278 4112 ²
2313 4084 2497 4137 Nonne
2526 4074 2702 4148 igitur
2750 4080 2965 4147 bonum,
2999 4072 3124 4151 etei]
3173 4080 3210 4133 ι.
3259 4078 3621 4149 Philosophia
3656 4072 3825 4151 probat

376 4147 641 4227 impellit,
678 4142 1120 4227 propendentis;
1148 4142 1273 4213 sed,
1307 4158 1542 4223 propter
1576 4142 1885 4224 quamdam
1918 4155 2072 4208 simi-
2180 4154 2352 4222 vulgo
2388 4142 2619 4227 omnem
2646 4152 2932 4227 fortunam
2954 4142 3075 4203 esse
3099 4142 3306 4227 bonam
3340 4142 3684 4227 argumento,
3705 4142 3823 4215 quod

376 4218 718 4298 litudinem,
754 4236 917 4274 amor
961 4218 1391 4298 diciturqetiam
1417 4218 1750 4298 corporum,
1789 4231 2071 4296 quatenus
2182 4218 2384 4298 vocant
2415 4224 2487 4298 ad
2538 4225 2819 4298 hominem.
2865 4222 3226 4298 _Cum__utile,
3263 4218 3549 4298 quoddam
3591 4220 3823 4298 sitger‘lus

377 4289 488 4370 illa
503 4290 629 4370 huc
647 4290 848 4370 etiam,
867 4308 981 4370 qu_o
1002 4295 1149 4347 Deus
1177 4294 1441 4370 impellit,
1467 4286 1564 4350 sed
1596 4286 1787 4350 mente
1805 4286 2072 4370 humana
2113 4307 2154 4359 D
2186 4296 2339 4362 boni,
2379 4296 2547 4370 etiam
2577 4296 2766 4370 vulgo,
2790 4293 2878 4370 cui
2912 4293 3188 4370 familiare
3221 4286 3322 4370 est,
3352 4294 3566 4346 bonum
3595 4286 3825 4370 aliudho‘

379 4361 587 4414 rectius
616 4361 900 4443 tendunt.’
927 4365 1113 4443 Quare
1145 4361 1277 4419 cum
1308 4361 1454 4419 Deus
1492 4383 1607 4420 non
1642 4373 1772 4436 agat
1804 4368 1912 4421 nisi
1941 4385 2071 4438 pro-
2187 4366 2621 4443 nestuin_,_aliu_d
2647 4361 2987 4443 jucundum,
3025 4364 3180 4443 QIiUd
3220 4364 3357 4443 “me
3394 4363 3621 4443 (ἶθηδθτίι
3656 4361 3823 4443 ξδίὶίτεθ

377 4436 506 4509 pter
527 4434 922 4509 semetipsum,
950 4435 1070 4489 haec
1097 4452 1333 4506 corpora
1362 4440 1509 4491 Deus
1540 4455 1655 4491 non
1678 4429 2074 4507 “impellit-nisi
2187 4438 2467 4508 quidquid
2493 4439 2628 4489 utile
2647 4429 2772 4500 'est,
2801 4436 2958 4509 illud,
2982 4434 3155 4509 etiam
3184 4436 3375 4504 vulgo,
3419 4429 3822 4509 bonumuliabea-

378 4502 448 4557 ad
479 4502 763 4585 serunde‘
788 4506 987 4585 eadem
1018 4502 1254 4585 corpora
1287 4515 1347 4561 ut
1378 4515 1663 4585 potequaz
1694 4502 1926 4585 student
1968 4510 2073 4585 hoc
2187 4502 2280 4585 tur
2311 4502 2536 4562 necesse
2589 4514 2690 4585 est.
2743 4508 2914 4585 Atqui
2972 4507 3204 4585 fortuna
3257 4502 3504 4585 utraque
3560 4504 3696 4585 utilis
3721 4504 3821 4585 est,

379 4574 702 4656 pactghboni
730 4580 834 4656 ﬁne
867 4582 1056 4643 teneri,
1088 4574 1154 4632 ad
1201 4574 1395 4656 Deum'
1415 4574 1919 4656 pariter__tendunt.
1965 4583 2074 4635 Sic-
2183 4581 2395 4656 quippe
2424 4596 2552 4656 qum
2582 4584 2677 4656 aut
2698 4574 3046 4656 exercetaut
3061 4576 3314 4656 corrigit.
3345 4574 3617 4630 Niinirum
3639 4574 3824 4656 fortuna

423 4660 492 4697 ue
524 4646 586 4698 fit
630 4648 899 4701 circuitus
944 4664 1242 4703 causarum
1289 4646 1491 4721 prima:
1544 4652 1758 4705 scilicet
1802 4668 1987 4706 causa:
2019 4658 2074 4706 et
2184 4646 2371 4706 omnis
2405 4646 2491 4703 viil
2516 4650 2830 4721 proborum
2855 4655 2938 4702 est
2964 4649 3049 4701 vel
3074 4648 3647 4725 improborum;q_uze
3672 4653 3827 4695 rursus

379 4660 509 4768 guis
542 4716 766 4768 ultimi:
812 4724 1092 4768 quatenus
1138 4724 1350 4768 omnia-
1402 4739 1531 4768 nam
1579 4724 1846 4768 nrinntnr
1875 4740 1905 4768 Α
1960 4726 2070 4768 nm
2182 4725 2266 4768 ναι
2306 4723 2539 4768 adversa
2571 4723 2713 4768 solet
2755 4720 2952 4768 haberi
2988 4720 3070 4768 vel
3116 4736 3405 4768 nrosnera.
3444 4724 3494 4768 1°
3524 4720 3578 4768 Si
3610 4712 3823 4768 haecfor-

424 4715 509 4767 nis
542 4716 766 4783 ultimi;
812 4724 1092 4789 quatenus
1138 4712 1351 4787 omnia,
1402 4739 1531 4792 quae
1579 4724 1846 4776 oriuntur
1875 4740 1907 4776 a
1956 4726 2070 4778 Deo
2182 4725 2269 4775 vel
2306 4712 2540 4797 adversa
2571 4723 2713 4797 solet
2755 4720 2961 4797 haberi
2988 4720 3071 4773 vel
3116 4712 3405 4789 prospera.
3444 4724 3494 4773 1ο
3608 4717 3711 4797 hac
3728 4712 3823 4797 forj

380 4791 654 4856 tanquam
688 4805 719 4841 a
743 4804 919 4863 causa
950 4792 1156 4860 prima,
1192 4790 1553 4847 revertuntur
1574 4796 1643 4848 ad
1677 4796 1865 4863 ipsum
1895 4797 2073 4850 Deum
2182 4798 2319 4848 tuna
2361 4795 2596 4847 adversa
2632 4793 2803 4845 fuerit
2842 4790 3178 4863 proborum,
3230 4808 3432 4844 eorum
3482 4790 3717 4863 videlicet
3745 4796 3821 4851 qm

382 4862 659 4936 tanquam
690 4860 759 4913 ad
782 4858 965 4914 ﬁneni
985 4864 1251 4917 ultimum
1285 4865 1398 4930 ;ita
1425 4865 1624 4919 utsine
1645 4858 1743 4919 illo
1763 4882 1890 4920 cum
1920 4882 2073 4920 amo-
2182 4866 2453 4941 virtutem
2478 4865 2717 4941 _colunt,
2758 4858 2880 4941 haec
2924 4862 3147 4941 iisdem.
3178 4863 3429 4941 prodest,
3457 4867 3574 4941 aut
3619 4858 3678 4910 ad
3706 4858 3823 4941 {Pi-95

382 4927 466 5007 ri‘s‘
489 4933 617 5007 tum_
643 4945 943 4985 causarum
994 4934 1235 4989 circuitu
1277 4927 1391 5004 quas
1423 4938 1570 4991 Deus
1602 4938 1751 4991 dedit
1794 4952 1923 5006 esse,
1952 4938 2074 4992 haec
2184 4936 2559 4989 absolvendos
2588 4952 2620 4987 a
2650 4934 2894 5007 peccatis
2921 4927 3373 5007 praeteritis,_aut
3404 4933 3471 4986 ad
3504 4928 3822 5007 ipsosafutu-

388 4999 551 5073 aliter
581 5000 782 5055 durare
802 5018 903 5056 non
928 5012 1165 5072 possent.
1284 4999 1301 5004 ’
1910 4999 1919 5006 ’
2186 5008 2265 5060 ris
2320 4999 2666 5073 servandos;
2699 5010 2798 5059 aut
2828 5005 2896 5058 ad
2922 4999 3157 5057 eosdem
3199 5005 3265 5056 ad
3297 4999 3559 5057 virtutem
3589 4999 3822 5073 majorem

451 5071 471 5107 ί
510 5073 895 5154 Inopinagiles.
923 5068 1342 5154 ]_Incr_edibiles,
1369 5081 1443 5154 et,
1471 5082 1533 5154 ut
1572 5078 1825 5154 loquitur
1857 5080 2069 5154 Cicero,
2181 5068 2639 5154 promovendos.
2674 5080 2733 5154 2°
2782 5076 2839 5129 Si
2893 5076 3091 5154 eadem
3124 5076 3354 5154 fortuna
3394 5068 3823 5154 prospei'a‘fuetjl’i

375 5142 716 5223 paradoxas.
749 5142 974 5223 Scilieet
1016 5150 1218 5223 vulgus
1250 5142 1708 5223 pragcipitatione
1754 5142 2073 5223 etprmju-L
2182 5142 2525 5223 coriinrdem
2583 5148 2918 5223 proborum,
2995 5146 3116 5223 haec
3174 5148 3329 5215 vulgi
3380 5142 3558 5223 etiam
3599 5142 3821 5223 opiniuue

383 5214 535 5292 dicio
556 5215 843 5292 judicans,
887 5218 942 5271 id
972 5214 1508 5292 putatincredibiie,
1544 5221 1695 5290 quod
1722 5214 2073 5292 sapientibus
2185 5222 2403 5290 optima
2434 5226 2537 5286 est,
2574 5214 2687 5272 non
2719 5219 2900 5272 solum
2934 5218 3070 5292 quia
3102 5214 3317 5292 merces
3348 5222 3431 5292 est
3462 5216 3670 5292 virtutis
3703 5221 3819 5292 prat-

381 5286 531 5360 clara
561 5292 616 5341 et
636 5287 897 5342 distincta
928 5286 1252 5360 cognitione
1289 5286 1679 5359 judicantibus
1710 5286 2072 5346 verissimum

384 5359 889 5432 certissimumque
928 5359 1183 5414 videtur:
1221 5362 1382 5430 cujus
1418 5364 1498 5415 rei
1531 5364 1697 5432 plura
1722 5369 1855 5416 sunt
1882 5380 2072 5418 exem-

382 5429 478 5496 pla
506 5430 657 5498 apud
684 5432 1079 5500 philmophos,
1115 5436 1175 5485 ut
1203 5432 1270 5485 de
1294 5429 1549 5499 lumine,—
1572 5435 1640 5487 de
1682 5435 1985 5501 coloribus,
2020 5439 2075 5490 et

384 5501 601 5552 cmteris
631 5502 946 5570 ejusmodi.
982 5503 1070 5556 Sic
1092 5519 1227 5572 ergo
1248 5503 1309 5555 id
1338 5503 1611 5559 hominum
1636 5521 1805 5560 sermo
1833 5522 2071 5560 commu-

382 5572 468 5643 nis
502 5577 751 5640 usurpat,
787 5581 835 5626 et
868 5574 1083 5643 quidem
1114 5575 1315 5642 crebro,
1350 5578 1711 5643 quorumdam
1733 5579 1932 5632 malum
1962 5593 2072 5632 esse

382 5641 681 5718 fortunam.
701 5641 892 5718 Quare
915 5644 1297 5718 Philosophia,
1331 5641 1509 5716 ipsius
1531 5648 1687 5718 vulgi
1708 5649 2071 5703 sermonibus

382 5714 569 5779 utens,
597 5714 797 5783 probat
825 5730 1056 5771 omnem
1094 5714 1384 5774 fortunam
1407 5734 1528 5773 esse
1563 5714 1795 5787 bonam,
1829 5736 1933 5776 nec
1960 5720 2070 5775 nisi

2183 5284 2385 5358 téritaa,
2412 5284 2714 5344 sed'etiam
2748 5291 2882 5359 quia
2915 5284 3170 5358 ejusdem
3204 5288 3425 5342 virtutis
3454 5288 3647 5359 futurae
3680 5284 3817 5333 mate-

2181 5363 2266 5416 ria
2317 5354 2418 5416 es't.
2474 5364 2530 5415 3°
2584 5362 2639 5415 Si
2695 5354 3415 5433 fortuna'adversa‘fuerit
3450 5354 3818 5433 improborum,

2182 5434 2301 5488 haec
2328 5434 2545 5501 justum
2581 5437 2663 5485 est
2695 5432 2959 5484 vitiorum
2994 5431 3338 5500 supplicium
3370 5422 3755 5501 pi'zeteritorum
3778 5422 3819 5501 et

2180 5492 2501 5559 futurorum
2562 5505 2808 5556 frenum.
2867 5504 2925 5554 4ο
2973 5502 3029 5555 Si
3064 5492 3321 5554 fortuna
3373 5492 3634 5569 prospera
3676 5492 3818 5569 fuerit

2179 5576 2435 5647 ipsorum
2495 5574 2910 5645 improborum,
2963 5572 3084 5627 hmc
3128 5589 3243 5627 non
3300 5564 3407 5626 nisi
3454 5564 3667 5625 illorum
3706 5564 3817 5614 vilw

2180 5650 2330 5703 mala
2354 5653 2439 5703 est
2464 5663 2476 5701 :
2513 5662 2643 5700 nam
