  <div class='ocr_page' id='page_1' title='image "/cluster/home/n/w/nwhite01/storage/ocr_20150623/63/hvd.32044073498800/418.png"; bbox 0 0 3982 6182; ppageno 0'>
   <div class='ocr_carea' id='block_1_1' title="bbox 140 309 235 361">
    <p class='ocr_par' dir='ltr' id='par_1_1' title="bbox 140 309 235 361">
     <span class='ocr_line' id='line_1_1' title="bbox 140 309 235 361; baseline -0.011 0"><span class='ocrx_word' id='word_1_1' title='bbox 140 309 235 361; x_wconf 81' lang='lat'><strong>825</strong></span> 
     </span>
    </p>
   </div>
   <div class='ocr_carea' id='block_1_2' title="bbox 142 523 1806 598">
    <p class='ocr_par' dir='ltr' id='par_1_2' title="bbox 142 523 1806 598">
     <span class='ocr_line' id='line_1_2' title="bbox 142 523 1806 598; baseline 0.002 -21"><span class='ocrx_word' id='word_1_2' title='bbox 142 541 238 577; x_wconf 88' lang='lat' dir='ltr'><strong>non</strong></span> <span class='ocrx_word' id='word_1_3' title='bbox 267 524 453 585; x_wconf 83' lang='lat' dir='ltr'><strong>debet,</strong></span> <span class='ocrx_word' id='word_1_4' title='bbox 485 523 707 594; x_wconf 87' lang='lat' dir='ltr'><strong>quoties</strong></span> <span class='ocrx_word' id='word_1_5' title='bbox 736 525 798 578; x_wconf 89' lang='lat' dir='ltr'><strong>in</strong></span> <span class='ocrx_word' id='word_1_6' title='bbox 846 525 1097 579; x_wconf 59' lang='lat' dir='ltr'><strong>fortuna:</strong></span> <span class='ocrx_word' id='word_1_7' title='bbox 1146 530 1439 580; x_wconf 82' lang='lat' dir='ltr'><strong>certamen</strong></span> <span class='ocrx_word' id='word_1_8' title='bbox 1482 526 1806 598; x_wconf 80' lang='lat' dir='ltr'><strong>adducitur,</strong></span> 
     </span>
    </p>
   </div>
   <div class='ocr_carea' id='block_1_3' title="bbox 142 614 1809 687">
    <p class='ocr_par' dir='ltr' id='par_1_3' title="bbox 142 614 1809 687">
     <span class='ocr_line' id='line_1_3' title="bbox 142 614 1809 687; baseline 0.003 -20"><span class='ocrx_word' id='word_1_9' title='bbox 142 619 195 668; x_wconf 89' lang='lat' dir='ltr'><strong>ut</strong></span> <span class='ocrx_word' id='word_1_10' title='bbox 225 615 408 667; x_wconf 88' lang='lat' dir='ltr'><strong>virum</strong></span> <span class='ocrx_word' id='word_1_11' title='bbox 439 614 642 668; x_wconf 83' lang='lat' dir='ltr'><strong>fortem</strong></span> <span class='ocrx_word' id='word_1_12' title='bbox 674 631 788 669; x_wconf 91' lang='lat' dir='ltr'><strong>non</strong></span> <span class='ocrx_word' id='word_1_13' title='bbox 825 615 986 670; x_wconf 87' lang='lat' dir='ltr'><strong>decet</strong></span> <span class='ocrx_word' id='word_1_14' title='bbox 1015 615 1328 686; x_wconf 89' lang='lat' dir='ltr'><strong>indignari,</strong></span> <span class='ocrx_word' id='word_1_15' title='bbox 1367 617 1594 687; x_wconf 91' lang='lat' dir='ltr'><strong>quoties</strong></span> <span class='ocrx_word' id='word_1_16' title='bbox 1625 617 1809 673; x_wconf 85' lang='lat' dir='ltr'><strong>incre-</strong></span> 
     </span>
    </p>
   </div>
   <div class='ocr_carea' id='block_1_4' title="bbox 141 704 1809 777">
    <p class='ocr_par' dir='ltr' id='par_1_4' title="bbox 141 704 1809 777">
     <span class='ocr_line' id='line_1_4' title="bbox 141 704 1809 777; baseline 0.003 -20"><span class='ocrx_word' id='word_1_17' title='bbox 141 704 248 774; x_wconf 88' lang='lat' dir='ltr'><strong>puit</strong></span> <span class='ocrx_word' id='word_1_18' title='bbox 270 704 506 758; x_wconf 91' lang='lat' dir='ltr'><strong>bellicus</strong></span> <span class='ocrx_word' id='word_1_19' title='bbox 535 704 838 760; x_wconf 85' lang='lat' dir='ltr'><strong>tumultus.</strong></span> <span class='ocrx_word' id='word_1_20' title='bbox 891 704 1127 777; x_wconf 83' lang='lat' dir='ltr'><strong>Utrique</strong></span> <span class='ocrx_word' id='word_1_21' title='bbox 1182 706 1355 773; x_wconf 89' lang='lat' dir='ltr'><strong>enim,</strong></span> <span class='ocrx_word' id='word_1_22' title='bbox 1402 706 1534 760; x_wconf 87' lang='lat' dir='ltr'><strong>huic</strong></span> <span class='ocrx_word' id='word_1_23' title='bbox 1577 707 1809 777; x_wconf 86' lang='lat' dir='ltr'><strong>quidem</strong></span> 
     </span>
    </p>
   </div>
   <div class='ocr_carea' id='block_1_5' title="bbox 138 793 1808 867">
    <p class='ocr_par' dir='ltr' id='par_1_5' title="bbox 138 793 1808 867">
     <span class='ocr_line' id='line_1_5' title="bbox 138 793 1808 867; baseline 0.004 -23"><span class='ocrx_word' id='word_1_24' title='bbox 138 793 312 862; x_wconf 65' lang='lat' dir='ltr'><strong>gloriae</strong></span> <span class='ocrx_word' id='word_1_25' title='bbox 350 794 758 865; x_wconf 63' lang='lat' dir='ltr'><strong>propagandae.</strong></span> <span class='ocrx_word' id='word_1_26' title='bbox 799 795 883 848; x_wconf 88' lang='lat' dir='ltr'>illi</span> <span class='ocrx_word' id='word_1_27' title='bbox 909 811 1042 848; x_wconf 87' lang='lat' dir='ltr'><strong>vero</strong></span> <span class='ocrx_word' id='word_1_28' title='bbox 1074 794 1482 850; x_wconf 71' lang='lat' dir='ltr'><strong>conﬁrmandae</strong></span> <span class='ocrx_word' id='word_1_29' title='bbox 1514 796 1808 867; x_wconf 73' lang='lat' dir='ltr'><strong>sapientiae</strong></span> 
     </span>
    </p>
   </div>
   <div class='ocr_carea' id='block_1_6' title="bbox 138 881 1808 956">
    <p class='ocr_par' dir='ltr' id='par_1_6' title="bbox 138 881 1808 956">
     <span class='ocr_line' id='line_1_6' title="bbox 138 881 1808 956; baseline 0.002 -21"><span class='ocrx_word' id='word_1_30' title='bbox 138 881 424 935; x_wconf 86' lang='lat' dir='ltr'><strong>difﬁcultas</strong></span> <span class='ocrx_word' id='word_1_31' title='bbox 452 884 597 952; x_wconf 90' lang='lat' dir='ltr'><strong>ipsa,</strong></span> <span class='ocrx_word' id='word_1_32' title='bbox 631 883 872 938; x_wconf 85' lang='lat' dir='ltr'><strong>materia</strong></span> <span class='ocrx_word' id='word_1_33' title='bbox 904 883 1014 954; x_wconf 81' lang='lat'><strong>(20)</strong></span> <span class='ocrx_word' id='word_1_34' title='bbox 1048 889 1148 939; x_wconf 86' lang='lat' dir='ltr'><strong>est.</strong></span> <span class='ocrx_word' id='word_1_35' title='bbox 1187 885 1262 938; x_wconf 84' lang='lat' dir='ltr'><strong>Ex</strong></span> <span class='ocrx_word' id='word_1_36' title='bbox 1296 901 1410 956; x_wconf 91' lang='lat' dir='ltr'><strong>quo</strong></span> <span class='ocrx_word' id='word_1_37' title='bbox 1441 885 1614 940; x_wconf 89' lang='lat' dir='ltr'><strong>etiam</strong></span> <span class='ocrx_word' id='word_1_38' title='bbox 1636 895 1661 920; x_wconf 70' lang='grc' dir='ltr'><strong>ει</strong></span> <span class='ocrx_word' id='word_1_39' title='bbox 1690 886 1808 939; x_wconf 90' lang='lat' dir='ltr'><strong>vir-</strong></span> 
     </span>
    </p>
   </div>
   <div class='ocr_carea' id='block_1_7' title="bbox 134 971 1808 1045">
    <p class='ocr_par' dir='ltr' id='par_1_7' title="bbox 134 971 1808 1045">
     <span class='ocr_line' id='line_1_7' title="bbox 134 971 1808 1045; baseline 0.004 -23"><span class='ocrx_word' id='word_1_40' title='bbox 134 974 212 1023; x_wconf 90' lang='lat' dir='ltr'><strong>tus</strong></span> <span class='ocrx_word' id='word_1_41' title='bbox 249 975 500 1038; x_wconf 80' lang='lat' dir='ltr'><strong>vocatur,</strong></span> <span class='ocrx_word' id='word_1_42' title='bbox 534 971 685 1042; x_wconf 91' lang='lat' dir='ltr'><strong>quod</strong></span> <span class='ocrx_word' id='word_1_43' title='bbox 716 971 834 1026; x_wconf 86' lang='lat' dir='ltr'><strong>suis</strong></span> <span class='ocrx_word' id='word_1_44' title='bbox 863 971 1080 1026; x_wconf 78' lang='lat' dir='ltr'><strong>viribus</strong></span> <span class='ocrx_word' id='word_1_45' title='bbox 1110 975 1299 1028; x_wconf 90' lang='lat' dir='ltr'><strong>nitens</strong></span> <span class='ocrx_word' id='word_1_46' title='bbox 1341 989 1457 1028; x_wconf 92' lang='lat' dir='ltr'><strong>non</strong></span> <span class='ocrx_word' id='word_1_47' title='bbox 1505 979 1808 1045; x_wconf 85' lang='lat' dir='ltr'><strong>superetur</strong></span> 
     </span>
    </p>
   </div>
   <div class='ocr_carea' id='block_1_8' title="bbox 133 1059 1802 1134">
    <p class='ocr_par' dir='ltr' id='par_1_8' title="bbox 133 1059 1802 1134">
     <span class='ocr_line' id='line_1_8' title="bbox 133 1059 1802 1134; baseline 0.002 -21"><span class='ocrx_word' id='word_1_48' title='bbox 133 1059 378 1114; x_wconf 78' lang='lat' dir='ltr'><strong>adversis.</strong></span> <span class='ocrx_word' id='word_1_49' title='bbox 423 1061 620 1132; x_wconf 88' lang='lat' dir='ltr'><strong>Neque</strong></span> <span class='ocrx_word' id='word_1_50' title='bbox 658 1061 814 1116; x_wconf 90' lang='lat' dir='ltr'><strong>enim</strong></span> <span class='ocrx_word' id='word_1_51' title='bbox 847 1078 943 1116; x_wconf 90' lang='lat' dir='ltr'><strong>vos</strong></span> <span class='ocrx_word' id='word_1_52' title='bbox 973 1060 1035 1116; x_wconf 91' lang='lat' dir='ltr'><strong>in</strong></span> <span class='ocrx_word' id='word_1_53' title='bbox 1073 1088 1097 1124; x_wconf 78' lang='grc' dir='ltr'><strong>ι,</strong></span> <span class='ocrx_word' id='word_1_54' title='bbox 1126 1067 1396 1133; x_wconf 89' lang='lat' dir='ltr'><strong>provectu</strong></span> <span class='ocrx_word' id='word_1_55' title='bbox 1427 1063 1596 1134; x_wconf 88' lang='lat' dir='ltr'><strong>positi</strong></span> <span class='ocrx_word' id='word_1_56' title='bbox 1628 1064 1802 1118; x_wconf 90' lang='lat' dir='ltr'><strong>virtu-</strong></span> 
     </span>
    </p>
   </div>
   <div class='ocr_carea' id='block_1_9' title="bbox 133 1146 1804 1221">
    <p class='ocr_par' dir='ltr' id='par_1_9' title="bbox 133 1146 1804 1221">
     <span class='ocr_line' id='line_1_9' title="bbox 133 1146 1804 1221; baseline 0.004 -23"><span class='ocrx_word' id='word_1_57' title='bbox 133 1147 210 1211; x_wconf 88' lang='lat' dir='ltr'><strong>tis,</strong></span> <span class='ocrx_word' id='word_1_58' title='bbox 252 1146 558 1201; x_wconf 81' lang='lat' dir='ltr'><strong>cdifﬁuere</strong></span> <span class='ocrx_word' id='word_1_59' title='bbox 615 1148 853 1218; x_wconf 87' lang='lat' dir='ltr'><strong>deliciis,</strong></span> <span class='ocrx_word' id='word_1_60' title='bbox 906 1155 962 1204; x_wconf 90' lang='lat' dir='ltr'><strong>et</strong></span> <span class='ocrx_word' id='word_1_61' title='bbox 1007 1153 1032 1192; x_wconf 76' lang='grc' dir='ltr'><strong>(ἰ</strong></span> <span class='ocrx_word' id='word_1_62' title='bbox 1080 1166 1461 1204; x_wconf 88' lang='lat' dir='ltr'><strong>emarcescere</strong></span> <span class='ocrx_word' id='word_1_63' title='bbox 1510 1152 1804 1221; x_wconf 84' lang='lat' dir='ltr'><strong>voluptate</strong></span> 
     </span>
    </p>
   </div>
   <div class='ocr_carea' id='block_1_10' title="bbox 131 1234 1804 1306">
    <p class='ocr_par' dir='ltr' id='par_1_10' title="bbox 131 1234 1804 1306">
     <span class='ocr_line' id='line_1_10' title="bbox 131 1234 1804 1306; baseline 0.005 -19"><span class='ocrx_word' id='word_1_64' title='bbox 131 1234 356 1302; x_wconf 75' lang='lat' dir='ltr'><strong>venistis,</strong></span> <span class='ocrx_word' id='word_1_65' title='bbox 430 1237 696 1306; x_wconf 83' lang='lat' dir='ltr'><strong>praelium</strong></span> <span class='ocrx_word' id='word_1_66' title='bbox 749 1255 878 1292; x_wconf 88' lang='lat' dir='ltr'><strong>cum</strong></span> <span class='ocrx_word' id='word_1_67' title='bbox 946 1239 1104 1292; x_wconf 90' lang='lat' dir='ltr'><strong>omni</strong></span> <span class='ocrx_word' id='word_1_68' title='bbox 1156 1239 1390 1294; x_wconf 85' lang='lat' dir='ltr'><strong>fortuna</strong></span> <span class='ocrx_word' id='word_1_69' title='bbox 1437 1239 1608 1294; x_wconf 90' lang='lat' dir='ltr'><strong>nimis</strong></span> <span class='ocrx_word' id='word_1_70' title='bbox 1675 1256 1804 1296; x_wconf 90' lang='lat' dir='ltr'><strong>acre</strong></span> 
     </span>
    </p>
   </div>
   <div class='ocr_carea' id='block_1_11' title="bbox 133 1325 1805 1400">
    <p class='ocr_par' dir='ltr' id='par_1_11' title="bbox 133 1325 1805 1400">
     <span class='ocr_line' id='line_1_11' title="bbox 133 1325 1805 1400; baseline 0.004 -23"><span class='ocrx_word' id='word_1_71' title='bbox 133 1331 149 1359; x_wconf 82' lang='lat'><strong><em>°</em></strong></span> <span class='ocrx_word' id='word_1_72' title='bbox 175 1325 478 1393; x_wconf 90' lang='lat' dir='ltr'><strong>conseritis,</strong></span> <span class='ocrx_word' id='word_1_73' title='bbox 507 1342 576 1380; x_wconf 89' lang='lat' dir='ltr'><strong>ne</strong></span> <span class='ocrx_word' id='word_1_74' title='bbox 606 1343 702 1381; x_wconf 89' lang='lat' dir='ltr'><strong>vos</strong></span> <span class='ocrx_word' id='word_1_75' title='bbox 734 1332 833 1382; x_wconf 90' lang='lat' dir='ltr'><strong>aut</strong></span> <span class='ocrx_word' id='word_1_76' title='bbox 874 1327 1051 1382; x_wconf 88' lang='lat' dir='ltr'><strong>tristis</strong></span> <span class='ocrx_word' id='word_1_77' title='bbox 1081 1328 1391 1399; x_wconf 85' lang='lat' dir='ltr'><strong>opprimat,</strong></span> <span class='ocrx_word' id='word_1_78' title='bbox 1429 1333 1526 1383; x_wconf 88' lang='lat' dir='ltr'><strong>aut</strong></span> <span class='ocrx_word' id='word_1_79' title='bbox 1549 1329 1805 1400; x_wconf 88' lang='lat' dir='ltr'><strong>jucunda</strong></span> 
     </span>
    </p>
   </div>
   <div class='ocr_carea' id='block_1_12' title="bbox 135 1413 1804 1489">
    <p class='ocr_par' dir='ltr' id='par_1_12' title="bbox 135 1413 1804 1489">
     <span class='ocr_line' id='line_1_12' title="bbox 135 1413 1804 1489; baseline 0.004 -23"><span class='ocrx_word' id='word_1_80' title='bbox 135 1416 444 1483; x_wconf 87' lang='lat' dir='ltr'><strong>corrumpat</strong></span> <span class='ocrx_word' id='word_1_81' title='bbox 471 1431 484 1468; x_wconf 89' lang='lat'><strong>:</strong></span> <span class='ocrx_word' id='word_1_82' title='bbox 519 1413 700 1469; x_wconf 90' lang='lat' dir='ltr'><strong>ﬁrmis</strong></span> <span class='ocrx_word' id='word_1_83' title='bbox 727 1414 746 1450; x_wconf 65' lang='grc' dir='ltr'><em>ί</em></span> <span class='ocrx_word' id='word_1_84' title='bbox 768 1417 1021 1471; x_wconf 91' lang='lat' dir='ltr'><strong>medium</strong></span> <span class='ocrx_word' id='word_1_85' title='bbox 1050 1417 1266 1471; x_wconf 90' lang='lat' dir='ltr'><strong>viribus</strong></span> <span class='ocrx_word' id='word_1_86' title='bbox 1299 1425 1590 1489; x_wconf 89' lang='lat' dir='ltr'><strong>occupate.</strong></span> <span class='ocrx_word' id='word_1_87' title='bbox 1629 1418 1804 1483; x_wconf 89' lang='lat' dir='ltr'><strong>Quid-</strong></span> 
     </span>
    </p>
   </div>
   <div class='ocr_carea' id='block_1_13' title="bbox 131 1501 1802 1578">
    <p class='ocr_par' dir='ltr' id='par_1_13' title="bbox 131 1501 1802 1578">
     <span class='ocr_line' id='line_1_13' title="bbox 131 1501 1802 1578; baseline 0.005 -24"><span class='ocrx_word' id='word_1_88' title='bbox 131 1501 248 1572; x_wconf 88' lang='lat' dir='ltr'><strong>quid</strong></span> <span class='ocrx_word' id='word_1_89' title='bbox 277 1507 466 1556; x_wconf 89' lang='lat' dir='ltr'><strong>autem</strong></span> <span class='ocrx_word' id='word_1_90' title='bbox 493 1505 606 1575; x_wconf 78' lang='lat'><strong>(25)</strong></span> <span class='ocrx_word' id='word_1_91' title='bbox 636 1504 784 1558; x_wconf 87' lang='lat' dir='ltr'><strong>infra</strong></span> <span class='ocrx_word' id='word_1_92' title='bbox 815 1505 1094 1576; x_wconf 87' lang='lat' dir='ltr'><strong>subsistit,</strong></span> <span class='ocrx_word' id='word_1_93' title='bbox 1114 1511 1211 1560; x_wconf 88' lang='lat' dir='ltr'><strong>aut</strong></span> <span class='ocrx_word' id='word_1_94' title='bbox 1240 1509 1390 1561; x_wconf 86' lang='lat' dir='ltr'><strong>ultra</strong></span> <span class='ocrx_word' id='word_1_95' title='bbox 1412 1508 1802 1578; x_wconf 83' lang='lat' dir='ltr'><strong>progreditur,</strong></span> 
     </span>
    </p>
   </div>
   <div class='ocr_carea' id='block_1_14' title="bbox 133 1591 1804 1668">
    <p class='ocr_par' dir='ltr' id='par_1_14' title="bbox 133 1591 1804 1668">
     <span class='ocr_line' id='line_1_14' title="bbox 133 1591 1804 1668; baseline 0.004 -24"><span class='ocrx_word' id='word_1_96' title='bbox 133 1591 282 1645; x_wconf 87' lang='lat' dir='ltr'><strong>habet</strong></span> <span class='ocrx_word' id='word_1_97' title='bbox 309 1596 708 1664; x_wconf 89' lang='lat' dir='ltr'><strong>contemptum</strong></span> <span class='ocrx_word' id='word_1_98' title='bbox 758 1594 1065 1664; x_wconf 87' lang='lat' dir='ltr'><strong>felicitatis,</strong></span> <span class='ocrx_word' id='word_1_99' title='bbox 1116 1613 1234 1650; x_wconf 91' lang='lat' dir='ltr'><strong>non</strong></span> <span class='ocrx_word' id='word_1_100' title='bbox 1279 1597 1451 1651; x_wconf 85' lang='lat' dir='ltr'><strong>habet</strong></span> <span class='ocrx_word' id='word_1_101' title='bbox 1496 1597 1804 1668; x_wconf 58' lang='lat' dir='ltr'><strong>praemium</strong></span> 
     </span>
    </p>
   </div>
   <div class='ocr_carea' id='block_1_15' title="bbox 128 1679 1804 1757">
    <p class='ocr_par' dir='ltr' id='par_1_15' title="bbox 128 1679 1804 1757">
     <span class='ocr_line' id='line_1_15' title="bbox 128 1679 1804 1757; baseline 0.004 -24"><span class='ocrx_word' id='word_1_102' title='bbox 128 1679 333 1734; x_wconf 85' lang='lat' dir='ltr'><strong>laboris.</strong></span> <span class='ocrx_word' id='word_1_103' title='bbox 371 1687 529 1737; x_wconf 78' lang='lat'><strong>306</strong></span> <span class='ocrx_word' id='word_1_104' title='bbox 568 1684 582 1717; x_wconf 85' lang='grc'>¹</span> <span class='ocrx_word' id='word_1_105' title='bbox 617 1684 680 1737; x_wconf 91' lang='grc'><strong>111</strong></span> <span class='ocrx_word' id='word_1_106' title='bbox 726 1689 911 1738; x_wconf 86' lang='lat' dir='ltr'><strong>vestra</strong></span> <span class='ocrx_word' id='word_1_107' title='bbox 941 1685 1094 1740; x_wconf 89' lang='lat' dir='ltr'><strong>enim</strong></span> <span class='ocrx_word' id='word_1_108' title='bbox 1127 1686 1301 1740; x_wconf 91' lang='lat' dir='ltr'><strong>situm</strong></span> <span class='ocrx_word' id='word_1_109' title='bbox 1343 1702 1540 1753; x_wconf 90' lang='lat' dir='ltr'><strong>manu,</strong></span> <span class='ocrx_word' id='word_1_110' title='bbox 1574 1687 1804 1757; x_wconf 88' lang='lat' dir='ltr'><strong>qualem</strong></span> 
     </span>
    </p>
   </div>
   <div class='ocr_carea' id='block_1_16' title="bbox 128 1768 1804 1846">
    <p class='ocr_par' dir='ltr' id='par_1_16' title="bbox 128 1768 1804 1846">
     <span class='ocr_line' id='line_1_16' title="bbox 128 1768 1804 1846; baseline 0.004 -24"><span class='ocrx_word' id='word_1_111' title='bbox 128 1768 262 1822; x_wconf 87' lang='lat' dir='ltr'><strong>vobis</strong></span> <span class='ocrx_word' id='word_1_112' title='bbox 299 1769 593 1825; x_wconf 83' lang='lat' dir='ltr'><strong>fortunam</strong></span> <span class='ocrx_word' id='word_1_113' title='bbox 639 1772 889 1828; x_wconf 90' lang='lat' dir='ltr'><strong>formare</strong></span> <span class='ocrx_word' id='word_1_114' title='bbox 929 1773 1159 1828; x_wconf 88' lang='lat' dir='ltr'><strong>malitis.</strong></span> <span class='ocrx_word' id='word_1_115' title='bbox 1201 1775 1396 1830; x_wconf 88' lang='lat' dir='ltr'><strong>Omnis</strong></span> <span class='ocrx_word' id='word_1_116' title='bbox 1432 1776 1624 1844; x_wconf 56' lang='lat' dir='ltr'><strong>,enim,</strong></span> <span class='ocrx_word' id='word_1_117' title='bbox 1676 1791 1804 1846; x_wconf 69' lang='lat' dir='ltr'><strong>quae</strong></span> 
     </span>
    </p>
   </div>
   <div class='ocr_carea' id='block_1_17' title="bbox 143 1858 1798 1936">
    <p class='ocr_par' dir='ltr' id='par_1_17' title="bbox 143 1858 1798 1936">
     <span class='ocr_line' id='line_1_17' title="bbox 143 1858 1798 1936; baseline 0.003 -25"><span class='ocrx_word' id='word_1_118' title='bbox 143 1858 337 1913; x_wconf 84' lang='lat' dir='ltr'><strong>videtur</strong></span> <span class='ocrx_word' id='word_1_119' title='bbox 370 1875 596 1931; x_wconf 90' lang='lat' dir='ltr'><strong>aspera,</strong></span> <span class='ocrx_word' id='word_1_120' title='bbox 625 1866 724 1917; x_wconf 89' lang='lat' dir='ltr'><strong>aut</strong></span> <span class='ocrx_word' id='word_1_121' title='bbox 755 1861 864 1917; x_wconf 90' lang='lat' dir='ltr'><strong>nisi</strong></span> <span class='ocrx_word' id='word_1_122' title='bbox 895 1868 1139 1934; x_wconf 82' lang='lat' dir='ltr'><strong>exercet,</strong></span> <span class='ocrx_word' id='word_1_123' title='bbox 1172 1869 1272 1920; x_wconf 90' lang='lat' dir='ltr'><strong>aut</strong></span> <span class='ocrx_word' id='word_1_124' title='bbox 1300 1864 1556 1936; x_wconf 82' lang='lat' dir='ltr'><strong>corrigit,</strong></span> <span class='ocrx_word' id='word_1_125' title='bbox 1613 1865 1798 1936; x_wconf 86' lang='lat' dir='ltr'><strong>punit.</strong></span> 
     </span>
    </p>
   </div>
   <div class='ocr_carea' id='block_1_18' title="bbox 1164 305 2666 364">
    <p class='ocr_par' dir='ltr' id='par_1_18' title="bbox 1164 305 2666 364">
     <span class='ocr_line' id='line_1_18' title="bbox 1164 305 2666 364; baseline 0.003 -6"><span class='ocrx_word' id='word_1_126' title='bbox 1164 305 1255 358; x_wconf 91' lang='lat' dir='ltr'><strong>DE</strong></span> <span class='ocrx_word' id='word_1_127' title='bbox 1299 305 1837 363; x_wconf 83' lang='lat' dir='ltr'><strong>CONSOLATIONE</strong></span> <span class='ocrx_word' id='word_1_128' title='bbox 1880 308 2364 364; x_wconf 65' lang='lat' dir='ltr'><strong>PHILOSOPHIAC</strong></span> <span class='ocrx_word' id='word_1_129' title='bbox 2410 309 2533 363; x_wconf 85' lang='lat' dir='ltr'><strong>LIB.</strong></span> <span class='ocrx_word' id='word_1_130' title='bbox 2581 311 2666 363; x_wconf 90' lang='lat' dir='ltr'><strong>IV.</strong></span> 
     </span>
    </p>
   </div>
   <div class='ocr_carea' id='block_1_19' title="bbox 143 434 1900 507">
    <p class='ocr_par' dir='ltr' id='par_1_19' title="bbox 143 434 1900 507">
     <span class='ocr_line' id='line_1_19' title="bbox 143 434 1900 507; baseline 0.002 -17"><span class='ocrx_word' id='word_1_131' title='bbox 143 434 406 490; x_wconf 80' lang='lat' dir='ltr'><strong>conﬁteri.</strong></span> <span class='ocrx_word' id='word_1_132' title='bbox 444 435 649 504; x_wconf 88' lang='lat' dir='ltr'><strong>Quare,</strong></span> <span class='ocrx_word' id='word_1_133' title='bbox 682 435 892 506; x_wconf 86' lang='lat' dir='ltr'><strong>inquit,</strong></span> <span class='ocrx_word' id='word_1_134' title='bbox 927 434 1007 490; x_wconf 88' lang='lat' dir='ltr'><strong>ita</strong></span> <span class='ocrx_word' id='word_1_135' title='bbox 1024 434 1112 489; x_wconf 86' lang='lat' dir='ltr'><strong>vir</strong></span> <span class='ocrx_word' id='word_1_136' title='bbox 1141 435 1368 507; x_wconf 90' lang='lat' dir='ltr'><strong>sapiens</strong></span> <span class='ocrx_word' id='word_1_137' title='bbox 1396 438 1638 492; x_wconf 89' lang='lat' dir='ltr'><strong>moleste</strong></span> <span class='ocrx_word' id='word_1_138' title='bbox 1667 439 1814 493; x_wconf 89' lang='lat' dir='ltr'><strong>ferre</strong></span> <span class='ocrx_word' id='word_1_139' title='bbox 1852 442 1900 493; x_wconf 84' lang='lat' dir='ltr'><strong>A</strong></span> 
     </span>
    </p>
   </div>
   <div class='ocr_carea' id='block_1_20' title="bbox 3526 316 3634 370">
    <p class='ocr_par' dir='ltr' id='par_1_20' title="bbox 3526 316 3634 370">
     <span class='ocr_line' id='line_1_20' title="bbox 3526 316 3634 370; baseline 0.009 -2"><span class='ocrx_word' id='word_1_140' title='bbox 3526 316 3634 370; x_wconf 73' lang='lat'><strong>826</strong></span> 
     </span>
    </p>
   </div>
   <div class='ocr_carea' id='block_1_21' title="bbox 2451 443 3121 500">
    <p class='ocr_par' dir='ltr' id='par_1_21' title="bbox 2451 443 3121 500">
     <span class='ocr_line' id='line_1_21' title="bbox 2451 443 3121 500; baseline 0.003 -2"><span class='ocrx_word' id='word_1_141' title='bbox 2451 448 2598 498; x_wconf 70' lang='lat'><strong>307</strong></span> <span class='ocrx_word' id='word_1_142' title='bbox 2629 443 2919 498; x_wconf 83' lang='lat' dir='ltr'><strong>METRUM</strong></span> <span class='ocrx_word' id='word_1_143' title='bbox 2951 443 2972 465; x_wconf 75' lang='lat'>&#39;</span> <span class='ocrx_word' id='word_1_144' title='bbox 3003 445 3121 500; x_wconf 90' lang='lat' dir='ltr'><strong>VII.</strong></span> 
     </span>
    </p>
   </div>
   <div class='ocr_carea' id='block_1_22' title="bbox 1917 514 3612 589">
    <p class='ocr_par' dir='ltr' id='par_1_22' title="bbox 1917 514 3612 589">
     <span class='ocr_line' id='line_1_22' title="bbox 1917 514 3612 589; baseline 0.005 -22"><span class='ocrx_word' id='word_1_145' title='bbox 1917 514 2451 589; x_wconf 13' lang='lat' dir='ltr'><strong>Alienum-runt:—</strong></span> <span class='ocrx_word' id='word_1_146' title='bbox 2493 516 2846 582; x_wconf 73' lang='lat' dir='ltr'><strong>Philosophia</strong></span> <span class='ocrx_word' id='word_1_147' title='bbox 2874 517 3098 589; x_wconf 83' lang='lat' dir='ltr'><strong>probat</strong></span> <span class='ocrx_word' id='word_1_148' title='bbox 3148 519 3407 588; x_wconf 70' lang='lat' dir='ltr'><strong>exemplis</strong></span> <span class='ocrx_word' id='word_1_149' title='bbox 3450 519 3612 589; x_wconf 84' lang='lat' dir='ltr'><strong>Aga-</strong></span> 
     </span>
    </p>
   </div>
   <div class='ocr_carea' id='block_1_23' title="bbox 1990 585 3615 660">
    <p class='ocr_par' dir='ltr' id='par_1_23' title="bbox 1990 585 3615 660">
     <span class='ocr_line' id='line_1_23' title="bbox 1990 585 3615 660; baseline 0.007 -23"><span class='ocrx_word' id='word_1_150' title='bbox 1990 588 2302 660; x_wconf 83' lang='lat' dir='ltr'><strong>memnonis,</strong></span> <span class='ocrx_word' id='word_1_151' title='bbox 2351 585 2561 653; x_wconf 81' lang='lat' dir='ltr'><strong>Ulyssis</strong></span> <span class='ocrx_word' id='word_1_152' title='bbox 2606 591 2656 660; x_wconf 86' lang='lat' dir='ltr'><strong>et</strong></span> <span class='ocrx_word' id='word_1_153' title='bbox 2686 588 2952 660; x_wconf 87' lang='lat' dir='ltr'><strong>Herculis,</strong></span> <span class='ocrx_word' id='word_1_154' title='bbox 2995 589 3228 644; x_wconf 89' lang='lat' dir='ltr'><strong>homines</strong></span> <span class='ocrx_word' id='word_1_155' title='bbox 3269 585 3472 660; x_wconf 80' lang='lat' dir='ltr'><strong>optatis</strong></span> <span class='ocrx_word' id='word_1_156' title='bbox 3508 585 3615 647; x_wconf 72' lang='lat' dir='ltr'><strong>non</strong></span> 
     </span>
    </p>
   </div>
   <div class='ocr_carea' id='block_1_24' title="bbox 1986 657 3226 726">
    <p class='ocr_par' dir='ltr' id='par_1_24' title="bbox 1986 657 3226 726">
     <span class='ocr_line' id='line_1_24' title="bbox 1986 657 3226 726; baseline 0.005 -16"><span class='ocrx_word' id='word_1_157' title='bbox 1986 657 2126 723; x_wconf 84' lang='lat' dir='ltr'><strong>frui,</strong></span> <span class='ocrx_word' id='word_1_158' title='bbox 2159 659 2269 710; x_wconf 86' lang='lat' dir='ltr'><strong>nisi</strong></span> <span class='ocrx_word' id='word_1_159' title='bbox 2301 659 2744 726; x_wconf 71' lang='lat' dir='ltr'><strong>poslewantlatos</strong></span> <span class='ocrx_word' id='word_1_160' title='bbox 2774 659 2969 713; x_wconf 84' lang='lat' dir='ltr'><strong>multos</strong></span> <span class='ocrx_word' id='word_1_161' title='bbox 3001 661 3226 716; x_wconf 84' lang='lat' dir='ltr'><strong>labores.</strong></span> 
     </span>
    </p>
   </div>
   <div class='ocr_carea' id='block_1_25' title="bbox 2099 745 3075 817">
    <p class='ocr_par' dir='ltr' id='par_1_25' title="bbox 2099 745 3075 817">
     <span class='ocr_line' id='line_1_25' title="bbox 2099 745 3075 817; baseline 0.003 -18"><span class='ocrx_word' id='word_1_162' title='bbox 2099 746 2252 800; x_wconf 89' lang='lat' dir='ltr'><strong>Bella</strong></span> <span class='ocrx_word' id='word_1_163' title='bbox 2281 746 2370 800; x_wconf 87' lang='lat' dir='ltr'><strong>bis</strong></span> <span class='ocrx_word' id='word_1_164' title='bbox 2404 745 2592 817; x_wconf 89' lang='lat' dir='ltr'><strong>quinis</strong></span> <span class='ocrx_word' id='word_1_165' title='bbox 2615 751 2882 816; x_wconf 89' lang='lat' dir='ltr'><strong>operatus</strong></span> <span class='ocrx_word' id='word_1_166' title='bbox 2909 748 3075 802; x_wconf 90' lang='lat' dir='ltr'><strong>annis</strong></span> 
     </span>
    </p>
   </div>
   <div class='ocr_carea' id='block_1_26' title="bbox 2095 835 3070 906">
    <p class='ocr_par' dir='ltr' id='par_1_26' title="bbox 2095 835 3070 906">
     <span class='ocr_line' id='line_1_26' title="bbox 2095 835 3070 906; baseline 0.001 -17"><span class='ocrx_word' id='word_1_167' title='bbox 2095 835 2252 889; x_wconf 84' lang='lat' dir='ltr'><strong>Ultor</strong></span> <span class='ocrx_word' id='word_1_168' title='bbox 2279 836 2558 900; x_wconf 86' lang='lat' dir='ltr'><strong>Atreides,</strong></span> <span class='ocrx_word' id='word_1_169' title='bbox 2592 835 2853 906; x_wconf 79' lang='lat' dir='ltr'><strong>Phrygiae</strong></span> <span class='ocrx_word' id='word_1_170' title='bbox 2884 837 3070 890; x_wconf 90' lang='lat' dir='ltr'><strong>ruinis</strong></span> 
     </span>
    </p>
   </div>
   <div class='ocr_carea' id='block_1_27' title="bbox 2083 923 3068 995">
    <p class='ocr_par' dir='ltr' id='par_1_27' title="bbox 2083 923 3068 995">
     <span class='ocr_line' id='line_1_27' title="bbox 2083 923 3068 995; baseline 0.002 -17"><span class='ocrx_word' id='word_1_171' title='bbox 2083 923 2294 978; x_wconf 87' lang='lat' dir='ltr'><strong>Fratris</strong></span> <span class='ocrx_word' id='word_1_172' title='bbox 2323 924 2562 977; x_wconf 91' lang='lat' dir='ltr'><strong>amissos</strong></span> <span class='ocrx_word' id='word_1_173' title='bbox 2595 924 2842 978; x_wconf 80' lang='lat' dir='ltr'><strong>thlamos</strong></span> <span class='ocrx_word' id='word_1_174' title='bbox 2867 925 3068 995; x_wconf 84' lang='lat' dir='ltr'><strong>piavit.</strong></span> 
     </span>
    </p>
   </div>
   <div class='ocr_carea' id='block_1_28' title="bbox 2091 1014 3095 1070">
    <p class='ocr_par' dir='ltr' id='par_1_28' title="bbox 2091 1014 3095 1070">
     <span class='ocr_line' id='line_1_28' title="bbox 2091 1014 3095 1070; baseline 0.003 -4"><span class='ocrx_word' id='word_1_175' title='bbox 2091 1014 2192 1069; x_wconf 89' lang='lat' dir='ltr'><strong>Ille</strong></span> <span class='ocrx_word' id='word_1_176' title='bbox 2224 1014 2362 1067; x_wconf 90' lang='lat' dir='ltr'><strong>dum</strong></span> <span class='ocrx_word' id='word_1_177' title='bbox 2395 1014 2577 1068; x_wconf 64' lang='lat' dir='ltr'><strong>Graiae</strong></span> <span class='ocrx_word' id='word_1_178' title='bbox 2607 1014 2743 1068; x_wconf 89' lang='lat' dir='ltr'><strong>dare</strong></span> <span class='ocrx_word' id='word_1_179' title='bbox 2770 1015 2897 1068; x_wconf 90' lang='lat' dir='ltr'><strong>vela</strong></span> <span class='ocrx_word' id='word_1_180' title='bbox 2931 1015 3095 1070; x_wconf 89' lang='lat' dir='ltr'><strong>classi</strong></span> 
     </span>
    </p>
   </div>
   <div class='ocr_carea' id='block_1_29' title="bbox 2093 1104 3113 1173">
    <p class='ocr_par' dir='ltr' id='par_1_29' title="bbox 2093 1104 3113 1173">
     <span class='ocr_line' id='line_1_29' title="bbox 2093 1104 3113 1173; baseline 0 -15"><span class='ocrx_word' id='word_1_181' title='bbox 2093 1104 2280 1173; x_wconf 85' lang='lat' dir='ltr'><strong>Optat,</strong></span> <span class='ocrx_word' id='word_1_182' title='bbox 2315 1108 2371 1157; x_wconf 91' lang='lat' dir='ltr'><strong>et</strong></span> <span class='ocrx_word' id='word_1_183' title='bbox 2401 1108 2596 1157; x_wconf 86' lang='lat' dir='ltr'><strong>ventos</strong></span> <span class='ocrx_word' id='word_1_184' title='bbox 2628 1104 2862 1158; x_wconf 89' lang='lat' dir='ltr'><strong>redimit</strong></span> <span class='ocrx_word' id='word_1_185' title='bbox 2890 1120 3113 1172; x_wconf 89' lang='lat' dir='ltr'><strong>cruore,</strong></span> 
     </span>
    </p>
   </div>
   <div class='ocr_carea' id='block_1_30' title="bbox 2091 1192 3151 1264">
    <p class='ocr_par' dir='ltr' id='par_1_30' title="bbox 2091 1192 3151 1264">
     <span class='ocr_line' id='line_1_30' title="bbox 2091 1192 3151 1264; baseline 0.002 -18"><span class='ocrx_word' id='word_1_186' title='bbox 2091 1193 2252 1246; x_wconf 85' lang='lat' dir='ltr'><strong>Exuit</strong></span> <span class='ocrx_word' id='word_1_187' title='bbox 2277 1197 2518 1262; x_wconf 88' lang='lat' dir='ltr'><strong>patrem,</strong></span> <span class='ocrx_word' id='word_1_188' title='bbox 2554 1192 2942 1264; x_wconf 88' lang='lat' dir='ltr'><strong>miserumque</strong></span> <span class='ocrx_word' id='word_1_189' title='bbox 2975 1193 3151 1248; x_wconf 88' lang='lat' dir='ltr'><strong>tristis</strong></span> 
     </span>
    </p>
   </div>
   <div class='ocr_carea' id='block_1_31' title="bbox 2092 1282 3176 1352">
    <p class='ocr_par' dir='ltr' id='par_1_31' title="bbox 2092 1282 3176 1352">
     <span class='ocr_line' id='line_1_31' title="bbox 2092 1282 3176 1352; baseline 0 -17"><span class='ocrx_word' id='word_1_190' title='bbox 2092 1282 2351 1335; x_wconf 75' lang='lat' dir='ltr'><strong>Fcederat</strong></span> <span class='ocrx_word' id='word_1_191' title='bbox 2382 1287 2570 1351; x_wconf 86' lang='lat' dir='ltr'><strong>gnatae</strong></span> <span class='ocrx_word' id='word_1_192' title='bbox 2588 1282 2858 1352; x_wconf 85' lang='lat' dir='ltr'><strong>jugulum</strong></span> <span class='ocrx_word' id='word_1_193' title='bbox 2891 1282 3176 1336; x_wconf 88' lang='lat' dir='ltr'><strong>sacerdos.</strong></span> 
     </span>
    </p>
   </div>
   <div class='ocr_carea' id='block_1_32' title="bbox 2091 1370 3241 1439">
    <p class='ocr_par' dir='ltr' id='par_1_32' title="bbox 2091 1370 3241 1439">
     <span class='ocr_line' id='line_1_32' title="bbox 2091 1370 3241 1439; baseline 0.002 -15"><span class='ocrx_word' id='word_1_194' title='bbox 2091 1374 2242 1424; x_wconf 76' lang='lat'><strong>308</strong></span> <span class='ocrx_word' id='word_1_195' title='bbox 2275 1370 2450 1423; x_wconf 88' lang='lat' dir='ltr'><strong>Flevit</strong></span> <span class='ocrx_word' id='word_1_196' title='bbox 2478 1371 2712 1424; x_wconf 87' lang='lat' dir='ltr'><strong>amissos</strong></span> <span class='ocrx_word' id='word_1_197' title='bbox 2745 1372 2966 1425; x_wconf 88' lang='lat' dir='ltr'><strong>Ithacus</strong></span> <span class='ocrx_word' id='word_1_198' title='bbox 3002 1371 3241 1439; x_wconf 89' lang='lat' dir='ltr'><strong>sodales,</strong></span> 
     </span>
    </p>
   </div>
   <div class='ocr_carea' id='block_1_33' title="bbox 2094 1458 3244 1532">
    <p class='ocr_par' dir='ltr' id='par_1_33' title="bbox 2094 1458 3244 1532">
     <span class='ocr_line' id='line_1_33' title="bbox 2094 1458 3244 1532; baseline 0.004 -21"><span class='ocrx_word' id='word_1_199' title='bbox 2094 1458 2246 1523; x_wconf 88' lang='lat' dir='ltr'><strong>Quos</strong></span> <span class='ocrx_word' id='word_1_200' title='bbox 2273 1458 2448 1526; x_wconf 89' lang='lat' dir='ltr'><strong>ferus,</strong></span> <span class='ocrx_word' id='word_1_201' title='bbox 2480 1464 2632 1513; x_wconf 89' lang='lat' dir='ltr'><strong>vasto</strong></span> <span class='ocrx_word' id='word_1_202' title='bbox 2663 1461 2942 1514; x_wconf 88' lang='lat' dir='ltr'><strong>recubans</strong></span> <span class='ocrx_word' id='word_1_203' title='bbox 2964 1460 3023 1514; x_wconf 93' lang='lat' dir='ltr'><strong>in</strong></span> <span class='ocrx_word' id='word_1_204' title='bbox 3057 1465 3244 1532; x_wconf 92' lang='lat' dir='ltr'><strong>antro,</strong></span> 
     </span>
    </p>
   </div>
   <div class='ocr_carea' id='block_1_34' title="bbox 1917 1548 3141 1620">
    <p class='ocr_par' dir='ltr' id='par_1_34' title="bbox 1917 1548 3141 1620">
     <span class='ocr_line' id='line_1_34' title="bbox 1917 1548 3141 1620; baseline 0.002 -17"><span class='ocrx_word' id='word_1_205' title='bbox 1917 1548 1981 1604; x_wconf 88' lang='grc'><strong>10</strong></span> <span class='ocrx_word' id='word_1_206' title='bbox 2092 1549 2278 1603; x_wconf 85' lang='lat' dir='ltr'><strong>Mersit</strong></span> <span class='ocrx_word' id='word_1_207' title='bbox 2306 1549 2546 1602; x_wconf 89' lang='lat' dir='ltr'><strong>immani</strong></span> <span class='ocrx_word' id='word_1_208' title='bbox 2580 1549 2962 1620; x_wconf 81' lang='lat' dir='ltr'><strong>Polyphemus</strong></span> <span class='ocrx_word' id='word_1_209' title='bbox 2994 1551 3141 1605; x_wconf 86' lang='lat' dir='ltr'><strong>alvo.</strong></span> 
     </span>
    </p>
   </div>
   <div class='ocr_carea' id='block_1_35' title="bbox 2093 1634 3155 1705">
    <p class='ocr_par' dir='ltr' id='par_1_35' title="bbox 2093 1634 3155 1705">
     <span class='ocr_line' id='line_1_35' title="bbox 2093 1634 3155 1705; baseline 0.002 -16"><span class='ocrx_word' id='word_1_210' title='bbox 2093 1634 2203 1690; x_wconf 90' lang='lat' dir='ltr'><strong>Sed</strong></span> <span class='ocrx_word' id='word_1_211' title='bbox 2234 1639 2449 1704; x_wconf 89' lang='lat' dir='ltr'><strong>tamen,</strong></span> <span class='ocrx_word' id='word_1_212' title='bbox 2484 1652 2630 1689; x_wconf 77' lang='lat' dir='ltr'><strong>caeco</strong></span> <span class='ocrx_word' id='word_1_213' title='bbox 2664 1636 3008 1690; x_wconf 85' lang='lat' dir='ltr'><strong>furibundus</strong></span> <span class='ocrx_word' id='word_1_214' title='bbox 3038 1653 3155 1705; x_wconf 90' lang='lat' dir='ltr'><strong>ore,</strong></span> 
     </span>
    </p>
   </div>
   <div class='ocr_carea' id='block_1_36' title="bbox 2095 1725 3233 1796">
    <p class='ocr_par' dir='ltr' id='par_1_36' title="bbox 2095 1725 3233 1796">
     <span class='ocr_line' id='line_1_36' title="bbox 2095 1725 3233 1796; baseline 0.001 -16"><span class='ocrx_word' id='word_1_215' title='bbox 2095 1725 2377 1780; x_wconf 88' lang='lat' dir='ltr'><strong>Gaudium</strong></span> <span class='ocrx_word' id='word_1_216' title='bbox 2410 1725 2623 1780; x_wconf 89' lang='lat' dir='ltr'><strong>moestis</strong></span> <span class='ocrx_word' id='word_1_217' title='bbox 2655 1725 2921 1796; x_wconf 87' lang='lat' dir='ltr'><strong>lacrymis</strong></span> <span class='ocrx_word' id='word_1_218' title='bbox 2948 1725 3233 1796; x_wconf 89' lang='lat' dir='ltr'><strong>rependit.</strong></span> 
     </span>
    </p>
   </div>
   <div class='ocr_carea' id='block_1_37' title="bbox 2091 1812 3150 1880">
    <p class='ocr_par' dir='ltr' id='par_1_37' title="bbox 2091 1812 3150 1880">
     <span class='ocr_line' id='line_1_37' title="bbox 2091 1812 3150 1880; baseline -0.001 -13"><span class='ocrx_word' id='word_1_219' title='bbox 2091 1813 2386 1867; x_wconf 79' lang='lat' dir='ltr'><strong>Herculem</strong></span> <span class='ocrx_word' id='word_1_220' title='bbox 2419 1812 2547 1866; x_wconf 90' lang='lat' dir='ltr'><strong>duri</strong></span> <span class='ocrx_word' id='word_1_221' title='bbox 2576 1812 2867 1867; x_wconf 88' lang='lat' dir='ltr'><strong>celebrant</strong></span> <span class='ocrx_word' id='word_1_222' title='bbox 2892 1813 3150 1880; x_wconf 88' lang='lat' dir='ltr'><strong>labores;</strong></span> 
     </span>
    </p>
   </div>
   <div class='ocr_carea' id='block_1_38' title="bbox 2090 1901 3110 1973">
    <p class='ocr_par' dir='ltr' id='par_1_38' title="bbox 2090 1901 3110 1973">
     <span class='ocr_line' id='line_1_38' title="bbox 2090 1901 3110 1973; baseline -0.002 -17"><span class='ocrx_word' id='word_1_223' title='bbox 2090 1902 2190 1957; x_wconf 91' lang='lat' dir='ltr'><strong>Ille</strong></span> <span class='ocrx_word' id='word_1_224' title='bbox 2221 1902 2532 1956; x_wconf 85' lang='lat' dir='ltr'><strong>Centauros</strong></span> <span class='ocrx_word' id='word_1_225' title='bbox 2564 1901 2790 1956; x_wconf 87' lang='lat' dir='ltr'><strong>domuit</strong></span> <span class='ocrx_word' id='word_1_226' title='bbox 2815 1902 3110 1973; x_wconf 89' lang='lat' dir='ltr'><strong>superbos,</strong></span> 
     </span>
    </p>
   </div>
   <div class='ocr_carea' id='block_1_39' title="bbox 1914 1104 1944 1155">
    <p class='ocr_par' dir='ltr' id='par_1_39' title="bbox 1914 1104 1944 1155">
     <span class='ocr_line' id='line_1_39' title="bbox 1914 1104 1944 1155; baseline 0 0"><span class='ocrx_word' id='word_1_227' title='bbox 1914 1104 1944 1155; x_wconf 83' lang='grc'><strong>5</strong></span> 
     </span>
    </p>
   </div>
   <div class='ocr_carea' id='block_1_40' title="bbox 1579 2000 2140 2056">
    <p class='ocr_par' dir='ltr' id='par_1_40' title="bbox 1579 2000 2140 2056">
     <span class='ocr_line' id='line_1_40' title="bbox 1579 2000 2140 2056; baseline 0.007 -4"><span class='ocrx_word' id='word_1_228' title='bbox 1579 2000 2140 2056; x_wconf 82' lang='lat' dir='ltr'><strong>INTERPRETATIO</strong></span> 
     </span>
    </p>
   </div>
   <div class='ocr_carea' id='block_1_41' title="bbox 189 2111 1155 2185">
    <p class='ocr_par' dir='ltr' id='par_1_41' title="bbox 189 2111 1155 2185">
     <span class='ocr_line' id='line_1_41' title="bbox 189 2111 1155 2185; baseline 0.021 -25"><span class='ocrx_word' id='word_1_229' title='bbox 189 2117 210 2185; x_wconf 50' lang='grc' dir='ltr'>ᾗ</span> <span class='ocrx_word' id='word_1_230' title='bbox 235 2111 421 2185; x_wconf 66' lang='lat' dir='ltr'><strong>Yirtus</strong></span> <span class='ocrx_word' id='word_1_231' title='bbox 446 2127 482 2164; x_wconf 89' lang='lat' dir='ltr'><strong>a</strong></span> <span class='ocrx_word' id='word_1_232' title='bbox 515 2113 725 2169; x_wconf 83' lang='lat' dir='ltr'><strong>viribus</strong></span> <span class='ocrx_word' id='word_1_233' title='bbox 755 2117 833 2170; x_wconf 83' lang='lat' dir='ltr'><strong>est</strong></span> <span class='ocrx_word' id='word_1_234' title='bbox 860 2115 1155 2185; x_wconf 61' lang='lat' dir='ltr'><strong>appellata.</strong></span> 
     </span>
    </p>
   </div>
   <div class='ocr_carea' id='block_1_42' title="bbox 187 2182 536 2249">
    <p class='ocr_par' dir='ltr' id='par_1_42' title="bbox 187 2182 536 2249">
     <span class='ocr_line' id='line_1_42' title="bbox 187 2182 536 2249; baseline 0.003 -13"><span class='ocrx_word' id='word_1_235' title='bbox 187 2182 208 2223; x_wconf 68' lang='grc' dir='ltr'>δ</span> <span class='ocrx_word' id='word_1_236' title='bbox 228 2184 536 2249; x_wconf 73' lang='lat' dir='ltr'><strong>Progressa.</strong></span> 
     </span>
    </p>
   </div>
   <div class='ocr_carea' id='block_1_43' title="bbox 191 2253 542 2308">
    <p class='ocr_par' dir='ltr' id='par_1_43' title="bbox 191 2253 542 2308">
     <span class='ocr_line' id='line_1_43' title="bbox 191 2253 542 2308; baseline 0.006 -2"><span class='ocrx_word' id='word_1_237' title='bbox 191 2261 208 2285; x_wconf 78' lang='lat'><strong>°</strong></span> <span class='ocrx_word' id='word_1_238' title='bbox 228 2253 542 2308; x_wconf 86' lang='lat' dir='ltr'><strong>Abundare.</strong></span> 
     </span>
    </p>
   </div>
   <div class='ocr_carea' id='block_1_44' title="bbox 189 2323 565 2379">
    <p class='ocr_par' dir='ltr' id='par_1_44' title="bbox 189 2323 565 2379">
     <span class='ocr_line' id='line_1_44' title="bbox 189 2323 565 2379; baseline 0.011 -4"><span class='ocrx_word' id='word_1_239' title='bbox 189 2326 209 2366; x_wconf 76' lang='grc' dir='ltr'><strong>εἰ</strong></span> <span class='ocrx_word' id='word_1_240' title='bbox 237 2323 565 2379; x_wconf 79' lang='lat' dir='ltr'><strong>Putrescere.</strong></span> 
     </span>
    </p>
   </div>
   <div class='ocr_carea' id='block_1_45' title="bbox 187 2395 604 2450">
    <p class='ocr_par' dir='ltr' id='par_1_45' title="bbox 187 2395 604 2450">
     <span class='ocr_line' id='line_1_45' title="bbox 187 2395 604 2450; baseline 0.002 -1"><span class='ocrx_word' id='word_1_241' title='bbox 187 2398 206 2424; x_wconf 76' lang='lat'><strong><em>°</em></strong></span> <span class='ocrx_word' id='word_1_242' title='bbox 239 2395 604 2450; x_wconf 81' lang='lat' dir='ltr'><strong>Committitis.</strong></span> 
     </span>
    </p>
   </div>
   <div class='ocr_carea' id='block_1_46' title="bbox 192 2462 1660 2540">
    <p class='ocr_par' dir='ltr' id='par_1_46' title="bbox 192 2462 1660 2540">
     <span class='ocr_line' id='line_1_46' title="bbox 192 2462 1660 2540; baseline 0.004 -20"><span class='ocrx_word' id='word_1_243' title='bbox 192 2462 217 2540; x_wconf 70' lang='lat'><strong><em>‘_</em></strong></span> <span class='ocrx_word' id='word_1_244' title='bbox 240 2467 682 2533; x_wconf 79' lang='lat' dir='ltr'><strong>Mediocritatem,</strong></span> <span class='ocrx_word' id='word_1_245' title='bbox 711 2467 770 2522; x_wconf 89' lang='lat' dir='ltr'><strong>in</strong></span> <span class='ocrx_word' id='word_1_246' title='bbox 799 2485 913 2540; x_wconf 87' lang='lat' dir='ltr'><strong>qua</strong></span> <span class='ocrx_word' id='word_1_247' title='bbox 944 2468 1133 2524; x_wconf 89' lang='lat' dir='ltr'><strong>virtus</strong></span> <span class='ocrx_word' id='word_1_248' title='bbox 1165 2474 1440 2532; x_wconf 86' lang='lat' dir='ltr'><strong>versatur,</strong></span> <span class='ocrx_word' id='word_1_249' title='bbox 1475 2475 1660 2526; x_wconf 84' lang='lat' dir='ltr'><strong>tenete.</strong></span> 
     </span>
    </p>
   </div>
   <div class='ocr_carea' id='block_1_47' title="bbox 188 2538 1806 2611">
    <p class='ocr_par' dir='ltr' id='par_1_47' title="bbox 188 2538 1806 2611">
     <span class='ocr_line' id='line_1_47' title="bbox 188 2538 1806 2611; baseline 0.005 -21"><span class='ocrx_word' id='word_1_250' title='bbox 188 2538 550 2605; x_wconf 73' lang='lat' dir='ltr'><strong>Agamemnon</strong></span> <span class='ocrx_word' id='word_1_251' title='bbox 576 2542 738 2594; x_wconf 83' lang='lat' dir='ltr'><strong>Atrei</strong></span> <span class='ocrx_word' id='word_1_252' title='bbox 772 2538 920 2609; x_wconf 86' lang='lat' dir='ltr'><strong>ﬁlius</strong></span> <span class='ocrx_word' id='word_1_253' title='bbox 950 2547 1247 2611; x_wconf 83' lang='lat' dir='ltr'><strong>postquam</strong></span> <span class='ocrx_word' id='word_1_254' title='bbox 1280 2544 1545 2598; x_wconf 85' lang='lat' dir='ltr'><strong>militavit</strong></span> <span class='ocrx_word' id='word_1_255' title='bbox 1575 2543 1633 2597; x_wconf 92' lang='lat' dir='ltr'><strong>in</strong></span> <span class='ocrx_word' id='word_1_256' title='bbox 1672 2543 1806 2598; x_wconf 91' lang='lat' dir='ltr'><strong>Tro-</strong></span> 
     </span>
    </p>
   </div>
   <div class='ocr_carea' id='block_1_48' title="bbox 1838 2114 3611 2184">
    <p class='ocr_par' dir='ltr' id='par_1_48' title="bbox 1838 2114 3611 2184">
     <span class='ocr_line' id='line_1_48' title="bbox 1838 2114 3611 2184; baseline 0.002 -15"><span class='ocrx_word' id='word_1_257' title='bbox 1838 2116 1879 2169; x_wconf 89' lang='lat' dir='ltr'><strong>B</strong></span> <span class='ocrx_word' id='word_1_258' title='bbox 1909 2115 2071 2184; x_wconf 78' lang='lat' dir='ltr'><strong>ianos</strong></span> <span class='ocrx_word' id='word_1_259' title='bbox 2092 2114 2268 2168; x_wconf 84' lang='lat' dir='ltr'><strong>decem</strong></span> <span class='ocrx_word' id='word_1_260' title='bbox 2301 2117 2481 2178; x_wconf 87' lang='lat' dir='ltr'><strong>annis,</strong></span> <span class='ocrx_word' id='word_1_261' title='bbox 2513 2119 2732 2169; x_wconf 86' lang='lat' dir='ltr'><strong>vastata</strong></span> <span class='ocrx_word' id='word_1_262' title='bbox 2761 2115 2926 2182; x_wconf 75' lang='lat' dir='ltr'><strong>Troia</strong></span> <span class='ocrx_word' id='word_1_263' title='bbox 2951 2115 3252 2170; x_wconf 87' lang='lat' dir='ltr'><strong>ulciscendo</strong></span> <span class='ocrx_word' id='word_1_264' title='bbox 3275 2117 3456 2184; x_wconf 84' lang='lat' dir='ltr'><strong>piavit</strong></span> <span class='ocrx_word' id='word_1_265' title='bbox 3477 2132 3611 2172; x_wconf 76' lang='lat' dir='ltr'><strong>umo-</strong></span> 
     </span>
    </p>
   </div>
   <div class='ocr_carea' id='block_1_49' title="bbox 1916 2186 3611 2254">
    <p class='ocr_par' dir='ltr' id='par_1_49' title="bbox 1916 2186 3611 2254">
     <span class='ocr_line' id='line_1_49' title="bbox 1916 2186 3611 2254; baseline 0.001 -14"><span class='ocrx_word' id='word_1_266' title='bbox 1916 2202 2028 2240; x_wconf 89' lang='lat' dir='ltr'><strong>rem</strong></span> <span class='ocrx_word' id='word_1_267' title='bbox 2063 2186 2151 2238; x_wconf 90' lang='lat' dir='ltr'><strong>sui</strong></span> <span class='ocrx_word' id='word_1_268' title='bbox 2193 2187 2392 2252; x_wconf 82' lang='lat' dir='ltr'><strong>fratris</strong></span> <span class='ocrx_word' id='word_1_269' title='bbox 2435 2186 2672 2239; x_wconf 85' lang='lat' dir='ltr'><strong>Menelai</strong></span> <span class='ocrx_word' id='word_1_270' title='bbox 2720 2191 2938 2254; x_wconf 86' lang='lat' dir='ltr'><strong>raptam</strong></span> <span class='ocrx_word' id='word_1_271' title='bbox 2979 2203 3008 2240; x_wconf 92' lang='lat' dir='ltr'><strong>a</strong></span> <span class='ocrx_word' id='word_1_272' title='bbox 3055 2186 3287 2252; x_wconf 88' lang='lat' dir='ltr'><strong>Paride;</strong></span> <span class='ocrx_word' id='word_1_273' title='bbox 3340 2187 3434 2241; x_wconf 92' lang='lat' dir='ltr'><strong>sed</strong></span> <span class='ocrx_word' id='word_1_274' title='bbox 3479 2195 3611 2242; x_wconf 88' lang='lat' dir='ltr'><strong>ante</strong></span> 
     </span>
    </p>
   </div>
   <div class='ocr_carea' id='block_1_50' title="bbox 1916 2257 3613 2326">
    <p class='ocr_par' dir='ltr' id='par_1_50' title="bbox 1916 2257 3613 2326">
     <span class='ocr_line' id='line_1_50' title="bbox 1916 2257 3613 2326; baseline 0.001 -15"><span class='ocrx_word' id='word_1_275' title='bbox 1916 2257 2059 2311; x_wconf 84' lang='lat' dir='ltr'><strong>idem</strong></span> <span class='ocrx_word' id='word_1_276' title='bbox 2088 2259 2483 2326; x_wconf 81' lang='lat' dir='ltr'><strong>Agamemnon</strong></span> <span class='ocrx_word' id='word_1_277' title='bbox 2511 2259 2688 2310; x_wconf 82' lang='lat' dir='ltr'><strong>volens</strong></span> <span class='ocrx_word' id='word_1_278' title='bbox 2715 2257 2846 2310; x_wconf 86' lang='lat' dir='ltr'><strong>dare</strong></span> <span class='ocrx_word' id='word_1_279' title='bbox 2885 2258 3003 2310; x_wconf 87' lang='lat' dir='ltr'><strong>vela</strong></span> <span class='ocrx_word' id='word_1_280' title='bbox 3050 2258 3278 2312; x_wconf 86' lang='lat' dir='ltr'><strong>navibus</strong></span> <span class='ocrx_word' id='word_1_281' title='bbox 3303 2259 3501 2313; x_wconf 67' lang='lat' dir='ltr'><strong>Graecis</strong></span> <span class='ocrx_word' id='word_1_282' title='bbox 3527 2275 3613 2312; x_wconf 90' lang='lat' dir='ltr'><strong>re-</strong></span> 
     </span>
    </p>
   </div>
   <div class='ocr_carea' id='block_1_51' title="bbox 1919 2327 3612 2398">
    <p class='ocr_par' dir='ltr' id='par_1_51' title="bbox 1919 2327 3612 2398">
     <span class='ocr_line' id='line_1_51' title="bbox 1919 2327 3612 2398; baseline 0.002 -17"><span class='ocrx_word' id='word_1_283' title='bbox 1919 2329 2234 2396; x_wconf 84' lang='lat' dir='ltr'><strong>dimensque</strong></span> <span class='ocrx_word' id='word_1_284' title='bbox 2250 2332 2430 2381; x_wconf 84' lang='lat' dir='ltr'><strong>ventos</strong></span> <span class='ocrx_word' id='word_1_285' title='bbox 2455 2327 2575 2398; x_wconf 90' lang='lat' dir='ltr'><strong>(qui</strong></span> <span class='ocrx_word' id='word_1_286' title='bbox 2608 2328 2715 2398; x_wconf 91' lang='lat' dir='ltr'><strong>ipsi</strong></span> <span class='ocrx_word' id='word_1_287' title='bbox 2743 2329 3101 2397; x_wconf 89' lang='lat' dir='ltr'><strong>negabantur</strong></span> <span class='ocrx_word' id='word_1_288' title='bbox 3119 2333 3355 2398; x_wconf 87' lang='lat' dir='ltr'><strong>propter</strong></span> <span class='ocrx_word' id='word_1_289' title='bbox 3384 2345 3612 2384; x_wconf 91' lang='lat' dir='ltr'><strong>cervum</strong></span> 
     </span>
    </p>
   </div>
   <div class='ocr_carea' id='block_1_52' title="bbox 1917 2399 3612 2470">
    <p class='ocr_par' dir='ltr' id='par_1_52' title="bbox 1917 2399 3612 2470">
     <span class='ocr_line' id='line_1_52' title="bbox 1917 2399 3612 2470; baseline 0.001 -17"><span class='ocrx_word' id='word_1_290' title='bbox 1917 2400 2110 2453; x_wconf 61' lang='lat' dir='ltr'><strong>Dianas</strong></span> <span class='ocrx_word' id='word_1_291' title='bbox 2143 2400 2212 2452; x_wconf 87' lang='lat' dir='ltr'><strong>ab</strong></span> <span class='ocrx_word' id='word_1_292' title='bbox 2240 2400 2363 2469; x_wconf 93' lang='lat' dir='ltr'><strong>ipso</strong></span> <span class='ocrx_word' id='word_1_293' title='bbox 2395 2401 2659 2462; x_wconf 89' lang='lat' dir='ltr'><strong>occisum)</strong></span> <span class='ocrx_word' id='word_1_294' title='bbox 2693 2403 2954 2466; x_wconf 83' lang='lat' dir='ltr'><strong>sanguine</strong></span> <span class='ocrx_word' id='word_1_295' title='bbox 2991 2399 3190 2466; x_wconf 81' lang='lat' dir='ltr'><strong>eﬁ‘uso,</strong></span> <span class='ocrx_word' id='word_1_296' title='bbox 3221 2400 3612 2470; x_wconf 83' lang='lat' dir='ltr'><strong>deposuilpie-</strong></span> 
     </span>
    </p>
   </div>
   <div class='ocr_carea' id='block_1_53' title="bbox 1918 2471 3612 2540">
    <p class='ocr_par' dir='ltr' id='par_1_53' title="bbox 1918 2471 3612 2540">
     <span class='ocr_line' id='line_1_53' title="bbox 1918 2471 3612 2540; baseline 0.001 -16"><span class='ocrx_word' id='word_1_297' title='bbox 1918 2475 2082 2524; x_wconf 87' lang='lat' dir='ltr'><strong>tatem</strong></span> <span class='ocrx_word' id='word_1_298' title='bbox 2105 2475 2413 2538; x_wconf 85' lang='lat' dir='ltr'><strong>paternam,</strong></span> <span class='ocrx_word' id='word_1_299' title='bbox 2467 2475 2517 2525; x_wconf 88' lang='lat' dir='ltr'><strong>et</strong></span> <span class='ocrx_word' id='word_1_300' title='bbox 2545 2475 2661 2538; x_wconf 84' lang='lat' dir='ltr'><strong>ipse</strong></span> <span class='ocrx_word' id='word_1_301' title='bbox 2688 2471 2985 2525; x_wconf 88' lang='lat' dir='ltr'><strong>sacerdotis</strong></span> <span class='ocrx_word' id='word_1_302' title='bbox 3029 2474 3207 2540; x_wconf 82' lang='lat' dir='ltr'><strong>ofﬁcio</strong></span> <span class='ocrx_word' id='word_1_303' title='bbox 3235 2473 3476 2538; x_wconf 83' lang='lat' dir='ltr'><strong>functus,</strong></span> <span class='ocrx_word' id='word_1_304' title='bbox 3516 2473 3612 2539; x_wconf 84' lang='lat' dir='ltr'><strong>ju-</strong></span> 
     </span>
    </p>
   </div>
   <div class='ocr_carea' id='block_1_54' title="bbox 1916 2541 3609 2613">
    <p class='ocr_par' dir='ltr' id='par_1_54' title="bbox 1916 2541 3609 2613">
     <span class='ocr_line' id='line_1_54' title="bbox 1916 2541 3609 2613; baseline 0 -17"><span class='ocrx_word' id='word_1_305' title='bbox 1916 2543 2128 2610; x_wconf 83' lang='lat' dir='ltr'><strong>gulavil</strong></span> <span class='ocrx_word' id='word_1_306' title='bbox 2175 2547 2390 2596; x_wconf 69' lang='lat' dir='ltr'><strong>moestus</strong></span> <span class='ocrx_word' id='word_1_307' title='bbox 2467 2541 2826 2613; x_wconf 87' lang='lat' dir='ltr'><strong>Iphigeniam</strong></span> <span class='ocrx_word' id='word_1_308' title='bbox 2885 2557 3048 2596; x_wconf 90' lang='lat' dir='ltr'><strong>suam</strong></span> <span class='ocrx_word' id='word_1_309' title='bbox 3104 2545 3361 2597; x_wconf 81' lang='lat' dir='ltr'><strong>miseram</strong></span> <span class='ocrx_word' id='word_1_310' title='bbox 3417 2543 3609 2612; x_wconf 82' lang='lat' dir='ltr'><strong>ﬁliam.</strong></span> 
     </span>
    </p>
   </div>
   <div class='ocr_carea' id='block_1_55' title="bbox 1751 2669 1973 2726">
    <p class='ocr_par' dir='ltr' id='par_1_55' title="bbox 1751 2669 1973 2726">
     <span class='ocr_line' id='line_1_55' title="bbox 1751 2669 1973 2726; baseline -0.009 -2"><span class='ocrx_word' id='word_1_311' title='bbox 1751 2669 1973 2726; x_wconf 63' lang='lat' dir='ltr'><strong>NOTAE.</strong></span> 
     </span>
    </p>
   </div>
   <div class='ocr_carea' id='block_1_56' title="bbox 165 2758 1800 2838">
    <p class='ocr_par' dir='ltr' id='par_1_56' title="bbox 165 2758 1800 2838">
     <span class='ocr_line' id='line_1_56' title="bbox 165 2758 1800 2838; baseline 0.006 -26"><span class='ocrx_word' id='word_1_312' title='bbox 165 2758 200 2838; x_wconf 40' lang='lat' dir='ltr'><strong>h&#39;</strong></span> <span class='ocrx_word' id='word_1_313' title='bbox 230 2759 284 2838; x_wconf 65' lang='lat' dir='ltr'><strong>In</strong></span> <span class='ocrx_word' id='word_1_314' title='bbox 307 2764 487 2838; x_wconf 80' lang='lat' dir='ltr'><strong>vestra</strong></span> <span class='ocrx_word' id='word_1_315' title='bbox 535 2764 698 2838; x_wconf 81' lang='lat' dir='ltr'><strong>situm</strong></span> <span class='ocrx_word' id='word_1_316' title='bbox 728 2778 913 2831; x_wconf 86' lang='lat' dir='ltr'><strong>manu,</strong></span> <span class='ocrx_word' id='word_1_317' title='bbox 952 2762 1087 2836; x_wconf 90' lang='lat' dir='ltr'><strong>etc.]</strong></span> <span class='ocrx_word' id='word_1_318' title='bbox 1122 2765 1190 2838; x_wconf 83' lang='lat' dir='ltr'><strong>II.</strong></span> <span class='ocrx_word' id='word_1_319' title='bbox 1215 2765 1585 2838; x_wconf 85' lang='lat' dir='ltr'><strong>Philosophia</strong></span> <span class='ocrx_word' id='word_1_320' title='bbox 1611 2771 1800 2821; x_wconf 84' lang='lat' dir='ltr'><strong>osten-</strong></span> 
     </span>
    </p>
   </div>
   <div class='ocr_carea' id='block_1_57' title="bbox 134 2828 1802 2907">
    <p class='ocr_par' dir='ltr' id='par_1_57' title="bbox 134 2828 1802 2907">
     <span class='ocr_line' id='line_1_57' title="bbox 134 2828 1802 2907; baseline 0.007 -26"><span class='ocrx_word' id='word_1_321' title='bbox 134 2828 215 2907; x_wconf 80' lang='lat' dir='ltr'><strong>dit,</strong></span> <span class='ocrx_word' id='word_1_322' title='bbox 235 2830 522 2907; x_wconf 87' lang='lat' dir='ltr'><strong>fortunam</strong></span> <span class='ocrx_word' id='word_1_323' title='bbox 574 2834 793 2907; x_wconf 83' lang='lat' dir='ltr'><strong>nullam</strong></span> <span class='ocrx_word' id='word_1_324' title='bbox 848 2828 967 2888; x_wconf 82' lang='lat' dir='ltr'><strong>esse</strong></span> <span class='ocrx_word' id='word_1_325' title='bbox 1028 2828 1240 2890; x_wconf 74' lang='lat' dir='ltr'><strong>malam</strong></span> <span class='ocrx_word' id='word_1_326' title='bbox 1291 2836 1399 2890; x_wconf 90' lang='lat' dir='ltr'><strong>nisi</strong></span> <span class='ocrx_word' id='word_1_327' title='bbox 1440 2828 1802 2892; x_wconf 76' lang='lat' dir='ltr'><strong>abutentium</strong></span> 
     </span>
    </p>
   </div>
   <div class='ocr_carea' id='block_1_58' title="bbox 135 2904 1806 2974">
    <p class='ocr_par' dir='ltr' id='par_1_58' title="bbox 135 2904 1806 2974">
     <span class='ocr_line' id='line_1_58' title="bbox 135 2904 1806 2974; baseline 0.008 -25"><span class='ocrx_word' id='word_1_328' title='bbox 135 2904 242 2952; x_wconf 83' lang='lat' dir='ltr'><strong>vitio</strong></span> <span class='ocrx_word' id='word_1_329' title='bbox 268 2917 283 2974; x_wconf 61' lang='grc' dir='ltr'>ξ</span> <span class='ocrx_word' id='word_1_330' title='bbox 312 2904 443 2971; x_wconf 89' lang='lat' dir='ltr'><strong>quia</strong></span> <span class='ocrx_word' id='word_1_331' title='bbox 485 2920 621 2974; x_wconf 67' lang='lat' dir='ltr'><strong>quin</strong></span> <span class='ocrx_word' id='word_1_332' title='bbox 657 2905 822 2971; x_wconf 87' lang='lat' dir='ltr'><strong>bona,</strong></span> <span class='ocrx_word' id='word_1_333' title='bbox 875 2911 1008 2960; x_wconf 89' lang='lat' dir='ltr'><strong>sunt</strong></span> <span class='ocrx_word' id='word_1_334' title='bbox 1041 2911 1197 2960; x_wconf 85' lang='lat' dir='ltr'><strong>extra</strong></span> <span class='ocrx_word' id='word_1_335' title='bbox 1248 2907 1498 2961; x_wconf 90' lang='lat' dir='ltr'><strong>hominis</strong></span> <span class='ocrx_word' id='word_1_336' title='bbox 1547 2911 1806 2963; x_wconf 82' lang='lat' dir='ltr'><strong>volunta-</strong></span> 
     </span>
    </p>
   </div>
   <div class='ocr_carea' id='block_1_59' title="bbox 134 2972 1806 3048">
    <p class='ocr_par' dir='ltr' id='par_1_59' title="bbox 134 2972 1806 3048">
     <span class='ocr_line' id='line_1_59' title="bbox 134 2972 1806 3048; baseline 0.006 -24"><span class='ocrx_word' id='word_1_337' title='bbox 134 2974 243 3048; x_wconf 78' lang='lat' dir='ltr'><strong>tem,</strong></span> <span class='ocrx_word' id='word_1_338' title='bbox 274 2972 529 3048; x_wconf 69' lang='lat' dir='ltr'><strong>haecprd</strong></span> <span class='ocrx_word' id='word_1_339' title='bbox 576 2976 747 3041; x_wconf 92' lang='lat' dir='ltr'><strong>bona,</strong></span> <span class='ocrx_word' id='word_1_340' title='bbox 782 2981 882 3030; x_wconf 91' lang='lat' dir='ltr'><strong>aut</strong></span> <span class='ocrx_word' id='word_1_341' title='bbox 923 2979 1073 3031; x_wconf 90' lang='lat' dir='ltr'><strong>mala</strong></span> <span class='ocrx_word' id='word_1_342' title='bbox 1122 2979 1380 3048; x_wconf 84' lang='lat' dir='ltr'><strong>ejusdem</strong></span> <span class='ocrx_word' id='word_1_343' title='bbox 1413 2980 1665 3034; x_wconf 90' lang='lat' dir='ltr'><strong>hominis</strong></span> <span class='ocrx_word' id='word_1_344' title='bbox 1705 2998 1806 3034; x_wconf 89' lang='lat' dir='ltr'><strong>vo-</strong></span> 
     </span>
    </p>
   </div>
   <div class='ocr_carea' id='block_1_60' title="bbox 136 3042 1804 3122">
    <p class='ocr_par' dir='ltr' id='par_1_60' title="bbox 136 3042 1804 3122">
     <span class='ocr_line' id='line_1_60' title="bbox 136 3042 1804 3122; baseline 0.008 -29"><span class='ocrx_word' id='word_1_345' title='bbox 136 3042 344 3122; x_wconf 69' lang='lat' dir='ltr'><strong>luntate,</strong></span> <span class='ocrx_word' id='word_1_346' title='bbox 391 3042 810 3122; x_wconf 30' lang='lat' dir='ltr'><strong>bonaucenseri</strong></span> <span class='ocrx_word' id='word_1_347' title='bbox 864 3054 1104 3118; x_wconf 89' lang='lat' dir='ltr'><strong>possunt</strong></span> <span class='ocrx_word' id='word_1_348' title='bbox 1149 3042 1247 3102; x_wconf 74' lang='lat' dir='ltr'><strong>aut</strong></span> <span class='ocrx_word' id='word_1_349' title='bbox 1301 3052 1468 3104; x_wconf 84' lang='lat' dir='ltr'><strong>mala.</strong></span> <span class='ocrx_word' id='word_1_350' title='bbox 1532 3053 1804 3106; x_wconf 85' lang='lat' dir='ltr'><strong>Voluntas</strong></span> 
     </span>
    </p>
   </div>
   <div class='ocr_carea' id='block_1_61' title="bbox 138 3117 1801 3192">
    <p class='ocr_par' dir='ltr' id='par_1_61' title="bbox 138 3117 1801 3192">
     <span class='ocr_line' id='line_1_61' title="bbox 138 3117 1801 3192; baseline 0.007 -26"><span class='ocrx_word' id='word_1_351' title='bbox 138 3117 388 3192; x_wconf 85' lang='lat' dir='ltr'><strong>quippein</strong></span> <span class='ocrx_word' id='word_1_352' title='bbox 417 3119 686 3192; x_wconf 85' lang='lat' dir='ltr'><strong>moribus</strong></span> <span class='ocrx_word' id='word_1_353' title='bbox 711 3117 1000 3192; x_wconf 70' lang='lat' dir='ltr'><strong>praecipue</strong></span> <span class='ocrx_word' id='word_1_354' title='bbox 1023 3125 1330 3190; x_wconf 86' lang='lat' dir='ltr'><strong>spectatur.</strong></span> <span class='ocrx_word' id='word_1_355' title='bbox 1355 3122 1801 3192; x_wconf 82' lang='lat' dir='ltr'><strong>Atquifortuna,</strong></span> 
     </span>
    </p>
   </div>
   <div class='ocr_carea' id='block_1_62' title="bbox 136 3189 1805 3262">
    <p class='ocr_par' dir='ltr' id='par_1_62' title="bbox 136 3189 1805 3262">
     <span class='ocr_line' id='line_1_62' title="bbox 136 3189 1805 3262; baseline 0.007 -26"><span class='ocrx_word' id='word_1_356' title='bbox 136 3189 231 3262; x_wconf 74' lang='lat' dir='ltr'><strong>sive</strong></span> <span class='ocrx_word' id='word_1_357' title='bbox 257 3203 549 3262; x_wconf 85' lang='lat' dir='ltr'><strong>prospera,</strong></span> <span class='ocrx_word' id='word_1_358' title='bbox 579 3189 700 3262; x_wconf 10' lang='lat' dir='ltr'><strong>isive</strong></span> <span class='ocrx_word' id='word_1_359' title='bbox 734 3189 1068 3255; x_wconf 84' lang='lat' dir='ltr'><strong>adversa,ut</strong></span> <span class='ocrx_word' id='word_1_360' title='bbox 1090 3196 1243 3262; x_wconf 87' lang='lat' dir='ltr'><strong>patet</strong></span> <span class='ocrx_word' id='word_1_361' title='bbox 1277 3208 1344 3246; x_wconf 86' lang='lat' dir='ltr'><strong>ex</strong></span> <span class='ocrx_word' id='word_1_362' title='bbox 1376 3189 1559 3259; x_wconf 80' lang='lat' dir='ltr'><strong>dictis,</strong></span> <span class='ocrx_word' id='word_1_363' title='bbox 1585 3195 1805 3247; x_wconf 88' lang='lat' dir='ltr'><strong>bonum</strong></span> 
     </span>
    </p>
   </div>
   <div class='ocr_carea' id='block_1_63' title="bbox 137 3260 1807 3334">
    <p class='ocr_par' dir='ltr' id='par_1_63' title="bbox 137 3260 1807 3334">
     <span class='ocr_line' id='line_1_63' title="bbox 137 3260 1807 3334; baseline 0.006 -26"><span class='ocrx_word' id='word_1_364' title='bbox 137 3260 378 3334; x_wconf 16' lang='lat' dir='ltr'><strong>est-extra,</strong></span> <span class='ocrx_word' id='word_1_365' title='bbox 421 3261 683 3334; x_wconf 85' lang='lat' dir='ltr'><strong>hominis</strong></span> <span class='ocrx_word' id='word_1_366' title='bbox 734 3260 1106 3334; x_wconf 57' lang='lat' dir='ltr'><strong>voluntatenf</strong></span> <span class='ocrx_word' id='word_1_367' title='bbox 1137 3263 1403 3318; x_wconf 88' lang='lat' dir='ltr'><strong>existens.</strong></span> <span class='ocrx_word' id='word_1_368' title='bbox 1458 3266 1584 3318; x_wconf 64' lang='lat' dir='ltr'><strong>Haec</strong></span> <span class='ocrx_word' id='word_1_369' title='bbox 1630 3265 1807 3334; x_wconf 86' lang='lat' dir='ltr'><strong>igitur</strong></span> 
     </span>
    </p>
   </div>
   <div class='ocr_carea' id='block_1_64' title="bbox 137 3325 1802 3404">
    <p class='ocr_par' dir='ltr' id='par_1_64' title="bbox 137 3325 1802 3404">
     <span class='ocr_line' id='line_1_64' title="bbox 137 3325 1802 3404; baseline 0.006 -26"><span class='ocrx_word' id='word_1_370' title='bbox 137 3325 330 3404; x_wconf 75' lang='lat' dir='ltr'><strong>fortuna</strong></span> <span class='ocrx_word' id='word_1_371' title='bbox 365 3332 440 3384; x_wconf 86' lang='lat' dir='ltr'><strong>ita</strong></span> <span class='ocrx_word' id='word_1_372' title='bbox 471 3333 650 3400; x_wconf 89' lang='lat' dir='ltr'><strong>bona,</strong></span> <span class='ocrx_word' id='word_1_373' title='bbox 686 3337 748 3387; x_wconf 87' lang='lat' dir='ltr'><strong>ut</strong></span> <span class='ocrx_word' id='word_1_374' title='bbox 778 3333 887 3386; x_wconf 90' lang='lat' dir='ltr'><strong>nisi</strong></span> <span class='ocrx_word' id='word_1_375' title='bbox 913 3334 1271 3388; x_wconf 86' lang='lat' dir='ltr'><strong>abutentium</strong></span> <span class='ocrx_word' id='word_1_376' title='bbox 1311 3335 1460 3388; x_wconf 91' lang='lat' dir='ltr'><strong>mala</strong></span> <span class='ocrx_word' id='word_1_377' title='bbox 1491 3325 1802 3404; x_wconf 70' lang='lat' dir='ltr'><strong>voluntate,</strong></span> 
     </span>
    </p>
   </div>
   <div class='ocr_carea' id='block_1_65' title="bbox 138 3401 1884 3476">
    <p class='ocr_par' dir='ltr' id='par_1_65' title="bbox 138 3401 1884 3476">
     <span class='ocr_line' id='line_1_65' title="bbox 138 3401 1884 3476; baseline 0.006 -27"><span class='ocrx_word' id='word_1_378' title='bbox 138 3401 363 3454; x_wconf 88' lang='lat' dir='ltr'><strong>autvitio</strong></span> <span class='ocrx_word' id='word_1_379' title='bbox 419 3419 729 3474; x_wconf 85' lang='lat' dir='ltr'><strong>nunquam</strong></span> <span class='ocrx_word' id='word_1_380' title='bbox 775 3405 844 3456; x_wconf 91' lang='lat' dir='ltr'><strong>sit</strong></span> <span class='ocrx_word' id='word_1_381' title='bbox 890 3407 1040 3459; x_wconf 88' lang='lat' dir='ltr'><strong>mala</strong></span> <span class='ocrx_word' id='word_1_382' title='bbox 1087 3422 1311 3472; x_wconf 85' lang='lat' dir='ltr'><strong>:quare</strong></span> <span class='ocrx_word' id='word_1_383' title='bbox 1349 3423 1478 3459; x_wconf 91' lang='lat' dir='ltr'><strong>cum</strong></span> <span class='ocrx_word' id='word_1_384' title='bbox 1526 3401 1801 3476; x_wconf 81' lang='lat' dir='ltr'><strong>improbi,</strong></span> <span class='ocrx_word' id='word_1_385' title='bbox 1843 3411 1884 3466; x_wconf 88' lang='lat' dir='ltr'><strong>C</strong></span> 
     </span>
    </p>
   </div>
   <div class='ocr_carea' id='block_1_66' title="bbox 142 3475 1807 3548">
    <p class='ocr_par' dir='ltr' id='par_1_66' title="bbox 142 3475 1807 3548">
     <span class='ocr_line' id='line_1_66' title="bbox 142 3475 1807 3548; baseline 0.006 -28"><span class='ocrx_word' id='word_1_386' title='bbox 142 3475 387 3548; x_wconf 78' lang='lat' dir='ltr'><strong>quatenus</strong></span> <span class='ocrx_word' id='word_1_387' title='bbox 414 3477 474 3528; x_wconf 88' lang='lat' dir='ltr'><strong>in</strong></span> <span class='ocrx_word' id='word_1_388' title='bbox 519 3490 621 3528; x_wconf 88' lang='lat' dir='ltr'><strong>sua</strong></span> <span class='ocrx_word' id='word_1_389' title='bbox 672 3476 1021 3548; x_wconf 77' lang='lat' dir='ltr'><strong>improbitate</strong></span> <span class='ocrx_word' id='word_1_390' title='bbox 1041 3482 1410 3545; x_wconf 79' lang='lat' dir='ltr'><strong>perseverant,</strong></span> <span class='ocrx_word' id='word_1_391' title='bbox 1440 3494 1542 3530; x_wconf 90' lang='lat' dir='ltr'><strong>sua</strong></span> <span class='ocrx_word' id='word_1_392' title='bbox 1581 3475 1807 3548; x_wconf 79' lang='lat' dir='ltr'><strong>semper</strong></span> 
     </span>
    </p>
   </div>
   <div class='ocr_carea' id='block_1_67' title="bbox 142 3540 1806 3620">
    <p class='ocr_par' dir='ltr' id='par_1_67' title="bbox 142 3540 1806 3620">
     <span class='ocr_line' id='line_1_67' title="bbox 142 3540 1806 3620; baseline 0.007 -29"><span class='ocrx_word' id='word_1_393' title='bbox 142 3540 414 3620; x_wconf 70' lang='lat' dir='ltr'><strong>abutantur</strong></span> <span class='ocrx_word' id='word_1_394' title='bbox 433 3562 718 3616; x_wconf 87' lang='lat' dir='ltr'><strong>prospera</strong></span> <span class='ocrx_word' id='word_1_395' title='bbox 747 3540 1000 3620; x_wconf 53' lang='lat' dir='ltr'><strong>fortuna,</strong></span> <span class='ocrx_word' id='word_1_396' title='bbox 1035 3540 1247 3602; x_wconf 76' lang='lat' dir='ltr'><strong>idcirco</strong></span> <span class='ocrx_word' id='word_1_397' title='bbox 1279 3540 1650 3618; x_wconf 84' lang='lat' dir='ltr'><strong>Philosophia</strong></span> <span class='ocrx_word' id='word_1_398' title='bbox 1681 3540 1806 3603; x_wconf 76' lang='lat' dir='ltr'><strong>cbn-</strong></span> 
     </span>
    </p>
   </div>
   <div class='ocr_carea' id='block_1_68' title="bbox 140 3611 1801 3688">
    <p class='ocr_par' dir='ltr' id='par_1_68' title="bbox 140 3611 1801 3688">
     <span class='ocr_line' id='line_1_68' title="bbox 140 3611 1801 3688; baseline 0.007 -26"><span class='ocrx_word' id='word_1_399' title='bbox 140 3611 285 3688; x_wconf 83' lang='lat' dir='ltr'><strong>cludit</strong></span> <span class='ocrx_word' id='word_1_400' title='bbox 325 3611 533 3671; x_wconf 73' lang='lat' dir='ltr'><strong>omnem</strong></span> <span class='ocrx_word' id='word_1_401' title='bbox 577 3611 945 3686; x_wconf 82' lang='lat' dir='ltr'><strong>improborum</strong></span> <span class='ocrx_word' id='word_1_402' title='bbox 981 3611 1266 3673; x_wconf 82' lang='lat' dir='ltr'><strong>fortunam</strong></span> <span class='ocrx_word' id='word_1_403' title='bbox 1312 3635 1423 3674; x_wconf 88' lang='lat' dir='ltr'><strong>esse</strong></span> <span class='ocrx_word' id='word_1_404' title='bbox 1467 3611 1801 3688; x_wconf 75' lang='lat' dir='ltr'><strong>pessimam:</strong></span> 
     </span>
    </p>
   </div>
   <div class='ocr_carea' id='block_1_69' title="bbox 141 3684 1806 3761">
    <p class='ocr_par' dir='ltr' id='par_1_69' title="bbox 141 3684 1806 3761">
     <span class='ocr_line' id='line_1_69' title="bbox 141 3684 1806 3761; baseline 0.008 -28"><span class='ocrx_word' id='word_1_405' title='bbox 141 3684 410 3761; x_wconf 80' lang='lat' dir='ltr'><strong>proborum</strong></span> <span class='ocrx_word' id='word_1_406' title='bbox 447 3704 588 3761; x_wconf 78' lang='lat' dir='ltr'><strong>vero</strong></span> <span class='ocrx_word' id='word_1_407' title='bbox 635 3684 861 3758; x_wconf 81' lang='lat' dir='ltr'><strong>semper</strong></span> <span class='ocrx_word' id='word_1_408' title='bbox 892 3690 1101 3743; x_wconf 89' lang='lat' dir='ltr'><strong>bonam</strong></span> <span class='ocrx_word' id='word_1_409' title='bbox 1137 3707 1148 3744; x_wconf 92' lang='lat'>:</span> <span class='ocrx_word' id='word_1_410' title='bbox 1185 3691 1316 3761; x_wconf 87' lang='lat' dir='ltr'><strong>quia</strong></span> <span class='ocrx_word' id='word_1_411' title='bbox 1348 3684 1519 3744; x_wconf 71' lang='lat' dir='ltr'><strong>omnis</strong></span> <span class='ocrx_word' id='word_1_412' title='bbox 1556 3693 1806 3760; x_wconf 83' lang='lat' dir='ltr'><strong>fortuna,</strong></span> 
     </span>
    </p>
   </div>
   <div class='ocr_carea' id='block_1_70' title="bbox 144 3758 1806 3834">
    <p class='ocr_par' dir='ltr' id='par_1_70' title="bbox 144 3758 1806 3834">
     <span class='ocr_line' id='line_1_70' title="bbox 144 3758 1806 3834; baseline 0.005 -26"><span class='ocrx_word' id='word_1_413' title='bbox 144 3769 238 3834; x_wconf 61' lang='lat' dir='ltr'><strong>qua</strong></span> <span class='ocrx_word' id='word_1_414' title='bbox 256 3758 427 3834; x_wconf 83' lang='lat' dir='ltr'><strong>probis</strong></span> <span class='ocrx_word' id='word_1_415' title='bbox 459 3759 704 3834; x_wconf 85' lang='lat' dir='ltr'><strong>videtur_</strong></span> <span class='ocrx_word' id='word_1_416' title='bbox 731 3776 944 3834; x_wconf 84' lang='lat' dir='ltr'><strong>aspera,</strong></span> <span class='ocrx_word' id='word_1_417' title='bbox 989 3758 1243 3834; x_wconf 17' lang='lat' dir='ltr'><strong>hos,inisi</strong></span> <span class='ocrx_word' id='word_1_418' title='bbox 1270 3768 1477 3816; x_wconf 70' lang='lat' dir='ltr'><strong>exercet</strong></span> <span class='ocrx_word' id='word_1_419' title='bbox 1509 3767 1605 3816; x_wconf 86' lang='lat' dir='ltr'><strong>aut</strong></span> <span class='ocrx_word' id='word_1_420' title='bbox 1636 3758 1806 3817; x_wconf 48' lang='lat' dir='ltr'><strong>corriQ</strong></span> 
     </span>
    </p>
   </div>
   <div class='ocr_carea' id='block_1_71' title="bbox 141 3830 1809 3900">
    <p class='ocr_par' dir='ltr' id='par_1_71' title="bbox 141 3830 1809 3900">
     <span class='ocr_line' id='line_1_71' title="bbox 141 3830 1809 3900; baseline 0.005 -22"><span class='ocrx_word' id='word_1_421' title='bbox 141 3830 223 3900; x_wconf 84' lang='lat' dir='ltr'><strong>git,</strong></span> <span class='ocrx_word' id='word_1_422' title='bbox 246 3832 396 3894; x_wconf 83' lang='lat' dir='ltr'><strong>punit</strong></span> <span class='ocrx_word' id='word_1_423' title='bbox 423 3847 439 3880; x_wconf 91' lang='lat'><strong><em>:</em></strong></span> <span class='ocrx_word' id='word_1_424' title='bbox 467 3844 661 3899; x_wconf 89' lang='lat' dir='ltr'><strong>neque</strong></span> <span class='ocrx_word' id='word_1_425' title='bbox 691 3830 753 3884; x_wconf 91' lang='lat' dir='ltr'><strong>hi</strong></span> <span class='ocrx_word' id='word_1_426' title='bbox 802 3833 974 3885; x_wconf 87' lang='lat' dir='ltr'><strong>etiam</strong></span> <span class='ocrx_word' id='word_1_427' title='bbox 1002 3833 1185 3900; x_wconf 92' lang='lat' dir='ltr'><strong>probi,</strong></span> <span class='ocrx_word' id='word_1_428' title='bbox 1225 3833 1294 3887; x_wconf 88' lang='lat' dir='ltr'><strong>ad</strong></span> <span class='ocrx_word' id='word_1_429' title='bbox 1325 3839 1596 3887; x_wconf 55' lang='lat' dir='ltr'><strong>aeternam</strong></span> <span class='ocrx_word' id='word_1_430' title='bbox 1628 3834 1809 3887; x_wconf 88' lang='lat' dir='ltr'><strong>felici-</strong></span> 
     </span>
    </p>
   </div>
   <div class='ocr_carea' id='block_1_72' title="bbox 140 3899 1809 3976">
    <p class='ocr_par' dir='ltr' id='par_1_72' title="bbox 140 3899 1809 3976">
     <span class='ocr_line' id='line_1_72' title="bbox 140 3899 1809 3976; baseline 0.008 -30"><span class='ocrx_word' id='word_1_431' title='bbox 140 3899 284 3976; x_wconf 78' lang='lat' dir='ltr'><strong>tatem</strong></span> <span class='ocrx_word' id='word_1_432' title='bbox 313 3901 417 3954; x_wconf 89' lang='lat' dir='ltr'><strong>nisi</strong></span> <span class='ocrx_word' id='word_1_433' title='bbox 449 3901 714 3976; x_wconf 76' lang='lat' dir='ltr'><strong>fortuna,</strong></span> <span class='ocrx_word' id='word_1_434' title='bbox 748 3919 876 3974; x_wconf 67' lang='lat' dir='ltr'><strong>quae</strong></span> <span class='ocrx_word' id='word_1_435' title='bbox 905 3899 1108 3958; x_wconf 78' lang='lat' dir='ltr'><strong>iisdem</strong></span> <span class='ocrx_word' id='word_1_436' title='bbox 1143 3899 1370 3958; x_wconf 87' lang='lat' dir='ltr'><strong>videtur</strong></span> <span class='ocrx_word' id='word_1_437' title='bbox 1420 3921 1640 3975; x_wconf 88' lang='lat' dir='ltr'><strong>aspera,</strong></span> <span class='ocrx_word' id='word_1_438' title='bbox 1671 3922 1809 3976; x_wconf 88' lang='lat' dir='ltr'><strong>per-</strong></span> 
     </span>
    </p>
   </div>
   <div class='ocr_carea' id='block_1_73' title="bbox 141 3970 712 4043">
    <p class='ocr_par' dir='ltr' id='par_1_73' title="bbox 141 3970 712 4043">
     <span class='ocr_line' id='line_1_73' title="bbox 141 3970 712 4043; baseline 0.019 -27"><span class='ocrx_word' id='word_1_439' title='bbox 141 3970 344 4023; x_wconf 86' lang='lat' dir='ltr'><strong>veniunt</strong></span> <span class='ocrx_word' id='word_1_440' title='bbox 371 3988 382 4025; x_wconf 87' lang='lat'><strong>:</strong></span> <span class='ocrx_word' id='word_1_441' title='bbox 418 3973 712 4043; x_wconf 83' lang='lat' dir='ltr'><strong>siquidem</strong></span> 
     </span>
    </p>
   </div>
   <div class='ocr_carea' id='block_1_74' title="bbox 200 4058 1810 4132">
    <p class='ocr_par' dir='ltr' id='par_1_74' title="bbox 200 4058 1810 4132">
     <span class='ocr_line' id='line_1_74' title="bbox 200 4058 1810 4132; baseline 0.004 -20"><span class='ocrx_word' id='word_1_442' title='bbox 200 4058 216 4077; x_wconf 85' lang='lat'><strong>&#39;</strong></span> <span class='ocrx_word' id='word_1_443' title='bbox 261 4058 410 4121; x_wconf 86' lang='lat' dir='ltr'><strong>Quod</strong></span> <span class='ocrx_word' id='word_1_444' title='bbox 465 4061 676 4117; x_wconf 90' lang='lat' dir='ltr'><strong>dicitur</strong></span> <span class='ocrx_word' id='word_1_445' title='bbox 737 4065 1102 4132; x_wconf 85' lang='lat' dir='ltr'><strong>Sapphicum.</strong></span> <span class='ocrx_word' id='word_1_446' title='bbox 1145 4064 1388 4118; x_wconf 89' lang='lat' dir='ltr'><strong>Carmen</strong></span> <span class='ocrx_word' id='word_1_447' title='bbox 1430 4069 1693 4118; x_wconf 89' lang='lat' dir='ltr'><strong>constans</strong></span> <span class='ocrx_word' id='word_1_448' title='bbox 1742 4081 1810 4119; x_wconf 79' lang='lat' dir='ltr'><strong>ex</strong></span> 
     </span>
    </p>
   </div>
   <div class='ocr_carea' id='block_1_75' title="bbox 144 4135 1810 4205">
    <p class='ocr_par' dir='ltr' id='par_1_75' title="bbox 144 4135 1810 4205">
     <span class='ocr_line' id='line_1_75' title="bbox 144 4135 1810 4205; baseline 0.005 -26"><span class='ocrx_word' id='word_1_449' title='bbox 144 4140 236 4205; x_wconf 74' lang='lat' dir='ltr'><strong>uno</strong></span> <span class='ocrx_word' id='word_1_450' title='bbox 264 4146 462 4205; x_wconf 82' lang='lat' dir='ltr'><strong>genere</strong></span> <span class='ocrx_word' id='word_1_451' title='bbox 486 4149 779 4202; x_wconf 83' lang='lat' dir='ltr'><strong>versuum,</strong></span> <span class='ocrx_word' id='word_1_452' title='bbox 813 4151 1062 4204; x_wconf 90' lang='lat' dir='ltr'><strong>quorum</strong></span> <span class='ocrx_word' id='word_1_453' title='bbox 1092 4135 1335 4205; x_wconf 86' lang='lat' dir='ltr'><strong>quilibet</strong></span> <span class='ocrx_word' id='word_1_454' title='bbox 1367 4151 1619 4204; x_wconf 88' lang='lat' dir='ltr'><strong>cereum,</strong></span> <span class='ocrx_word' id='word_1_455' title='bbox 1639 4153 1810 4204; x_wconf 86' lang='lat' dir='ltr'><strong>spon-</strong></span> 
     </span>
    </p>
   </div>
   <div class='ocr_carea' id='block_1_76' title="bbox 145 4196 1813 4274">
    <p class='ocr_par' dir='ltr' id='par_1_76' title="bbox 145 4196 1813 4274">
     <span class='ocr_line' id='line_1_76' title="bbox 145 4196 1813 4274; baseline 0.003 -19"><span class='ocrx_word' id='word_1_456' title='bbox 145 4196 307 4274; x_wconf 67' lang='lat' dir='ltr'><strong>deum,</strong></span> <span class='ocrx_word' id='word_1_457' title='bbox 348 4204 661 4274; x_wconf 84' lang='lat' dir='ltr'><strong>dactylum,</strong></span> <span class='ocrx_word' id='word_1_458' title='bbox 694 4196 916 4260; x_wconf 35' lang='lat' dir='ltr'><strong>et&#39;duos</strong></span> <span class='ocrx_word' id='word_1_459' title='bbox 958 4196 1151 4260; x_wconf 74' lang='lat' dir='ltr'><strong>cereos</strong></span> <span class='ocrx_word' id='word_1_460' title='bbox 1182 4207 1367 4260; x_wconf 88' lang='lat' dir='ltr'><strong>habet.</strong></span> <span class='ocrx_word' id='word_1_461' title='bbox 1405 4196 1700 4260; x_wconf 78' lang='lat' dir='ltr'><strong>Clauditur</strong></span> <span class='ocrx_word' id='word_1_462' title='bbox 1738 4210 1813 4260; x_wconf 90' lang='lat' dir='ltr'><strong>ta-</strong></span> 
     </span>
    </p>
   </div>
   <div class='ocr_carea' id='block_1_77' title="bbox 144 4272 1808 4348">
    <p class='ocr_par' dir='ltr' id='par_1_77' title="bbox 144 4272 1808 4348">
     <span class='ocr_line' id='line_1_77' title="bbox 144 4272 1808 4348; baseline 0.006 -28"><span class='ocrx_word' id='word_1_463' title='bbox 144 4282 251 4348; x_wconf 75' lang='lat' dir='ltr'><strong>men</strong></span> <span class='ocrx_word' id='word_1_464' title='bbox 275 4272 371 4326; x_wconf 90' lang='lat' dir='ltr'><strong>hoc</strong></span> <span class='ocrx_word' id='word_1_465' title='bbox 415 4272 650 4348; x_wconf 82' lang='lat' dir='ltr'><strong>carmen</strong></span> <span class='ocrx_word' id='word_1_466' title='bbox 691 4292 856 4330; x_wconf 90' lang='lat' dir='ltr'><strong>versu</strong></span> <span class='ocrx_word' id='word_1_467' title='bbox 887 4278 1125 4344; x_wconf 87' lang='lat' dir='ltr'><strong>Adonio,</strong></span> <span class='ocrx_word' id='word_1_468' title='bbox 1159 4278 1258 4348; x_wconf 90' lang='lat' dir='ltr'><strong>qui</strong></span> <span class='ocrx_word' id='word_1_469' title='bbox 1291 4278 1512 4347; x_wconf 87' lang='lat' dir='ltr'><strong>dactylo</strong></span> <span class='ocrx_word' id='word_1_470' title='bbox 1546 4283 1601 4332; x_wconf 86' lang='lat' dir='ltr'><strong>et</strong></span> <span class='ocrx_word' id='word_1_471' title='bbox 1637 4294 1808 4347; x_wconf 89' lang='lat' dir='ltr'><strong>spon-</strong></span> 
     </span>
    </p>
   </div>
   <div class='ocr_carea' id='block_1_78' title="bbox 146 4337 1809 4422">
    <p class='ocr_par' dir='ltr' id='par_1_78' title="bbox 146 4337 1809 4422">
     <span class='ocr_line' id='line_1_78' title="bbox 146 4337 1809 4422; baseline 0.006 -30"><span class='ocrx_word' id='word_1_472' title='bbox 146 4337 231 4422; x_wconf 56' lang='lat' dir='ltr'><strong>deo</strong></span> <span class='ocrx_word' id='word_1_473' title='bbox 255 4352 482 4422; x_wconf 79' lang='lat' dir='ltr'><strong>constat,</strong></span> <span class='ocrx_word' id='word_1_474' title='bbox 540 4347 755 4422; x_wconf 80' lang='lat' dir='ltr'><strong>quique</strong></span> <span class='ocrx_word' id='word_1_475' title='bbox 788 4354 916 4418; x_wconf 89' lang='lat' dir='ltr'><strong>post</strong></span> <span class='ocrx_word' id='word_1_476' title='bbox 957 4337 1194 4403; x_wconf 72' lang='lat' dir='ltr'><strong>tertium</strong></span> <span class='ocrx_word' id='word_1_477' title='bbox 1240 4337 1529 4419; x_wconf 75' lang='lat' dir='ltr'><strong>quemque</strong></span> <span class='ocrx_word' id='word_1_478' title='bbox 1581 4337 1809 4403; x_wconf 76' lang='lat' dir='ltr'><strong>versum</strong></span> 
     </span>
    </p>
   </div>
   <div class='ocr_carea' id='block_1_79' title="bbox 150 4415 834 4488">
    <p class='ocr_par' dir='ltr' id='par_1_79' title="bbox 150 4415 834 4488">
     <span class='ocr_line' id='line_1_79' title="bbox 150 4415 834 4488; baseline 0.015 -26"><span class='ocrx_word' id='word_1_479' title='bbox 150 4415 482 4484; x_wconf 73' lang='lat' dir='ltr'><strong>Sapphicum,</strong></span> <span class='ocrx_word' id='word_1_480' title='bbox 511 4415 834 4488; x_wconf 47' lang='lat' dir='ltr'><strong>poni&#39;sole&#39;t.</strong></span> 
     </span>
    </p>
   </div>
   <div class='ocr_carea' id='block_1_80' title="bbox 208 4503 1813 4578">
    <p class='ocr_par' dir='ltr' id='par_1_80' title="bbox 208 4503 1813 4578">
     <span class='ocr_line' id='line_1_80' title="bbox 208 4503 1813 4578; baseline 0.007 -25"><span class='ocrx_word' id='word_1_481' title='bbox 208 4503 245 4553; x_wconf 84' lang='grc'><strong>1.</strong></span> <span class='ocrx_word' id='word_1_482' title='bbox 289 4505 428 4578; x_wconf 85' lang='lat' dir='ltr'><strong>Bella</strong></span> <span class='ocrx_word' id='word_1_483' title='bbox 487 4507 572 4559; x_wconf 88' lang='lat' dir='ltr'><strong>bis</strong></span> <span class='ocrx_word' id='word_1_484' title='bbox 630 4510 836 4574; x_wconf 84' lang='lat' dir='ltr'><strong>quinis,</strong></span> <span class='ocrx_word' id='word_1_485' title='bbox 891 4508 1020 4577; x_wconf 77' lang='lat' dir='ltr'><strong>etc.j</strong></span> <span class='ocrx_word' id='word_1_486' title='bbox 1080 4508 1121 4562; x_wconf 95' lang='grc' dir='ltr'><strong>Ι.</strong></span> <span class='ocrx_word' id='word_1_487' title='bbox 1186 4508 1554 4578; x_wconf 88' lang='lat' dir='ltr'><strong>Philosophia</strong></span> <span class='ocrx_word' id='word_1_488' title='bbox 1609 4508 1813 4578; x_wconf 88' lang='lat' dir='ltr'><strong>probat</strong></span> 
     </span>
    </p>
   </div>
   <div class='ocr_carea' id='block_1_81' title="bbox 148 4577 1808 4650">
    <p class='ocr_par' dir='ltr' id='par_1_81' title="bbox 148 4577 1808 4650">
     <span class='ocr_line' id='line_1_81' title="bbox 148 4577 1808 4650; baseline 0.005 -26"><span class='ocrx_word' id='word_1_489' title='bbox 148 4577 370 4650; x_wconf 62' lang='lat' dir='ltr'><strong>eremplo</strong></span> <span class='ocrx_word' id='word_1_490' title='bbox 409 4581 885 4647; x_wconf 85' lang='lat' dir='ltr'><strong>Agamemnonis,</strong></span> <span class='ocrx_word' id='word_1_491' title='bbox 920 4578 1210 4632; x_wconf 91' lang='lat' dir='ltr'><strong>hominem</strong></span> <span class='ocrx_word' id='word_1_492' title='bbox 1258 4597 1372 4633; x_wconf 89' lang='lat' dir='ltr'><strong>non</strong></span> <span class='ocrx_word' id='word_1_493' title='bbox 1420 4577 1532 4632; x_wconf 81' lang='lat' dir='ltr'><strong>frui</strong></span> <span class='ocrx_word' id='word_1_494' title='bbox 1576 4577 1808 4648; x_wconf 88' lang='lat' dir='ltr'><strong>optatis,</strong></span> 
     </span>
    </p>
   </div>
   <div class='ocr_carea' id='block_1_82' title="bbox 148 4650 1810 4720">
    <p class='ocr_par' dir='ltr' id='par_1_82' title="bbox 148 4650 1810 4720">
     <span class='ocr_line' id='line_1_82' title="bbox 148 4650 1810 4720; baseline 0.005 -25"><span class='ocrx_word' id='word_1_495' title='bbox 148 4654 235 4719; x_wconf 67' lang='lat' dir='ltr'><strong>nisi</strong></span> <span class='ocrx_word' id='word_1_496' title='bbox 272 4652 390 4720; x_wconf 81' lang='lat' dir='ltr'><strong>post</strong></span> <span class='ocrx_word' id='word_1_497' title='bbox 418 4655 706 4718; x_wconf 90' lang='lat' dir='ltr'><strong>susceptos</strong></span> <span class='ocrx_word' id='word_1_498' title='bbox 751 4651 1133 4720; x_wconf 86' lang='lat' dir='ltr'><strong>toleratosque</strong></span> <span class='ocrx_word' id='word_1_499' title='bbox 1172 4652 1384 4704; x_wconf 91' lang='lat' dir='ltr'><strong>multos</strong></span> <span class='ocrx_word' id='word_1_500' title='bbox 1431 4650 1670 4703; x_wconf 84' lang='lat' dir='ltr'><strong>labores.</strong></span> <span class='ocrx_word' id='word_1_501' title='bbox 1717 4652 1810 4704; x_wconf 87' lang='lat' dir='ltr'><strong>Ni-</strong></span> 
     </span>
    </p>
   </div>
   <div class='ocr_carea' id='block_1_83' title="bbox 1913 2763 3612 2836">
    <p class='ocr_par' dir='ltr' id='par_1_83' title="bbox 1913 2763 3612 2836">
     <span class='ocr_line' id='line_1_83' title="bbox 1913 2763 3612 2836; baseline -0.002 -15"><span class='ocrx_word' id='word_1_502' title='bbox 1913 2766 2094 2821; x_wconf 84' lang='lat' dir='ltr'><strong>ﬁliam</strong></span> <span class='ocrx_word' id='word_1_503' title='bbox 2120 2763 2446 2836; x_wconf 84' lang='lat' dir='ltr'><strong>jugulavit:</strong></span> <span class='ocrx_word' id='word_1_504' title='bbox 2481 2763 2674 2835; x_wconf 90' lang='lat' dir='ltr'><strong>sicque</strong></span> <span class='ocrx_word' id='word_1_505' title='bbox 2699 2767 2828 2834; x_wconf 90' lang='lat' dir='ltr'><strong>post</strong></span> <span class='ocrx_word' id='word_1_506' title='bbox 2853 2763 3062 2818; x_wconf 87' lang='lat' dir='ltr'><strong>multas</strong></span> <span class='ocrx_word' id='word_1_507' title='bbox 3079 2763 3428 2836; x_wconf 88' lang='lat' dir='ltr'><strong>calamitates</strong></span> <span class='ocrx_word' id='word_1_508' title='bbox 3458 2765 3612 2817; x_wconf 91' lang='lat' dir='ltr'><strong>mul-</strong></span> 
     </span>
    </p>
   </div>
   <div class='ocr_carea' id='block_1_84' title="bbox 1912 2835 3609 2908">
    <p class='ocr_par' dir='ltr' id='par_1_84' title="bbox 1912 2835 3609 2908">
     <span class='ocr_line' id='line_1_84' title="bbox 1912 2835 3609 2908; baseline -0.001 -16"><span class='ocrx_word' id='word_1_509' title='bbox 1912 2835 2374 2908; x_wconf 38' lang='lat' dir='ltr'><strong>tosque&#39;labores</strong></span> <span class='ocrx_word' id='word_1_510' title='bbox 2423 2837 2657 2890; x_wconf 87' lang='lat' dir='ltr'><strong>tandem</strong></span> <span class='ocrx_word' id='word_1_511' title='bbox 2713 2835 3020 2906; x_wconf 90' lang='lat' dir='ltr'><strong>aliquando</strong></span> <span class='ocrx_word' id='word_1_512' title='bbox 3054 2836 3206 2889; x_wconf 90' lang='lat' dir='ltr'><strong>ausis</strong></span> <span class='ocrx_word' id='word_1_513' title='bbox 3249 2835 3465 2906; x_wconf 90' lang='lat' dir='ltr'><strong>potitus</strong></span> <span class='ocrx_word' id='word_1_514' title='bbox 3505 2840 3609 2890; x_wconf 92' lang='lat' dir='ltr'><strong>est.</strong></span> 
     </span>
    </p>
   </div>
   <div class='ocr_carea' id='block_1_85' title="bbox 1912 2908 2721 2980">
    <p class='ocr_par' dir='ltr' id='par_1_85' title="bbox 1912 2908 2721 2980">
     <span class='ocr_line' id='line_1_85' title="bbox 1912 2908 2721 2980; baseline -0.005 -16"><span class='ocrx_word' id='word_1_515' title='bbox 1912 2909 2108 2980; x_wconf 85' lang='lat' dir='ltr'><strong>Virgil.</strong></span> <span class='ocrx_word' id='word_1_516' title='bbox 2133 2908 2351 2962; x_wconf 66' lang='lat' dir='ltr'><strong>Aineid.</strong></span> <span class='ocrx_word' id='word_1_517' title='bbox 2391 2922 2456 2974; x_wconf 90' lang='grc'><strong>11,</strong></span> <span class='ocrx_word' id='word_1_518' title='bbox 2486 2923 2537 2960; x_wconf 88' lang='lat' dir='ltr'><strong>v.</strong></span> <span class='ocrx_word' id='word_1_519' title='bbox 2578 2910 2675 2961; x_wconf 84' lang='grc'><strong>108</strong></span> <span class='ocrx_word' id='word_1_520' title='bbox 2709 2923 2721 2960; x_wconf 91' lang='lat'><strong>:</strong></span> 
     </span>
    </p>
   </div>
   <div class='ocr_carea' id='block_1_86' title="bbox 2038 2993 3208 3058">
    <p class='ocr_par' dir='ltr' id='par_1_86' title="bbox 2038 2993 3208 3058">
     <span class='ocr_line' id='line_1_86' title="bbox 2038 2993 3208 3058; baseline -0.003 -13"><span class='ocrx_word' id='word_1_521' title='bbox 2038 2997 2184 3058; x_wconf 76' lang='lat' dir='ltr'><strong>Saepe</strong></span> <span class='ocrx_word' id='word_1_522' title='bbox 2210 2996 2384 3058; x_wconf 85' lang='lat' dir='ltr'><strong>fugam</strong></span> <span class='ocrx_word' id='word_1_523' title='bbox 2419 2995 2582 3043; x_wconf 86' lang='lat' dir='ltr'><strong>Danai</strong></span> <span class='ocrx_word' id='word_1_524' title='bbox 2608 2995 2762 3058; x_wconf 86' lang='lat' dir='ltr'><strong>Troja</strong></span> <span class='ocrx_word' id='word_1_525' title='bbox 2787 2994 2997 3058; x_wconf 81' lang='lat' dir='ltr'><strong>cupiere</strong></span> <span class='ocrx_word' id='word_1_526' title='bbox 3025 2993 3208 3058; x_wconf 74' lang='lat' dir='ltr'><strong>relicta</strong></span> 
     </span>
    </p>
   </div>
   <div class='ocr_carea' id='block_1_87' title="bbox 2036 3055 3140 3119">
    <p class='ocr_par' dir='ltr' id='par_1_87' title="bbox 2036 3055 3140 3119">
     <span class='ocr_line' id='line_1_87' title="bbox 2036 3055 3140 3119; baseline -0.005 -11"><span class='ocrx_word' id='word_1_527' title='bbox 2036 3055 2207 3108; x_wconf 87' lang='lat' dir='ltr'><strong>Moliri</strong></span> <span class='ocrx_word' id='word_1_528' title='bbox 2237 3074 2247 3106; x_wconf 94' lang='lat'><strong>:</strong></span> <span class='ocrx_word' id='word_1_529' title='bbox 2275 3055 2332 3107; x_wconf 77' lang='lat' dir='ltr'><strong>et</strong></span> <span class='ocrx_word' id='word_1_530' title='bbox 2356 3058 2516 3119; x_wconf 84' lang='lat' dir='ltr'><strong>longo</strong></span> <span class='ocrx_word' id='word_1_531' title='bbox 2544 3059 2666 3106; x_wconf 81' lang='lat' dir='ltr'><strong>fessi</strong></span> <span class='ocrx_word' id='word_1_532' title='bbox 2693 3055 2962 3104; x_wconf 86' lang='lat' dir='ltr'><strong>discedere</strong></span> <span class='ocrx_word' id='word_1_533' title='bbox 2983 3055 3140 3112; x_wconf 91' lang='lat' dir='ltr'><strong>bello,</strong></span> 
     </span>
    </p>
   </div>
   <div class='ocr_carea' id='block_1_88' title="bbox 2039 3119 3382 3182">
    <p class='ocr_par' dir='ltr' id='par_1_88' title="bbox 2039 3119 3382 3182">
     <span class='ocr_line' id='line_1_88' title="bbox 2039 3119 3382 3182; baseline -0.002 -12"><span class='ocrx_word' id='word_1_534' title='bbox 2039 3122 2405 3182; x_wconf 88' lang='lat' dir='ltr'><strong>Fecissentquo</strong></span> <span class='ocrx_word' id='word_1_535' title='bbox 2437 3121 2663 3168; x_wconf 87' lang='lat' dir='ltr'><strong>utinam!</strong></span> <span class='ocrx_word' id='word_1_536' title='bbox 2696 3119 2842 3182; x_wconf 62' lang='lat' dir='ltr'><strong>Saepe</strong></span> <span class='ocrx_word' id='word_1_537' title='bbox 2874 3119 2993 3166; x_wconf 93' lang='lat' dir='ltr'><strong>illos</strong></span> <span class='ocrx_word' id='word_1_538' title='bbox 3022 3132 3203 3180; x_wconf 89' lang='lat' dir='ltr'><strong>aspera</strong></span> <span class='ocrx_word' id='word_1_539' title='bbox 3235 3119 3382 3181; x_wconf 89' lang='lat' dir='ltr'><strong>ponti</strong></span> 
     </span>
    </p>
   </div>
   <div class='ocr_carea' id='block_1_89' title="bbox 2038 3180 3282 3241">
    <p class='ocr_par' dir='ltr' id='par_1_89' title="bbox 2038 3180 3282 3241">
     <span class='ocr_line' id='line_1_89' title="bbox 2038 3180 3282 3241; baseline -0.002 -10"><span class='ocrx_word' id='word_1_540' title='bbox 2038 3180 2341 3231; x_wconf 85' lang='lat' dir='ltr'><strong>Interclusit</strong></span> <span class='ocrx_word' id='word_1_541' title='bbox 2366 3183 2554 3241; x_wconf 87' lang='lat' dir='ltr'><strong>hiems,</strong></span> <span class='ocrx_word' id='word_1_542' title='bbox 2577 3187 2628 3230; x_wconf 89' lang='lat' dir='ltr'><strong>et</strong></span> <span class='ocrx_word' id='word_1_543' title='bbox 2658 3180 2845 3230; x_wconf 84' lang='lat' dir='ltr'><strong>terruit</strong></span> <span class='ocrx_word' id='word_1_544' title='bbox 2873 3185 3051 3229; x_wconf 86' lang='lat' dir='ltr'><strong>auster</strong></span> <span class='ocrx_word' id='word_1_545' title='bbox 3079 3180 3282 3228; x_wconf 82' lang='lat' dir='ltr'><strong>euntes.</strong></span> 
     </span>
    </p>
   </div>
   <div class='ocr_carea' id='block_1_90' title="bbox 2044 3243 3521 3307">
    <p class='ocr_par' dir='ltr' id='par_1_90' title="bbox 2044 3243 3521 3307">
     <span class='ocr_line' id='line_1_90' title="bbox 2044 3243 3521 3307; baseline 0 -14"><span class='ocrx_word' id='word_1_546' title='bbox 2044 3246 2325 3307; x_wconf 67' lang='lat' dir='ltr'><strong>Praecipue,</strong></span> <span class='ocrx_word' id='word_1_547' title='bbox 2354 3259 2474 3293; x_wconf 89' lang='lat' dir='ltr'><strong>cum</strong></span> <span class='ocrx_word' id='word_1_548' title='bbox 2498 3246 2607 3306; x_wconf 89' lang='lat' dir='ltr'><strong>jam</strong></span> <span class='ocrx_word' id='word_1_549' title='bbox 2634 3244 2717 3291; x_wconf 83' lang='lat' dir='ltr'><strong>hic</strong></span> <span class='ocrx_word' id='word_1_550' title='bbox 2746 3243 3297 3307; x_wconf 73' lang='lat' dir='ltr'><strong>trabibuscontextus</strong></span> <span class='ocrx_word' id='word_1_551' title='bbox 3318 3244 3521 3293; x_wconf 87' lang='lat' dir='ltr'><strong>acernis</strong></span> 
     </span>
    </p>
   </div>
   <div class='ocr_carea' id='block_1_91' title="bbox 2041 3305 3322 3370">
    <p class='ocr_par' dir='ltr' id='par_1_91' title="bbox 2041 3305 3322 3370">
     <span class='ocr_line' id='line_1_91' title="bbox 2041 3305 3322 3370; baseline -0.002 -13"><span class='ocrx_word' id='word_1_552' title='bbox 2041 3305 2220 3357; x_wconf 78' lang='lat' dir='ltr'><strong>Staret</strong></span> <span class='ocrx_word' id='word_1_553' title='bbox 2238 3322 2423 3370; x_wconf 89' lang='lat' dir='ltr'><strong>equus,</strong></span> <span class='ocrx_word' id='word_1_554' title='bbox 2454 3305 2566 3355; x_wconf 86' lang='lat' dir='ltr'><strong>toto</strong></span> <span class='ocrx_word' id='word_1_555' title='bbox 2597 3310 2893 3370; x_wconf 84' lang='lat' dir='ltr'><strong>sonuerunt</strong></span> <span class='ocrx_word' id='word_1_556' title='bbox 2921 3305 3114 3370; x_wconf 60' lang='lat' dir='ltr'><strong>aethere</strong></span> <span class='ocrx_word' id='word_1_557' title='bbox 3137 3306 3322 3370; x_wconf 75' lang='lat' dir='ltr'><strong>nimbi.</strong></span> 
     </span>
    </p>
   </div>
   <div class='ocr_carea' id='block_1_92' title="bbox 2041 3368 3356 3432">
    <p class='ocr_par' dir='ltr' id='par_1_92' title="bbox 2041 3368 3356 3432">
     <span class='ocr_line' id='line_1_92' title="bbox 2041 3368 3356 3432; baseline -0.002 -14"><span class='ocrx_word' id='word_1_558' title='bbox 2041 3368 2298 3431; x_wconf 82' lang='lat' dir='ltr'><strong>Suspensi</strong></span> <span class='ocrx_word' id='word_1_559' title='bbox 2318 3370 2627 3432; x_wconf 88' lang='lat' dir='ltr'><strong>Eurypilum</strong></span> <span class='ocrx_word' id='word_1_560' title='bbox 2661 3369 2904 3432; x_wconf 76' lang='lat' dir='ltr'><strong>scitatum</strong></span> <span class='ocrx_word' id='word_1_561' title='bbox 2937 3368 3151 3432; x_wconf 80' lang='lat' dir='ltr'><strong>oracula</strong></span> <span class='ocrx_word' id='word_1_562' title='bbox 3175 3368 3356 3417; x_wconf 81' lang='lat' dir='ltr'><strong>Phcebi</strong></span> 
     </span>
    </p>
   </div>
   <div class='ocr_carea' id='block_1_93' title="bbox 2042 3430 3541 3493">
    <p class='ocr_par' dir='ltr' id='par_1_93' title="bbox 2042 3430 3541 3493">
     <span class='ocr_line' id='line_1_93' title="bbox 2042 3430 3541 3493; baseline 0 -14"><span class='ocrx_word' id='word_1_563' title='bbox 2042 3430 2336 3490; x_wconf 83' lang='lat' dir='ltr'><strong>Mittimus;</strong></span> <span class='ocrx_word' id='word_1_564' title='bbox 2365 3430 2512 3493; x_wconf 67' lang='lat' dir='ltr'><strong>isque</strong></span> <span class='ocrx_word' id='word_1_565' title='bbox 2548 3432 2720 3493; x_wconf 85' lang='lat' dir='ltr'><strong>adytis</strong></span> <span class='ocrx_word' id='word_1_566' title='bbox 2749 3430 2862 3478; x_wconf 78' lang='lat' dir='ltr'><strong>hmc</strong></span> <span class='ocrx_word' id='word_1_567' title='bbox 2893 3430 3065 3477; x_wconf 84' lang='lat' dir='ltr'><strong>tristia</strong></span> <span class='ocrx_word' id='word_1_568' title='bbox 3091 3430 3229 3477; x_wconf 85' lang='lat' dir='ltr'><strong>dicta</strong></span> <span class='ocrx_word' id='word_1_569' title='bbox 3258 3433 3492 3493; x_wconf 88' lang='lat' dir='ltr'><strong>reportat</strong></span> <span class='ocrx_word' id='word_1_570' title='bbox 3529 3444 3541 3479; x_wconf 89' lang='lat'><strong>:</strong></span> 
     </span>
    </p>
   </div>
   <div class='ocr_carea' id='block_1_94' title="bbox 2041 3493 3301 3562">
    <p class='ocr_par' dir='ltr' id='par_1_94' title="bbox 2041 3493 3301 3562">
     <span class='ocr_line' id='line_1_94' title="bbox 2041 3493 3301 3562; baseline -0.001 -21"><span class='ocrx_word' id='word_1_571' title='bbox 2041 3494 2310 3562; x_wconf 65' lang='lat' dir='ltr'><strong>Sanguine</strong></span> <span class='ocrx_word' id='word_1_572' title='bbox 2342 3495 2586 3562; x_wconf 70' lang='lat' dir='ltr'><strong>placastis</strong></span> <span class='ocrx_word' id='word_1_573' title='bbox 2612 3499 2820 3562; x_wconf 39' lang='lat' dir='ltr'><strong>venntos,</strong></span> <span class='ocrx_word' id='word_1_574' title='bbox 2847 3496 2898 3540; x_wconf 91' lang='lat' dir='ltr'><strong>et</strong></span> <span class='ocrx_word' id='word_1_575' title='bbox 2931 3493 3301 3562; x_wconf 68' lang='lat' dir='ltr'><strong>v_irgine_cresa</strong></span> 
     </span>
    </p>
   </div>
   <div class='ocr_carea' id='block_1_95' title="bbox 2040 3554 3370 3619">
    <p class='ocr_par' dir='ltr' id='par_1_95' title="bbox 2040 3554 3370 3619">
     <span class='ocr_line' id='line_1_95' title="bbox 2040 3554 3370 3619; baseline -0.001 -14"><span class='ocrx_word' id='word_1_576' title='bbox 2040 3554 2174 3605; x_wconf 79' lang='lat' dir='ltr'><strong>Cum</strong></span> <span class='ocrx_word' id='word_1_577' title='bbox 2198 3554 2423 3619; x_wconf 79' lang='lat' dir='ltr'><strong>primum</strong></span> <span class='ocrx_word' id='word_1_578' title='bbox 2450 3556 2632 3605; x_wconf 90' lang='lat' dir='ltr'><strong>Iliacas</strong></span> <span class='ocrx_word' id='word_1_579' title='bbox 2657 3555 2824 3603; x_wconf 84' lang='lat' dir='ltr'><strong>Danai</strong></span> <span class='ocrx_word' id='word_1_580' title='bbox 2853 3554 3072 3603; x_wconf 88' lang='lat' dir='ltr'><strong>venistis</strong></span> <span class='ocrx_word' id='word_1_581' title='bbox 3102 3554 3166 3602; x_wconf 88' lang='lat' dir='ltr'><strong>ad</strong></span> <span class='ocrx_word' id='word_1_582' title='bbox 3198 3568 3370 3604; x_wconf 85' lang='lat' dir='ltr'><strong>auras.</strong></span> 
     </span>
    </p>
   </div>
   <div class='ocr_carea' id='block_1_96' title="bbox 1989 3651 3610 3723">
    <p class='ocr_par' dir='ltr' id='par_1_96' title="bbox 1989 3651 3610 3723">
     <span class='ocr_line' id='line_1_96' title="bbox 1989 3651 3610 3723; baseline -0.002 -13"><span class='ocrx_word' id='word_1_583' title='bbox 1989 3660 2035 3710; x_wconf 93' lang='lat'><strong>8.</strong></span> <span class='ocrx_word' id='word_1_584' title='bbox 2066 3657 2236 3709; x_wconf 86' lang='lat' dir='ltr'><strong>Flevit</strong></span> <span class='ocrx_word' id='word_1_585' title='bbox 2267 3657 2491 3709; x_wconf 86' lang='lat' dir='ltr'><strong>amissos</strong></span> <span class='ocrx_word' id='word_1_586' title='bbox 2531 3656 2754 3708; x_wconf 85' lang='lat' dir='ltr'><strong>Ithacus</strong></span> <span class='ocrx_word' id='word_1_587' title='bbox 2781 3651 3062 3723; x_wconf 87' lang='lat' dir='ltr'><strong>sodaleis.]</strong></span> <span class='ocrx_word' id='word_1_588' title='bbox 3111 3654 3176 3707; x_wconf 89' lang='lat' dir='ltr'><strong>Il.</strong></span> <span class='ocrx_word' id='word_1_589' title='bbox 3222 3653 3435 3706; x_wconf 89' lang='lat' dir='ltr'><strong>Eadem</strong></span> <span class='ocrx_word' id='word_1_590' title='bbox 3478 3651 3610 3707; x_wconf 92' lang='lat' dir='ltr'><strong>Phi-</strong></span> 
     </span>
    </p>
   </div>
   <div class='ocr_carea' id='block_1_97' title="bbox 1916 3723 3614 3795">
    <p class='ocr_par' dir='ltr' id='par_1_97' title="bbox 1916 3723 3614 3795">
     <span class='ocr_line' id='line_1_97' title="bbox 1916 3723 3614 3795; baseline -0.001 -15"><span class='ocrx_word' id='word_1_591' title='bbox 1916 3727 2177 3795; x_wconf 90' lang='lat' dir='ltr'><strong>losophia</strong></span> <span class='ocrx_word' id='word_1_592' title='bbox 2204 3726 2410 3795; x_wconf 89' lang='lat' dir='ltr'><strong>probat</strong></span> <span class='ocrx_word' id='word_1_593' title='bbox 2443 3726 2703 3794; x_wconf 83' lang='lat' dir='ltr'><strong>exemplo</strong></span> <span class='ocrx_word' id='word_1_594' title='bbox 2741 3723 2968 3793; x_wconf 88' lang='lat' dir='ltr'><strong>Ulyssis,</strong></span> <span class='ocrx_word' id='word_1_595' title='bbox 3002 3723 3297 3777; x_wconf 87' lang='lat' dir='ltr'><strong>hominem</strong></span> <span class='ocrx_word' id='word_1_596' title='bbox 3332 3728 3614 3795; x_wconf 86' lang='lat' dir='ltr'><strong>nonante</strong></span> 
     </span>
    </p>
   </div>
   <div class='ocr_carea' id='block_1_98' title="bbox 1916 3794 3617 3868">
    <p class='ocr_par' dir='ltr' id='par_1_98' title="bbox 1916 3794 3617 3868">
     <span class='ocr_line' id='line_1_98' title="bbox 1916 3794 3617 3868; baseline -0.001 -18"><span class='ocrx_word' id='word_1_597' title='bbox 1916 3794 2186 3868; x_wconf 84' lang='lat' dir='ltr'><strong>perfundi</strong></span> <span class='ocrx_word' id='word_1_598' title='bbox 2209 3794 2424 3868; x_wconf 82' lang='lat' dir='ltr'><strong>laetitia,</strong></span> <span class='ocrx_word' id='word_1_599' title='bbox 2447 3812 2626 3868; x_wconf 17' lang='lat' dir='ltr'><strong>quam,</strong></span> <span class='ocrx_word' id='word_1_600' title='bbox 2651 3795 3146 3868; x_wconf 73' lang='lat' dir='ltr'><strong>tristitiaaﬁectus</strong></span> <span class='ocrx_word' id='word_1_601' title='bbox 3178 3795 3368 3868; x_wconf 80' lang='lat' dir='ltr'><strong>fuerit.</strong></span> <span class='ocrx_word' id='word_1_602' title='bbox 3393 3794 3617 3868; x_wconf 89' lang='lat' dir='ltr'><strong>Scilicet</strong></span> 
     </span>
    </p>
   </div>
   <div class='ocr_carea' id='block_1_99' title="bbox 1921 3866 3612 3938">
    <p class='ocr_par' dir='ltr' id='par_1_99' title="bbox 1921 3866 3612 3938">
     <span class='ocr_line' id='line_1_99' title="bbox 1921 3866 3612 3938; baseline -0.001 -17"><span class='ocrx_word' id='word_1_603' title='bbox 1921 3866 2143 3938; x_wconf 84' lang='lat' dir='ltr'><strong>Ulysses</strong></span> <span class='ocrx_word' id='word_1_604' title='bbox 2175 3884 2273 3920; x_wconf 80' lang='lat' dir='ltr'><strong>rex</strong></span> <span class='ocrx_word' id='word_1_605' title='bbox 2307 3867 2511 3920; x_wconf 86' lang='lat' dir='ltr'><strong>Ithacae</strong></span> <span class='ocrx_word' id='word_1_606' title='bbox 2539 3866 2858 3938; x_wconf 87' lang='lat' dir='ltr'><strong>etDulichii</strong></span> <span class='ocrx_word' id='word_1_607' title='bbox 2889 3866 3228 3938; x_wconf 88' lang='lat' dir='ltr'><strong>insularum,</strong></span> <span class='ocrx_word' id='word_1_608' title='bbox 3265 3867 3333 3920; x_wconf 89' lang='lat' dir='ltr'><strong>de</strong></span> <span class='ocrx_word' id='word_1_609' title='bbox 3357 3867 3612 3936; x_wconf 88' lang='lat' dir='ltr'><strong>quojam</strong></span> 
     </span>
    </p>
   </div>
   <div class='ocr_carea' id='block_1_100' title="bbox 1918 3937 3612 4006">
    <p class='ocr_par' dir='ltr' id='par_1_100' title="bbox 1918 3937 3612 4006">
     <span class='ocr_line' id='line_1_100' title="bbox 1918 3937 3612 4006; baseline -0.001 -14"><span class='ocrx_word' id='word_1_610' title='bbox 1918 3937 2095 3993; x_wconf 86' lang='lat' dir='ltr'><strong>loeuti</strong></span> <span class='ocrx_word' id='word_1_611' title='bbox 2139 3954 2335 3991; x_wconf 90' lang='lat' dir='ltr'><strong>sumus</strong></span> <span class='ocrx_word' id='word_1_612' title='bbox 2391 3942 2572 3990; x_wconf 87' lang='lat' dir='ltr'><strong>metro</strong></span> <span class='ocrx_word' id='word_1_613' title='bbox 2606 3940 2635 3990; x_wconf 84' lang='lat'>3</span> <span class='ocrx_word' id='word_1_614' title='bbox 2684 3937 2856 4006; x_wconf 86' lang='lat' dir='ltr'><strong>hujus</strong></span> <span class='ocrx_word' id='word_1_615' title='bbox 2903 3937 3056 4003; x_wconf 89' lang='lat' dir='ltr'><strong>libri,</strong></span> <span class='ocrx_word' id='word_1_616' title='bbox 3099 3937 3252 3990; x_wconf 91' lang='lat' dir='ltr'><strong>inter</strong></span> <span class='ocrx_word' id='word_1_617' title='bbox 3294 3937 3436 3990; x_wconf 89' lang='lat' dir='ltr'><strong>alios</strong></span> <span class='ocrx_word' id='word_1_618' title='bbox 3478 3953 3612 3991; x_wconf 88' lang='lat' dir='ltr'><strong>suos</strong></span> 
     </span>
    </p>
   </div>
   <div class='ocr_carea' id='block_1_101' title="bbox 1919 4008 3614 4076">
    <p class='ocr_par' dir='ltr' id='par_1_101' title="bbox 1919 4008 3614 4076">
     <span class='ocr_line' id='line_1_101' title="bbox 1919 4008 3614 4076; baseline -0.001 -13"><span class='ocrx_word' id='word_1_619' title='bbox 1919 4026 2081 4063; x_wconf 91' lang='lat' dir='ltr'><strong>casus</strong></span> <span class='ocrx_word' id='word_1_620' title='bbox 2137 4009 2196 4061; x_wconf 89' lang='lat' dir='ltr'><strong>in</strong></span> <span class='ocrx_word' id='word_1_621' title='bbox 2226 4008 2477 4062; x_wconf 89' lang='lat' dir='ltr'><strong>Siciliam</strong></span> <span class='ocrx_word' id='word_1_622' title='bbox 2535 4008 2754 4062; x_wconf 88' lang='lat' dir='ltr'><strong>delatus</strong></span> <span class='ocrx_word' id='word_1_623' title='bbox 2803 4011 2908 4070; x_wconf 90' lang='lat' dir='ltr'><strong>est,</strong></span> <span class='ocrx_word' id='word_1_624' title='bbox 2955 4012 3010 4060; x_wconf 90' lang='lat' dir='ltr'><strong>et</strong></span> <span class='ocrx_word' id='word_1_625' title='bbox 3041 4011 3267 4062; x_wconf 88' lang='lat' dir='ltr'><strong>antrum</strong></span> <span class='ocrx_word' id='word_1_626' title='bbox 3317 4008 3614 4076; x_wconf 90' lang='lat' dir='ltr'><strong>cujusdam</strong></span> 
     </span>
    </p>
   </div>
   <div class='ocr_carea' id='block_1_102' title="bbox 1922 4077 3613 4150">
    <p class='ocr_par' dir='ltr' id='par_1_102' title="bbox 1922 4077 3613 4150">
     <span class='ocr_line' id='line_1_102' title="bbox 1922 4077 3613 4150; baseline -0.002 -17"><span class='ocrx_word' id='word_1_627' title='bbox 1922 4080 2181 4150; x_wconf 84' lang='lat' dir='ltr'><strong>Cyclopis</strong></span> <span class='ocrx_word' id='word_1_628' title='bbox 2212 4095 2326 4132; x_wconf 88' lang='lat' dir='ltr'><strong>una</strong></span> <span class='ocrx_word' id='word_1_629' title='bbox 2374 4095 2503 4132; x_wconf 91' lang='lat' dir='ltr'><strong>cum</strong></span> <span class='ocrx_word' id='word_1_630' title='bbox 2531 4079 2702 4150; x_wconf 16' lang='lat' dir='ltr'><strong>sociis,</strong></span> <span class='ocrx_word' id='word_1_631' title='bbox 2724 4077 2839 4130; x_wconf 90' lang='lat' dir='ltr'><strong>suis</strong></span> <span class='ocrx_word' id='word_1_632' title='bbox 2880 4077 3474 4150; x_wconf 20' lang='lat' dir='ltr'><strong>ingressuanyclops</strong></span> <span class='ocrx_word' id='word_1_633' title='bbox 3516 4080 3613 4150; x_wconf 82' lang='lat' dir='ltr'><strong>ille</strong></span> 
     </span>
    </p>
   </div>
   <div class='ocr_carea' id='block_1_103' title="bbox 1920 4147 3612 4221">
    <p class='ocr_par' dir='ltr' id='par_1_103' title="bbox 1920 4147 3612 4221">
     <span class='ocr_line' id='line_1_103' title="bbox 1920 4147 3612 4221; baseline -0.002 -16"><span class='ocrx_word' id='word_1_634' title='bbox 1920 4147 2302 4221; x_wconf 82' lang='lat' dir='ltr'><strong>Polyphemus</strong></span> <span class='ocrx_word' id='word_1_635' title='bbox 2333 4151 2534 4216; x_wconf 89' lang='lat' dir='ltr'><strong>dictus,</strong></span> <span class='ocrx_word' id='word_1_636' title='bbox 2571 4148 2860 4221; x_wconf 82' lang='lat' dir='ltr'><strong>ferebatur</strong></span> <span class='ocrx_word' id='word_1_637' title='bbox 2900 4149 3148 4217; x_wconf 74' lang='lat' dir='ltr'><strong>Neptuni</strong></span> <span class='ocrx_word' id='word_1_638' title='bbox 3187 4147 3360 4221; x_wconf 84' lang='lat' dir='ltr'><strong>ﬁlius,</strong></span> <span class='ocrx_word' id='word_1_639' title='bbox 3390 4147 3612 4221; x_wconf 86' lang='lat' dir='ltr'><strong>ingenti</strong></span> 
     </span>
    </p>
   </div>
   <div class='ocr_carea' id='block_1_104' title="bbox 1919 4219 3611 4293">
    <p class='ocr_par' dir='ltr' id='par_1_104' title="bbox 1919 4219 3611 4293">
     <span class='ocr_line' id='line_1_104' title="bbox 1919 4219 3611 4293; baseline -0.002 -17"><span class='ocrx_word' id='word_1_640' title='bbox 1919 4219 2154 4293; x_wconf 83' lang='lat' dir='ltr'><strong>corpore</strong></span> <span class='ocrx_word' id='word_1_641' title='bbox 2179 4222 2476 4291; x_wconf 79' lang='lat' dir='ltr'><strong>praeditus,</strong></span> <span class='ocrx_word' id='word_1_642' title='bbox 2505 4221 2601 4274; x_wconf 91' lang='lat' dir='ltr'><strong>sed</strong></span> <span class='ocrx_word' id='word_1_643' title='bbox 2632 4236 2744 4273; x_wconf 92' lang='lat' dir='ltr'><strong>uno</strong></span> <span class='ocrx_word' id='word_1_644' title='bbox 2787 4220 3062 4293; x_wconf 80' lang='lat' dir='ltr'><strong>duntaxat</strong></span> <span class='ocrx_word' id='word_1_645' title='bbox 3093 4220 3281 4293; x_wconf 84' lang='lat' dir='ltr'><strong>oculo,</strong></span> <span class='ocrx_word' id='word_1_646' title='bbox 3327 4235 3500 4288; x_wconf 89' lang='lat' dir='ltr'><strong>quem</strong></span> <span class='ocrx_word' id='word_1_647' title='bbox 3551 4219 3611 4293; x_wconf 85' lang='lat' dir='ltr'><strong>i_n</strong></span> 
     </span>
    </p>
   </div>
   <div class='ocr_carea' id='block_1_105' title="bbox 1919 4288 3607 4360">
    <p class='ocr_par' dir='ltr' id='par_1_105' title="bbox 1919 4288 3607 4360">
     <span class='ocr_line' id='line_1_105' title="bbox 1919 4288 3607 4360; baseline -0.004 -13"><span class='ocrx_word' id='word_1_648' title='bbox 1919 4288 2107 4348; x_wconf 80' lang='lat' dir='ltr'><strong>fronte</strong></span> <span class='ocrx_word' id='word_1_649' title='bbox 2140 4288 2402 4347; x_wconf 79' lang='lat' dir='ltr'><strong>habebat.</strong></span> <span class='ocrx_word' id='word_1_650' title='bbox 2447 4294 2825 4346; x_wconf 86' lang='lat' dir='ltr'><strong>Devoraverat</strong></span> <span class='ocrx_word' id='word_1_651' title='bbox 2851 4291 2968 4360; x_wconf 87' lang='lat' dir='ltr'><strong>jam</strong></span> <span class='ocrx_word' id='word_1_652' title='bbox 3006 4290 3280 4359; x_wconf 90' lang='lat' dir='ltr'><strong>quosdam</strong></span> <span class='ocrx_word' id='word_1_653' title='bbox 3322 4305 3387 4343; x_wconf 80' lang='lat' dir='ltr'><strong>ex</strong></span> <span class='ocrx_word' id='word_1_654' title='bbox 3427 4288 3607 4342; x_wconf 91' lang='lat' dir='ltr'><strong>comi-</strong></span> 
     </span>
    </p>
   </div>
   <div class='ocr_carea' id='block_1_106' title="bbox 1919 4360 3609 4435">
    <p class='ocr_par' dir='ltr' id='par_1_106' title="bbox 1919 4360 3609 4435">
     <span class='ocr_line' id='line_1_106' title="bbox 1919 4360 3609 4435; baseline -0.004 -17"><span class='ocrx_word' id='word_1_655' title='bbox 1919 4365 2072 4418; x_wconf 86' lang='lat' dir='ltr'><strong>tibus</strong></span> <span class='ocrx_word' id='word_1_656' title='bbox 2101 4364 2333 4435; x_wconf 88' lang='lat' dir='ltr'><strong>Ulyssis,</strong></span> <span class='ocrx_word' id='word_1_657' title='bbox 2367 4364 2621 4433; x_wconf 88' lang='lat' dir='ltr'><strong>reliquos</strong></span> <span class='ocrx_word' id='word_1_658' title='bbox 2649 4363 2849 4415; x_wconf 90' lang='lat' dir='ltr'><strong>eodem</strong></span> <span class='ocrx_word' id='word_1_659' title='bbox 2883 4360 3082 4435; x_wconf 86' lang='lat' dir='ltr'><strong>mortis</strong></span> <span class='ocrx_word' id='word_1_660' title='bbox 3124 4377 3333 4430; x_wconf 84' lang='lat' dir='ltr'><strong>genere</strong></span> <span class='ocrx_word' id='word_1_661' title='bbox 3385 4376 3609 4435; x_wconf 79' lang='lat' dir='ltr'><strong>perem-</strong></span> 
     </span>
    </p>
   </div>
   <div class='ocr_carea' id='block_1_107' title="bbox 1920 4431 3614 4506">
    <p class='ocr_par' dir='ltr' id='par_1_107' title="bbox 1920 4431 3614 4506">
     <span class='ocr_line' id='line_1_107' title="bbox 1920 4431 3614 4506; baseline -0.004 -17"><span class='ocrx_word' id='word_1_662' title='bbox 1920 4443 2146 4506; x_wconf 87' lang='lat' dir='ltr'><strong>pturus,</strong></span> <span class='ocrx_word' id='word_1_663' title='bbox 2171 4431 2307 4488; x_wconf 82' lang='lat' dir='ltr'><strong>cum</strong></span> <span class='ocrx_word' id='word_1_664' title='bbox 2336 4431 2554 4504; x_wconf 76' lang='lat' dir='ltr'><strong>Ulysses</strong></span> <span class='ocrx_word' id='word_1_665' title='bbox 2589 4435 2697 4487; x_wconf 90' lang='lat' dir='ltr'><strong>sibi</strong></span> <span class='ocrx_word' id='word_1_666' title='bbox 2729 4450 2838 4506; x_wconf 94' lang='lat' dir='ltr'><strong>non</strong></span> <span class='ocrx_word' id='word_1_667' title='bbox 2873 4433 3062 4506; x_wconf 82' lang='lat' dir='ltr'><strong>minus</strong></span> <span class='ocrx_word' id='word_1_668' title='bbox 3097 4448 3269 4506; x_wconf 83' lang='lat' dir='ltr'><strong>quam</strong></span> <span class='ocrx_word' id='word_1_669' title='bbox 3301 4431 3614 4506; x_wconf 82' lang='lat' dir='ltr'><strong>superstiti-</strong></span> 
     </span>
    </p>
   </div>
   <div class='ocr_carea' id='block_1_108' title="bbox 1921 4502 3612 4574">
    <p class='ocr_par' dir='ltr' id='par_1_108' title="bbox 1921 4502 3612 4574">
     <span class='ocr_line' id='line_1_108' title="bbox 1921 4502 3612 4574; baseline -0.004 -13"><span class='ocrx_word' id='word_1_670' title='bbox 1921 4502 2028 4561; x_wconf 81' lang='lat' dir='ltr'><strong>bus</strong></span> <span class='ocrx_word' id='word_1_671' title='bbox 2060 4507 2225 4560; x_wconf 89' lang='lat' dir='ltr'><strong>sociis</strong></span> <span class='ocrx_word' id='word_1_672' title='bbox 2263 4502 2546 4571; x_wconf 83' lang='lat' dir='ltr'><strong>metuens,</strong></span> <span class='ocrx_word' id='word_1_673' title='bbox 2585 4505 2997 4574; x_wconf 84' lang='lat' dir='ltr'><strong>Polyphemum</strong></span> <span class='ocrx_word' id='word_1_674' title='bbox 3044 4503 3349 4556; x_wconf 87' lang='lat' dir='ltr'><strong>inebriavit</strong></span> <span class='ocrx_word' id='word_1_675' title='bbox 3383 4502 3612 4574; x_wconf 90' lang='lat' dir='ltr'><strong>altoque</strong></span> 
     </span>
    </p>
   </div>
   <div class='ocr_carea' id='block_1_109' title="bbox 1921 4573 3607 4648">
    <p class='ocr_par' dir='ltr' id='par_1_109' title="bbox 1921 4573 3607 4648">
     <span class='ocr_line' id='line_1_109' title="bbox 1921 4573 3607 4648; baseline -0.002 -18"><span class='ocrx_word' id='word_1_676' title='bbox 1921 4594 2125 4648; x_wconf 90' lang='lat' dir='ltr'><strong>sopore</strong></span> <span class='ocrx_word' id='word_1_677' title='bbox 2157 4579 2425 4631; x_wconf 88' lang='lat' dir='ltr'><strong>obrutum</strong></span> <span class='ocrx_word' id='word_1_678' title='bbox 2458 4579 2633 4641; x_wconf 87' lang='lat' dir='ltr'><strong>clava,</strong></span> <span class='ocrx_word' id='word_1_679' title='bbox 2667 4573 2765 4629; x_wconf 82' lang='lat' dir='ltr'><strong>aut</strong></span> <span class='ocrx_word' id='word_1_680' title='bbox 2795 4576 2997 4648; x_wconf 79' lang='lat' dir='ltr'><strong>adusto</strong></span> <span class='ocrx_word' id='word_1_681' title='bbox 3029 4575 3249 4648; x_wconf 75' lang='lat' dir='ltr'><strong>stipite,</strong></span> <span class='ocrx_word' id='word_1_682' title='bbox 3279 4573 3607 4648; x_wconf 75' lang='lat' dir='ltr'><strong>excaecavit;</strong></span> 
     </span>
    </p>
   </div>
   <div class='ocr_carea' id='block_1_110' title="bbox 1921 4643 3608 4718">
    <p class='ocr_par' dir='ltr' id='par_1_110' title="bbox 1921 4643 3608 4718">
     <span class='ocr_line' id='line_1_110' title="bbox 1921 4643 3608 4718; baseline -0.004 -15"><span class='ocrx_word' id='word_1_683' title='bbox 1921 4643 2301 4703; x_wconf 74' lang='lat' dir='ltr'><strong>tuinsocioset</strong></span> <span class='ocrx_word' id='word_1_684' title='bbox 2332 4651 2700 4718; x_wconf 88' lang='lat' dir='ltr'><strong>semetipsum</strong></span> <span class='ocrx_word' id='word_1_685' title='bbox 2728 4646 2829 4700; x_wconf 90' lang='lat' dir='ltr'><strong>sub</strong></span> <span class='ocrx_word' id='word_1_686' title='bbox 2863 4645 3101 4698; x_wconf 85' lang='lat' dir='ltr'><strong>arietum</strong></span> <span class='ocrx_word' id='word_1_687' title='bbox 3137 4644 3283 4697; x_wconf 88' lang='lat' dir='ltr'><strong>villis</strong></span> <span class='ocrx_word' id='word_1_688' title='bbox 3303 4643 3608 4718; x_wconf 85' lang='lat' dir='ltr'><strong>implicuit,</strong></span> 
     </span>
    </p>
   </div>
   <div class='ocr_carea' id='block_1_111' title="bbox 150 4699 3614 4791">
    <p class='ocr_par' dir='ltr' id='par_1_111' title="bbox 150 4699 3614 4791">
     <span class='ocr_line' id='line_1_111' title="bbox 150 4699 3614 4791; baseline 0 -24"><span class='ocrx_word' id='word_1_689' title='bbox 150 4699 323 4791; x_wconf 65' lang='lat' dir='ltr'><strong>mirum</strong></span> <span class='ocrx_word' id='word_1_690' title='bbox 357 4699 779 4786; x_wconf 63' lang='lat' dir='ltr'><strong>Paris,Priami,</strong></span> <span class='ocrx_word' id='word_1_691' title='bbox 807 4721 957 4790; x_wconf 89' lang='lat' dir='ltr'><strong>regis</strong></span> <span class='ocrx_word' id='word_1_692' title='bbox 986 4699 1366 4791; x_wconf 56' lang='lat' dir='ltr'><strong>Trojanorum</strong></span> <span class='ocrx_word' id='word_1_693' title='bbox 1400 4722 1572 4787; x_wconf 90' lang='lat' dir='ltr'><strong>ﬁlius,</strong></span> <span class='ocrx_word' id='word_1_694' title='bbox 1600 4722 1808 4775; x_wconf 87' lang='lat' dir='ltr'><strong>instru-</strong></span> <span class='ocrx_word' id='word_1_695' title='bbox 1845 4699 1889 4752; x_wconf 71' lang='grc' dir='ltr'><strong>Β</strong></span> <span class='ocrx_word' id='word_1_696' title='bbox 1921 4721 2271 4789; x_wconf 79' lang='lat' dir='ltr'><strong>tandemque</strong></span> <span class='ocrx_word' id='word_1_697' title='bbox 2307 4735 2504 4772; x_wconf 89' lang='lat' dir='ltr'><strong>omnes</strong></span> <span class='ocrx_word' id='word_1_698' title='bbox 2535 4699 2657 4791; x_wconf 64' lang='grc' dir='ltr'><strong>Ι111111</strong></span> <span class='ocrx_word' id='word_1_699' title='bbox 2689 4734 2818 4791; x_wconf 89' lang='lat' dir='ltr'><strong>cum</strong></span> <span class='ocrx_word' id='word_1_700' title='bbox 2859 4732 3031 4786; x_wconf 83' lang='lat' dir='ltr'><strong>grege</strong></span> <span class='ocrx_word' id='word_1_701' title='bbox 3081 4731 3145 4768; x_wconf 80' lang='lat' dir='ltr'><strong>ex</strong></span> <span class='ocrx_word' id='word_1_702' title='bbox 3195 4720 3358 4791; x_wconf 87' lang='lat' dir='ltr'><strong>antro</strong></span> <span class='ocrx_word' id='word_1_703' title='bbox 3388 4699 3614 4791; x_wconf 35' lang='lat' dir='ltr'><strong>fegressi</strong></span> 
     </span>
    </p>
   </div>
   <div class='ocr_carea' id='block_1_112' title="bbox 149 4785 1799 4863">
    <p class='ocr_par' dir='ltr' id='par_1_112' title="bbox 149 4785 1799 4863">
     <span class='ocr_line' id='line_1_112' title="bbox 149 4785 1799 4863; baseline 0.007 -28"><span class='ocrx_word' id='word_1_704' title='bbox 149 4785 217 4834; x_wconf 84' lang='lat' dir='ltr'><strong>cta</strong></span> <span class='ocrx_word' id='word_1_705' title='bbox 244 4787 400 4841; x_wconf 86' lang='lat' dir='ltr'><strong>classe</strong></span> <span class='ocrx_word' id='word_1_706' title='bbox 430 4791 488 4844; x_wconf 90' lang='lat' dir='ltr'><strong>in</strong></span> <span class='ocrx_word' id='word_1_707' title='bbox 519 4785 790 4845; x_wconf 62' lang='lat' dir='ltr'><strong>Graeciam</strong></span> <span class='ocrx_word' id='word_1_708' title='bbox 823 4785 1112 4862; x_wconf 68' lang='lat' dir='ltr'><strong>profectus</strong></span> <span class='ocrx_word' id='word_1_709' title='bbox 1139 4793 1209 4846; x_wconf 90' lang='lat' dir='ltr'><strong>ad</strong></span> <span class='ocrx_word' id='word_1_710' title='bbox 1239 4785 1566 4846; x_wconf 87' lang='lat' dir='ltr'><strong>Menelaum</strong></span> <span class='ocrx_word' id='word_1_711' title='bbox 1590 4793 1799 4863; x_wconf 73' lang='lat' dir='ltr'><strong>Spartae</strong></span> 
     </span>
    </p>
   </div>
   <div class='ocr_carea' id='block_1_113' title="bbox 153 4863 1797 4934">
    <p class='ocr_par' dir='ltr' id='par_1_113' title="bbox 153 4863 1797 4934">
     <span class='ocr_line' id='line_1_113' title="bbox 153 4863 1797 4934; baseline 0.002 -20"><span class='ocrx_word' id='word_1_712' title='bbox 153 4866 316 4934; x_wconf 63' lang='lat' dir='ltr'><strong>regem</strong></span> <span class='ocrx_word' id='word_1_713' title='bbox 360 4863 636 4934; x_wconf 87' lang='lat' dir='ltr'><strong>pervenit,</strong></span> <span class='ocrx_word' id='word_1_714' title='bbox 693 4864 1079 4933; x_wconf 87' lang='lat' dir='ltr'><strong>Helenamque</strong></span> <span class='ocrx_word' id='word_1_715' title='bbox 1124 4865 1246 4932; x_wconf 87' lang='lat' dir='ltr'><strong>ejus</strong></span> <span class='ocrx_word' id='word_1_716' title='bbox 1277 4880 1514 4917; x_wconf 82' lang='lat' dir='ltr'><strong>uxorem</strong></span> <span class='ocrx_word' id='word_1_717' title='bbox 1558 4865 1797 4934; x_wconf 90' lang='lat' dir='ltr'><strong>rapuit:</strong></span> 
     </span>
    </p>
   </div>
   <div class='ocr_carea' id='block_1_114' title="bbox 151 4927 1807 5004">
    <p class='ocr_par' dir='ltr' id='par_1_114' title="bbox 151 4927 1807 5004">
     <span class='ocr_line' id='line_1_114' title="bbox 151 4927 1807 5004; baseline 0.005 -23"><span class='ocrx_word' id='word_1_718' title='bbox 151 4927 277 5004; x_wconf 56' lang='lat' dir='ltr'><strong>(199d</strong></span> <span class='ocrx_word' id='word_1_719' title='bbox 292 4927 494 5004; x_wconf 64' lang='lat' dir='ltr'><strong>inique</strong></span> <span class='ocrx_word' id='word_1_720' title='bbox 526 4927 717 4986; x_wconf 86' lang='lat' dir='ltr'><strong>ferens</strong></span> <span class='ocrx_word' id='word_1_721' title='bbox 758 4927 1169 5002; x_wconf 66' lang='lat' dir='ltr'><strong>Agamemnon</strong></span> <span class='ocrx_word' id='word_1_722' title='bbox 1193 4936 1348 4988; x_wconf 87' lang='lat' dir='ltr'><strong>Atrei</strong></span> <span class='ocrx_word' id='word_1_723' title='bbox 1381 4936 1532 4988; x_wconf 89' lang='lat' dir='ltr'><strong>ﬁlius</strong></span> <span class='ocrx_word' id='word_1_724' title='bbox 1572 4927 1807 5004; x_wconf 60' lang='lat' dir='ltr'><strong>etprae-</strong></span> 
     </span>
    </p>
   </div>
   <div class='ocr_carea' id='block_1_115' title="bbox 152 4995 1807 5076">
    <p class='ocr_par' dir='ltr' id='par_1_115' title="bbox 152 4995 1807 5076">
     <span class='ocr_line' id='line_1_115' title="bbox 152 4995 1807 5076; baseline 0.008 -31"><span class='ocrx_word' id='word_1_725' title='bbox 152 4995 260 5076; x_wconf 60' lang='lat' dir='ltr'><strong>tlicti</strong></span> <span class='ocrx_word' id='word_1_726' title='bbox 291 4995 514 5076; x_wconf 78' lang='lat' dir='ltr'><strong>lllenelai</strong></span> <span class='ocrx_word' id='word_1_727' title='bbox 563 5004 759 5070; x_wconf 86' lang='lat' dir='ltr'><strong>frater,</strong></span> <span class='ocrx_word' id='word_1_728' title='bbox 807 4995 1133 5058; x_wconf 67' lang='lat' dir='ltr'><strong>convocatis</strong></span> <span class='ocrx_word' id='word_1_729' title='bbox 1173 5006 1402 5060; x_wconf 64' lang='lat' dir='ltr'><strong>Graeciae</strong></span> <span class='ocrx_word' id='word_1_730' title='bbox 1451 4995 1807 5076; x_wconf 78' lang='lat' dir='ltr'><strong>principibus</strong></span> 
     </span>
    </p>
   </div>
   <div class='ocr_carea' id='block_1_116' title="bbox 156 5064 1806 5147">
    <p class='ocr_par' dir='ltr' id='par_1_116' title="bbox 156 5064 1806 5147">
     <span class='ocr_line' id='line_1_116' title="bbox 156 5064 1806 5147; baseline 0.01 -33"><span class='ocrx_word' id='word_1_731' title='bbox 156 5064 498 5147; x_wconf 77' lang='lat' dir='ltr'><strong>transfretavit</strong></span> <span class='ocrx_word' id='word_1_732' title='bbox 527 5076 585 5128; x_wconf 89' lang='lat' dir='ltr'><strong>in</strong></span> <span class='ocrx_word' id='word_1_733' title='bbox 624 5064 950 5146; x_wconf 81' lang='lat' dir='ltr'><strong>Phrygiam,</strong></span> <span class='ocrx_word' id='word_1_734' title='bbox 992 5077 1220 5144; x_wconf 87' lang='lat' dir='ltr'><strong>Trojam</strong></span> <span class='ocrx_word' id='word_1_735' title='bbox 1270 5064 1516 5142; x_wconf 83' lang='lat' dir='ltr'><strong>obsedit,</strong></span> <span class='ocrx_word' id='word_1_736' title='bbox 1563 5064 1806 5147; x_wconf 82' lang='lat' dir='ltr'><strong>eamque</strong></span> 
     </span>
    </p>
   </div>
   <div class='ocr_carea' id='block_1_117' title="bbox 154 5141 1808 5217">
    <p class='ocr_par' dir='ltr' id='par_1_117' title="bbox 154 5141 1808 5217">
     <span class='ocr_line' id='line_1_117' title="bbox 154 5141 1808 5217; baseline 0.005 -26"><span class='ocrx_word' id='word_1_737' title='bbox 154 5141 580 5217; x_wconf 70' lang='lat' dir='ltr'><strong>p0§t_decennale</strong></span> <span class='ocrx_word' id='word_1_738' title='bbox 609 5141 823 5200; x_wconf 78' lang='lat' dir='ltr'><strong>bellum</strong></span> <span class='ocrx_word' id='word_1_739' title='bbox 849 5147 979 5200; x_wconf 92' lang='lat' dir='ltr'><strong>dolo</strong></span> <span class='ocrx_word' id='word_1_740' title='bbox 1011 5141 1256 5216; x_wconf 79' lang='lat' dir='ltr'><strong>captam,</strong></span> <span class='ocrx_word' id='word_1_741' title='bbox 1291 5149 1440 5202; x_wconf 90' lang='lat' dir='ltr'><strong>ferro</strong></span> <span class='ocrx_word' id='word_1_742' title='bbox 1472 5153 1525 5202; x_wconf 90' lang='lat' dir='ltr'><strong>et</strong></span> <span class='ocrx_word' id='word_1_743' title='bbox 1549 5149 1678 5216; x_wconf 82' lang='lat' dir='ltr'><strong>igne</strong></span> <span class='ocrx_word' id='word_1_744' title='bbox 1712 5141 1808 5217; x_wconf 80' lang='lat' dir='ltr'><strong>po-</strong></span> 
     </span>
    </p>
   </div>
   <div class='ocr_carea' id='block_1_118' title="bbox 152 5206 1807 5288">
    <p class='ocr_par' dir='ltr' id='par_1_118' title="bbox 152 5206 1807 5288">
     <span class='ocr_line' id='line_1_118' title="bbox 152 5206 1807 5288; baseline 0.007 -30"><span class='ocrx_word' id='word_1_745' title='bbox 152 5206 346 5271; x_wconf 86' lang='lat' dir='ltr'><strong>pulatus</strong></span> <span class='ocrx_word' id='word_1_746' title='bbox 383 5222 483 5288; x_wconf 77' lang='lat' dir='ltr'><strong>est.</strong></span> <span class='ocrx_word' id='word_1_747' title='bbox 521 5218 628 5271; x_wconf 90' lang='lat' dir='ltr'><strong>Sed</strong></span> <span class='ocrx_word' id='word_1_748' title='bbox 659 5218 811 5271; x_wconf 87' lang='lat' dir='ltr'><strong>idem</strong></span> <span class='ocrx_word' id='word_1_749' title='bbox 845 5206 1496 5288; x_wconf 45' lang='lat' dir='ltr'><strong>Agamemnon’Trojam</strong></span> <span class='ocrx_word' id='word_1_750' title='bbox 1544 5206 1807 5273; x_wconf 71' lang='lat' dir='ltr'><strong>obsessu-</strong></span> 
     </span>
    </p>
   </div>
   <div class='ocr_carea' id='block_1_119' title="bbox 156 5287 1805 5360">
    <p class='ocr_par' dir='ltr' id='par_1_119' title="bbox 156 5287 1805 5360">
     <span class='ocr_line' id='line_1_119' title="bbox 156 5287 1805 5360; baseline 0.01 -34"><span class='ocrx_word' id='word_1_751' title='bbox 156 5289 248 5339; x_wconf 84' lang='lat' dir='ltr'><strong>rus,</strong></span> <span class='ocrx_word' id='word_1_752' title='bbox 275 5298 393 5338; x_wconf 87' lang='lat' dir='ltr'><strong>cum</strong></span> <span class='ocrx_word' id='word_1_753' title='bbox 424 5287 491 5360; x_wconf 87' lang='lat' dir='ltr'><strong>ad</strong></span> <span class='ocrx_word' id='word_1_754' title='bbox 513 5289 773 5343; x_wconf 80' lang='lat' dir='ltr'><strong>Aulidem</strong></span> <span class='ocrx_word' id='word_1_755' title='bbox 803 5291 1029 5344; x_wconf 75' lang='lat' dir='ltr'><strong>BCBUlltB</strong></span> <span class='ocrx_word' id='word_1_756' title='bbox 1056 5292 1289 5359; x_wconf 87' lang='lat' dir='ltr'><strong>portum</strong></span> <span class='ocrx_word' id='word_1_757' title='bbox 1313 5287 1577 5354; x_wconf 84' lang='lat' dir='ltr'><strong>venisset,</strong></span> <span class='ocrx_word' id='word_1_758' title='bbox 1611 5291 1805 5360; x_wconf 91' lang='lat' dir='ltr'><strong>ibique</strong></span> 
     </span>
    </p>
   </div>
   <div class='ocr_carea' id='block_1_120' title="bbox 155 5359 1799 5431">
    <p class='ocr_par' dir='ltr' id='par_1_120' title="bbox 155 5359 1799 5431">
     <span class='ocr_line' id='line_1_120' title="bbox 155 5359 1799 5431; baseline 0.01 -36"><span class='ocrx_word' id='word_1_759' title='bbox 155 5360 300 5431; x_wconf 36' lang='lat' dir='ltr'><strong>suurn.</strong></span> <span class='ocrx_word' id='word_1_760' title='bbox 319 5359 618 5413; x_wconf 75' lang='lat' dir='ltr'><strong>exercitum</strong></span> <span class='ocrx_word' id='word_1_761' title='bbox 665 5367 1005 5426; x_wconf 88' lang='lat' dir='ltr'><strong>recenseret,</strong></span> <span class='ocrx_word' id='word_1_762' title='bbox 1059 5363 1250 5415; x_wconf 76' lang='lat' dir='ltr'><strong>Dianze</strong></span> <span class='ocrx_word' id='word_1_763' title='bbox 1283 5377 1513 5414; x_wconf 88' lang='lat' dir='ltr'><strong>cervum</strong></span> <span class='ocrx_word' id='word_1_764' title='bbox 1561 5362 1799 5430; x_wconf 85' lang='lat' dir='ltr'><strong>ignarus</strong></span> 
     </span>
    </p>
   </div>
   <div class='ocr_carea' id='block_1_121' title="bbox 157 5423 1802 5502">
    <p class='ocr_par' dir='ltr' id='par_1_121' title="bbox 157 5423 1802 5502">
     <span class='ocr_line' id='line_1_121' title="bbox 157 5423 1802 5502; baseline 0.01 -35"><span class='ocrx_word' id='word_1_765' title='bbox 157 5423 329 5502; x_wconf 81' lang='lat' dir='ltr'><strong>occidit</strong></span> <span class='ocrx_word' id='word_1_766' title='bbox 362 5443 372 5478; x_wconf 92' lang='lat'><strong>:</strong></span> <span class='ocrx_word' id='word_1_767' title='bbox 398 5432 765 5496; x_wconf 81' lang='lat' dir='ltr'><strong>quamobrem</strong></span> <span class='ocrx_word' id='word_1_768' title='bbox 782 5433 962 5485; x_wconf 88' lang='lat' dir='ltr'><strong>Diana</strong></span> <span class='ocrx_word' id='word_1_769' title='bbox 981 5423 1144 5496; x_wconf 84' lang='lat' dir='ltr'><strong>irata,</strong></span> <span class='ocrx_word' id='word_1_770' title='bbox 1169 5433 1426 5486; x_wconf 90' lang='lat' dir='ltr'><strong>immissa</strong></span> <span class='ocrx_word' id='word_1_771' title='bbox 1456 5423 1802 5502; x_wconf 65' lang='lat' dir='ltr'><strong>pestilentia,</strong></span> 
     </span>
    </p>
   </div>
   <div class='ocr_carea' id='block_1_122' title="bbox 159 5496 1802 5573">
    <p class='ocr_par' dir='ltr' id='par_1_122' title="bbox 159 5496 1802 5573">
     <span class='ocr_line' id='line_1_122' title="bbox 159 5496 1802 5573; baseline 0.009 -32"><span class='ocrx_word' id='word_1_772' title='bbox 159 5496 323 5573; x_wconf 62' lang='lat' dir='ltr'><strong>ventos</strong></span> <span class='ocrx_word' id='word_1_773' title='bbox 352 5503 670 5568; x_wconf 85' lang='lat' dir='ltr'><strong>suppressit.</strong></span> <span class='ocrx_word' id='word_1_774' title='bbox 716 5504 1140 5557; x_wconf 86' lang='lat' dir='ltr'><strong>Consuluerunt</strong></span> <span class='ocrx_word' id='word_1_775' title='bbox 1180 5496 1495 5568; x_wconf 81' lang='lat' dir='ltr'><strong>oraculum,</strong></span> <span class='ocrx_word' id='word_1_776' title='bbox 1521 5519 1552 5555; x_wconf 89' lang='lat' dir='ltr'><strong>a</strong></span> <span class='ocrx_word' id='word_1_777' title='bbox 1575 5519 1686 5573; x_wconf 86' lang='lat' dir='ltr'><strong>quo</strong></span> <span class='ocrx_word' id='word_1_778' title='bbox 1715 5496 1802 5556; x_wconf 57' lang='lat' dir='ltr'><strong>reé</strong></span> 
     </span>
    </p>
   </div>
   <div class='ocr_carea' id='block_1_123' title="bbox 159 5572 1802 5646">
    <p class='ocr_par' dir='ltr' id='par_1_123' title="bbox 159 5572 1802 5646">
     <span class='ocr_line' id='line_1_123' title="bbox 159 5572 1802 5646; baseline 0.004 -25"><span class='ocrx_word' id='word_1_779' title='bbox 159 5572 393 5646; x_wconf 60' lang='grc' dir='ltr'><strong>ξρρξιε-ιιῐξι</strong></span> <span class='ocrx_word' id='word_1_780' title='bbox 426 5575 525 5646; x_wconf 82' lang='lat' dir='ltr'><strong>est,</strong></span> <span class='ocrx_word' id='word_1_781' title='bbox 555 5588 672 5626; x_wconf 90' lang='lat' dir='ltr'><strong>non</strong></span> <span class='ocrx_word' id='word_1_782' title='bbox 719 5580 853 5626; x_wconf 87' lang='lat' dir='ltr'><strong>ante</strong></span> <span class='ocrx_word' id='word_1_783' title='bbox 894 5575 1213 5645; x_wconf 83' lang='lat' dir='ltr'><strong>paciticatos</strong></span> <span class='ocrx_word' id='word_1_784' title='bbox 1255 5576 1375 5628; x_wconf 84' lang='lat' dir='ltr'><strong>fore</strong></span> <span class='ocrx_word' id='word_1_785' title='bbox 1423 5574 1603 5646; x_wconf 71' lang='lat' dir='ltr'><strong>deos,</strong></span> <span class='ocrx_word' id='word_1_786' title='bbox 1631 5589 1802 5644; x_wconf 86' lang='lat' dir='ltr'><strong>quam</strong></span> 
     </span>
    </p>
   </div>
   <div class='ocr_carea' id='block_1_124' title="bbox 159 5627 1799 5716">
    <p class='ocr_par' dir='ltr' id='par_1_124' title="bbox 159 5627 1799 5716">
     <span class='ocr_line' id='line_1_124' title="bbox 159 5627 1799 5716; baseline 0.007 -30"><span class='ocrx_word' id='word_1_787' title='bbox 159 5627 420 5716; x_wconf 51' lang='lat' dir='ltr'><strong>Iphigenia</strong></span> <span class='ocrx_word' id='word_1_788' title='bbox 447 5627 1103 5715; x_wconf 43' lang='lat' dir='ltr'><strong>Agamemnonis‘ipsius</strong></span> <span class='ocrx_word' id='word_1_789' title='bbox 1126 5646 1240 5698; x_wconf 89' lang='lat' dir='ltr'><strong>ﬁlia</strong></span> <span class='ocrx_word' id='word_1_790' title='bbox 1269 5627 1799 5699; x_wconf 50' lang='lat' dir='ltr'><strong>immolata&#39;fuisset.</strong></span> 
     </span>
    </p>
   </div>
   <div class='ocr_carea' id='block_1_125' title="bbox 162 5698 1798 5787">
    <p class='ocr_par' dir='ltr' id='par_1_125' title="bbox 162 5698 1798 5787">
     <span class='ocr_line' id='line_1_125' title="bbox 162 5698 1798 5787; baseline 0.011 -35"><span class='ocrx_word' id='word_1_791' title='bbox 162 5698 465 5775; x_wconf 73' lang='lat' dir='ltr'><strong>Obsequitur</strong></span> <span class='ocrx_word' id='word_1_792' title='bbox 493 5698 666 5783; x_wconf 70' lang='lat' dir='ltr'><strong>pater,</strong></span> <span class='ocrx_word' id='word_1_793' title='bbox 700 5716 807 5786; x_wconf 90' lang='lat' dir='ltr'><strong>ipsi</strong></span> <span class='ocrx_word' id='word_1_794' title='bbox 818 5698 995 5787; x_wconf 65' lang='lat' dir='ltr'><strong>usque</strong></span> <span class='ocrx_word' id='word_1_795' title='bbox 1017 5717 1324 5772; x_wconf 88' lang='lat' dir='ltr'><strong>sacerdotis</strong></span> <span class='ocrx_word' id='word_1_796' title='bbox 1339 5698 1526 5771; x_wconf 83' lang='lat' dir='ltr'><strong>ofﬁcio</strong></span> <span class='ocrx_word' id='word_1_797' title='bbox 1551 5716 1798 5783; x_wconf 86' lang='lat' dir='ltr'><strong>functus,</strong></span> 
     </span>
    </p>
   </div>
   <div class='ocr_carea' id='block_1_126' title="bbox 1915 4787 3612 4857">
    <p class='ocr_par' dir='ltr' id='par_1_126' title="bbox 1915 4787 3612 4857">
     <span class='ocr_line' id='line_1_126' title="bbox 1915 4787 3612 4857; baseline -0.003 -12"><span class='ocrx_word' id='word_1_798' title='bbox 1915 4796 2132 4845; x_wconf 80' lang='lat' dir='ltr'><strong>tantam</strong></span> <span class='ocrx_word' id='word_1_799' title='bbox 2173 4787 2498 4844; x_wconf 86' lang='lat' dir='ltr'><strong>habuerunt</strong></span> <span class='ocrx_word' id='word_1_800' title='bbox 2547 4790 2823 4853; x_wconf 59' lang='lat' dir='ltr'><strong>laetitiam,</strong></span> <span class='ocrx_word' id='word_1_801' title='bbox 2883 4791 3153 4857; x_wconf 85' lang='lat' dir='ltr'><strong>quantam</strong></span> <span class='ocrx_word' id='word_1_802' title='bbox 3208 4787 3498 4840; x_wconf 86' lang='lat' dir='ltr'><strong>tristitiam</strong></span> <span class='ocrx_word' id='word_1_803' title='bbox 3549 4802 3612 4840; x_wconf 87' lang='lat' dir='ltr'><strong>ex</strong></span> 
     </span>
    </p>
   </div>
   <div class='ocr_carea' id='block_1_127' title="bbox 1912 4860 3347 4928">
    <p class='ocr_par' dir='ltr' id='par_1_127' title="bbox 1912 4860 3347 4928">
     <span class='ocr_line' id='line_1_127' title="bbox 1912 4860 3347 4928; baseline -0.003 -12"><span class='ocrx_word' id='word_1_804' title='bbox 1912 4868 2096 4916; x_wconf 86' lang='lat' dir='ltr'><strong>morte</strong></span> <span class='ocrx_word' id='word_1_805' title='bbox 2119 4863 2428 4925; x_wconf 86' lang='lat' dir='ltr'><strong>sociorum,</strong></span> <span class='ocrx_word' id='word_1_806' title='bbox 2463 4865 2517 4913; x_wconf 89' lang='lat' dir='ltr'><strong>et</strong></span> <span class='ocrx_word' id='word_1_807' title='bbox 2547 4876 2647 4913; x_wconf 91' lang='lat' dir='ltr'><strong>suo</strong></span> <span class='ocrx_word' id='word_1_808' title='bbox 2677 4860 2926 4928; x_wconf 84' lang='lat' dir='ltr'><strong>periculo</strong></span> <span class='ocrx_word' id='word_1_809' title='bbox 2952 4863 3347 4928; x_wconf 86' lang='lat' dir='ltr'><strong>conceperant.</strong></span> 
     </span>
    </p>
   </div>
   <div class='ocr_carea' id='block_1_128' title="bbox 1994 4928 3613 4988">
    <p class='ocr_par' dir='ltr' id='par_1_128' title="bbox 1994 4928 3613 4988">
     <span class='ocr_line' id='line_1_128' title="bbox 1994 4928 3613 4988; baseline -0.003 -1"><span class='ocrx_word' id='word_1_810' title='bbox 1994 4937 2076 4988; x_wconf 88' lang='grc'><strong>13.</strong></span> <span class='ocrx_word' id='word_1_811' title='bbox 2111 4935 2393 4986; x_wconf 83' lang='lat' dir='ltr'><strong>Herculem</strong></span> <span class='ocrx_word' id='word_1_812' title='bbox 2420 4933 2548 4984; x_wconf 85' lang='lat' dir='ltr'><strong>duri</strong></span> <span class='ocrx_word' id='word_1_813' title='bbox 2585 4931 2856 4984; x_wconf 83' lang='lat' dir='ltr'><strong>celebrant</strong></span> <span class='ocrx_word' id='word_1_814' title='bbox 2902 4928 3160 4988; x_wconf 58' lang='lat' dir='ltr'><strong>labores}</strong></span> <span class='ocrx_word' id='word_1_815' title='bbox 3204 4930 3298 4983; x_wconf 93' lang='grc'><strong>111.</strong></span> <span class='ocrx_word' id='word_1_816' title='bbox 3349 4928 3613 4982; x_wconf 89' lang='lat' dir='ltr'><strong>Philoso-</strong></span> 
     </span>
    </p>
   </div>
   <div class='ocr_carea' id='block_1_129' title="bbox 1918 5000 3612 5075">
    <p class='ocr_par' dir='ltr' id='par_1_129' title="bbox 1918 5000 3612 5075">
     <span class='ocr_line' id='line_1_129' title="bbox 1918 5000 3612 5075; baseline -0.004 -17"><span class='ocrx_word' id='word_1_817' title='bbox 1918 5005 2054 5075; x_wconf 89' lang='lat' dir='ltr'><strong>phia</strong></span> <span class='ocrx_word' id='word_1_818' title='bbox 2082 5005 2340 5074; x_wconf 87' lang='lat' dir='ltr'><strong>exemplo</strong></span> <span class='ocrx_word' id='word_1_819' title='bbox 2373 5003 2648 5066; x_wconf 85' lang='lat' dir='ltr'><strong>Herculis,</strong></span> <span class='ocrx_word' id='word_1_820' title='bbox 2681 5002 2885 5072; x_wconf 88' lang='lat' dir='ltr'><strong>probat</strong></span> <span class='ocrx_word' id='word_1_821' title='bbox 2911 5017 3026 5054; x_wconf 91' lang='lat' dir='ltr'><strong>non</strong></span> <span class='ocrx_word' id='word_1_822' title='bbox 3053 5001 3386 5075; x_wconf 75' lang='lat' dir='ltr'><strong>comparari</strong></span> <span class='ocrx_word' id='word_1_823' title='bbox 3407 5000 3612 5075; x_wconf 83' lang='lat' dir='ltr'><strong>coelum</strong></span> 
     </span>
    </p>
   </div>
   <div class='ocr_carea' id='block_1_130' title="bbox 1918 5071 3612 5146">
    <p class='ocr_par' dir='ltr' id='par_1_130' title="bbox 1918 5071 3612 5146">
     <span class='ocr_line' id='line_1_130' title="bbox 1918 5071 3612 5146; baseline -0.004 -17"><span class='ocrx_word' id='word_1_824' title='bbox 1918 5071 2028 5129; x_wconf 77' lang='lat' dir='ltr'><strong>nisi</strong></span> <span class='ocrx_word' id='word_1_825' title='bbox 2081 5081 2209 5146; x_wconf 92' lang='lat' dir='ltr'><strong>post</strong></span> <span class='ocrx_word' id='word_1_826' title='bbox 2253 5071 2560 5144; x_wconf 81' lang='lat' dir='ltr'><strong>superatos</strong></span> <span class='ocrx_word' id='word_1_827' title='bbox 2602 5071 3010 5146; x_wconf 21' lang='lat' dir='ltr'><strong>pluresdterrte</strong></span> <span class='ocrx_word' id='word_1_828' title='bbox 3051 5072 3292 5146; x_wconf 84' lang='lat' dir='ltr'><strong>labores.</strong></span> <span class='ocrx_word' id='word_1_829' title='bbox 3346 5071 3612 5146; x_wconf 85' lang='lat' dir='ltr'><strong>Hercules</strong></span> 
     </span>
    </p>
   </div>
   <div class='ocr_carea' id='block_1_131' title="bbox 1919 5141 3612 5217">
    <p class='ocr_par' dir='ltr' id='par_1_131' title="bbox 1919 5141 3612 5217">
     <span class='ocr_line' id='line_1_131' title="bbox 1919 5141 3612 5217; baseline -0.005 -16"><span class='ocrx_word' id='word_1_830' title='bbox 1919 5141 2131 5217; x_wconf 75' lang='lat' dir='ltr'><strong>quippe</strong></span> <span class='ocrx_word' id='word_1_831' title='bbox 2163 5141 2344 5212; x_wconf 58' lang='lat' dir='ltr'><strong>Jovis;</strong></span> <span class='ocrx_word' id='word_1_832' title='bbox 2370 5150 2425 5198; x_wconf 89' lang='lat' dir='ltr'><strong>et</strong></span> <span class='ocrx_word' id='word_1_833' title='bbox 2448 5141 2733 5217; x_wconf 49' lang='lat' dir='ltr'><strong>Alcmena},</strong></span> <span class='ocrx_word' id='word_1_834' title='bbox 2762 5144 2930 5217; x_wconf 85' lang='lat' dir='ltr'><strong>ﬁlius,</strong></span> <span class='ocrx_word' id='word_1_835' title='bbox 2961 5144 3170 5197; x_wconf 85' lang='lat' dir='ltr'><strong>Junoni</strong></span> <span class='ocrx_word' id='word_1_836' title='bbox 3201 5147 3508 5217; x_wconf 84' lang='lat' dir='ltr'><strong>propterea</strong></span> <span class='ocrx_word' id='word_1_837' title='bbox 3534 5141 3612 5193; x_wconf 91' lang='lat' dir='ltr'><strong>sic</strong></span> 
     </span>
    </p>
   </div>
   <div class='ocr_carea' id='block_1_132' title="bbox 1915 5213 3610 5289">
    <p class='ocr_par' dir='ltr' id='par_1_132' title="bbox 1915 5213 3610 5289">
     <span class='ocr_line' id='line_1_132' title="bbox 1915 5213 3610 5289; baseline -0.004 -19"><span class='ocrx_word' id='word_1_838' title='bbox 1915 5213 2133 5270; x_wconf 75' lang='lat' dir='ltr'><strong>invisus</strong></span> <span class='ocrx_word' id='word_1_839' title='bbox 2163 5217 2287 5282; x_wconf 85' lang='lat' dir='ltr'><strong>fuit,</strong></span> <span class='ocrx_word' id='word_1_840' title='bbox 2322 5223 2386 5269; x_wconf 90' lang='lat' dir='ltr'><strong>ut</strong></span> <span class='ocrx_word' id='word_1_841' title='bbox 2417 5216 2576 5289; x_wconf 85' lang='lat' dir='ltr'><strong>novis</strong></span> <span class='ocrx_word' id='word_1_842' title='bbox 2605 5215 2876 5289; x_wconf 76' lang='lat' dir='ltr'><strong>periculis</strong></span> <span class='ocrx_word' id='word_1_843' title='bbox 2909 5231 3155 5289; x_wconf 82' lang='lat' dir='ltr'><strong>semper,</strong></span> <span class='ocrx_word' id='word_1_844' title='bbox 3178 5220 3382 5289; x_wconf 79' lang='lat' dir='ltr'><strong>agente</strong></span> <span class='ocrx_word' id='word_1_845' title='bbox 3409 5213 3610 5289; x_wconf 77' lang='lat' dir='ltr'><strong>eadem</strong></span> 
     </span>
    </p>
   </div>
   <div class='ocr_carea' id='block_1_133' title="bbox 1915 5283 3612 5360">
    <p class='ocr_par' dir='ltr' id='par_1_133' title="bbox 1915 5283 3612 5360">
     <span class='ocr_line' id='line_1_133' title="bbox 1915 5283 3612 5360; baseline -0.005 -18"><span class='ocrx_word' id='word_1_846' title='bbox 1915 5290 2159 5356; x_wconf 87' lang='lat' dir='ltr'><strong>Junone,</strong></span> <span class='ocrx_word' id='word_1_847' title='bbox 2179 5289 2357 5360; x_wconf 79' lang='lat' dir='ltr'><strong>fuerit</strong></span> <span class='ocrx_word' id='word_1_848' title='bbox 2390 5283 2663 5360; x_wconf 73' lang='lat' dir='ltr'><strong>objectus.</strong></span> <span class='ocrx_word' id='word_1_849' title='bbox 2689 5287 2769 5360; x_wconf 87' lang='lat' dir='ltr'><strong>_Ut</strong></span> <span class='ocrx_word' id='word_1_850' title='bbox 2787 5287 2865 5360; x_wconf 67' lang='lat' dir='ltr'><strong>ab</strong></span> <span class='ocrx_word' id='word_1_851' title='bbox 2898 5286 3042 5360; x_wconf 69' lang='lat' dir='ltr'><strong>aliis,</strong></span> <span class='ocrx_word' id='word_1_852' title='bbox 3063 5285 3155 5360; x_wconf 76' lang='lat' dir='ltr'><strong>sic</strong></span> <span class='ocrx_word' id='word_1_853' title='bbox 3187 5302 3218 5337; x_wconf 89' lang='lat' dir='ltr'><strong>a</strong></span> <span class='ocrx_word' id='word_1_854' title='bbox 3248 5283 3612 5360; x_wconf 76' lang='lat' dir='ltr'><strong>Philosophia</strong></span> 
     </span>
    </p>
   </div>
   <div class='ocr_carea' id='block_1_134' title="bbox 1916 5352 3611 5422">
    <p class='ocr_par' dir='ltr' id='par_1_134' title="bbox 1916 5352 3611 5422">
     <span class='ocr_line' id='line_1_134' title="bbox 1916 5352 3611 5422; baseline -0.004 -10"><span class='ocrx_word' id='word_1_855' title='bbox 1916 5375 2069 5413; x_wconf 90' lang='lat' dir='ltr'><strong>nunc</strong></span> <span class='ocrx_word' id='word_1_856' title='bbox 2101 5352 2430 5412; x_wconf 80' lang='lat' dir='ltr'><strong>referuntur</strong></span> <span class='ocrx_word' id='word_1_857' title='bbox 2462 5352 2761 5411; x_wconf 75' lang='lat' dir='ltr'><strong>duodecim</strong></span> <span class='ocrx_word' id='word_1_858' title='bbox 2787 5357 3039 5411; x_wconf 89' lang='lat' dir='ltr'><strong>Herculis</strong></span> <span class='ocrx_word' id='word_1_859' title='bbox 3060 5357 3307 5422; x_wconf 88' lang='lat' dir='ltr'><strong>labores,</strong></span> <span class='ocrx_word' id='word_1_860' title='bbox 3341 5352 3444 5407; x_wconf 89' lang='lat' dir='ltr'><strong>sed</strong></span> <span class='ocrx_word' id='word_1_861' title='bbox 3500 5353 3611 5406; x_wconf 92' lang='lat' dir='ltr'><strong>alio</strong></span> 
     </span>
    </p>
   </div>
   <div class='ocr_carea' id='block_1_135' title="bbox 1916 5429 2540 5500">
    <p class='ocr_par' dir='ltr' id='par_1_135' title="bbox 1916 5429 2540 5500">
     <span class='ocr_line' id='line_1_135' title="bbox 1916 5429 2540 5500; baseline -0.005 -16"><span class='ocrx_word' id='word_1_862' title='bbox 1916 5435 1971 5484; x_wconf 91' lang='lat' dir='ltr'><strong>et</strong></span> <span class='ocrx_word' id='word_1_863' title='bbox 1998 5446 2206 5500; x_wconf 88' lang='lat' dir='ltr'><strong>genere</strong></span> <span class='ocrx_word' id='word_1_864' title='bbox 2234 5434 2289 5482; x_wconf 90' lang='lat' dir='ltr'><strong>et</strong></span> <span class='ocrx_word' id='word_1_865' title='bbox 2320 5429 2540 5482; x_wconf 88' lang='lat' dir='ltr'><strong>ordine.</strong></span> 
     </span>
    </p>
   </div>
   <div class='ocr_carea' id='block_1_136' title="bbox 1993 5494 3608 5568">
    <p class='ocr_par' dir='ltr' id='par_1_136' title="bbox 1993 5494 3608 5568">
     <span class='ocr_line' id='line_1_136' title="bbox 1993 5494 3608 5568; baseline -0.003 -14"><span class='ocrx_word' id='word_1_866' title='bbox 1993 5494 2074 5554; x_wconf 48' lang='lat' dir='ltr'><strong>fit.</strong></span> <span class='ocrx_word' id='word_1_867' title='bbox 2132 5503 2229 5554; x_wconf 83' lang='lat' dir='ltr'><strong>Ille</strong></span> <span class='ocrx_word' id='word_1_868' title='bbox 2286 5502 2598 5566; x_wconf 85' lang='lat' dir='ltr'><strong>Centauros,</strong></span> <span class='ocrx_word' id='word_1_869' title='bbox 2647 5499 2780 5568; x_wconf 85' lang='lat' dir='ltr'><strong>etc]</strong></span> <span class='ocrx_word' id='word_1_870' title='bbox 2842 5498 3066 5552; x_wconf 89' lang='lat' dir='ltr'><strong>Primus</strong></span> <span class='ocrx_word' id='word_1_871' title='bbox 3113 5494 3370 5550; x_wconf 88' lang='lat' dir='ltr'><strong>Herculis</strong></span> <span class='ocrx_word' id='word_1_872' title='bbox 3431 5494 3608 5568; x_wconf 85' lang='lat' dir='ltr'><strong>labor.</strong></span> 
     </span>
    </p>
   </div>
   <div class='ocr_carea' id='block_1_137' title="bbox 1917 5566 3613 5646">
    <p class='ocr_par' dir='ltr' id='par_1_137' title="bbox 1917 5566 3613 5646">
     <span class='ocr_line' id='line_1_137' title="bbox 1917 5566 3613 5646; baseline -0.004 -22"><span class='ocrx_word' id='word_1_873' title='bbox 1917 5572 2181 5646; x_wconf 83' lang='lat' dir='ltr'><strong>Centauri</strong></span> <span class='ocrx_word' id='word_1_874' title='bbox 2212 5571 2516 5646; x_wconf 57' lang='lat' dir='ltr'><strong>Thessaliae</strong></span> <span class='ocrx_word' id='word_1_875' title='bbox 2559 5566 2779 5646; x_wconf 55' lang='lat' dir='ltr'><strong>populi</strong></span> <span class='ocrx_word' id='word_1_876' title='bbox 2801 5586 2959 5622; x_wconf 87' lang='lat' dir='ltr'><strong>secus</strong></span> <span class='ocrx_word' id='word_1_877' title='bbox 2990 5568 3188 5646; x_wconf 67' lang='lat' dir='ltr'><strong>Pelion</strong></span> <span class='ocrx_word' id='word_1_878' title='bbox 3228 5566 3613 5646; x_wconf 78' lang='lat' dir='ltr'><strong>montem_li_a-</strong></span> 
     </span>
    </p>
   </div>
   <div class='ocr_carea' id='block_1_138' title="bbox 1914 5637 3612 5714">
    <p class='ocr_par' dir='ltr' id='par_1_138' title="bbox 1914 5637 3612 5714">
     <span class='ocr_line' id='line_1_138' title="bbox 1914 5637 3612 5714; baseline -0.004 -18"><span class='ocrx_word' id='word_1_879' title='bbox 1914 5643 2176 5709; x_wconf 87' lang='lat' dir='ltr'><strong>bitantes,</strong></span> <span class='ocrx_word' id='word_1_880' title='bbox 2230 5642 2326 5713; x_wconf 90' lang='lat' dir='ltr'><strong>qui</strong></span> <span class='ocrx_word' id='word_1_881' title='bbox 2359 5643 2514 5713; x_wconf 89' lang='lat' dir='ltr'><strong>quod</strong></span> <span class='ocrx_word' id='word_1_882' title='bbox 2545 5637 2713 5714; x_wconf 79' lang='lat' dir='ltr'><strong>primi</strong></span> <span class='ocrx_word' id='word_1_883' title='bbox 2776 5640 3252 5714; x_wconf 87' lang='lat' dir='ltr'><strong>equos__domare,</strong></span> <span class='ocrx_word' id='word_1_884' title='bbox 3305 5645 3357 5693; x_wconf 88' lang='lat' dir='ltr'><strong>et</strong></span> <span class='ocrx_word' id='word_1_885' title='bbox 3402 5654 3470 5691; x_wconf 81' lang='lat' dir='ltr'><strong>ex</strong></span> <span class='ocrx_word' id='word_1_886' title='bbox 3500 5637 3612 5690; x_wconf 89' lang='lat' dir='ltr'><strong>illis</strong></span> 
     </span>
    </p>
   </div>
   <div class='ocr_carea' id='block_1_139' title="bbox 1912 5710 3609 5786">
    <p class='ocr_par' dir='ltr' id='par_1_139' title="bbox 1912 5710 3609 5786">
     <span class='ocr_line' id='line_1_139' title="bbox 1912 5710 3609 5786; baseline -0.005 -17"><span class='ocrx_word' id='word_1_887' title='bbox 1912 5730 2175 5786; x_wconf 89' lang='lat' dir='ltr'><strong>pugnare</strong></span> <span class='ocrx_word' id='word_1_888' title='bbox 2247 5710 2561 5784; x_wconf 44' lang='lat' dir='ltr'><strong>&#39;ccep&#39;erint,‘</strong></span> <span class='ocrx_word' id='word_1_889' title='bbox 2611 5713 2737 5768; x_wconf 90' lang='lat' dir='ltr'><strong>aliis</strong></span> <span class='ocrx_word' id='word_1_890' title='bbox 2807 5710 3075 5780; x_wconf 87' lang='lat' dir='ltr'><strong>gentibus</strong></span> <span class='ocrx_word' id='word_1_891' title='bbox 3146 5725 3250 5763; x_wconf 91' lang='lat' dir='ltr'><strong>ceu</strong></span> <span class='ocrx_word' id='word_1_892' title='bbox 3332 5714 3609 5773; x_wconf 89' lang='lat' dir='ltr'><strong>monstra,</strong></span> 
     </span>
    </p>
   </div>
  </div>
