3982 6182
439 250 533 304 831
1772 253 1885 306 AN.
1928 252 2133 307 MANL.
2176 252 2323 309 SEV.
2366 255 2597 310 BOETII
3780 270 3865 322 832

434 380 1691 451 causarumconnexioueproductum,casum
1715 400 1834 437 esse
1865 384 2118 447 deﬁniat,
2164 392 2205 444 Α
2237 402 2433 441 causas
2486 387 2691 441 habet:
2750 403 2997 459 quarum
3062 388 3419 461 improvisus,
3477 393 3865 468 inopinataeque

439 467 583 523 nihil
614 469 847 523 omnino
880 485 1071 523 casum
1105 486 1222 523 esse
1254 470 1552 538 conﬁrmo,
1581 476 1637 526 et
1657 478 1908 543 “praeter
1936 474 2129 544 subje-

441 562 543 611 cta:
574 558 652 611 rei
707 558 1182 627 signiﬁcationem
1216 559 1446 613 inanem
1494 578 1725 631 prorsus
1772 579 1968 617 vocem
2003 580 2125 617 esse

441 647 703 700 decerno.
739 647 873 710 Quis
922 648 1098 715 enim,
1146 655 1441 702 coercente
1499 651 1557 703 in
1613 651 1873 705 ordinem
1924 658 2129 706 cuncta

439 736 576 799 Deo,
614 736 767 788 locus
794 752 914 789 esse
947 738 1093 790 ullus
1117 738 1427 791 temeritati
1449 739 1704 809 reliquus
1727 741 1965 810 potest?
1986 743 2125 794 Nam

439 824 581 877 nihil
612 840 676 877 ex
708 824 887 878 nihilo
922 826 1182 891 existere,
1211 844 1342 879 vera
1376 829 1658 881 sententia
1684 835 1800 894 est;
1835 830 1925 883 cui
1959 847 2127 884 nemo

435 912 545 981 (l5)
580 929 832 983 unquam
880 919 1133 968 veterum
1166 918 1190 958 ι)
1219 917 1535 986 refragatus
1576 920 2037 989 est,'quanquam
2074 920 2129 974 id

438 1000 520 1054 illi
543 1018 655 1054 non
684 1002 752 1055 de
783 1011 802 1036 ε
832 1008 1103 1072 operante
1132 1004 1433 1076 principio,
1465 1006 1563 1060 sed
1587 1007 1655 1061 de
1682 1008 1963 1062 materiali
1990 1009 2124 1062 sub-

434 1091 602 1160 jecto,
636 1092 742 1145 hoc
773 1096 875 1158 est,
937 1092 1006 1146 de
1036 1098 1239 1147 natura
1289 1095 1550 1149 omnium
1596 1097 1909 1162 rationum,
1960 1098 2127 1167 quasi

438 1180 723 1249 quoddam
749 1181 991 1250 jecerint
1021 1183 1481 1239 fundamentum.
1517 1187 1589 1238 At
1620 1186 1666 1238 si
1697 1186 1871 1239 nullis
1903 1202 1968 1239 ex
2000 1201 2128 1238 cau-

438 1269 513 1320 sis
539 1270 753 1339 aliquid
785 1271 1019 1339 oriatur,
1055 1272 1107 1325 id
1140 1273 1207 1325 de
1230 1273 1411 1327 nihilo
1442 1280 1629 1328 ortum
1663 1291 1783 1328 esse
1814 1274 2122 1328 videbitur.

437 1357 595 1421 Quod
621 1358 663 1410 si
686 1360 791 1412 hoc
817 1360 942 1413 ﬁeri
962 1361 1179 1431 nequit,
1198 1378 1299 1415 nec
1312 1378 1507 1416 casum
1530 1364 1765 1433 quidem
1789 1362 2125 1435 hujusmodi

439 1464 557 1500 esse
587 1448 854 1517 possibile
887 1454 990 1519 est,
1023 1452 1251 1520 qualem
1302 1454 1471 1522 paulo
1520 1453 1632 1522 (20)
1687 1457 1816 1505 ante
1868 1452 2127 1506 deﬁnivi-

436 1553 582 1590 mus.
618 1537 761 1600 Quid
785 1538 974 1607 igitur,
1016 1540 1273 1610 inquam,
1329 1541 1547 1594 nihilne
1580 1545 1682 1605 est,
1718 1541 1873 1611 quod
1916 1542 2003 1594 vel
2037 1558 2129 1595 ca-

438 1643 550 1693 sus,
588 1628 673 1680 vel
700 1626 1139 1698 fortuitumjure
1154 1630 1428 1700 appellari
1452 1630 1764 1700 queat?An
1788 1630 2123 1701 estaliquid,

436 1716 664 1769 tametsi
694 1717 898 1785 vulgus
929 1718 1116 1781 lateat,
1156 1699 1246 1771 cui
1291 1699 1562 1773 vocabula
1595 1720 1702 1772 ista
1743 1699 2130 1775 conveniant?
2169 1699 2209 1752 Β

437 1805 768 1859 Aristoteles
801 1806 827 1847 d
853 1822 1015 1860 meus
1043 1806 1118 1873 id,
1153 1808 1361 1878 inquit,
1394 1808 1452 1861 in
1500 1809 1769 1879 Physicis,
1802 1816 1823 1843 °
1867 1813 1921 1862 et
1952 1809 2129 1877 brevi,

440 1898 495 1947 et
514 1894 630 1947 veri
652 1895 979 1965 propinqua
1003 1895 1224 1949 ratione
1243 1897 1519 1951 deﬁnivit.
1562 1898 1843 1966 Quonam,
1870 1897 2131 1968 inquam,

439 1989 591 2038 31-1
616 1984 837 2050 modo?
872 1984 1122 2048 Quoties,
1141 1986 1239 2054 ait,
1281 1986 1500 2056 aliquid
1540 1987 1861 2057 cujuspiam
1885 1986 1968 2040 rei
2008 2002 2135 2057 gra-

439 2072 517 2125 tia
572 2071 811 2141 geritur,
860 2073 1128 2144 aliudque
1172 2074 1513 2145 quihusdam
1549 2075 1619 2129 de
1674 2076 1877 2141 causis,
1936 2091 2130 2145 quam,

442 2161 593 2232 quod
639 2161 1062 2229 intendebatur,
1110 2164 1374 2234 obtingit,
1426 2180 1585 2217 casus
1642 2170 1914 2219 vocatur:
1970 2168 2031 2217 ut
2086 2164 2133 2216 si

442 2250 568 2320 quis
607 2252 829 2304 colendi
868 2253 992 2321 agri
1024 2269 1190 2306 causa
1220 2253 1439 2306 fodiens
1470 2254 1733 2320 humum,
1770 2253 1976 2307 defossi
2008 2252 2133 2306 auri

440 2339 665 2409 pondus
694 2341 972 2394 inveniat.
1019 2342 1133 2395 Hoc
1161 2341 1337 2411 igitur
1364 2342 1597 2396 fortuito
1628 2343 1859 2413 quidem
1883 2342 2131 2395 creditur

441 2428 741 2496 accidisse;
772 2444 968 2482 verum
992 2430 1069 2499 (ὅ)
1103 2445 1221 2483 non
1250 2430 1318 2484 de
1346 2431 1526 2485 nihilo
1560 2436 1661 2485 est.
1698 2433 1839 2486 Nam
1864 2430 2130 2501 proprias

2235 491 2541 529 concursus
2571 492 2766 531 casum
2818 476 3043 532 videtur
3089 483 3377 550 operatus.
3422 479 3562 536 Nam
3590 483 3691 537 nisi
3721 488 3868 542 cultor

2235 565 2355 634 agri
2387 566 2629 619 humum
2659 566 2900 633 foderet,
2937 568 3048 621 nisi
3080 584 3145 622 eo
3177 569 3283 622 loci
3305 572 3598 639 pecuniam
3625 590 3771 628 suam
3792 578 3862 629 de.

2234 654 2450 724 positor
2498 655 2800 721 obruisset,
2856 673 3060 711 aurum
3108 675 3224 712 non
3268 665 3413 713 esset
3454 660 3748 717 inventum.
3798 667 3866 720 lla

2237 748 2369 797 sunt
2397 743 2574 813 igitur
2606 744 2827 799 fortuiti
2845 744 3063 800 causaef
3098 748 3443 818 compendii,
3467 751 3612 819 quod
3638 768 3699 804 ex
3729 752 3869 806 obviis

2237 832 2345 886 sibi
2377 832 2864 889 etconﬂuentibus
2886 837 3086 901 causis,
3110 853 3227 890 non
3249 854 3313 890 ex
3332 838 3578 907 gerentis
3602 840 3869 897 intentione

2237 922 2351 993 (l0)
2380 923 2658 993 provenit.
2686 927 2877 995 Neque
2908 926 3083 992 enim,
3114 926 3204 980 vel
3236 927 3335 997 qui
3358 944 3558 981 aurum
3590 930 3778 994 obruit,
3806 933 3869 984 vel

2236 1012 2336 1083 qui
2383 1029 2587 1083 agrum
2628 1014 2898 1081 exercuit,
2933 1018 2997 1068 ut
3039 1030 3105 1069 ea
3158 1017 3404 1085 pecunia
3436 1018 3775 1087 reperiretur,
3806 1020 3871 1072 in-

2236 1102 2437 1169 tendit,
2490 1102 2608 1168 sed,
2663 1102 2748 1157 uti
2807 1103 2943 1165 dixi,
2991 1119 3103 1174 quo
3153 1104 3249 1158 ille
3280 1105 3493 1172 obruit,
3525 1107 3669 1160 hunc
3710 1108 3871 1163 fodisse

2237 1202 2267 1245 s
2293 1192 2555 1245 convenit
2592 1196 2761 1263 atque
2808 1194 3116 1247 concurrit.
3162 1194 3314 1247 Licet
3346 1194 3522 1263 igitur
3564 1195 3780 1250 deﬁnire
3807 1214 3871 1251 ca-

2238 1297 2363 1334 sum
2382 1297 2503 1335 esse
2534 1281 2917 1352 inopinatum,
2949 1299 3014 1336 ex
3031 1283 3453 1336 conﬂuentibus
3490 1286 3683 1353 causis,
3713 1286 3763 1339 in
3791 1287 3870 1351 his,

2238 1387 2367 1441 quas
2400 1371 2470 1425 ob
2504 1371 2717 1441 aliquid
2751 1376 3050 1442 geruntur,
3090 1377 3377 1427 eventum.
3415 1374 3748 1428 Concurrere
3774 1392 3872 1429 vero

2239 1465 2408 1531 atque
2439 1460 2727 1515 conﬂuere
2758 1478 2954 1515 causas
2980 1461 3112 1516 facit
3153 1463 3291 1516 ordo
3324 1463 3422 1516 ille
3472 1462 3766 1517 inevitabili
3788 1465 3869 1533 (15)

2237 1551 2587 1605 connexione
2610 1551 2945 1621 procedens,
2979 1552 3077 1622 qui
3128 1552 3197 1606 de
3232 1552 3605 1607 Providentiae
3636 1552 3769 1606 fonte
3794 1554 3865 1607 de-

2239 1641 2532 1711 scendens,
2561 1646 2762 1695 cuncta
2793 1642 2909 1695 suis
2958 1641 3115 1709 locis,
3158 1642 3636 1713 temporibusque
3668 1642 3868 1712 disponit

2661 1754 2812 1803 315
2855 1748 3141 1802 METRUM
3168 1750 3187 1771 '
3224 1749 3521 1803 PRIMUM.

2243 1841 2637 1895 Aacuanmnu.
2684 1868 2743 1876 —
2805 1838 2977 1903 Sicut,
3031 1840 3214 1907 inquit
3265 1838 3635 1907 Philosophia,
3665 1839 3871 1902 fortuitus

2315 1926 2426 1965 esse
2454 1915 2627 1979 potest
2668 1912 2889 1963 navium
2919 1912 3190 1963 constanti
3215 1909 3447 1963 duorum
3477 1912 3739 1977 ﬂuminum
3753 1925 3872 1962 cursu

2314 1984 2665 2050 abreptarum
2695 1995 2967 2045 occursus,
3008 1983 3088 2033 ita
3119 1995 3275 2035 casus
3324 1982 3686 2036 constantibus
3724 1980 3874 2034 divina

2312 2054 2673 2108 Providentiae
2704 2053 2908 2117 legibus
2932 2056 3159 2118 regitur.

2385 2160 2565 2230 Rupis
2594 2160 2967 2214 Acharmeniae
2992 2158 3259 2229 scopulis,
3285 2158 3389 2212 ubi
3410 2174 3572 2212 versa
3590 2162 3873 2230 sequentum

2491 2249 2821 2303 Pectoribus
2854 2248 2982 2319 ﬁgit
3001 2248 3218 2318 spicula
3240 2264 3439 2318 pugna
3460 2248 3647 2319 fugax,

2384 2345 2535 2395 816
2564 2338 2744 2409 Tigris
2775 2344 2830 2392 et
2852 2339 3170 2408 Euphrates
3198 2354 3315 2391 uno
3342 2355 3401 2391 se
3447 2336 3600 2392 fonte
3623 2336 3874 2405 resolvunt,

2489 2430 2553 2482 Et
2582 2444 2717 2482 mox
2747 2427 3028 2498 abjunctis
3056 2427 3439 2482 dissociantur
3468 2426 3646 2498 aquis.

1895 2557 2479 2614 lNTERPRETATIO.

512 2671 537 2696 ⁸
577 2662 707 2726 Quae
730 2662 935 2715 nullam
971 2678 1083 2716 rem
1110 2662 1410 2731 subiectam
1435 2665 1720 2733 signiﬁcet.

514 2736 538 2776 b
579 2734 948 2788 Contradimit.

510 2817 533 2845 ο
572 2806 687 2859 Νοη
708 2806 771 2857 de
802 2821 967 2858 causa
999 2808 1279 2873 efﬁciente,
1305 2806 1398 2861 sed
1431 2806 1497 2859 de
1524 2810 1754 2861 materia
1783 2811 1993 2861 tantum
2035 2810 2145 2861 sive

443 2876 507 2928 de
534 2892 592 2927 re
618 2892 733 2943 quae
763 2877 1131 2945 modiﬁceIur:
1163 2882 1322 2948 quasi
1362 2878 1605 2933 dixerint
1634 2879 1853 2933 modum
1898 2882 2011 2934 sive
2047 2894 2139 2931 ra-

444 2950 639 3000 tionem
668 2963 773 3000 non
804 2963 914 3000 esse
926 2950 1111 3003 nihili.

512 3020 537 3061 d
578 3018 975 3090 Philosophus.

2312 2673 2333 2699 ε
2378 2664 2490 2718 Lib.
2526 2679 2586 2727 ll,
2623 2678 2741 2731 cap.
2773 2666 2823 2715 5.

2318 2735 2336 2769 ί
2374 2736 2617 2799 Quwstus
2649 2739 2759 2787 sive
2793 2734 3077 2787 utilitatis.

2324 2816 2348 2849 8
2384 2808 2681 2872 Contingit.
3238 2874 3243 2875 ί
3808 2870 3816 2875 ,
3876 2872 3877 2875 η

2324 2870 2781 2943 Quemadmodum
2818 2877 2996 2941 Tigris
3018 2878 3067 2929 et
3100 2874 3415 2944 Euphrates
3448 2876 3725 2943 profluunt,
3752 2870 3880 2944 velut:

2247 2965 2315 3002 ex
2346 2950 2543 3001 eadem
2576 2948 2819 3015 origine,
2854 2962 2919 3000 ea:
2939 2948 3092 3000 saxis
3117 2943 3313 2999 mentis
3344 2948 3574 3009 Persici,
3598 2944 3683 2996 ubi
3701 2943 3878 3015 Partha:

2241 3021 2513 3075 dimicans
2546 3014 2809 3087 fugiendo
2848 3019 3031 3086 inﬁgit
3082 3019 3315 3083 sagittas
3364 3030 3646 3071 conversas
3685 3014 3875 3068 cordibus

2080 3116 2309 3174 ΝΟΤᾸΕ.

442 3243 586 3297 nihil
633 3246 718 3297 est
770 3243 927 3297 aliud
977 3258 1149 3313 quam
1198 3247 1455 3309 eventus,
1506 3245 1715 3298 Verum
1765 3248 2003 3298 eventus
2036 3245 2131 3300 ille
2174 3247 2214 3301 C.
2252 3249 2518 3299 constans
2551 3259 2614 3297 ex
2644 3240 2856 3311 duplici
2878 3255 3085 3311 genere
3115 3254 3389 3313 versuum
3414 3239 3876 3313 alternorum,quoj

444 3315 667 3367 duobus
707 3315 892 3367 modis
949 3314 1059 3367 dici
1118 3320 1341 3383 potest:
1380 3315 1631 3383 primum
1679 3316 1913 3385 quidem
1949 3317 2140 3383 nulla;

443 3385 649 3437 deinde
682 3386 875 3454 aliqua
905 3401 1200 3438 causarum
1229 3386 1582 3439 conuexione
1608 3388 1940 3455 productus.
1978 3388 2033 3441 Si
2056 3404 2142 3441 ca-

442 3470 532 3508 sus
564 3456 784 3508 dicatur
813 3461 1055 3508 eventum
1072 3460 1353 3510 temerario
1373 3464 1540 3523 motu,
1570 3459 1827 3526 nullaque
1848 3474 2138 3512 causarum

442 3529 766 3579 connemione
810 3526 1154 3594 productum,
1196 3532 1346 3599 certe
1392 3544 1549 3581 casus
1603 3530 1748 3582 nihil
1807 3534 1887 3582 est
1933 3535 2142 3599 praeter

444 3599 660 3650 inanem
708 3612 916 3651 vocem:
978 3614 1106 3650 cum
1142 3597 1295 3650 enim
1346 3598 1593 3652 nihilum
1648 3616 1765 3653 non
1797 3597 1973 3666 possit
2021 3617 2140 3654 esse

444 3667 618 3721 ullius
648 3668 727 3740 rei
761 3684 950 3728 causa,
986 3674 1254 3722 eventum
1278 3685 1447 3722 omne
1481 3670 1730 3740 aliquam
1762 3670 1972 3724 habeat
2009 3688 2141 3725 cau-

446 3754 587 3804 sam,
637 3739 833 3792 saltem
886 3740 1246 3805 exteriorem,
1303 3756 1531 3794 necesse
1577 3739 1683 3795 est.
1733 3742 1790 3797 Si
1821 3758 1953 3795 vero
1983 3758 2139 3796 casus

445 3809 665 3864 dicatur
695 3814 961 3883 eventum
996 3812 1186 3881 aliqua
1212 3828 1511 3865 causarum
1536 3814 1889 3867 connexione
1924 3814 2137 3883 produ-

447 3886 622 3955 etum,
658 3882 749 3934 sed
782 3887 990 3950 praster
1032 3884 1323 3935 notionem
1372 3884 1841 3955 voluntatemque
1896 3882 2136 3954 agentis,

447 3952 917 4025 distinguendum
954 3958 1055 4006 est.
1111 3955 1205 4007 Vel
1238 3954 1390 4007 enim
1423 3971 1590 4009 causa
1621 3952 1765 4022 haec,
1820 3952 2023 4025 praeter
2049 3973 2141 4009 cu-

443 4022 535 4094 jus
586 4023 879 4095 notionem
925 4026 1394 4095 voluntatemque
1439 4032 1705 4081 eventum
1740 4022 1968 4081 dicitur
2017 4026 2139 4081 fieri

448 4096 532 4167 est
558 4094 763 4167 prima,
796 4095 1072 4149 nimirum
1126 4096 1307 4162 Deus;
1364 4098 1449 4149 vel
1482 4104 1568 4151 est
1607 4100 1875 4164 secunda,
1908 4115 2136 4167 nempe,

445 4166 641 4219 homo.
678 4166 733 4219 Si
791 4182 960 4219 causa
1016 4168 1137 4221 hazc
1184 4167 1357 4221 fuerit
1388 4169 1593 4237 prima,
1648 4170 1838 4222 nullus
1898 4166 2137 4222 omnino

446 4252 601 4291 casus
625 4240 736 4291 est:
764 4238 1232 4307 quandoquidem
1260 4239 1484 4292 nullum
1507 4245 1772 4293 eventum
1798 4240 2139 4309 producitur

445 4313 657 4377 praeter
679 4309 971 4361 notionem
995 4311 1460 4379 voluntatemque
1494 4311 1627 4364 Dei:
1653 4327 1781 4363 cum
1823 4327 2137 4364 concurrere

446 4394 509 4432 ac
557 4382 815 4445 con/luere
854 4395 1065 4445 causas,
1124 4386 1185 4432 ut
1216 4396 1367 4432 nunc
1426 4382 1653 4443 dicitur,
1687 4384 1849 4447 faciet
1880 4382 2010 4434 ordo
2044 4383 2135 4435 ille

445 4452 747 4503 inevitabili
799 4454 1119 4504 connescione
1166 4452 1474 4518 procedens,
1534 4455 1631 4520 qui
1666 4452 1729 4505 de
1774 4453 2135 4507 Providentia:

443 4523 595 4587 fonte
624 4521 964 4584 descendens,
990 4528 1183 4575 cuncta
1212 4526 1322 4575 suis
1345 4523 1471 4576 locis
1496 4524 1927 4591 temporibusque
1950 4524 2129 4592 dispo-
2168 4525 2211 4578 D

444 4594 545 4645 nit.
582 4594 648 4643 At
680 4593 724 4643 si
756 4594 1028 4660 praedicta
1060 4609 1227 4645 causa
1260 4593 1429 4646 fuerit
1459 4596 1727 4660 secunda,
1756 4609 1911 4646 casus
1945 4599 2132 4663 potest

446 4662 669 4713 admitti
697 4680 709 4727 ;
736 4664 869 4731 quia
890 4678 1038 4731 smpe
1071 4670 1338 4716 eventum
1362 4665 1695 4733 producitur
1720 4669 1925 4734 plaster
1950 4662 2131 4717 notio-

446 4748 579 4785 nem
613 4738 667 4785 et
695 4735 1043 4786 voluntatem
1077 4734 1362 4787 hominis:
1417 4741 1477 4787 ut
1511 4739 1559 4788 si
1603 4738 1727 4804 quis
1778 4736 1984 4789 colendi
2014 4740 2135 4801 agri

447 4818 612 4856 causa
661 4804 874 4867 fodiens
924 4806 1142 4857 humum
1178 4806 1382 4869 defossi
1426 4808 1556 4858 auri
1597 4807 1810 4874 pondus
1853 4809 2131 4860 inveniat:

448 4889 778 4946 quanquam
813 4874 964 4927 enim
1025 4892 1193 4927 causa
1240 4877 1429 4946 aliqua
1486 4877 1677 4943 fuerit,
1737 4894 1863 4946 quin
1928 4894 2132 4931 aurum

449 4944 724 5018 obruerit,
812 4962 1139 5016 quanquam
1191 4944 1361 5000 etiam
1422 4948 1612 5017 aliqua
1666 4944 1835 5001 causa
1893 4947 1966 5001 sit
2009 4965 2137 5018 quas

448 5017 759 5069 exercendo
808 5021 1017 5070 terram
1050 5034 1254 5071 aurum
1288 5019 1584 5085 detexerit,
1618 5020 1753 5088 quia
1786 5024 1996 5085 tamen,
2027 5017 2137 5072 fau-

449 5102 577 5159 rum
610 5092 818 5156 printer
859 5089 1152 5142 notionem
1184 5090 1647 5159 voluntatemque
1693 5090 1953 5159 agricola:
1983 5092 2137 5143 inve-

448 5158 607 5212 nitur
639 5160 708 5211 ab
758 5159 882 5226 ipso
937 5160 1205 5228 agricola,
1255 5162 1464 5214 ideirco
1508 5158 1775 5214 eventum
1810 5162 1950 5214 illud
1983 5177 2139 5215 casus

450 5230 807 5299 appellatur:
852 5246 916 5283 ex
946 5247 1058 5300 quo
1117 5232 1415 5284 conﬁcitur
1471 5232 1587 5285 hac
1646 5248 1806 5285 casus
1855 5232 2135 5299 deﬁnitio,

448 5303 794 5369 Inopinatum
824 5317 889 5355 ea:
936 5303 1319 5368 conﬂuentibus
1350 5308 1547 5367 causis,
1587 5307 1642 5356 in
1674 5305 1756 5357 his
1790 5319 1906 5371 qua:
1940 5305 2001 5357 ob
2037 5305 2139 5357 ali—

450 5372 585 5438 quid
618 5378 901 5437 geruntur,
934 5380 1195 5425 eventum.
1242 5375 1426 5436 Quare
1468 5391 1598 5427 cum
1641 5374 1862 5442 bestia},
1926 5376 2140 5443 plantas

454 5447 773 5515 etcorpora
802 5444 1113 5496 inauimata
1140 5460 1251 5495 non
1282 5444 1529 5499 habeant
1566 5446 1793 5515 proprie
1847 5446 2141 5498 notionem

450 5514 937 5587 voluntatemque,
1000 5520 1208 5583 praeter
1267 5530 1412 5584 quas
1462 5514 1730 5569 eventum
1789 5516 2140 5587 producatur

458 5582 585 5637 ideo
616 5584 704 5637 his
733 5582 922 5637 nullus
953 5582 1037 5637 est
1065 5600 1239 5639 casus.

526 5683 547 5704 ’
585 5671 749 5735 Quod
778 5676 1011 5726 vocatur
1062 5673 1259 5743 elegia.
1319 5673 1508 5744 Elegia
1541 5678 1730 5729 autem
1780 5680 1865 5730 est
1910 5691 2141 5731 carmen

2248 3332 2379 3371 rum
2440 3315 2600 3385 prior
2635 3310 2985 3385 hesameter,
3038 3311 3321 3381 posterior
3382 3313 3737 3382 pentameter,
3774 3310 3876 3358 sicut

2250 3383 2466 3442 dictum
2498 3390 2582 3439 est
2612 3384 2673 3437 in
2704 3388 2722 3437 1
2760 3388 2894 3437 met.
2930 3383 3091 3436 lib.'i.

2326 3462 2371 3512 1.
2412 3460 2583 3526 Rupis
2619 3456 2976 3526 Achaemeniae
3022 3451 3295 3525 scopulis]
3343 3456 3443 3526 ίΕω
3498 3455 3664 3526 monte
3693 3451 3873 3526 Persice.

2257 3517 2622 3583 Achaeménia
2643 3528 2797 3580 enim
2825 3525 3006 3580 Persis
3031 3517 3136 3590 est,
3160 3530 3257 3579 aut
3277 3517 3483 3579 saltem
3505 3524 3673 3593 ipsius
3692 3517 3877 3593 Persidis

2247 3618 2378 3671 pars
2432 3600 2509 3653 sic
2566 3599 2711 3653 dicta
2736 3599 2806 3651 ab
2838 3598 3201 3663 Achaemene,
3237 3595 3360 3666 qui,
3407 3591 3557 3665 apud
3588 3591 3870 3647 Herodotum

2246 3670 2284 3727 Ι.
2323 3672 2461 3726 Hist.
2496 3688 2570 3734 1v,
2593 3670 2823 3742 primus
2855 3671 3155 3742 Persarum
3187 3684 3302 3733 rex,
3337 3679 3738 3742 aquonomnes
3754 3674 3874 3742 reges

2248 3758 2431 3812 usque
2486 3731 2566 3795 add
2587 3731 2822 3794 Darium
2860 3731 3297 3793 descenderunt.
3331 3731 3487 3812 Hinc
3518 3736 3753 3812 Horatius
3789 3731 3817 3784 l.
3840 3744 3875 3812 ‘1'!

2248 3798 2457 3878 Carm.,
2488 3813 2577 3866 od.
2608 3815 2688 3879 1'2,
2719 3814 2862 3868 Num
2879 3816 2938 3865 tu
2967 3826 3084 3878 qua:
3114 3812 3286 3864 tenuit
3308 3809 3462 3863 dives
3491 3810 3813 3864 Achaemenes,
3832 3798 3873 3851 id

2248 3890 2333 3939 est
2364 3878 2681 3938 Persarum
2711 3899 2831 3949 rex,
2881 3886 2936 3936 et
2961 3880 3062 3935 lib.
3095 3897 3176 3947 ιιι,
3239 3881 3312 3934 od
3344 3884 3396 3943 l,
3441 3878 3876 3949 Achaemeniunth

2247 3958 2469 4021 costum,
2516 3956 2624 4008 hoc
2682 3958 2766 4007 est
2816 3957 3175 4022 unguentum
3218 3951 3530 4025 Persicum.
3580 3949 3875 4025 Acha-menta

2249 4032 2439 4081 autem
2460 4016 2561 4079 hic
2593 4016 3050 4099 quibusdaﬁiest
3070 4023 3362 4099 Armenia,
3391 4038 3557 4075 mons
3577 4036 3697 4099 vero
3724 4018 3800 4069 ille

2248 4114 2411 4152 mons
2444 4084 2691 4169 Taurus:
2725 4096 2877 4169 quod
2919 4096 3236 4169 Sallustius,
3259 4084 3465 4169 auctor
3490 4093 3801 4169 certissimus.
3829 4084 3873 4134 υί

2246 4170 2458 4237 legitur
2487 4168 2546 4220 in
2571 4164 2907 4237 fragmentis
2928 4166 3188 4220 Historiae
3220 4165 3480 4235 ejusdem
3500 4164 3869 4237 Sallustii,a$$_t’-

2246 4234 2325 4294 rit
2358 4242 2568 4307 Tigrim
2591 4245 2641 4291 et
2667 4234 3005 4306 Euphratem
3036 4252 3141 4290 uno
3160 4234 3311 4303 fonte
3334 4252 3553 4289 manere
3572 4236 3625 4287 in
3648 4234 3871 4307 Armmlﬂ.

2248 4314 2344 4379 qui
2367 4294 2464 4379 per
2485 4310 2699 4363 diversa
2730 4294 2909 4362 euntes
2946 4294 3170 4373 longius.
3188 4308 3533 4372 dividantur,
3559 4305 3720 4373 spatio
3746 4294 3873 4379 nudi?

2246 4364 2447 4448 relic‘to,
2508 4383 2802 4434 multorum
2842 4364 3071 4433 millium
3115 4395 3232 4448 qua:
3274 4384 3454 4432 tamen
3495 4364 3652 4441 terra,
3694 4385 3791 4442 qua
3826 4364 3873 4418 ab

2246 4456 2382 4521 ipsis
2412 4453 2671 4517 ambitur,
2706 4454 3089 4519 Mesopotamia
3120 4451 3345 4521 dicitur.
3453 4520 3459 4521 ί
3604 4516 3617 4521 _
3681 4516 3710 4521 _

2320 4527 2364 4576 l.
2402 4525 2503 4578 Ubi
2530 4509 2686 4576 versa
2716 4509 3047 4591 sequentum,
3073 4526 3176 4574 etc.
3203 4519 3216 4589 l
3245 4521 3340 4574 Hic
3371 4520 3563 4589 agitur
3589 4516 3651 4591 de
3679 4509 3870 4569 Parthis,

2242 4594 2309 4647 iis
2340 4594 2553 4647 scilicet
2579 4589 2830 4663 populis,
2857 4593 3006 4666 quie
3041 4592 3263 4666 Scythis
3290 4591 3527 4666 oriundi
3552 4589 3617 4641 ad
3636 4602 3720 4666 IeaIS‘
3738 4592 3873 4666 usqu."

2245 4667 2395 4719 Asiae
2429 4648 2715 4734 regiones,
2750 4648 2891 4733 qua;
2913 4662 3066 4732 Tigri
3097 4648 3151 4734 et
3179 4662 3463 4732 Euphrate
3494 4656 3795 4734 ﬂuminibus
3815 4648 3871 4699 al-

2246 4732 2520 4799 luuntur,
2545 4752 2712 4788 suum
2746 4732 3111 4807 protulerunt
3142 4733 3471 4803 imperium.
3517 4732 3775 4807 lliAautem
3801 4734 3871 4807 pf):

2245 4807 2367 4878 puli
2400 4811 2561 4878 erant
2592 4802 2945 4878 formidolosi
2984 4805 3098 4857 suis
3148 4802 3463 4878 praesertim
3498 4802 3721 4878 sagittis,
3768 4802 3871 4878 ξῖυξῗ

2246 4864 2396 4951 inter
2429 4876 2765 4951 fugiendum
2798 4877 2857 4929 in
2890 4864 3375 4951 insequ_ef1tes__ita
3408 4864 3871 4951 retorquebantttlt

2244 4950 2305 5003 in
2339 4946 2777 5003 versa’hostium
2826 4953 3055 5021 pectora
3088 4948 3189 5000 has
3219 4946 3544 5021 vibrarent_:
3604 4949 3713 5021 tum
3738 4946 3871 5021 versi}

2247 5021 2433 5075 subito
2468 5019 2630 5091 equis
2664 5008 2919 5090 pugnam
2959 5018 3376 5073 instaurarent:
3425 5016 3574 5071 unde
3613 5008 3784 5079 Virgil.
3813 5016 3868 5061 ιιι,

2247 5091 2476 5162 Georg.,
2509 5108 2557 5145 v.
2584 5094 2642 5145 31
2673 5107 2687 5145 :

2370 5215 2745 5278 Fidentemque
2771 5213 2895 5277 fuga
2932 5213 3199 5271 Parthum,
3230 5212 3497 5274 versisque
3524 5205 3725 5270 sagittis,

2318 5321 2369 5373 3.
2411 5321 2594 5389 Tigris
2622 5326 2671 5375 et
2692 5319 3047 5390 Euphrates]
3070 5320 3250 5389 Tigris
3272 5335 3303 5372 a
3322 5317 3602 5390 celeritate
3635 5307 3868 5390 sicudicttIf

2247 5381 2767 5461 proptervsagittam
2786 5381 3240 5461 'Persica'ling’ua
3260 5388 3669 5461 cognominem,
3699 5381 3868 5461 ﬂymﬁn

2250 5449 2536 5531 est,‘quod
2568 5449 2751 5516 oritur
2780 5463 2837 5516 in
2872 5449 3163 5528 Armenia:
3197 5462 3241 5514 si
3278 5449 3390 5515 ndn
3431 5476 3492 5513 ex
3521 5456 3702 5531 eodem
3730 5449 3865 5531 fonte.

2250 5526 2733 5603 quemadmodum
2762 5535 2839 5589 ait
2868 5526 3173 5605 przedictus
3228 5532 3539 5593 Sallustius,
3602 5526 3863 5605 salteth}

2250 5588 2452 5658 eodem
2511 5610 2720 5667 monte,
2784 5588 3022 5676 ex‘quo
3075 5606 3448 5676 Euphrateszg
3486 5588 3602 5676 tum
3634 5588 3865 5676 Illuctilnf

2250 5676 2720 5747 Mesopotamiam
2753 5668 3097 5732 alluentibus
3124 5668 3314 5731 inﬂuit
3332 5676 3391 5730 in
3415 5670 3747 5742 Euphratem,
3765 5668 3863 5712 cum
