3982 6182
69 323 152 376 833
1056 317 1148 372 DE
1192 318 1716 374 CONSOCATIONE
1756 319 2234 375 PHILOSOPHUS
2278 322 2409 376 LIB.
2461 325 2520 376 V.

128 455 154 504 5
221 447 276 504 Si
306 451 524 515 coeant,
563 462 931 520 cursumque,
996 447 1212 504 iterum
1279 455 1619 506 revocentur
1669 452 1728 506 in
1767 456 1813 508 A

1437 558 1551 595 unu

1437 558 1551 595 unu

251 627 509 682 Conﬂuat
526 626 730 680 alterni
762 627 916 698 quod
935 629 1112 683 trahit
1135 629 1287 683 unda
1316 544 1445 686 vad[i
1481 647 1494 685 :
1560 557 1614 596 m

189 717 532 773 Conveniant
552 721 856 786 puppes,et
887 718 1030 771 vulsi
1062 719 1299 772 ﬂumine
1332 722 1562 789 truncti,

249 806 522 876 Mistaque
543 807 807 860 fortuitos
840 807 1096 878 implicet
1123 810 1273 863 unda
1297 810 1496 864 modos
1529 827 1543 864 :

183 896 326 961 Quos
347 901 542 950 tamen
570 897 692 966 ipsa
717 913 888 967 vagos
908 902 1074 951 terrze
1098 897 1338 952 declivia
1361 914 1540 961 casus,

80 1007 126 1059 lO
252 1002 507 1073 Gurgitis
531 1007 589 1056 et
613 1003 756 1074 lapsi
776 1003 1000 1058 deﬂuus
1030 1005 1168 1058 ordo
1201 1005 1368 1075 regit,

249 1097 396 1146 317
433 1092 542 1161 Sic,
571 1109 699 1164 quas
738 1093 1029 1164 permissis
1054 1093 1278 1149 ﬂuitare
1305 1093 1732 1236 videtur[liabe-

1546 1182 1650 1234 ms,

1546 1182 1650 1234 ms,

3431 331 3534 385 834

2060 454 2193 506 Fors
2213 453 2430 523 patitur
2450 454 2659 521 frenos,
2675 454 2911 527 ipsaque
2929 457 3054 527 lege
3077 461 3248 514 meat.

2391 548 2542 598 318
2600 545 2830 599 PHOSA
2903 546 2972 598 ll.

1841 616 2042 688 Anotzu
2059 629 2264 668 earum.
2295 645 2362 688 -ς
2386 616 2730 670 Dubitantem
2755 619 3017 682 Boetium,
3051 634 3122 672 an
3151 623 3373 688 propter
3392 635 3536 688 pra:-

1912 685 2082 758 dicta,
2132 687 2386 750 neganda
2417 691 2489 739 sit
2524 690 2718 740 mentis
2779 689 3024 742 humanae
3081 685 3323 758 libertas,
3385 685 3537 746 docet

1911 757 2262 830 Philosophia
2297 773 2452 810 suam
2484 773 2594 810 esse
2623 759 2844 812 cuilibet
2885 762 3055 814 menti
3080 761 3403 830 libertatem,
3436 779 3534 818 va-

1909 830 2102 896 riaque
2123 828 2282 896 hujus
2309 845 2504 896 genera
2534 833 2777 898 exponit.

1910 916 2335 984 Animadverte,
2389 917 2647 987 inquam,
2689 919 2862 989 idque
2898 918 2978 972 uti
3006 923 3069 974 tu
3115 920 3254 974 dicis
3307 921 3385 975 ita
3420 937 3539 976 esse

1838 1004 2151 1059 consentio.
2182 1006 2285 1059 Sed
2321 1005 2335 1039 ¹
2373 1006 2431 1059 in
2461 1006 2566 1060 hac
2596 1008 3010 1062 cohaerentium
3050 1009 3160 1062 sibi
3202 1011 3350 1064 serie
3395 1029 3534 1064 cau-

1839 1110 2051 1161 sarum,
2100 1100 2258 1149 estne
2317 1095 2434 1149 ulla
2475 1096 2654 1149 nostri
2706 1096 2920 1149 arbitrii
2968 1097 3219 1166 libertas,
3273 1116 3346 1152 an
3387 1099 3542 1172 ipsos

1838 1199 2068 1255 quoque
2111 1185 2496 1239 humanorum
2545 1189 2734 1239 motus
2766 1185 3090 1241 animorum
3134 1187 3320 1244 fatalis
3345 1192 3543 1243 catena

1497 1282 2077 1338 INTERPRETATIO.

83 1408 464 1473 naequentium,
523 1406 816 1474 statimque
861 1405 967 1460 duo
1007 1407 1104 1460 illa
1141 1409 1367 1475 ﬂumina
1414 1412 1744 1476 separantur

85 1479 174 1530 suis
196 1479 350 1545 aquis
387 1477 606 1530 div-isis.
633 1479 692 1532 Si
727 1481 1042 1532 conveniant
1072 1484 1120 1530 et
1167 1494 1384 1532 rursum
1420 1481 1744 1545 redigantur

82 1552 126 1601 in
141 1564 288 1601 unum
318 1563 558 1612 cursum,
585 1554 694 1601 tum
722 1549 865 1618 quod
896 1565 1044 1616 aqua
1064 1552 1344 1617 utriusque
1363 1553 1517 1617 ﬂuvii
1547 1551 1742 1615 defert,

83 1619 194 1673 illud
208 1620 382 1680 coibit,
399 1636 580 1689 quare
594 1635 756 1673 naves
771 1624 1058 1689 truncique
1081 1622 1295 1689 abrepti
1309 1624 1472 1688 fluvio
1512 1622 1747 1674 coibunt

82 1696 121 1746 et
163 1707 304 1762 aqua
341 1694 616 1760 permistz
665 1692 996 1758 confundent
1045 1709 1176 1746 suos
1223 1695 1418 1760 ﬂuctus
1472 1696 1748 1760 fortuitos,

1849 1421 1979 1472 quos
2003 1411 2180 1460 tamen
2202 1408 2432 1460 incertos
2463 1412 2682 1462 eventus
2699 1410 2824 1478 ipsa
2852 1412 2998 1463 terra
3030 1408 3271 1476 declivis,
3306 1415 3356 1464 et
3383 1413 3546 1466 series

1853 1482 2032 1553 fugax
2069 1480 2319 1553 ﬂuminis
2369 1479 2597 1532 labentis
2633 1481 2960 1553 moderatur
2978 1498 3000 1542 ,'
3058 1483 3312 1535 similiter
3365 1497 3546 1553 casus,

1857 1550 1957 1616 qui
1987 1549 2204 1601 videtur
2223 1553 2526 1615 contingere
2551 1551 2706 1603 nullo
2743 1551 2883 1603 duce
2923 1556 2977 1603 et
3013 1553 3187 1606 veluti
3219 1553 3423 1608 lamatis
3455 1549 3552 1607 ha;

1857 1621 2256 1693 benis,7regitur
2285 1636 2388 1693 ceu
2416 1636 2617 1688 passus
2665 1623 2871 1689 frenos,
2907 1621 3153 1693 idemque
3197 1625 3395 1679 accidit
3443 1627 3548 1680 im-

1859 1695 2006 1760 perio
2027 1692 2124 1744 Dei
2149 1691 2518 1761 providentis.

1679 1818 1877 1874 ΝΟΤᾸΞ
1891 1859 1903 1872 .

87 1957 175 2015 quo
201 1940 253 2015 in
284 1940 475 2015 sinum
504 1939 795 2015 Persicum
823 1940 1034 1996 inﬂuit.
1061 1942 1139 1997 De
1161 1942 1271 1996 hoc
1301 1941 1474 1998 ﬂuvio
1495 1943 1753 2015 loquitur
1792 1945 1831 1998 Β
1865 1941 2006 1996 Hinc
2037 1939 2318 2015 quidquid
2351 1940 2591 2015 regitur,
2639 1940 2694 1995 id
2726 1942 2898 2015 vulgo
2932 1941 3353 2015 diciturfrenos
3384 1943 3504 2014 pati
3537 1959 3550 1998 :

92 2013 207 2083 Virg.
241 2014 259 2064 1
293 2013 504 2082 eclog.,
534 2028 584 2065 v.
611 2014 678 2066 62
704 2028 718 2065 :

185 2100 308 2149 Ante
337 2099 626 2162 pererratis
650 2100 931 2162 amborum
963 2099 1159 2148 finibus
1180 2100 1331 2149 exsul

187 2163 280 2211 Aut
299 2161 509 2211 Ararim
530 2161 749 2211 Prrthus
785 2163 950 2221 bibet,
983 2167 1074 2212 aut
1098 2164 1378 2212 Germania
1397 2164 1610 2228 Tigrim.

89 2243 359 2314 Euphrates
385 2259 531 2297 vero
577 2243 657 2296 sic
703 2248 938 2297 vocatus
985 2249 1224 2314 propter
1274 2245 1532 2298 laetitiam
1574 2260 1748 2315 quam

90 2316 254 2368 incolis
298 2315 462 2368 atfert
508 2331 610 2368 sua
663 2315 1040 2369 inundatione
1081 2332 1249 2386 agros
1291 2317 1624 2379 fecundans,
1666 2320 1752 2370 est

91 2387 211 2439 aliud
241 2386 473 2451 ﬂumen,
529 2386 681 2457 quod
725 2402 790 2440 ex
821 2386 1108 2456 praedictis
1142 2387 1426 2441 Armenia:
1459 2387 1751 2441 montibus

92 2457 268 2528 pariter
306 2458 514 2512 oritur.
568 2458 1059 2528 Mesopotamiam,
1108 2464 1171 2512 ut
1209 2460 1366 2512 Nilus
1413 2459 1747 2529 zEgyptum,

93 2529 339 2582 exundans
387 2529 668 2583 fecundat
709 2533 786 2594 et,
834 2530 1113 2599 adjunctis
1148 2529 1330 2599 Tigris
1376 2529 1643 2584 ﬂuctibus
1692 2531 1752 2584 in

83 2599 336 2672 .Persicum
387 2601 589 2672 sinum
638 2599 865 2654 labitur.
914 2602 993 2654 De
1041 2601 1147 2654 hoc
1192 2603 1416 2655 locutus
1461 2601 1750 2672 Virgilius,

93 2677 140 2724 ut
158 2670 487 2744 signiﬁcaret
523 2671 739 2725 bellum
781 2673 1146 2739 Parthorum,
1180 2688 1427 2744 quorum
1466 2670 1752 2727 terminus

93 2748 186 2796 erat
202 2743 537 2813 Euphrates,
573 2760 591 2797 1
625 2745 852 2814 Georg.,
885 2758 944 2798 v.
971 2746 1110 2798 509:

184 2832 299 2880 Hinc
318 2837 497 2881 movet
526 2829 835 2895 Euphrates,
863 2832 1009 2881 illinc
1039 2832 1319 2882 Germania
1347 2831 1566 2882 bellum.

92 2911 174 2964 Nec
193 2929 406 2983 possum
439 2913 713 2968 omittere
751 2913 907 2984 quod
938 2914 1000 2977 Ο.
1050 2914 1300 2980 Curtius,
1351 2914 1387 2966 l.
1425 2929 1476 2979 v,
1506 2912 1642 2967 dicit
1683 2912 1754 2967 de

96 2989 294 3054 utroque
315 2985 419 3039 hoc
442 2986 690 3038 ﬂumine
726 3002 738 3038 :
790 2987 890 3039 Isti
919 3001 1120 3051 amnes,
1150 2984 1360 3055 inquit,
1387 3001 1453 3037 em
1481 2985 1754 3038 Armenia

96 3057 316 3110 montibus
338 3061 647 3126 proﬂuunt.
690 3061 740 3110 et
773 3071 966 3122 magno
1011 3055 1203 3109 deinde
1233 3071 1502 3125 aquarum
1522 3056 1754 3109 divortio

96 3129 188 3191 iter,
217 3129 346 3194 quod
371 3145 599 3197 capere,
627 3133 977 3197 percurrunt,
1027 3128 1131 3180 duo
1160 3129 1340 3181 millia
1383 3133 1432 3180 et
1457 3131 1754 3194 quingenta

98 3197 242 3250 stadia
263 3205 628 3264 emensisunt,
663 3201 760 3267 qui
793 3200 1191 3266 amplissimum
1226 3197 1576 3252 intervallum
1609 3201 1754 3252 circa

99 3269 323 3324 Armenia:
346 3276 556 3325 montes
589 3275 932 3324 notaverunt.
967 3271 1143 3323 Iidem
1167 3285 1285 3324 cum
1318 3270 1509 3323 Media
1540 3275 1587 3322 et
1619 3270 1752 3324 Gor-

101 3338 338 3394 dianorum
389 3349 572 3396 terras
619 3357 797 3394 secare
839 3348 1127 3409 cceperunt,
1157 3343 1429 3409 paulatim
1460 3343 1518 3394 in
1548 3344 1754 3394 arctius

102 3418 280 3465 coeunt:
314 3417 361 3466 et
389 3429 493 3480 quo
537 3414 745 3478 longius
774 3417 1020 3477 manant,
1062 3413 1160 3466 hoc
1196 3414 1486 3478 angustius
1523 3415 1666 3465 inter
1701 3427 1754 3465 se

103 3485 296 3548 spatium
326 3489 476 3538 terrae
497 3485 840 3551 relinquunt.
881 3485 1058 3539 Vicini
1077 3488 1312 3536 mamime
1336 3489 1480 3546 sunt,
1514 3498 1645 3552 quos
1667 3485 1755 3537 in-

105 3553 198 3606 colae
223 3555 656 3624 Mesopotamiam
672 3558 885 3609 vocant.
918 3554 1154 3609 Mediam
1183 3570 1416 3624 namque
1432 3555 1499 3607 ab
1529 3560 1758 3622 utroque

108 3624 236 3678 latere
291 3626 635 3680 concludunt.
687 3626 889 3680 Eadem
927 3642 1028 3695 per
1073 3625 1495 3694 Babyloniorum
1526 3629 1660 3695 ﬁnes
1701 3627 1759 3679 in

110 3695 305 3750 Rubrum
317 3714 462 3752 mare
477 3702 868 3767 prorumpunt.

159 3785 198 3838 6.
248 3785 392 3840 Unda
423 3785 609 3854 vadi.]
645 3786 862 3838 Vadum
888 3784 1087 3840 dicunt
1129 3801 1360 3856 aquam,
1395 3802 1520 3856 quas
1550 3784 1757 3840 littori-

109 3852 304 3928 busnon
326 3858 403 3911 ita
423 3852 664 3921 dissitis,
693 3857 855 3928 pede,
890 3862 986 3910 aut
1006 3852 1306 3928 equofaut
1330 3852 1528 3910 saltem
1556 3857 1761 3926 cymba

109 3925 286 3980 facilius
314 3945 484 3998 quam
532 3925 709 3998 mare
725 3927 952 3981 transiri
974 3925 1164 3998 potest
1196 3945 1208 3982 :
1242 3929 1396 3983 unde
1427 3945 1459 3981 a
1487 3925 1758 3993 vadendo,

111 3998 174 4048 vel
212 4017 240 4051 a
278 3996 463 4054 Graeco
508 3996 702 4072 βὰὃος,
744 4001 893 4072 locus
926 3996 1022 4067 per
1071 4017 1238 4072 quem
1275 4000 1517 4066 vaditur,
1550 4000 1760 4072 vadum

111 4074 272 4140 putant
295 4072 447 4124 oriri.
485 4069 700 4126 Gallice
727 4071 969 4124 dicimus
999 4072 1044 4125 le
1067 4076 1186 4137 gué,
1211 4069 1249 4125 εὶ
1293 4086 1483 4140 passer
1510 4075 1614 4137 gué
1639 4086 1652 4122 :
1680 4071 1763 4122 in-

118 4138 312 4194 teriores
349 4143 627 4196 Normani
663 4141 876 4205 dicunt,
929 4143 979 4195 le
1009 4144 1187 4208 grand
1235 4138 1365 4196 et'le
1410 4146 1544 4210 petit
1571 4145 1648 4194 vé.
1672 4141 1765 4194 A1-

112 4213 296 4285 teruum
333 4230 467 4283 ergo
511 4215 657 4267 illud
702 4214 912 4266 vadum
943 4214 1056 4266 sive
1108 4214 1342 4278 ﬂumen,
1387 4218 1580 4281 utpote
1610 4211 1763 4282 quod

113 4281 221 4347 ipsis
264 4281 473 4339 natura:
525 4285 752 4356 legibus
798 4285 946 4356 ﬂuit,
996 4289 1116 4356 tam
1138 4290 1270 4337 noto
1314 4290 1552 4356 tamque
1604 4281 1760 4356 certo

113 4365 244 4426 cursu
274 4356 462 4424 fertur,
499 4362 569 4412 ut
593 4353 667 4410 ab
712 4354 848 4426 ipsis
880 4355 1210 4408 hominibus
1239 4354 1539 4425 prtevideri
1579 4359 1636 4406 et
1673 4353 1762 4406 in-

114 4424 261 4477 tendit
288 4428 459 4494 possit
490 4445 502 4481 :
551 4444 679 4481 cum
711 4424 906 4480 tamen
951 4443 1194 4496 puppes,
1234 4424 1442 4490 trunci,
1476 4432 1532 4478 et
1557 4430 1766 4478 caetera

116 4496 349 4582 ejusmodi
385 4514 650 4582 cprpora,
697 4514 828 4578 quae
875 4497 1161 4578 ejusmodi
1217 4497 1381 4567 aquis
1421 4496 1763 4582 circumfusa
1802 4529 1845 4582 Β

114 4565 378 4634 vehuntur,
411 4565 647 4623 fortuito
667 4565 783 4622 sive
815 4565 1114 4638 inopinato
1163 4565 1369 4623 eventu
1397 4567 1759 4622 conveniant.

170 4656 212 4707 9.
258 4658 418 4712 Terrae
457 4656 739 4729 declivia]
771 4657 1024 4727 Intelligi
1069 4661 1311 4728 possunt
1351 4659 1486 4711 loca.
1521 4658 1651 4710 Haec
1680 4660 1766 4709 est

119 4728 270 4780 autem
299 4729 379 4782 lex
406 4730 665 4800 corporis
695 4728 836 4783 moti
867 4729 1143 4783 divinitus
1174 4729 1506 4794 constituta,
1539 4733 1602 4800 ut
1633 4743 1764 4800 cor-

119 4805 442 4872 pusmotum,
477 4799 591 4872 qua
631 4801 820 4854 minus
847 4799 1148 4868 resistitur,
1202 4804 1406 4871 pergat
1452 4815 1464 4853 :
1499 4799 1598 4854 sed
1640 4799 1765 4853 loca

121 4864 318 4922 declivia
346 4864 534 4926 minus
553 4873 838 4926 resistunt.

178 4940 246 5018 tt.
299 4943 578 5018 Per-missis
643 4941 946 5018 habenis.]_
989 4942 1312 5018 Similitudo
1383 4940 1629 4996 sumitur
1695 4940 1764 4994 ab

123 5013 270 5077 equis,
315 5015 428 5083 qui,
493 5015 696 5070 laxatis
738 5013 1002 5083 habenis,
1053 5015 1164 5070 huc
1222 5015 1472 5084 illucque
1551 5018 1766 5068 temere

125 5090 342 5137 currunt.

283 5155 538 5229 Fors.]rld
575 5162 659 5229 est
679 5172 834 5211 casus
867 5172 880 5211 :
915 5173 1083 5210 causa
1115 5172 1218 5226 pro
1251 5156 1452 5210 eﬂ‘ecto
1484 5160 1714 5229 sumpta
1750 5171 1762 5209 :

126 5226 334 5299 aptiquis
380 5228 532 5281 enim
573 5228 686 5281 fors
739 5229 947 5282 dicitur
989 5245 1179 5294 causa,
1229 5245 1355 5299 qua:
1396 5234 1611 5282 temere
1663 5228 1772 5282 fert

129 5289 304 5362 aliquid
333 5313 344 5350 :
377 5300 526 5353 unde
552 5299 744 5369 Virgil.
769 5316 807 5352 ιι
837 5301 984 5366 ZEn.,
1014 5316 1063 5352 v.
1091 5289 1199 5354 94':

397 5386 460 5434 Et
493 5401 575 5436 me
603 5388 704 5436 fors
727 5388 770 5436 si
795 5401 898 5450 qua
929 5387 1152 5438 tulisset.

190 5462 238 5512 1‘2
279 5465 484 5539 Patitur
525 5466 752 5539 frenos]
797 5469 1183 5524 Continuatur
1231 5467 1546 5522 similitudo
1596 5483 1772 5538 equo-

132 5542 250 5597 rum,
273 5537 362 5605 qui
392 5539 564 5593 frenis
593 5537 871 5610 reguntur
893 5557 905 5594 :
931 5541 1079 5610 Virg.
1114 5555 1186 5594 ιιι
1217 5540 1448 5610 Georg.,
1473 5556 1527 5593 γ.
1565 5537 1662 5594 182
1687 5555 1699 5593 :

229 5619 416 5689 Erimus
427 5626 554 5689 equi
574 5626 722 5677 labor
745 5632 826 5677 est
854 5628 1061 5676 animos
1080 5630 1236 5689 atque
1263 5641 1412 5676 arma
1434 5627 1614 5677 videre

231 5681 804 5754 bellantumJituosque
841 5691 968 5754 pati,
1000 5681 1275 5754 tractuque
1292 5694 1589 5753 gementem

231 5743 369 5796 Ferre
395 5743 580 5813 rotam,
599 5757 649 5805 et
670 5743 879 5805 stabulo
901 5743 1080 5804 frenos
1101 5743 1583 5804 audirevsonantes.

1856 2013 2343 2084 quemadmodum
2369 2013 2438 2066 ab
2461 2013 2665 2066 eodem
2697 2013 2932 2082 Virgilio
2962 2013 3183 2068 Aineid.
3213 2031 3288 2081 x1,
3321 2013 3509 2069 v.7567
3543 2031 3557 2069 :

1978 2101 2170 2149 Urbem
2196 2100 2352 2148 hodie
2383 2114 2595 2148 causam
2623 2101 2764 2152 belli.
2791 2115 2949 2163 regna
2976 2102 3087 2163 ipsa
3117 2102 3306 2162 Latini,

1977 2164 2040 2210 Ni
2075 2163 2281 2210 frenum
2319 2163 2552 2225 accipere
2566 2167 2618 2210 et
2647 2163 2771 2210 victi
2793 2178 2975 2225 parere
3002 2165 3233 2212 fatentur

1979 2226 2175 2274 Eruam
2209 2230 2257 2273 et
2290 2239 2440 2286 inqua
2469 2225 2583 2273 solo
2610 2225 2868 2274 fumantia
2894 2226 3129 2274 culmina
3146 2239 3363 2288 ponam.

1935 2319 2014 2369 l2.
2049 2317 2285 2384 Ipsaque
2331 2316 2440 2382 lege
2478 2315 2663 2384 meat.]
2699 2314 2898 2369 Divina
2947 2315 3158 2369 scilicet
3189 2315 3560 2370 Providentia

1858 2403 2008 2458 quae,
2042 2387 2240 2454 utjam
2268 2386 2482 2440 dictum
2505 2392 2606 2452 est,
2636 2390 2861 2454 attingit
2909 2404 2942 2441 a
2963 2390 3069 2456 ﬁne
3108 2387 3181 2441 ad
3209 2390 3368 2456 finem
3386 2389 3556 2454 forti-

1859 2465 1940 2514 ter
1969 2464 2018 2511 et
2049 2459 2289 2525 disponit
2315 2461 2495 2510 omnia
2534 2460 2790 2511 suaviter.

1933 2530 1947 2562 ¹
1980 2531 2051 2582 1η
2074 2530 2173 2582 hac
2201 2530 2580 2601 cohaerentium
2603 2529 2710 2582 sibi
2745 2530 2880 2582 serie
2904 2543 3215 2594 causarum,
3245 2527 3376 2601 etc.]
3425 2529 3558 2584 Boe-

1857 2601 1971 2654 tius
2003 2601 2226 2652 videtur
2256 2600 2495 2652 induere
2517 2615 2822 2670 personam
2849 2616 3070 2666 eorum,
3101 2602 3200 2671 qui
3222 2600 3558 2668 humanam,

1857 2673 2184 2726 libertatem
2211 2671 2516 2724 conciliare
2548 2687 2664 2724 non
2696 2677 3010 2740 potuerunt
3039 2688 3168 2725 cum
3200 2672 3393 2726 divina
3422 2673 3561 2726 Pro-

1857 2742 2130 2808 videntia,
2168 2742 2431 2795 arbitrati
2464 2742 2750 2794 alternum
2773 2759 2838 2795 ex
2865 2743 2953 2795 his
2976 2743 3198 2796 duobus
3219 2759 3338 2797 esse
3368 2759 3560 2797 neces-

1860 2813 2093 2877 sarium,
2128 2819 2227 2866 aut
2257 2814 2436 2866 Deum
2468 2829 2583 2865 non
2616 2813 2916 2882 providere
2937 2813 3148 2876 futura,
3183 2820 3284 2868 aut
3312 2813 3561 2867 hominis

1859 2886 2082 2940 nullam
2123 2900 2245 2936 esse
2277 2883 2600 2938 libertatem
2635 2899 2648 2936 :
2676 2884 2754 2936 sic
2785 2884 2982 2938 Cicero
3025 2889 3080 2938 et
3111 2885 3304 2954 plures
3336 2883 3430 2938 alii
3473 2901 3562 2938 ve-

1860 2961 2030 3010 teres.
2067 2956 2273 3008 Verum
2320 2971 2451 3008 cum
2498 2954 2672 3008 homo
2717 2955 2956 3024 quilibet
2998 2972 3114 3008 suae
3173 2957 3248 3008 sit
3284 2955 3562 3008 libertatis

1861 3028 2142 3092 conscius,
2173 3027 2356 3098 magis
2413 3041 2586 3096 quam
2637 3025 2843 3098 divinae
2901 3025 3302 3098 Providentim,
3347 3027 3558 3093 Cicero,

1862 3105 1919 3153 et
1949 3098 2182 3168 quidam
2209 3096 2294 3150 illi
2315 3096 2753 3168 veteres,posita
2784 3098 3020 3150 lumana
3063 3097 3344 3162 libertate,
3382 3113 3562 3166 nega—

1864 3167 2072 3223 verunt
2103 3168 2356 3222 divinam
2381 3167 2802 3221 Providentiam
2829 3184 2842 3220 :
2879 3170 3079 3234 Cicero,
3111 3168 3298 3238 inquit
3327 3168 3380 3222 S.
3414 3171 3561 3238 Aug.

1793 3227 1833 3282 (ἶ
1862 3241 1900 3295 l.
1950 3257 1979 3293 v
2031 3241 2098 3294 de
2129 3240 2290 3294 Civit.
2332 3239 2452 3304 Dei,
2485 3255 2606 3309 cap.
2632 3239 2682 3305 9,
2722 3244 2780 3292 ut
2809 3244 2895 3292 vir
2941 3227 3169 3306 magnus
3189 3227 3248 3292 et
3277 3239 3466 3292 doctus
3504 3227 3565 3292 ῐι

1863 3315 1990 3366 vitae
2029 3312 2278 3365 humanae
2307 3311 2606 3379 plurimum
2628 3325 2690 3362 ac
2710 3313 3039 3378 peritissime
3060 3312 3356 3376 consulens,
3389 3325 3456 3364 ea:
3479 3310 3564 3364 his

1868 3384 2076 3437 duobus
2100 3384 2256 3448 elegit
2275 3383 2502 3435 liberum
2526 3383 2824 3435 voluntatis
2847 3382 3160 3434 arbitrium.
3191 3381 3342 3446 Quod
3362 3386 3421 3434 ut
3448 3395 3567 3434 con-

1865 3455 2204 3526 ﬁrmaretur,
2239 3456 2458 3526 negavit
2475 3455 2875 3521 praescientiam
2903 3454 3258 3526 futurorum;
3295 3455 3456 3518 atque
3485 3453 3566 3504 ita

1866 3524 1996 3580 dum
2018 3527 2133 3578 vult
2159 3528 2340 3591 facere
2363 3525 2574 3588 liberos,
2606 3526 2746 3590 facit
2790 3525 3118 3590 sacrilegos;
3157 3524 3444 3588 religiosus
3474 3537 3570 3575 au-

1868 3601 1978 3652 tem
1999 3600 2214 3650 animus
2235 3601 2524 3664 utrumque
2541 3596 2711 3660 eligit,
2732 3599 3020 3662 utrumque
3054 3597 3354 3662 conﬁtetur,
3391 3598 3440 3646 et
3461 3593 3567 3660 ﬁde

1862 3671 2088 3738 pietatis
2117 3674 2406 3735 utrumque
2427 3665 2732 3736 conﬁrmat.
2771 3668 2838 3719 Ut
2860 3666 3054 3738 igitur
3075 3681 3140 3718 ea
3167 3681 3296 3738 quae
3324 3682 3354 3718 a
3385 3664 3565 3738 Philo-

1869 3735 2070 3808 sophia
2112 3739 2376 3807 deinceps
2417 3735 2812 3808 proponentur
2842 3736 2909 3808 de
2937 3736 3048 3808 hac
3077 3735 3334 3808 materia,
3360 3735 3566 3808 clarius

1868 3806 2285 3879 intelligantur,
2315 3806 2624 3879 proposita
2651 3807 3167 3879 ipsiusdlibertatis
3200 3806 3565 3879 deﬁnitione,

1870 3876 2150 3946 eamdem,
2188 3876 2562 3947 Philosophia
2605 3876 2766 3944 duce,
2815 3877 3138 3931 libertatem
3180 3876 3569 3948 propugnabi-

1869 3969 1997 4011 mus
2019 3953 2287 4020 variaque
2305 3950 2475 4018 hujus
2489 3965 2700 4017 genera
2733 3948 3171 4002 declarabimus.

1947 4035 1992 4084 t.
2025 4031 2276 4084 Libertas
2297 4028 2615 4099 generatim
2656 4027 2882 4081 deﬁniri
2915 4031 3102 4099 potest
3133 4031 3274 4081 Mens
3307 4042 3446 4096 quae,
3484 4042 3568 4082 co-

1869 4104 2114 4168 gnitione
2146 4097 2698 4168 duce,'semetipsum,
2739 4097 2980 4164 volendo,
3015 4113 3174 4164 agere
3201 4103 3390 4166 potest.

1943 4173 2162 4227 Dicitur
2208 4176 2258 4223 1ο
2281 4186 2427 4224 mens
2458 4187 2469 4223 :
2521 4170 2658 4240 quia
2700 4170 2932 4223 libertas
2965 4170 3197 4238 quidam
3234 4173 3316 4240 est
3350 4167 3562 4221 mentis

1871 4246 2079 4298 modus
2105 4243 2342 4309 ;modus
2370 4239 2565 4294 autem
2601 4240 2827 4306 mentis,
2854 4245 2915 4294 ut
2946 4245 3072 4310 pote
3097 4240 3214 4309 qui,
3249 4239 3429 4292 instar
3466 4255 3571 4310 coc-

1871 4321 2126 4370 terorum
2157 4314 2479 4375 modorum,
2510 4328 2611 4365 sua
2641 4327 2898 4365 seorsum
2930 4309 3057 4364 idea
3077 4310 3313 4380 cogitari
3347 4309 3567 4380 nequit,

1873 4386 2138 4456 cognosci
2170 4401 2285 4456 non
2315 4386 2525 4454 potest,
2556 4383 2665 4436 nisi
2694 4384 2841 4456 facta
2870 4383 3159 4436 mentione
3204 4380 3413 4456 mentis
3445 4397 3457 4434 :
3491 4381 3572 4456 sic

1873 4451 2140 4528 ﬂg'uram,
2183 4451 2458 4527 quietem,
2493 4460 2550 4508 et
2587 4455 2968 4528 motumlnon
3005 4452 3420 4528 cognoscimus,
3465 4451 3572 4528 nisi

1880 4523 2026 4583 facta
2057 4523 2345 4582 mentione
2376 4525 2628 4597 corporis
2662 4542 2674 4579 :
2708 4525 2876 4590 Modi,
2909 4525 3182 4597 inquiunt
3221 4523 3570 4593 philosophi,

1874 4603 2067 4655 melius
2110 4602 2168 4652 in
2201 4604 2440 4652 concreto
2466 4595 2761 4651 noscuntur
2791 4612 2955 4664 quam
2987 4598 3046 4648 in
3068 4595 3358 4648 abstracto.

1950 4670 2167 4744 Dicitur
2195 4673 2254 4724 2°
2277 4685 2396 4739 quae
2414 4673 2758 4744 semettpsam
2784 4683 2942 4744 agere
2958 4671 3153 4736 potest,
3189 4665 3305 4744 sive
3333 4668 3399 4718 ut
3429 4679 3574 4744 non-

1873 4743 2019 4798 nulli
2052 4742 2367 4812 loquuntur
2386 4755 2592 4812 movere
2611 4739 3064 4812 acheter‘minare
3105 4752 3118 4790 :
3163 4739 3576 4812 optimeenim

1877 4831 1908 4867 a
1933 4807 2161 4877 Graecis,
2198 4811 2530 4865 nominibus
2580 4811 2652 4864 ab
2683 4809 3064 4879 intelligentia
3113 4807 3577 4879 experientiaque

1877 4876 2166 4939 communi
2227 4881 2517 4947 derivatis,
2580 4897 2740 4935 mens
2763 4876 2945 4934 libera
2983 4876 3214 4932 vocatur
3243 4876 3576 4938 αὐτοκίνητος

1876 4971 2093 5010 movens
2117 4958 2373 5024 seipsam,
2409 4959 2462 5008 et
2482 4951 2826 5025 αὐτοκρατὴς,
2859 4952 2967 5005 sibi
2997 4953 3108 5025 ipsi
3139 4952 3431 5018 imperans.
3455 4950 3578 5025 _l_-l_a_c

1879 5027 2158 5082 libertatis
2193 5020 2443 5079 'notione
2481 5041 2618 5077 usus
2645 5020 2740 5077 'est
2773 5024 2825 5078 S.
2860 5023 3216 5091 Augustinus
3254 5036 3383 5074 cum
3419 5020 3574 5091 alibi,

1878 5104 2001 5154 tum
2032 5097 2352 5169 praesertim
2411 5095 2580 5169 initio
2613 5093 2766 5169 tertii
2816 5094 2946 5147 libri
2961 5090 3040 5169 de
3074 5090 3576 5169 LiberoArbitrio,

1879 5170 1978 5225 ubi
2011 5160 2150 5239 agit,
2181 5172 2244 5222 ut
2277 5169 2366 5222 hic
2397 5168 2602 5239 agitur,
2654 5166 2722 5220 de
2767 5164 3085 5239 concordia
3134 5163 3307 5239 liberi
3356 5160 3576 5239 arbitrii

1880 5258 2008 5296 cum
2033 5235 2226 5295 divina
2257 5235 2619 5293 Providentia
2651 5253 2664 5291 :
2695 5239 2894 5301 Motus,
2928 5236 3134 5306 inquit,
3156 5250 3258 5302 quo
3288 5235 3388 5286 huc
3416 5238 3578 5299 atque

1881 5315 2015 5368 illuc
2044 5313 2293 5366 voluntas
2323 5312 2677 5374 convertitur,
2715 5311 2824 5362 nisi
2849 5313 2984 5362 esset
3024 5307 3384 5366 voluntarius,
3417 5308 3579 5374 atque

1881 5388 1939 5438 in
1982 5390 2169 5438 nostra
2215 5385 2424 5451 positus
2463 5372 2726 5453 potestate
2769 5395 2938 5453 neque
2987 5376 3296 5430 laudandus
3341 5389 3463 5453 cum
3506 5372 3580 5453 ad

1883 5459 2186 5524 superiora,
2216 5443 2388 5518 neque
2416 5443 2721 5520 culpandus
2759 5443 2911 5524 homo
2961 5453 3114 5524 esset,
3158 5461 3277 5498 cum
3319 5443 3395 5524 ad
3421 5446 3580 5524 infe-

1881 5516 2034 5581 riora
2075 5516 2354 5593 detorquet
2403 5516 2562 5593 quasi
2610 5522 2894 5592 quemdam
2929 5519 3211 5593 cardinem
3246 5516 3580 5593 voluntatis:

1883 5613 2052 5668 neque
2082 5589 2297 5652 omnino
2329 5589 2636 5651 monendus
2659 5598 2795 5668 esset
2833 5596 2892 5646 ut
2931 5592 3059 5668 istis
3090 5589 3343 5668 neglectis
3378 5590 3584 5668 seterna

1883 5659 2040 5724 vellet
2079 5669 2335 5740 adipisci,
2366 5672 2528 5740 atque
2567 5670 2626 5721 ut
2655 5665 2817 5721 nollet
2842 5663 2980 5718 male
3004 5662 3203 5726 vivere,
3234 5659 3390 5715 vellet
3405 5662 3584 5716 autem

1891 5741 2036 5796 bene.
