3972 6182
396 255 502 308 839

1703 253 1824 306 AN.
1873 251 2088 306 MANL.
2135 251 2284 307 SEV.
2330 252 2573 306 BOETII.
3746 260 3826 312 8&0

399 390 573 456 enim,
606 387 815 460 quibus
835 387 1192 458 perturbare,
1218 386 1495 458 conjecto.
1523 386 1797 452 Nimium,
1821 386 2080 458 inquam,
2121 387 2168 442 A
2199 391 2468 442 eventum
2500 387 2890 459 praescitarum
2938 402 3156 453 rerum,
3207 386 3378 442 etiam
3430 388 3475 441 si
3519 391 3834 458 praescientia

396 487 421 513 α
449 478 734 532 adversari
765 493 828 531 ac
857 492 1182 548 repugnare
1248 475 1496 541 videtur,
1545 491 1902 546 praenoscere
1960 477 2086 530 uni-

394 584 556 622 versa
585 569 786 633 Deum,
824 572 879 621 et
909 584 1030 620 esse
1055 565 1533 633 ullumlibertatis
1557 566 1880 628 arbitrium,
1910 568 2085 620 ‘Nam

395 658 441 711 si
468 661 669 711 cuncta
693 655 762 725 (ὅ)
822 655 1097 726 prospicit
1151 656 1317 718 Deus,
1365 671 1551 726 neque
1591 655 1711 709 falli
1761 656 1876 709 ullo
1912 655 2084 709 modo

393 751 600 817 potest,
646 746 872 799 evenire
915 761 1144 798 necesse
1193 750 1278 798 est
1321 744 1474 815 quod
1524 745 1884 799 Providentia
1933 745 2084 798 futu-

392 851 522 889 rum
555 851 674 889 esse
705 833 1051 905 praaviderit.
1093 834 1278 898 Quare
1309 833 1356 886 si
1408 833 1478 887 ab
1511 838 1725 887 aeterno
1773 849 1887 887 non
1941 833 2087 886 facta

391 923 692 978 hominum
743 923 933 990 modo,
979 923 1076 977 sed
1118 924 1291 976 etiam
1341 922 1600 988 consilia,
1646 922 2086 992 voluntatesque

392 1013 721 1084 praenoscit,
757 1013 914 1066 nulla
959 1012 1070 1066 erit
1100 1011 1323 1066 arbitrii
1380 1011 1610 1066 libertas
1640 1026 1652 1067 ξ
1688 1028 1874 1082 neque
1933 1011 2087 1065 enim

393 1105 479 1156 vel
511 1103 720 1156 factum
753 1101 908 1155 aliud
940 1102 1146 1169 ullum,
1179 1103 1265 1155 vel
1299 1102 1572 1172 quaelibet
1603 1101 1846 1155 existere
1879 1102 2088 1171 poterit

393 1193 676 1257 voluntas,
714 1190 824 1244 nisi
857 1207 1030 1261 quam
1061 1191 1250 1244 nescia
1303 1190 1423 1244 falli
1467 1191 1830 1244 Providentia
1895 1189 2089 1244 divina

392 1281 778 1351 praesenserit.
819 1285 972 1334 325
1006 1281 1144 1332 Nam
1182 1278 1225 1332 si
1287 1295 1375 1333 res
1413 1279 1685 1333 aliorsum
1743 1295 1916 1350 quam
1957 1295 2088 1349 pro-

392 1371 526 1424 visa:
559 1373 710 1431 sunt,
748 1369 1080 1439 detorqueri
1110 1369 1323 1436 valent,
1355 1384 1468 1422 non
1490 1368 1610 1438 jam
1643 1367 1751 1421 erit
1781 1368 1957 1422 futuri
1989 1368 2084 1421 tir-

394 1477 486 1513 ma
518 1458 909 1529 praescientia;
963 1459 1060 1511 sed
1093 1457 1286 1526 opinio
1312 1457 1503 1526 potius
1550 1457 1786 1523 incerta,
1833 1457 1982 1526 quod
2018 1457 2085 1509 de

394 1551 509 1604 Deo
541 1548 770 1602 credere
802 1547 958 1601 nefas
983 1547 1175 1616 judico
1203 1547 1242 1599 ‘-’.
1285 1548 1479 1616 Neque
1528 1546 1683 1600 enim
1715 1547 1870 1600 illam
1903 1545 2084 1614 probo

393 1639 695 1704 rationem,
749 1654 863 1708 qua
921 1653 977 1689 se
1007 1636 1240 1705 quidam
1282 1636 1522 1688 credunt
1554 1635 1707 1688 hunc
1749 1634 2084 1704 quaestionis

393 1729 611 1783 nodum
661 1742 828 1797 posse
861 1725 1187 1778 dissolvere.
1221 1723 1398 1778 Aiunt
1431 1725 1507 1795 (5)
1541 1724 1692 1777 enim
1728 1750 1751 1785 ι,
1787 1740 1900 1777 non
1960 1737 2080 1777 esse

392 1818 522 1872 ideo
546 1816 681 1888 quid
713 1819 1073 1880 eventurum,
1105 1813 1396 1884 {quoniam
1427 1814 1483 1868 id
1527 1814 1889 1867 Providentia
1932 1813 2082 1866 futu-

393 1924 522 1962 rum
569 1922 690 1959 esse
719 1904 1090 1975 prospexerit,
1143 1903 1242 1957 sed
1291 1920 1319 1956 e
1361 1904 1646 1956 contrario
1679 1902 1891 1972 potius,
1942 1917 2082 1971 quo-

393 1998 549 2052 niam
573 1995 710 2066 quid
743 1993 1002 2047 futurum
1044 1996 1148 2060 est,
1175 1991 1232 2045 id
1256 1991 1510 2046 divinam
1544 1991 1969 2044 Providentiam
2003 1991 2081 2043 la-

393 2091 511 2141 tere
543 2101 659 2138 non
689 2099 874 2155 posse,
905 2097 1086 2153 eoque
1119 2081 1286 2135 modo
1317 2079 1701 2135 necessarium
1735 2079 1841 2132 hoc
1868 2079 1926 2132 in
1957 2096 2086 2132 con-

394 2175 629 2230 trariam
658 2173 834 2228 relabi
859 2180 1103 2244 partem.
1141 2173 1334 2242 Neque
1370 2171 1520 2224 enim
1555 2185 1782 2223 necesse
1801 2185 1920 2222 esse
1953 2184 2084 2221 con-

394 2267 641 2334 tingere,
679 2279 806 2334 quae
837 2259 1241 2332 providentur:
1276 2260 1372 2314 sed
1395 2275 1623 2313 necesse
1655 2275 1798 2325 esse,
1837 2273 1967 2328 quae
2000 2257 2085 2311 fu-

393 2358 523 2408 tura
552 2353 686 2418 sint,
719 2349 1031 2421 provideri.
1059 2349 1174 2418 (10)
1202 2353 1222 2384 ³
1250 2357 1270 2383 ο
1297 2348 1468 2411 Quasi
1517 2364 1670 2413 vero,
1715 2363 1843 2416 quae
1899 2347 2085 2416 cujus-

395 2458 506 2513 que
534 2441 617 2495 rei
646 2456 814 2492 causa
857 2438 948 2502 sit,
982 2437 1418 2508 praescientiane
1458 2436 1785 2490 futurorum
1845 2434 2086 2489 necessi-

393 2531 564 2596 tatis;
594 2545 666 2582 an
699 2527 1027 2582 futurorum
1073 2525 1400 2592 necessitas,
1434 2522 1833 2590 Providentiae,
1868 2524 2086 2578 labore-

394 2627 506 2676 tur.
541 2617 567 2654 ἀ
595 2620 665 2671 At
703 2633 806 2670 nos
850 2614 989 2669 illud
1051 2617 1443 2668 demonstrare
1516 2612 1792 2678 nitamur,
1853 2629 2083 2684 quoquo

393 2708 565 2764 modo
598 2722 718 2760 sese
765 2704 970 2760 habeat
1001 2703 1142 2758 ordo
1171 2717 1494 2771 causarum,
1529 2701 1913 2757 necessarium
1962 2718 2082 2757 esse

2195 476 2400 530 futuris
2431 477 2598 530 rebus
2636 477 2937 531 eveniendi
2991 476 3386 531 necessitatem
3448 493 3560 531 non
3612 479 3836 534 videatur

2195 565 2424 620 inferre.
2463 566 2572 636 (15)
2615 565 2836 620 Etenim
2876 566 2922 620 si
2975 566 3261 637 quispiam
3303 566 3510 633 sedeat,
3543 567 3831 637 opinionem

2196 671 2322 726 quae
2353 671 2485 708 eum
2543 655 2740 709 sedere
2793 655 3074 725 conjectat
3103 671 3293 709 veram
3326 671 3445 708 esse
3491 671 3701 710 necesse
3732 663 3834 712 est:

2195 749 2364 815 atque
2394 761 2422 798 e
2455 760 2726 798 converso
2759 760 2976 814 rursus,
2999 743 3045 798 si
3068 745 3136 798 de
3165 744 3434 814 quopiam
3484 759 3608 797 vera
3637 745 3702 798 sit
3734 746 3834 815 opi-

2196 832 2315 898 nio,
2359 833 2635 903 quoniam
2667 832 2842 900 sedet,
2877 849 3008 886 eum
3027 834 3224 888 sedere
3242 849 3468 887 necesse
3495 839 3592 886 est.
3624 835 3682 887 In
3705 839 3836 889 utro-

2195 936 2307 991 que
2341 921 2517 991 igitur
2564 923 2865 976 necessitas
2897 922 3045 976 inest
3076 937 3088 975 :
3122 922 3182 976 in
3215 922 3320 976 hoc
3348 921 3577 992 quidem
3623 923 3836 988 sedendi,

2195 1014 2252 1064 at
2275 1025 2408 1064 vero
2457 1010 2520 1064 in
2568 1010 2743 1065 altero
2778 1011 3052 1070 veritatis.
3088 1012 3196 1067 Sed
3231 1028 3345 1065 non
3373 1011 3577 1064 idcirco
3627 1013 3834 1084 quisque

2195 1100 2354 1154 sedet
2383 1100 2655 1170 quoniam
2691 1116 2819 1155 vera
2854 1105 2937 1155 est
2964 1101 3178 1171 opinio,
3222 1100 3321 1154 sed
3371 1099 3493 1153 haec
3526 1100 3701 1169 potius
3749 1101 3838 1172 ('20)

2194 1205 2327 1243 vera
2359 1194 2443 1243 est
2495 1189 2772 1259 quoniam
2821 1189 3151 1260 quempiam
3202 1189 3400 1243 sedere
3453 1190 3738 1258 praecessit.
3777 1191 3838 1244 Ita

2195 1295 2324 1332 cum
2357 1294 2525 1332 causa
2584 1279 2836 1332 veritatis
2867 1295 2934 1332 ex
2979 1279 3156 1332 altera
3190 1282 3351 1349 parte
3392 1278 3669 1346 procedat,
3721 1278 3838 1332 inest

2195 1371 2385 1421 tamen
2417 1368 2741 1421 communis
2781 1368 2841 1420 in
2879 1372 3122 1438 utraque
3170 1368 3490 1421 necessitas.
3528 1373 3670 1423 326
3713 1367 3838 1422 Simi-

2195 1456 2269 1508 lia
2297 1455 2364 1509 de
2395 1456 2778 1523 Providentia,
2812 1456 3132 1526 futurisque
3162 1457 3333 1511 rebus
3360 1457 3680 1512 ratiocinari
3707 1474 3836 1528 opor-

2193 1549 2290 1597 tet.
2312 1545 2451 1598 Nam
2482 1546 2655 1598 etiam
2687 1546 2734 1598 si
2765 1545 2971 1599 idcirco
3005 1548 3279 1616 quoniam
3327 1547 3518 1601 futura
3549 1552 3676 1600 sunt
3735 1563 3833 1616 pro-

2195 1632 2479 1698 videntur,
2511 1649 2627 1686 non
2656 1650 2790 1687 vero
2832 1634 2962 1688 ideo
3008 1634 3284 1704 quoniam
3341 1636 3704 1706 providentur
3744 1651 3836 1688 eve-

2191 1720 2360 1775 niunt
2381 1739 2392 1788 ;
2417 1722 2795 1776 nihilominus
2851 1728 3042 1777 tamen
3074 1741 3104 1777 a
3137 1725 3252 1778 Deo
3287 1725 3374 1778 vel
3407 1729 3639 1779 ventura
3689 1725 3835 1794 provi-

2192 1811 2332 1878 deri,
2361 1812 2448 1864 vel
2481 1811 2706 1881 provisa
2736 1813 2962 1866 evenire
3011 1829 3238 1867 necesse
3269 1821 3354 1868 est
3386 1856 3398 1868 .
3451 1815 3598 1885 quod
3627 1813 3692 1867 ad
3717 1814 3835 1884 peri-

2193 1899 2463 1954 mendam
2505 1899 2582 1971 (5)
2615 1901 2836 1954 arbitrii
2868 1901 3184 1955 libertatem
3219 1903 3406 1956 solum
3429 1903 3559 1956 satis
3588 1909 3682 1956 est.
3703 1903 3834 1957 ‘Jam

2192 2004 2326 2042 vero
2357 2005 2528 2060 quam
2563 1997 2583 2024 θ
2607 1995 3018 2060 praeposterum
3049 1991 3173 2057 ’est,
3210 1995 3270 2045 ut
3299 1996 3531 2046 aeterna:
3586 1992 3836 2062 praescien.

2193 2078 2288 2133 tias
2319 2079 2723 2148 temporalium
2754 2097 2948 2134 rerum
2979 2085 3217 2134 eventus
3245 2097 3416 2135 causa
3459 2099 3576 2135 esse
3625 2080 3834 2136 dicatur?

2194 2167 2340 2232 Quid
2391 2173 2474 2222 est
2524 2172 2714 2222 autem
2754 2169 2910 2222 aliud
2948 2170 3234 2238 arbitrari,
3280 2170 3411 2225 ideo
3467 2171 3638 2225 Deum
3661 2171 3832 2236 futura,

2193 2255 2470 2327 quoniam
2504 2262 2638 2310 sunt
2669 2262 2961 2325 eventura,
2989 2259 3312 2327 providere,
3344 2276 3516 2330 quam
3537 2267 3832 2330 putarequaa

2195 2344 2335 2399 olim
2366 2346 2712 2412 acciderunt,
2746 2363 2975 2400 causam
2998 2364 3237 2402 summa;
3260 2348 3422 2402 illius
3443 2365 3560 2402 esse
3585 2347 3835 2419 providen-

2193 2433 2333 2489 tiae?
2368 2435 2452 2488 Ad
2471 2434 2833 2503 haec,.sicuti,
2868 2452 2996 2490 cum
3027 2436 3166 2506 quid
3193 2454 3318 2491 esse
3341 2436 3419 2509 (l)
3448 2438 3579 2505 scio,
3611 2438 3661 2492 id
3685 2438 3833 2508 ipsum

2194 2538 2315 2578 esse
2339 2539 2568 2579 necesse
2595 2525 2805 2592 est;ita
2835 2541 2965 2580 cum
2983 2525 3119 2597 quid
3143 2527 3406 2581 futurum
3429 2527 3576 2593 novi,
3606 2527 3654 2581 id
3685 2527 3832 2596 ipsum

2192 2613 2453 2668 futurum
2497 2630 2618 2668 esse
2653 2630 2883 2668 necesse
2924 2620 3026 2670 est.
3075 2615 3163 2671 Sic
3195 2615 3259 2670 ﬁt
3295 2616 3494 2687 igitur
3531 2622 3592 2671 ut
3643 2620 3832 2671 eventus

2191 2703 2467 2774 praescitae
2499 2703 2582 2760 rei
2604 2708 2855 2776 nequeat
2875 2704 3096 2762 evitari.
3147 2703 3476 2762 Postremo5
3508 2705 3552 2760 si
3605 2705 3725 2777 quid
3758 2704 3832 2758 ali-

1882 2858 2463 2917 INTERPRETATIO.

463 3002 486 3032 α
512 2987 804 3043 Ρνωπηῖεὶο
837 2983 1028 3038 divina
1063 2986 1114 3037 et
1159 2981 1400 3037 humana
1439 2981 1661 3036 libertas
1691 2981 1948 3036 videntur
1977 2982 2088 3036 sibi

399 3063 630 3117 invicem
666 3057 1052 3112 contradicere.

464 3158 488 3193 ι,
515 3133 634 3187 Non
681 3129 800 3182 ideo
839 3127 1056 3194 aliquid
1086 3127 1339 3191 futurum
1373 3125 1517 3194 quod
1561 3127 1697 3178 Deus
1753 3123 1810 3177 id
1850 3139 2081 3193 prasen-

391 3205 544 3268 serit,
590 3201 683 3256 sed
736 3204 923 3254 contra
977 3200 1146 3252 Deum
1175 3196 1237 3249 id
1277 3199 1625 3266 prasensisse
1660 3199 1913 3261 quoniam
1943 3199 2098 3264 futu-
2139 3196 2179 3251 C

2195 2999 2316 3037 rum
2345 2986 2483 3036 erat.

2268 3062 2287 3088 ο
2318 3054 2422 3108 Sed
2451 3055 2544 3108 hoc
2572 3068 2677 3108 non
2713 3054 2892 3108 solvit.

2259 3125 2287 3168 εἰ
2315 3125 2563 3193 Idipsum
2596 3129 2769 3180 tamen
2803 3125 3038 3196 probare
3067 3141 3340 3182 conemur.

2281 3221 2304 3250 ο
2334 3198 2672 3251 Perversum.

2028 3317 2249 3376 ΝΟΤᾸΞ.

467 3447 645 3503 ‘Nam
693 3445 744 3496 si
772 3445 966 3496 cuncta
1005 3443 1272 3510 prospicit
1300 3444 1458 3507 Deus,
1505 3441 1635 3512 etc.]
1668 3443 1710 3496 Ι.
1763 3442 2087 3496 Generatim

391 3518 663 3590 probatur
706 3513 979 3590 przedicta
1015 3512 1320 3590 concordia
1347 3529 1475 3590 non.
1501 3529 1664 3590 posse
1698 3516 1844 3590 stare
1877 3529 1888 3566 :
1953 3514 2087 3590 quia

390 3581 522 3644 cum
550 3581 778 3640 libertas
808 3583 1058 3636 hominis
1085 3581 1335 3644 viatoris,
1371 3589 1431 3635 ut
1462 3581 1576 3653 jam
1609 3583 1825 3637 dictum
1883 3581 1987 3650 est,
2031 3590 2088 3639 et

391 3657 742 3730 experientia
773 3653 1130 3730 quotidiana,
1165 3653 1274 3730 ipsi
1305 3653 1567 3730 Ciceroni
1599 3654 2084 3730 caeterisque__pa-

390 3724 555 3802 gahis
612 3731 745 3781 nota
791 3724 1187 3802 confirmatur,
1223 3724 1295 3778 sit
1322 3725 1572 3802 iacultas
1602 3726 1673 3802 ad
1719 3724 2078 3802 utrumlibet,

389 3797 695 3874 propterea
728 3797 897 3874 quod
927 3797 1007 3848 ita
1055 3798 1452 3874 necessarium
1482 3803 1584 3874 est,
1617 3801 1682 3850 ut
1709 3802 1806 3874 aut
1836 3799 2079 3874 nullate-

390 3866 520 3938 nus;
557 3876 654 3924 aut
683 3866 800 3922 non
829 3866 961 3931 alio,
1023 3883 1196 3937 quam
1227 3884 1340 3937 quo
1371 3867 1558 3922 existit
1591 3868 1784 3934 modo,
1840 3869 2081 3922 existere

389 3943 589 4016 possit,
621 3939 761 4016 illud
796 3938 1017 4016 homini
1049 3955 1162 4016 non
1196 3944 1281 4016 est
1303 3939 1556 4016 liberum
1579 3956 1590 4004 ;
1616 3940 1877 4016 adeoque
1933 3940 2082 4016 circa

389 4009 531 4069 illud
560 4010 716 4066 nulla
766 4015 852 4063 est
892 4009 1070 4080 ipsius
1093 4010 1343 4062 hominis
1378 4011 1623 4064 libertas.
1665 4009 1837 4081 Atqtii
1896 4012 2084 4079 posita

391 4087 584 4141 divina
632 4081 1021 4144 Providentia,
1077 4081 1272 4134 omnia
1299 4081 1468 4146 facta,
1501 4081 1670 4146 dicta,
1721 4082 2080 4152 cogitataque

387 4155 639 4212 hominis
662 4155 738 4208 ita
765 4169 822 4206 se
846 4152 1138 4206 habebunt
1173 4167 1184 4206 :
1213 4167 1343 4204 cum
1373 4152 1527 4205 enim
1543 4153 1736 4205 divina
1770 4153 2076 4205 Providen-

388 4230 465 4282 tia
493 4229 564 4280 sit
584 4227 790 4279 horum
821 4224 1084 4278 omnium
1117 4239 1228 4276 non
1257 4224 1439 4276 solum
1463 4223 1905 4292 praeteritorum,
1938 4224 2081 4292 prte-

387 4298 774 4368 sentiumque,
844 4311 1043 4348 verum
1091 4293 1263 4368 etiam
1319 4294 1646 4368 futurorum
1705 4294 1976 4364 cognitio,
2034 4294 2078 4368 si

387 4371 508 4424 hac
540 4364 779 4439 possunt
809 4371 1052 4439 autnon
1085 4364 1323 4439 existere
1357 4371 1454 4418 aut
1475 4365 1608 4439 alio,
1629 4381 1801 4439 quam
1827 4382 1939 4435 quo
1964 4365 2075 4439 exi-

388 4435 565 4507 stunt,
621 4438 792 4492 modo
839 4436 1122 4507 existere,
1151 4435 1343 4489 divina
1386 4435 1744 4505 providentia
1779 4452 1922 4507 non
1971 4437 2078 4490 erit

386 4511 700 4582 praesensio
750 4506 1318 4582 evidens,_adeoque
1369 4507 1534 4582 ﬁrma
1581 4511 1636 4582 et
1696 4506 1816 4582 falli
1863 4507 2074 4582 nescia,

388 4577 487 4636 sed
511 4583 696 4652 potius
727 4580 998 4652 obscura,
1021 4577 1239 4631 incerta
1265 4581 1321 4631 et
1359 4577 1539 4631 errori
1579 4577 1858 4644 obnoxia;
1919 4579 2075 4649 quod

389 4653 459 4707 de
484 4650 597 4706 Deo
627 4651 879 4722 cogitare
899 4650 1077 4722 nefas.

459 4724 668 4790 ’Neque
698 4719 852 4777 illam
934 4721 1099 4790 probo
1135 4722 1420 4784 rationem,
1492 4719 1620 4790 etc.]

389 4792 605 4861 objicit,
631 4793 784 4863 quod
814 4792 1074 4845 nonnulli
1109 4793 1454 4861 respondere
1486 4792 1671 4844 solent
1702 4792 1770 4844 ad
1802 4792 2074 4845 tuendam

387 4863 718 4934 praedictam
743 4863 1128 4928 concordiam,
1166 4863 1427 4916 videlicet
1485 4878 1590 4916 non
1642 4863 1887 4916 divinam
1949 4865 2074 4917 Pro-

386 4934 688 4989 videntiam
736 4935 1049 4998 futurorum
1088 4938 1371 4987 eventuum
1425 4934 1520 4987 sed
1581 4935 1799 4999 futuros
1859 4940 2075 4988 eventus

386 5006 587 5060 divina
608 5004 967 5074 Providentia
1004 5019 1113 5058 esse
1133 5020 1351 5059 causam
1382 5021 1393 5057 :
1429 5021 1495 5058 ex
1523 5020 1626 5072 quo
1649 5005 1913 5074 sequitur,
1977 5005 2065 5058 di-

384 5082 569 5132 vinam
617 5073 1020 5144 providentiam
1069 5079 1251 5143 potius
1291 5092 1454 5143 quam
1509 5073 1762 5141 futurum
1809 5081 2072 5142 eventum,

385 5165 496 5204 esse
524 5148 901 5217 necessariam.
938 5144 1047 5197 Sed
1103 5147 1252 5198 idem
1299 5147 1522 5200 Boetius
1564 5147 1709 5200 hanc
1759 5148 2071 5217 responsio-

384 5237 517 5275 nem
550 5219 780 5283 refutat,
807 5215 1062 5287 primum
1103 5232 1168 5268 ex
1192 5233 1258 5269 eo
1290 5218 1442 5287 quod
1471 5235 1587 5271 non
1613 5218 1778 5271 solvit
1824 5215 2074 5271 difficul-

383 5297 582 5358 tatem,
617 5289 821 5346 deinde
865 5303 928 5339 ex
966 5303 1032 5339 eo
1059 5287 1208 5355 quod
1244 5294 1656 5357 praeposterum
1689 5295 1789 5357 est,
1838 5293 2073 5343 eventus

383 5357 605 5418 futuros
637 5379 754 5417 esse
779 5374 1004 5415 causam
1037 5357 1242 5411 divina:
1273 5359 1670 5413 Providentia}.

454 5455 475 5487 ³
508 5453 676 5518 Quasi
720 5466 862 5518 vero,
927 5444 1058 5520 etc.]
1114 5446 1392 5512 Primum,
1435 5448 1642 5518 inquit,
1677 5449 1798 5502 haec
1841 5464 2072 5519 respon-

385 5524 468 5578 sio
493 5541 608 5578 non
639 5524 805 5577 solvit
836 5521 1250 5587 difﬁcultatem,
1275 5520 1741 5591 quandoquidem
1775 5536 1889 5573 non
1921 5537 2074 5591 quae-

383 5596 548 5662 ritur,
582 5600 711 5650 utra
741 5595 814 5648 sit
849 5592 1084 5647 alterius
1124 5607 1328 5662 causa,
1349 5606 1422 5644 an
1452 5590 1818 5645 Providentia
1849 5590 1952 5645 rei
1985 5591 2072 5644 fu-

382 5661 548 5734 turae,
572 5681 646 5720 an
682 5681 770 5720 res
790 5664 983 5721 futura
1006 5661 1430 5722 Providentiae?
1459 5677 1565 5718 nec
1613 5662 1823 5732 minus,
1858 5662 2069 5718 utravis

1682 4720 1906 4773 Boetius
1964 4719 2073 4774 sibi

2199 3443 2273 3516 sit
2301 3444 2638 3512 necessaria,
2671 3443 2953 3516 'sequitur
3001 3444 3234 3500 alterius
3289 3449 3623 3502 necessitas:
3668 3457 3821 3516 quem-

2198 3515 2509 3569 admodum
2547 3532 2615 3569 ex
2661 3532 2728 3570 eo
2775 3515 2923 3585 quod
2983 3533 3113 3571 vere
3145 3517 3406 3587 judicem
3455 3526 3507 3572 te
3552 3515 3740 3580 sedere,
3765 3529 3823 3566 se-

2197 3588 2392 3660 quitur
2421 3587 2740 3660 necessario
2770 3591 2824 3641 te
2855 3603 2984 3660 vere
3015 3589 3242 3654 sedere;
3277 3597 3377 3644 aut
3407 3607 3472 3644 ex
3489 3606 3552 3644 eo
3582 3589 3712 3660 quod
3733 3601 3820 3660 mo-

2197 3658 2276 3711 les
2303 3659 2491 3732 lignea
2535 3657 2707 3732 fuerit
2735 3658 2967 3732 aequalis
3015 3675 3146 3713 cum
3209 3660 3574 3732 decempeda,
3597 3657 3821 3732 ‘sequitur

2195 3729 2538 3801 necessario,
2556 3729 2965 3801 decempedam
2992 3745 3112 3784 esse
3133 3729 3431 3801 aequalem
3471 3749 3593 3786 cum
3623 3731 3711 3785 hac
3734 3742 3820 3782 mo-

2194 3799 2483 3875 leliguea;
2519 3800 2674 3875 __1_i_cet
2711 3801 3068 3875 decempeda
3127 3799 3302 3871 hujus
3359 3803 3697 3875 asqualitatis,
3746 3800 3818 3852 aut

2192 3875 2322 3941 tuus
2351 3871 2491 3923 situs
2516 3870 2666 3924 illius
2701 3871 2904 3941 judicii
2935 3872 3156 3926 dicatur
3186 3870 3374 3928 causa.

2262 3940 2434 4019 ‘Jam
2464 3957 2592 4019 vero
2632 3958 2794 4019 quam
2840 3950 3248 4012 praeposterum,
3309 3945 3446 4019 etc.]
3489 3943 3682 4019 Deinde
3714 3953 3818 4010 pra?

2189 4018 2484 4086 posterum,
2520 4018 2604 4065 est
2633 4014 2747 4068 sive
2788 4030 3141 4083 perversum,
3179 4021 3402 4070 mutato
3426 4014 3643 4070 'scilicet
3667 4024 3816 4086 rerum

2192 4083 2409 4148 ordine,
2454 4089 2689 4137 eventus
2716 4086 2935 4138 futuros
2983 4103 3103 4140 esse
3144 4103 3376 4142 causam
3429 4088 3625 4142 divina:
3672 4083 3817 4138 Provi-

2189 4154 2432 4219 dentiae;
2469 4155 2604 4225 quia
2635 4171 2765 4208 cum
2792 4156 2978 4210 omnis
3001 4173 3169 4210 causa
3200 4159 3273 4212 sit
3304 4177 3406 4213 suo
3463 4159 3647 4212 effecto
3675 4154 3814 4225 prim“.

2184 4231 2576 4298 praeposterum
2607 4232 2691 4280 est
2716 4228 2858 4282 illud
2880 4228 3033 4298 quod
3056 4246 3087 4281 a
3127 4236 3279 4284 certo
3305 4233 3578 4285 duntaxat
3608 4233 3813 4298 tempore

2190 4297 2403 4369 existit,
2441 4313 2561 4369 esse
2610 4313 2838 4351 causam
2892 4296 3013 4368 ejus
3044 4301 3198 4369 quod
3245 4318 3313 4355 ex
3357 4302 3512 4356 omni
3555 4296 3814 4353 teternitate

2189 4368 2417 4421 existit:
2471 4368 2528 4422 id
2559 4374 2750 4423 autem
2799 4385 2855 4422 se
2900 4368 3156 4438 haberet,
3184 4371 3229 4424 si
3255 4380 3489 4427 eventus
3519 4372 3716 4425 futurus
3757 4379 3814 4438 es

2188 4444 2275 4513 s_et
2346 4439 2802 4513 causahdivinaa
2858 4436 3272 4509 Providentiae;
3359 4459 3477 4513 qua
3538 4444 3651 4513 olim
3707 4436 3811 4490 acci-

2188 4510 2403 4584 derunt,
2436 4510 2588 4563 verbi
2638 4513 2838 4580 gratia,
2899 4513 3156 4567 Romana
3190 4510 3418 4576 moenia,
3452 4529 3574 4568 cum
3610 4512 3711 4584 haec
3744 4520 3813 4584 an-

2187 4587 2278 4633 tea
2307 4581 2501 4633 futura
2540 4588 2750 4650 essent,
2793 4588 2985 4638 essent
3010 4599 3194 4640 causae
3239 4585 3446 4640 divinae
3492 4581 3813 4638 Providentia:

2116 4655 2159 4708 D
2191 4667 2319 4722 quae
2343 4657 2544 4706 aeterna
2581 4658 2682 4707 est.

2255 4742 2275 4776 ⁵
2302 4741 2367 4815 _Si
2400 4741 2536 4810 quid
2564 4742 2769 4815 aliquis
2811 4743 3094 4810 aliorsum,
3139 4744 3268 4815 etc.]
3307 4745 3373 4800 ΙΙ.
3434 4743 3688 4800 Probatur
3707 4749 3814 4815 ἐίρέ

2184 4808 2496 4886 ciatim,:ex
2525 4808 2686 4881 parte
2709 4814 2887 4883 ipsius
2912 4808 3119 4870 divinae
3171 4808 3562 4877 Providentiae,
3587 4808 3812 4886 ρτίρᾴξςῐδ

2183 4882 2482 4958 concordia
2504 4899 2619 4958 non
2649 4881 2813 4954 posse
2845 4891 3014 4958 stare,
3041 4887 3176 4955 quia
3202 4904 3330 4958 quas
3373 4881 3810 4952 mentis'qualilas

2183 4970 2214 5006 a
2245 4954 2599 5057 philosophis
2632 4962 2863 5010 vocatur
2895 4957 3160 5057 scier‘ia,
3196 4954 3315 5012 haec
3361 4959 3525 5012 debet
3553 4968 3679 5057 “esse
3703 4959 3809 5057 litor:

2183 5040 2274 5057 mn
2321 5042 2350 5057 η
2408 5041 2490 5057 τινι
2540 5043 2635 5057 ,ιτ-ιδ
2711 5045 2905 5057 νηπηπνι
2953 5038 3016 5057 nl.
3093 5048 3124 5057 ν.
3184 5047 3311 5057 ιρι-..η
3359 5035 3408 5057 ab
3461 5043 3546 5057 non
3576 5043 3597 5057 τι
3648 5038 3695 5057 ca
3739 5033 3762 5057 ρ

2181 5020 2351 5078 modo
2408 5020 2660 5095 evidens,
2711 5045 2910 5082 verum
2950 5020 3316 5085 etiln'vera
3357 5035 3412 5083 et
3460 5029 3619 5092 certa,
3648 5020 3808 5075 saltem

2182 5095 2404 5176 ratione
2430 5096 2631 5176 judicii
2666 5101 2816 5176 quod
2848 5100 2954 5176 sibi
2974 5101 3146 5176 habet
3162 5116 3444 5176 annexum
3471 5116 3482 5176 ς
3509 5097 3637 5176 adeo
3659 5097 3707 5176 ut
3725 5101 3806 5169 nec

2181 5169 2362 5219 instar
2408 5169 2619 5222 erroris
2657 5171 2750 5241 sit
2791 5171 2950 5236 falsa,
2979 5187 3082 5226 nec
3126 5173 3302 5226 instar
3332 5169 3605 5241 opinionis
3639 5169 3703 5241 sit
3743 5173 3809 5241 1ης

2181 5242 2333 5291 certa
2364 5254 2378 5292 :
2413 5255 2543 5292 cum
2589 5240 2766 5309 igitur
2807 5228 3166 5298 Providentia
3214 5228 3402 5297 divina
3431 5241 3497 5294 sit
3529 5233 3735 5292 scientia
3763 5228 3805 5306 et

2182 5309 2413 5385 quidem
2439 5311 2657 5364 meliori
2687 5312 3044 5385 jure,quam
3077 5316 3348 5385 quaelibet
3372 5314 3611 5385 humana
3651 5315 3806 5372 οοεηι·

2181 5381 2279 5445 tio,
2322 5388 2624 5449 propterea
2699 5381 3061 5438 Providentia
3094 5381 3308 5439 'divina
3354 5384 3517 5437 debet
3562 5392 3669 5432 esse
3708 5385 3802 5426 m0-

2181 5451 2251 5504 do
2283 5451 2534 5518 evidens,
2559 5468 2755 5506 verum
2789 5455 2962 5510 etiam
2988 5472 3119 5510 vera
3147 5461 3202 5510 et
3231 5460 3411 5521 certa;
3440 5450 3587 5522 atqui
3617 5456 3800 5522 eorum,

2181 5538 2308 5584 quze
2341 5523 2600 5577 libertate
2615 5524 2866 5580 humana
2895 5527 3084 5581 futura
3109 5532 3314 5593 essent,
3338 5526 3490 5580 nulla
3514 5521 3684 5593 posset
3709 5524 3803 5567 8558

2179 5593 2551 5670 Providentia
2581 5595 2829 5666 evidens,
2889 5614 3024 5653 vera
3073 5607 3128 5655 et
3157 5591 3335 5666 certa;
3393 5591 3537 5670 quod
3582 5591 3685 5647 hinc
3710 5595 3801 5640 non

2179 5664 2254 5720 sit
2283 5665 2395 5721 nisi
2418 5667 2487 5722 de
2513 5666 2585 5723 iis
2615 5681 2746 5739 quae
2776 5664 3094 5726 necessaria
3121 5675 3272 5728 sunt.
