3972 6182
165 298 283 349 Βὶῐὶ

173 438 242 487 13
323 435 396 487 At
423 431 469 485 si
495 431 696 497 nescit,
723 429 862 501 quid
893 445 1038 484 caeca
1067 429 1246 500 petit?

323 522 462 586 Quis
493 521 646 575 enim
679 520 997 590 quidquam
1031 520 1256 573 nescius
1292 520 1492 590 optet?

327 615 439 666 Aut
467 611 594 682 quis
624 610 809 664 valeat
840 610 1055 662 nescita
1085 608 1287 678 sequi?

334 701 527 763 Quove
561 699 831 765 inveniat,
864 698 1062 769 quisve
1101 703 1386 768 repertam

327 791 507 854 Queat
538 789 772 859 ignarus
806 804 1037 841 noscere
1068 787 1313 841 formam
1331 787 1357 840 ?

241 883 317 935 20
350 885 501 935 332
526 883 612 932 An
642 895 771 932 cum
803 882 1052 931 mentem
1081 881 1341 931 cerneret
1368 877 1563 945 altam,

326 969 547 1024 Pariter
581 983 865 1021 summam
899 971 954 1020 et
984 967 1210 1035 singula
1239 968 1447 1019 norat?

338 1060 500 1113 Nunc
522 1057 914 1110 membrorum
946 1054 1173 1108 condita
1197 1054 1368 1120 nube,

337 1148 467 1204 Non
499 1147 559 1200 in
601 1151 784 1200 totum
815 1150 897 1198 est
921 1144 1097 1198 oblita
1127 1143 1237 1210 sui,

335 1238 751 1305 Summamque
783 1237 939 1287 tenet
966 1233 1190 1302 singula
1229 1231 1491 1303 perdens.

248 1330 322 1380 25
354 1327 538 1397 Igitur
565 1324 824 1395 quisquis
849 1341 983 1378 vera
1025 1321 1292 1394 requirit,

333 1417 546 1468 Neutro
575 1417 659 1466 est
685 1411 881 1466 habitu
908 1428 920 1465 :
949 1427 1082 1464 nam
1115 1427 1302 1481 neque
1336 1409 1518 1477 novit,

330 1507 444 1560 Nec
476 1503 701 1575 penitus
733 1505 922 1555 tamen
967 1499 1160 1554 omnia
1188 1500 1386 1553 nescit.

332 1599 486 1649 388
527 1592 656 1657 Sed,
690 1607 864 1662 quam
896 1590 1147 1645 retinens
1178 1589 1462 1658 meminit,
1498 1603 1782 1641 summam

1245 297 1332 348 DE
1372 293 1897 349 CONSOLATIONE
1937 292 2413 350 PHILOSOPl-lle
2449 292 2578 346 LIB.
2623 293 2682 344 V.

3584 296 3686 356 846

2237 429 2510 495 Consulit,
2545 429 2654 481 alte
2682 427 2801 481 visa
2836 432 3178 495 retractans,

2135 521 2201 573 30
2234 520 2303 572 Ut
2329 518 2563 572 servatis
2595 522 2768 588 queat
2797 518 3002 603 oblitas

2419 607 2644 662 Addere
2676 612 2886 678 partes.

2580 721 2730 770 331
2766 715 2991 769 PRUSA
3023 716 3108 768 IV.

1994 805 2402 858 Anorurmuu.
2435 835 2502 842 —
2548 805 2900 872 Philosophia
2949 810 3193 869 causata,
3249 805 3566 873 praedictam
3602 806 3689 860 di-

2065 879 2205 928 vinae
2240 877 2596 944 provit‘lentiw
2641 878 2994 943 humanaeque
3041 877 3308 931 libertatis
3353 878 3692 933 concordiam

2065 947 2267 1000 idcirco
2293 948 2468 1000 rideri
2499 964 2618 1000 cum
2637 950 2904 1012 antiquis,
2939 953 3050 1000 tum
3075 950 3455 1002 recentioribus
3478 950 3689 1016 difﬁci-

2069 1019 2191 1084 lem,
2228 1019 2372 1087 quod
2411 1019 2601 1072 dicina
2643 1022 2901 1086 przenotio
2935 1019 3230 1072 humanam
3269 1023 3482 1088 inﬁnite
3529 1037 3690 1089 supc-

2066 1105 2216 1152 rans,
2252 1094 2422 1142 mente
2449 1093 2684 1143 humana
2716 1106 2818 1143 non
2849 1093 3130 1159 capiatur;
3165 1093 3562 1161 erplicatisque
3592 1096 3685 1156 iis,

2067 1161 2265 1230 quibus
2299 1164 2512 1215 Boetius
2542 1162 2872 1228 movebatur,
2901 1165 3256 1232 argumentis,
3282 1165 3496 1230 probat,
3532 1165 3694 1231 quid-

2069 1233 2206 1300 quid
2242 1235 2596 1300 c0gnoscitur,
2639 1250 2745 1286 non
2776 1235 3067 1287 secundum
3105 1236 3193 1287 sui
3222 1238 3344 1296 vim,
3377 1235 3469 1287 sed
3499 1250 3692 1289 secun-

2069 1303 2196 1357 dum
2224 1308 2585 1372 eognowentis
2613 1308 2797 1373 potius
2835 1306 3214 1374 comprehendi
3242 1308 3582 1372 facultatem.

2069 1412 2210 1463 Tum
2257 1411 2352 1465 illa
2379 1440 2426 1478 ig,
2463 1413 2655 1480 Vetus,
2689 1413 2897 1484 inquit,
2950 1413 3069 1467 huic
3101 1418 3186 1466 est
3229 1413 3297 1466 de
3329 1413 3693 1467 Providentia

2001 1501 2252 1569 querela,
2290 1501 2304 1531 ¹
2339 1501 2637 1571 Marcoque
2675 1502 2879 1567 Tullio,
2910 1505 2934 1544 ἱ)
2965 1519 3095 1556 cum
3126 1502 3539 1557 divinationem
3569 1504 3693 1557 dis-

1998 1588 2220 1655 tribuit,
2254 1589 2623 1644 vehementer
2649 1590 2878 1660 agitata,
2911 1592 3129 1663 tibique
3163 1592 3270 1662 ipsi
3298 1609 3386 1647 res
3416 1593 3512 1647 diu
3537 1609 3694 1663 pror-

1658 1684 2238 1743 INTERPRETATIO.

181 1783 396 1847 reiiiat,
431 1785 526 1834 aut
554 1781 864 1845 dignoscere
893 1780 1068 1847 possit
1113 1778 1348 1843 formam
1378 1779 1672 1842 inventam,
1716 1776 1892 1844 hujus
1931 1777 1971 1830 B
2001 1794 2103 1846 que
2136 1783 2312 1831 tamen
2327 1774 2554 1831 'omnino
2587 1781 2998 1845 ignoratom-nia
3024 1780 3147 1833 :sed
3174 1781 3404 1834 consulit
3430 1796 3716 1844 summam,

178 1857 462 1921 ignarus?
512 1855 686 1906 Nonne
733 1867 850 1904 cum
901 1866 1061 1902 mens
1106 1850 1359 1902 humana
1405 1849 1608 1901 rideret
1656 1854 1883 1900 mentem

179 1941 520 1994 supremam,
566 1926 685 1990 ipsa
729 1922 1075 1987 cognoscebat
1111 1936 1194 1973 res
1219 1925 1335 1994 tam
1369 1921 1688 1986 singulatim
1721 1936 1882 1994 quam

181 1992 486 2065 generatim
505 1999 530 2048 ἱ)
555 2009 698 2048 nunc
728 2009 852 2046 vero
881 1995 1060 2045 velata
1092 1992 1324 2045 tenebris
1354 1994 1614 2065 corporis,
1644 1993 1748 2043 etsi
1779 2007 1885 2065 non

181 2063 264 2122 est
298 2070 514 2121 omnino
545 2070 820 2119 immemor
859 2067 966 2129 sui,
1006 2071 1210 2116 caetera
1240 2079 1344 2115 Non
1388 2064 1708 2128 singulatim
1749 2063 1884 2132 qui—

184 2142 347 2203 dem,
380 2140 473 2192 sed
507 2139 804 2204 generatim
833 2138 1118 2201 cognoscit.
1150 2135 1462 2202 Quicunque
1501 2149 1625 2200 ergo
1657 2136 1884 2187 inresti-

182 2216 285 2280 gat
329 2215 630 2273 veritatem,
668 2209 711 2260 is
735 2224 841 2261 non
883 2210 1129 2280 afficitur
1158 2222 1368 2258 onmino
1399 2211 1503 2280 aut
1529 2205 1884 2272 ignoratione

185 2279 292 2338 aut
321 2282 557 2336 scientia
588 2300 602 2333 :
640 2281 905 2349 siquidem
937 2279 1026 2332 ille
1055 2293 1223 2345 neque
1264 2279 1529 2344 cognoscit
1563 2281 1762 2342 omnia,
1794 2292 1885 2329 ne-

1995 1850 2150 1916 cujus
2191 1866 2389 1902 memor
2427 1851 2765 1917 recordatur,
2797 1868 3173 1918 recognoscens
3192 1869 3253 1905 ea
3285 1868 3402 1921 qua:
3423 1851 3689 1906 divinitus

1994 1924 2163 1986 norit,
2210 1927 2268 1974 ut
2299 1923 2697 1990 cognoscendo
2741 1926 2913 1989 possit
2945 1923 3145 1978 addere
3176 1925 3354 1993 rebus,
3398 1940 3533 1993 quas
3578 1939 3690 1978 me-

1994 1995 2174 2054 minit,
2198 2008 2281 2045 res
2316 2009 2546 2059 Quarum
2577 1993 2773 2047 oblitus
2806 1999 2902 2048 est.

2067 2073 2090 2096 ³
2131 2064 2517 2132 Philosophia.

2068 2162 2092 2195 ι)
2132 2136 2250 2189 Lib.
2281 2152 2321 2187 ιι
2365 2135 2429 2186 de
2459 2137 2724 2199 Divinat.,
2760 2136 2854 2188 ubi
2879 2134 3293 2206 divinationem,
3317 2153 3480 2206 quam
3515 2139 3686 2204 Quin;

1997 2211 2118 2261 ctus
2145 2209 2324 2273 frater
2354 2212 2679 2274 asseruerat,
2716 2209 2917 2261 nititur
2951 2209 3148 2262 tollere.

1825 2374 2049 2431 NOTAE.

274 2484 337 2534 13-5
370 2480 445 2534 At
496 2481 545 2532 si
570 2479 758 2543 nescit,
804 2475 934 2542 etc]
969 2476 1059 2528 ΙΙΙ.
1111 2473 1336 2528 Boetius
1388 2473 1592 2542 probat
1638 2477 1890 2527 mentem

191 2555 513 2607 humanam
543 2566 655 2602 non
677 2549 868 2601 omnia
893 2546 1107 2599 nescire
1145 2563 1156 2599 :
1183 2547 1316 2615 quia
1335 2551 1718 2614 pra-terquam
1743 2545 1893 2615 quod

194 2641 361 2678 mens
395 2623 647 2674 humana
682 2624 839 2690 optat
889 2635 1052 2670 nosse.
1100 2619 1395 2690 veritatem
1430 2622 1489 2669 ut
1528 2617 1647 2684 jam
1678 2617 1892 2690 dictum

197 2703 303 2754 est,
360 2709 530 2746 neino
581 2688 736 2744 vero
762 2696 915 2760 Optat
967 2688 1191 2742 nescius
1227 2704 1238 2740 :
1278 2691 1448 2752 ignoti
1478 2690 1629 2760 nulla
1666 2689 1890 2756 capide;

199 2759 412 2836 praeter
453 2766 578 2826 hoc,
631 2759 816 2831 inquit
873 2761 1111 2836 Boetius,
1171 2761 1422 2836 primum
1467 2759 1696 2828 quidem
1748 2775 1893 2836 nemo

197 2831 338 2891 ζ-ειΙεε
374 2840 576 2889 mseita
609 2837 790 2901 sequi;
824 2849 949 2884 cum
976 2831 1268 2900 inquisitio
1303 2831 1416 2896 illa,
1451 2838 1514 2882 ut
1548 2836 1677 2899 pote
1710 2832 1894 2898 prima

195 2909 406 2962 mentis
438 2907 731 2973 cogitatio,
763 2905 1025 2973 quaedam
1059 2909 1129 2954 Sit
1153 2903 1401 2971 cognitio
1433 2902 1546 2954 sive
1578 2903 1890 2970 perceptio.

191 2981 414 3035 Deinde
448 2971 705 3047 quamvis
739 2971 968 3044 ignarus
1003 2980 1192 3047 posset
1239 2973 1550 3042 inquirere,
1587 2973 1675 3025 hic
1703 2978 1894 3047 tamen

191 3071 306 3106 non
338 3044 530 3120 posset
561 3047 815 3100 invenire
840 3062 864 3120 :_
889 3061 991 3114 quo
1025 3045 1194 3120 modo
1227 3047 1508 3097 ini-enini?
1542 3044 1896 3120 quandoqui-

2000 2473 2480 2547 interpretatione
2505 2473 2776 2542 nominis,
2815 2477 2899 2528 est
2930 2473 3183 2529 studium
3213 2475 3543 2547 sapientia};
3577 2477 3694 2534 sive

2005 2545 2302 2614 inquisitio
2319 2547 2590 2600 veritatis.

2074 2620 2161 2669 2t}.
2218 2621 2416 2671 Neutro
2448 2623 2524 2671 est
2578 2615 2815 2686 habitu]
2870 2617 3124 2682 llabitus,
3177 2623 3406 2673 auctore
3451 2620 3697 2674 Tulli02

2003 2689 2070 2741 de
2105 2690 2220 2741 Inv.
2264 2692 2321 2741 in
2362 2691 2550 2755 aliqua
2581 2694 2825 2756 per/ecta
2858 2696 2906 2742 et
2944 2693 3214 2742 constanti
3259 2695 3430 2744 animi
3465 2698 3556 2745 aut
3580 2708 3696 2746 cor-

2002 2761 2524 2833 porisabsolutione
2571 2763 2856 2833 consistit:
2892 2762 3267 2833 quamobrem
3312 2763 3536 2815 habitus
3593 2781 3697 2833 ge-

2004 2832 2268 2896 neratim,
2317 2838 2487 2899 prout
2519 2832 2611 2884 hic
2646 2832 2756 2883 dici
2808 2838 2995 2899 potest
3041 2837 3096 2884 et
3126 2832 3194 2885 de
3243 2832 3616 2901 cogitatione,
3643 2840 3700 2888 et

2004 2903 2071 2954 de
2105 2903 2363 2971 opposita
2395 2903 2516 2971 ejus
2549 2903 2888 2971 privatione,
2924 2902 3165 2971 intelligi
3195 2910 3378 2972 potest
3405 2906 3606 2958 modus
3639 2905 3699 2958 in

2005 2990 2107 3026 suo
2132 2990 2338 3041 genere
2371 2973 2662 3026 absolutus
2693 2989 2704 3025 :
2738 2990 2847 3042 qua
2881 2973 3097 3025 ratione
3128 2990 3286 3026 mens
3317 2991 3468 3028 nunc
3493 2976 3701 3029 dicitur

2002 3051 2189 3117 neutro
2221 3045 2442 3105 habitu;
2484 3045 2637 3114 quod
2695 3044 2954 3117 videlicet
2999 3061 3158 3097 mens
3198 3045 3469 3111 humana,
3511 3063 3699 3117 neque

192 3116 477 3177 dem-non
501 3120 788 3172 invenitur
815 3118 921 3170 nisi
950 3118 1180 3170 notione
1213 3121 1313 3169 :ut
1339 3122 1526 3168 autem
1552 3116 1891 3180 (:ulol‘czr3C0,
1936 3118 1974 3172 C
2009 3116 2063 3168 in
2097 3117 2354 3170 absoluta
2378 3133 2568 3168 rerum
2602 3116 2860 3168 omnium
2888 3117 3111 3181 notitia,
3137 3132 3322 3186 neque
3354 3118 3414 3171 in
3437 3116 3700 3173 absoluta

191 3197 272 3248 sic
323 3212 415 3247 res
448 3192 683 3243 omnino
737 3191 932 3256 ignota
988 3189 1167 3240 menti
1218 3187 1428 3256 ignarae
1481 3188 1694 3238 nullam
1737 3188 1894 3240 dabit

192 3268 281 3320 sui
316 3264 636 3318 notionem.
665 3264 959 3314 Postremo
995 3261 1119 3327 licet
1145 3259 1376 3326 ignarus
1411 3263 1599 3326 posset
1632 3258 1892 3327 ignotum

191 3347 248 3391 et
278 3336 577 3406 inquirere
602 3339 656 3385 et
688 3331 966 3406 invenire,
994 3325 1103 3406 hic
1139 3325 1330 3406 tamen
1364 3325 1690 3406 nonpossth
1733 3330 1893 3390 igno-

191 3417 315 3462 tum
347 3400 787 3472 dignoscendoa
816 3401 1035 3455 caeteris
1053 3401 1430 3469 distinguere.
1468 3400 1594 3463 Quis
1626 3407 1896 3468 repertam

190 3486 356 3549 queat
387 3483 611 3544 ignarus
637 3473 1138 3549 no.scei'cfoi_'niqi_n‘3
1160 3474 1248 3525 Sic
1281 3477 1719 3549 argumentatur
1740 3473 1895 3549 Plato

191 3543 298 3605 sub
355 3543 604 3620 parsona
649 3546 894 3620 Socratis
937 3545 994 3597 in
1027 3545 1302 3597 Metione:
1355 3543 1895 3620 l’onamus,_inquit,

189 3617 411 3678 sirru'm
442 3622 741 3686 fugitivum
765 3617 832 3670 ab
852 3618 958 3669 alio
982 3632 1150 3679 servo,
1172 3631 1202 3667 a
1218 3631 1319 3682 quo
1341 3617 1554 3667 omnino
1571 3617 1727 3682 prior
1753 3617 1901 3680 igno-

191 3701 378 3759 ratur,
412 3685 627 3745 domino
649 3691 935 3755 utriusque
965 3689 1284 3759 imperante,
1319 3685 1522 3753 guzeri:
1557 3690 1772 3750 frustra
1816 3687 1900 3738 hic

190 3758 384 3821 servus
417 3767 619 3832 quaeret
652 3763 931 3829 :quamcis
963 3762 1107 3832 enim
1136 3758 1277 3810 idem.
1306 3762 1361 3809 in
1383 3760 1901 3822 servum/"agitatum

193 3853 352 3906 quem
389 3829 602 3904 quaerit,
643 3835 918 3906 incurrat,
949 3829 1188 3906 eumdem
1233 3844 1286 3881 se
1336 3832 1605 3906 invenisse
1648 3831 1904 3906 ignorans

191 3900 380 3979 ipsum
397 3900 519 3958 'non
547 3906 748 3974 poterit
767 3903 1095 3968 dignoscere,
1121 3903 1233 3954 sive
1257 3915 1287 3952 a
1312 3906 1514 3952 crete-ris
1548 3900 1899 3964 distinguere.

268 4001 360 4049 Ἦ).
398 3995 485 4048 An
517 4009 635 4046 cum
679 3996 925 4055 mentem,
978 3992 1107 4054 etc.]
1145 3989 1341 4041 Plures
1374 3991 1600 4056 putant,
1649 3988 1904 4040 Boetium

196 4070 260 4123 in
307 4068 532 4133 reliquo
575 4065 681 4116 hoc
724 4063 975 4115 carmine
1025 4060 1185 4133 sequi
1251 4061 1616 4133 Sententiain
1659 4058 1907 4133 Platonis

196 4140 298 4211 qui
333 4144 397 4190 ut
425 4131 490 4189 cx
525 4136 700 4204 ipsius
725 4135 984 4192 Metione,
1022 4131 1394 4211 pluribusque
1418 4131 1540 4182 aliis
1563 4131 1720 4183 libris
1749 4147 1908 4211 cons-

198 4202 335 4270 s‘tat,
399 4202 742 4261 existimavit
786 4210 1005 4257 mentes
1047 4204 1350 4266 humanas,
1423 4207 1731 4271 antequam
1790 4202 1907 4254 haec

201 4299 336 4337 cum
399 4279 734 4347 corporilms
783 4276 1304 4347 conjungerentur,
1338 4273 1607 4347 conditas,
1661 4273 1910 4347 perfecta

202 4351 470 4408 omnium
500 4343 902 4417 intelligentia
924 4345 1095 4398 fuisse
1129 4344 1404 4398 divinitus
1446 4343 1747 4417 instructas
1765 4360 1790 4417 ;_
1813 4345 1908 4397 sed

2004 3204 2195 3240 rerum
2233 3189 2492 3240 omnium
2524 3188 2886 3257 ignoratione
2908 3192 3163 3240 versetur
3197 3205 3207 3240 :
3253 3204 3387 3242 nam

2074 3263 2139 3310 '26
2189 3265 2244 3311 et
2291 3262 2376 3311 27.
2437 3261 2619 3325 Neque
2670 3261 2816 3311 norit
2876 3275 2968 3311 nec
3022 3262 3239 3326 penitus
3284 3265 3460 3314 tamen
3517 3266 3699 3316 omnia

2003 3329 2222 3400 nescit.]
2257 3330 2465 3382 Contra
2508 3331 2854 3383 Academicos
2887 3335 2942 3382 et
2986 3332 3343 3396 Dagmaticos.
3387 3333 3702 3388 Academici

2006 3403 2181 3462 enim,
2217 3401 2582 3454 illividelicet
2624 3401 2871 3454 Platonis
2912 3400 3199 3470 discipuli,
3239 3403 3338 3472 qui
3378 3405 3448 3456 ab
3478 3405 3702 3459 Acade-

2007 3474 2142 3538 mia,
2179 3473 2416 3541 collegio
2439 3472 2788 3534 Atheniensi,
2831 3472 2905 3524 ita
2924 3472 3105 3524 vocati
3137 3479 3288 3540 sunt,
3321 3473 3464 3528 nihil
3495 3477 3566 3529 ab
3597 3477 3699 3530 ho-

2008 3545 2259 3596 minibus
2291 3544 2582 3596 evidenter
2608 3543 2757 3610 sciri,
2791 3543 3050 3612 adeoque
3084 3545 3307 3598 nullum
3335 3546 3405 3599 ab
3448 3547 3705 3601 homini-

2008 3615 2113 3668 bus
2145 3632 2364 3682 verum,
2409 3621 2742 3687 certumque
2787 3615 3065 3684 judicium
3098 3615 3296 3669 haberi
3347 3633 3509 3687 posse
3553 3619 3704 3673 arbi-

2010 3687 2311 3739 trabantur
2366 3703 2379 3740 :
2444 3687 2596 3756 quod
2667 3686 2838 3738 etiam
2895 3687 3259 3755 Pyrrhoneis,
3333 3686 3477 3758 quos
3527 3689 3705 3744 Graeci

2014 3761 2337 3823 σκεπτικοὺς,
2372 3759 2831 3825 ςοηίεηιρίαίοιιρε,
2865 3758 3252 3826 appellabant,
3308 3760 3539 3828 placuit.
3595 3764 3704 3816 Do-

2012 3833 2237 3894 gmatici
2266 3845 2418 3892 vero,
2454 3829 2536 3880 uti
2572 3830 2906 3897 loquuntur,
2937 3846 2965 3880 e
3003 3830 3292 3882 contrario
3325 3832 3698 3896 arbitrantur,

2014 3901 2207 3953 omnia
2239 3904 2349 3951 tam
2381 3900 2674 3951 evidenter
2702 3900 2778 3970 ab,
2829 3899 3063 3952 homine
3095 3901 3384 3970 cognosci,
3418 3904 3612 3957 nullus
3644 3909 3705 3958 ut

2014 3971 2086 4024 sit
2118 3972 2185 4023 de
2217 3987 2557 4040 quacunque
2587 3969 2823 4021 materia
2853 3971 3153 4023 dubitandi
3188 3973 3361 4026 locus.

2087 4045 2172 4094 ‘28.
2205 4045 2378 4114 Quam
2421 4045 2656 4093 retinens
2709 4045 2969 4114 meminit,
3005 4057 3267 4095 summam
3298 4046 3572 4114 consulit.]
3615 4048 3702 4099 ln-

2017 4115 2177 4166 sitam
2208 4113 2472 4165 videlicet
2501 4117 2549 4165 et
2572 4116 2817 4164 innatam
2838 4113 2989 4165 nobis
3023 4115 3116 4165 Dei
3140 4117 3423 4168 notionem.
3447 4113 3706 4170 Primum

2019 4186 2172 4238 enim
2205 4184 2352 4236 hanc
2379 4184 2673 4237 notionem
2705 4199 2865 4236 mens
2897 4184 3148 4236 humana
3198 4201 3427 4254 semper
3466 4191 3703 4242 retinens

2018 4257 2262 4309 meminit
2289 4273 2305 4308 :
2337 4255 2803 4326 quandoquidem
2838 4254 2995 4307 notio
3029 4256 3148 4308 hinc
3175 4256 3461 4324 exstingui
3495 4258 3705 4326 nescia,

2022 4328 2219 4383 tandiu
2252 4328 2439 4392 durat,
2488 4327 2747 4398 quandiu
2778 4342 2939 4379 mens
2982 4327 3253 4394 humana,
3290 4344 3496 4398 nempe
3529 4334 3696 4382 aster-

203 4398 1194 4489 i133;{aestatimammento
1223 4431 1494 4485 corporeo
1527 4416 1604 4468 ita
1630 4398 1908 4482 amisisse,
1950 4424 1993 4478 Ι)
2024 4399 2670 4489 ξιιικφμυεξξξιᾷθμςτιξξῇιῃ
2689 4399 2868 4489 ξομε
2888 4398 3706 4489 ffffeﬁifjiuf9931739989-

204 4504 268 4550 ut
299 4512 418 4549 non
450 4493 563 4546 nisi
595 4492 771 4544 multo
795 4490 1011 4554 labore,
1032 4503 1230 4542 eorum
1259 4504 1384 4558 qua!
1412 4490 1578 4540 antea
1609 4493 1904 4554 noverant,

203 4564 669 4622 recordationem
714 4561 820 4615 sibi
854 4564 1223 4632 comparent:
1257 4574 1440 4632 quam
1462 4559 1694 4628 quidem
1725 4559 1908 4632 lloetii

204 4636 752 4708 interpretationem
777 4630 1190 4708 admittipossc
1213 4647 1330 4708 non
1357 4630 1629 4708 inferior:
1661 4631 1754 4708 sed
1778 4647 1904 4700 quze

210 4702 467 4764 nunc-ab
509 4707 708 4760 eodem
741 4704 934 4759 Boetio
989 4704 1274 4769 dicuntur,
1312 4703 1430 4754 haec
1466 4702 1636 4754 etiam
1666 4702 1908 4754 ret'utata

206 4783 308 4836 illa
342 4777 597 4834 Platonis
637 4776 938 4841 sententia,
991 4777 1229 4844 possunt
1277 4772 1518 4840 intelligi
1549 4790 1560 4826 :
1597 4773 1782 4842 posito
1817 4789 1906 4839 eo,

208 4855 264 4907 in
300 4869 416 4923 quo
448 4849 733 4923 credimus
784 4847 1065 4923 Adamum
1107 4844 1398 4923 conditum
1441 4845 1632 4911 fuisse,
1669 4849 1910 4923 imiocen:

214 4915 516 4979 tiae'statu:
552 4921 610 4973 in
643 4921 748 4973 hoc
780 4918 933 4971 enim
965 4921 1109 4971 statu
1142 4932 1303 4970 mens
1353 4916 1603 4968 humana
1635 4915 1910 4985 peculiari

211 4996 466 5067 quildem
494 4991 665 5046 modo
689 4991 933 5044 cernebat
965 4996 1189 5042 mentem
1211 4988 1402 5052 altam,
1441 5004 1647 5067 nempe
1681 4989 1860 5040 Deum
1893 5003 1906 5040 :

215 5059 367 5121 unde
405 5065 711 5118 maximam
745 5067 965 5133 partem
995 5075 1203 5133 rerum
1237 5059 1912 5133 cognoscendarumnon

213 5141 402 5194 solum
433 5130 770 5206 generatim,
803 5134 900 5206 sed
932 5132 1103 5206 etiam
1133 5130 1868 5206 singulatimeognoscebat
1897 5144 1910 5182 :

217 5200 736 5264 Pariter'summam
766 5209 814 5257 et
843 5205 1060 5272 singula
1118 5207 1294 5256 norat.
1328 5203 1398 5255 At
1437 5203 1558 5270 ejus
1593 5202 1824 5273 posteri,
1856 5200 1914 5253 in

218 5296 450 5352 pcenam
481 5276 916 5352 peccatihujus
961 5275 1046 5327 sui
1079 5274 1250 5344 primi
1295 5274 1568 5343 parentis,
1615 5274 1913 5352 perturba-

218 5345 498 5407 tionibus
519 5350 598 5402 ita
633 5347 984 5413 afﬁciuntur,
1022 5353 1081 5398 ut
1108 5361 1305 5398 eorum
1330 5361 1512 5407 mens,
1546 5345 1804 5398 nondum
1834 5349 1916 5397 ta-

223 5441 355 5479 men
389 5422 623 5476 omnino
646 5420 820 5473 oblita
850 5417 956 5485 sui,
989 5418 1155 5486 plura
1187 5433 1300 5468 non
1334 5416 1663 5484 singulatim
1698 5417 1793 5468 sed
1825 5431 1919 5484 ge-

224 5495 468 5550 neratim
502 5493 686 5545 solum
718 5495 1020 5560 cognoscat
1053 5505 1064 5541 ε
1091 5503 1357 5560 summam
1381 5489 1531 5539 enim
1548 5491 1682 5540 tenet
1704 5487 1921 5552 Singula

221 5567 455 5637 perdens
486 5580 498 5616 :
535 5559 1043 5637 quatenuSetenim
1071 5559 1175 5637 _I)ei
1206 5559 1319 5637 sive
1333 5560 1443 5627 ejus
1459 5577 1485 5637 q
1500 5560 1554 5612 ui
1583 5563 1658 5637 est
1692 5560 1921 5610 notione

225 5629 277 5693 in
289 5629 593 5701 formatur,
611 5633 803 5687 omnia
825 5631 1145 5704 generatim
1164 5629 1318 5683 novit
1347 5645 1360 5683 :
1382 5633 1477 5704 sed
1504 5635 1783 5704 quatenus
1805 5645 1922 5704 cor-

225 5725 367 5783 pore
381 5700 649 5761 consorte
663 5700 994 5783 impeditur,
1010 5703 1306 5783 plura_non
1319 5701 1561 5783 percipit
1573 5700 1922 5783 singulatim.

296 5791 370 5844 25
423 5787 570 5846 Vera
597 5784 874 5855 requirit]
915 5781 1270 5853 Philosophus
1301 5800 1316 5837 :
1346 5779 1714 5852 Philosophia
1747 5779 1922 5851 enim,

2023 4486 2246 4537 rorum,
2280 4487 2407 4541 quae.
2439 4470 2506 4524 ab
2539 4470 2790 4523 humana
2819 4475 3012 4524 mente
3043 4470 3308 4538 cognosci
3338 4475 3610 4540 possunt:
3635 4472 3710 4526 si-

2021 4543 2253 4612 quidem
2289 4543 2443 4595 notio
2474 4543 2699 4609 mentis,
2736 4541 2894 4594 notio
2945 4542 3220 4611 corporis,
3246 4543 3405 4595 notio
3437 4543 3541 4608 rei,
3593 4543 3711 4597 imo

2020 4613 2176 4666 notio
2200 4616 2338 4668 entis
2370 4614 2706 4682 generatim,
2727 4617 2790 4666 ut
2816 4613 3137 4682 loquuntur
3164 4612 3352 4682 logici,
3385 4613 3532 4667 nihil
3554 4615 3714 4669 aliud

2019 4690 2122 4750 est,
2154 4701 2326 4754 quam
2360 4686 2614 4754 ingenita
2661 4685 2781 4737 haec
2829 4685 2929 4736 Dei
2973 4683 3148 4749 notio,
3193 4686 3309 4737 sive
3355 4685 3713 4755 simpliciter,

2018 4755 2135 4810 sive
2184 4756 2524 4809 modificata.
2586 4755 2842 4824 Denique
2873 4770 3032 4807 mens
3090 4756 3344 4809 humana
3385 4757 3718 4826 generalem

2019 4827 2162 4880 hanc
2198 4828 2494 4880 notionem
2531 4828 2689 4896 prius
2710 4827 2959 4892 consulit,
2995 4830 3057 4879 ut
3088 4827 3224 4896 quid
3250 4827 3309 4880 in
3333 4828 3438 4881 hac
3482 4830 3631 4883 clare
3658 4835 3716 4884 et

2022 4899 2286 4971 distincte
2330 4900 2833 4971 comprehensum,
2883 4897 3043 4971 prius
3077 4904 3492 4971 cognoscatur,
3541 4917 3717 4971 quam

2017 4969 2299 5041 judicium
2333 4970 2476 5024 ferat
2508 4986 2520 5022 :
2567 4969 2720 5039 quod
2765 4969 3038 5021 nimirum
3071 4969 3168 5022 illa
3205 4971 3383 5035 notio,
3427 4969 3615 5040 prima
3644 4971 3718 5025 sit

2022 5040 2162 5105 veri,
2197 5041 2452 5110 certique
2479 5040 2677 5110 judicii
2709 5056 2914 5092 norma
2945 5057 2957 5092 :
2996 5041 3142 5094 sicut
3179 5041 3361 5094 fusius
3407 5043 3544 5096 alibi
3574 5059 3712 5112 pro-

2025 5113 2212 5166 batur.
2239 5113 2386 5176 Quin
2410 5114 2581 5166 etiam
2597 5113 2741 5164 hanc
2765 5111 3061 5165 notionem
3084 5129 3240 5166 mens
3260 5114 3514 5167 humana
3536 5111 3716 5182 magis

2025 5200 2088 5237 ac
2127 5185 2309 5254 magis
2340 5183 2684 5237 attendendo
2715 5187 3025 5237 retractans
3058 5185 3277 5238 doctior
3307 5186 3391 5248 ﬁt,
3438 5191 3492 5237 et
3544 5185 3720 5238 oblita

2028 5260 2126 5309 aut
2156 5272 2188 5308 a
2217 5256 2404 5325 primo
2437 5259 2694 5324 parente,
2727 5261 2826 5307 aut
2857 5254 2924 5308 ab
2958 5271 3308 5326 unoquoque
3339 5256 3572 5309 homine
3598 5269 3718 5308 mo-

2027 5332 2201 5381 mento
2246 5329 2553 5392 creationis,
2593 5330 2653 5379 ut
2679 5331 2841 5396 putat
2887 5327 3139 5380 Vallinus
3168 5328 3280 5394 hic,
3324 5326 3497 5380 veluti
3528 5341 3719 5379 recor-

2027 5399 2214 5452 datur.
2249 5400 2428 5451 Oblita
2456 5414 2625 5467 porro
2663 5397 2930 5452 dicuntur
2955 5401 3175 5467 passive
3206 5398 3375 5451 etiam
3425 5415 3456 5451 a
3499 5397 3720 5468 Virgil.,

2031 5471 2214 5540 eclog.
2249 5486 2321 5535 1x,
2350 5487 2400 5522 v.
2435 5472 2499 5522 53
2535 5486 2546 5522 :

2283 5558 2429 5606 Nunc
2461 5558 2623 5606 oblita
2654 5558 2783 5606 mihi
2813 5561 2891 5606 tot
2919 5557 3153 5605 carmina

2104 5635 2122 5669 ⁴
2155 5639 2444 5706 Marcoque
2481 5638 2698 5706 Tullia]
2733 5638 2774 5692 l.
2808 5636 3178 5705 Philosophia
3212 5636 3478 5690 meminit
3508 5641 3727 5693 veteres

2035 5708 2243 5779 quibus
2261 5709 2383 5762 haec
2404 5709 2611 5762 divinae
2630 5709 3007 5778 providentia:
3035 5708 3429 5779 libertatisque
3453 5709 3724 5764 humana:

2034 5780 2338 5836 concordia
2365 5781 2486 5838 visa
2509 5785 2595 5836 est
2621 5779 2902 5837 difﬁcilis:
2935 5779 3086 5837 inter
3109 5780 3215 5836 hos
3243 5785 3439 5838 autem
3463 5781 3729 5838 excelluit
