3982 6182
395 314 497 369 847

392 461 487 499 sus
520 444 888 512 multumque
920 439 1195 511 quaesita;
1228 438 1328 493 sed
1348 438 1501 493 haud
1540 453 1831 509 quaquam
1864 439 1934 493 ab
1965 438 2083 492 ullo

394 538 644 587 vestrum
666 532 940 586 hactenus
961 529 1096 582 satis
1116 527 1419 599 diligenter
1449 544 1512 581 ac
1537 527 1782 581 firmiter
1804 528 2083 599 expedita.

394 626 412 660 ί
444 624 619 693 Cujus
650 637 674 665 ιι
702 620 962 691 caliginis
992 620 1063 688 (5)
1097 634 1266 672 causa
1296 622 1401 684 est,
1434 618 1587 689 quod
1618 619 1884 672 humanm
1914 618 2085 693 ratio-

390 712 694 767 cinationis
716 715 905 765 motus
928 710 993 763 ad
1025 708 1232 763 divinm
1254 708 1631 780 prasscientiai
1662 688 2084 778 simplicitatem

382 819 499 858 non
528 807 720 874 potest
745 800 1068 855 admoveri:
1102 815 1230 870 quae
1246 799 1423 853 siullo
1440 798 1611 853 modo
1626 799 1867 868 cogitari
1887 801 2080 868 queat,

383 891 527 946 nihil
576 907 807 963 prorsus
856 890 1214 960 relinquetur
1257 916 1280 950 ι,
1312 888 1613 959 ambigui:
1668 888 1822 959 quod
1870 886 1948 941 ita
1982 888 2078 941 de-

380 997 543 1035 mum
586 980 927 1050 patefacere,
960 983 1131 1049 atque
1174 987 1194 1013 °
1225 978 1491 1048 expedire
1534 977 1790 1043 tentabo,
1843 978 1888 1030 si
1923 976 2079 1045 prius

382 1087 447 1125 ea
478 1069 995 1141 quibusmoveris,
1029 1070 1055 1111 d
1086 1068 1427 1138 expendero.
1462 1073 1614 1122 335
1642 1070 1663 1101 ²
1692 1067 1893 1131 Qumro
1926 1066 2080 1119 enim

379 1176 482 1215 cur
510 1160 668 1214 illam
695 1159 1044 1213 solventium
1075 1158 1356 1211 rationem
1381 1166 1402 1191 °
1432 1156 1624 1211 minus
1655 1156 1945 1210 efﬁcacem
1975 1171 2079 1225 pu-

378 1254 462 1304 tes
494 1266 507 1304 :
551 1266 679 1321 quae
716 1249 853 1320 quia
895 1246 1323 1319 prmscientiam
1357 1264 1475 1300 non
1518 1262 1641 1301 esse
1669 1246 1877 1299 futuris
1908 1245 2076 1299 rebus

379 1354 609 1394 causam
658 1338 1008 1393 necessitatis
1058 1336 1363 1405 existimat,
1416 1336 1563 1390 nihil
1611 1335 1880 1405 impediri
1928 1350 2077 1405 prae-

379 1429 616 1484 scientia
640 1428 863 1482 arbitrii
884 1427 1208 1481 libertatem
1236 1429 1417 1498 putat.
1438 1426 1585 1479 Num
1616 1425 1770 1478 enim
1802 1430 1865 1478 tu
1896 1425 2075 1478 aliun-

379 1519 449 1574 de
496 1522 900 1589 argumentum
955 1517 1283 1571 futurorum
1337 1515 1687 1569 necessitatis
1711 1513 1908 1581 trahis,
1962 1514 2074 1568 nisi

377 1609 532 1680 quod
552 1625 617 1663 ea
634 1608 857 1678 (5)jqua3
874 1606 1411 1677 praesciuntur,’non
1427 1604 1654 1659 evenire
1670 1620 1783 1658 non
1801 1604 2074 1673 possunt?

376 1697 434 1752 Si
464 1696 641 1766 igitur
670 1694 951 1765 praenotio
984 1694 1202 1746 nullam
1232 1692 1440 1746 futuris
1461 1692 1628 1746 rebus
1658 1692 1853 1761 adjicit
1883 1708 2072 1745 neces-

380 1785 631 1851 sitatem,
663 1783 818 1854 quod
850 1788 913 1836 tu
937 1781 1112 1835 etiam
1144 1781 1314 1852 paulo
1333 1785 1464 1835 ante
1493 1780 1777 1847 fatebare;
1810 1780 1948 1851 quid
1969 1783 2069 1845 est,

385 1874 537 1946 quod
584 1872 892 1927 voluntarii
943 1872 1123 1927 exitus
1170 1886 1365 1925 rerum
1403 1871 1475 1925 ad
1519 1874 1736 1925 certum
1802 1874 2078 1941 cogantur

393 1963 700 2019 eventum?
735 1961 958 2016 Etenim
1007 1960 1309 2032 positionis
1340 1960 1545 2031 gratia,
1595 1965 1659 2014 ut
1710 1960 1848 2031 quid
1878 1976 2074 2014 conse-

384 2058 597 2123 quatur
639 2052 922 2117 advertas,
983 2054 1298 2104 statuamus
1344 2050 1558 2103 nullam
1609 2065 1731 2103 esse
1781 2049 2077 2119 prmscien-

378 2143 540 2197 tiam.
561 2141 927 2212 Numigitur,
945 2146 1227 2212 quantum
1252 2139 1319 2194 ad
1346 2139 1455 2194 hoc
1473 2139 1697 2203 attinet,
1723 2140 1834 2210 (10)
1857 2156 1985 2210 qua:
2012 2155 2077 2193 ex

377 2232 617 2286 arbitrio
652 2230 942 2299 eveniunt,
973 2230 1041 2285 ad
1062 2230 1456 2285 necessitatem
1478 2228 1801 2299 coguntur?
1822 2228 2073 2283 Minime.

380 2319 711 2376 Statuamus
754 2321 965 2374 iterum
1007 2335 1148 2383 esse,
1200 2318 1297 2373 sed
1337 2317 1481 2373 nihil
1516 2318 1685 2372 rebus
1726 2318 2077 2373 necessitatis

377 2411 701 2481 injungere,
737 2409 1011 2474 manebit,
1037 2413 1100 2462 ut
1140 2408 1369 2478 opinor,
1411 2409 1612 2463 eadem
1641 2408 1951 2464 voluntatis
1988 2408 2077 2461 in-

378 2507 541 2569 tegra
583 2505 753 2569 atque
799 2499 1059 2553 absoluta
1106 2498 1357 2553 libertas.
1402 2498 1511 2553 Sed
1557 2498 1935 2567 praescientia,
1986 2499 2078 2553 in-

380 2588 564 2660 quies,
589 2588 835 2658 ‘tametsi
884 2587 1094 2642 futuris
1143 2587 1446 2641 eveniendi
1475 2588 1781 2642 necessitas
1823 2604 1940 2642 non
1970 2594 2074 2657 est,

387 2678 616 2748 signum
648 2682 842 2732 tamen
887 2682 990 2743 est,
1026 2676 1346 2731 necessario
1398 2694 1465 2732 ea
1498 2694 1619 2732 esse
1650 2683 1909 2733 ventura.
1966 2680 2080 2733 Iloc
2114 2698 2119 2711 ί

380 2767 559 2837 igitur
584 2768 778 2835 modo,
806 2766 982 2820 etiam
1028 2766 1073 2819 si
1116 2766 1490 2837 prmcognitio
1540 2766 1646 2837 (15)
1693 2782 1810 2821 non
1859 2767 2077 2834 fuisset,

380 2855 731 2909 necessarios
776 2855 1105 2908 futurorum
1145 2855 1328 2909 exitus
1373 2870 1494 2909 esse
1543 2860 1850 2910 constaret.
1899 2856 2079 2910 Omne

380 2944 593 2999 etenim
628 2943 878 3014 signum,
921 2948 1145 2997 tantum
1178 2942 1315 3014 quid
1360 2943 1451 3009 sit,
1498 2944 1772 3010 ostendit,
1798 2961 1913 2998 non
1944 2961 2077 2999 vero

383 3033 558 3090 efficit
602 3033 753 3105 quod
798 3033 1079 3104 designat.
1124 3033 1309 3097 Quare
1365 3033 1876 3088 demonstrandum
1918 3036 2079 3105 prius

381 3129 484 3193 est,
514 3123 659 3178 nihil
691 3140 809 3178 non
848 3140 911 3179 ex
942 3124 1276 3178 necessitate
1308 3124 1659 3195 contingere,
1691 3129 1754 3178 ut
1774 3124 2079 3194 praenotio-

379 3229 510 3267 nem
542 3213 773 3283 signum
801 3228 923 3267 esse
971 3212 1142 3281 hujus
1182 3212 1535 3267 necessitatis
1580 3217 1873 3283 appareat.
1914 3214 2076 3267 Alio—

376 3303 519 3373 quin
550 3303 596 3356 si
625 3302 747 3356 haec
794 3302 953 3356 nulla
981 3307 1085 3369 est,
1134 3317 1239 3355 nec
1288 3302 1383 3355 illa
1435 3301 1671 3373 quidem
1709 3304 1829 3371 ejus
1868 3302 1951 3356 rei
1998 3302 2073 3356 si-

375 3407 556 3461 gnum
591 3390 801 3461 poterit
827 3406 970 3454 esse,
1008 3406 1137 3461 quae
1170 3390 1288 3461 (20)
1314 3393 1447 3444 'non
1482 3396 1583 3445 est.
1616 3393 1741 3446 Jam
1776 3408 1911 3446 vero
1942 3408 2072 3462 pro-

376 3480 671 3534 bationem
718 3481 885 3533 lirma
921 3479 1140 3532 ratione
1184 3479 1489 3533 subnixam
1541 3484 1781 3545 constat,
1832 3497 1952 3534 non
2006 3499 2071 3535 ex

376 3567 553 3637 signis
604 3583 791 3639 neque
829 3568 1027 3639 petitis
1066 3567 1417 3623 extrinsecus
1458 3570 1831 3638 argumentis,
1874 3570 1971 3624 sed
2004 3587 2073 3625 ex

1712 308 1834 362 AN.
1888 304 2104 360 MANL.

2152 303 2309 358 SEV.
2349 302 2607 358 BOETII.
3753 304 3838 357 838

2124 443 2169 492 Α
2198 434 2667 491 convenientibus
2701 433 3148 504 necessariisque
3182 435 3366 490 causis
3402 452 3516 489 esse
3538 437 3841 491 ducendam.

2193 526 2305 582 Sed
2334 525 2351 561 ¹
2382 526 2481 597 qui
2513 526 2639 580 fieri
2670 528 2877 597 potest,
2911 527 2975 577 ut
3005 539 3071 577 ea
3114 540 3230 578 non
3256 526 3602 595 proveniant,
3638 543 3750 597 qua:
3778 528 3847 581 fu-

2192 621 2319 670 tura
2350 633 2470 670 esse
2518 614 2925 687 providentur?
2963 612 3134 677 Quasi
3158 616 3299 683 ,vero
3334 632 3435 669 nos
3465 632 3549 681 ea,
3599 632 3717 686 quae
3741 633 3849 686 pro—

2191 708 2444 761 videntia
2478 706 2670 760 futura
2699 720 2819 758 esse
2870 704 3197 774 praenoscit,
3242 722 3355 759 non
3397 710 3658 759 eventura
3685 707 3848 761 creda-

2190 813 2353 851 mus:
2385 813 2448 851 ac
2489 814 2601 850 non
2642 796 2780 850 illud
2816 794 2923 863 ('25)
2970 798 3163 866 potius
3199 796 3560 862 arbitremur,
3594 796 3713 848 licet
3740 811 3846 849 eve-

2189 886 2369 954 niant,
2400 886 2542 941 nihil
2560 892 2772 956 tamen,
2790 892 2850 942 ut
2872 888 3181 953 evenirent,
3199 886 3286 941 sui
3313 890 3518 940 natura
3534 886 3846 939 necessitatis

2186 975 2451 1029 habuisse
2484 993 2496 1031 :
2532 978 2686 1047 quod
2732 977 2866 1032 hinc
2914 978 3076 1032 facile
3111 964 3430 1047 perpendes
3474 975 3677 1029 licebit.
3707 975 3848 1029 Plura

2184 1066 2395 1121 etenim
2425 1066 2560 1121 dum
2602 1067 2766 1132 fiunt,
2819 1067 3070 1138 subjecta
3114 1067 3288 1121 oculis
3343 1065 3679 1118 intuemur:
3717 1068 3847 1117 utea

2187 1156 2285 1227 qui
2306 1156 2365 1209 in
2384 1165 2410 1199 Β
2430 1156 2720 1227 quadrigis
2746 1157 3109 1212 moderandis
3161 1160 3329 1226 atqne
3362 1154 3656 1209 flectendis
3688 1154 3843 1206 facere

2182 1252 2509 1315 spectantur
2542 1247 2754 1316 auriga:
2805 1263 2818 1301 :
2855 1251 3025 1317 atque
3075 1246 3146 1299 ad
3176 1245 3328 1299 hunc
3382 1243 3617 1297 modum
3648 1248 3837 1297 caetera.

2184 1336 2331 1390 Num
2364 1335 2535 1405 igitur
2559 1336 2876 1407 quidquam
2908 1337 3139 1390 illorum
3172 1334 3249 1387 ita
3280 1333 3407 1387 ﬁeri
3432 1332 3725 1387 necessitas
3753 1333 3842 1400 (30}

2182 1425 2299 1479 ulla
2332 1424 2660 1495 compellit?
2696 1426 2945 1481 Minime.
2990 1426 3218 1478 Frustra
3260 1424 3414 1477 enim
3448 1427 3594 1476 esset
3637 1422 3761 1476 artis
3787 1423 3847 1475 ef-

2182 1516 2384 1581 fectus,
2420 1515 2466 1567 si
2496 1514 2688 1568 omnia
2719 1520 2913 1568 coacta
2951 1518 3339 1569 moverentur.
3384 1514 3524 1578 Quae
3556 1512 3721 1582 igitur
3743 1528 3847 1565 cum

2180 1604 2358 1670 ﬁunt;
2390 1610 2586 1657 carent
2624 1604 2903 1657 existendi
2927 1604 3285 1671 necessitate,
3321 1603 3524 1656 eadem
3554 1601 3846 1672 priusquam

2181 1693 2344 1759 ﬁant,
2379 1694 2498 1747 sine
2530 1694 2862 1748 necessitate
2922 1693 3111 1747 futura
3148 1697 3301 1747 sunt.
3336 1692 3525 1756 Quare
3562 1696 3689 1745 sunt
3725 1707 3848 1761 quie-

2117 1752 2154 1805 Β
2187 1784 2315 1837 dam
2345 1788 2635 1846 eventura,
2666 1799 2911 1853 quorum
2950 1783 3135 1837 exitus
3156 1782 3226 1837 ab
3256 1782 3416 1835 omni
3448 1780 3765 1835 necessitate
3791 1781 3849 1832 sit

2188 1873 2503 1927 absolutus.
2538 1880 2689 1928 336
2728 1874 2867 1926 Nam
2918 1873 3060 1927 illud
3092 1873 3329 1944 quidem
3381 1872 3607 1925 nullum
3636 1869 3845 1923 arbitror

2190 1979 2311 2017 esse
2343 1962 2653 2029 dicturum,
2685 1963 2840 2033 quod
2873 1979 3001 2033 qua:
3039 1980 3189 2016 nunc
3220 1962 3387 2028 fiunt,
3422 1961 3747 2031 priusquam
3774 1960 3847 2012 tie-

2186 2057 2332 2119 rent,
2366 2058 2638 2106 eventura
2666 2068 2782 2106 non
2811 2053 3046 2108 fuerint.
3089 2054 3216 2107 Haec
3245 2052 3424 2121 igitur
3466 2050 3632 2104 etiam
3662 2064 3845 2119 praco-

2186 2144 2346 2214 gnita
2377 2142 2583 2196 liberos
2607 2142 2819 2196 habent
2850 2148 3104 2196 eventus.
3133 2142 3272 2195 Nam
3308 2142 3458 2195 sicut
3490 2140 3714 2193 scientia
3738 2154 3847 2209 pra:-

2184 2231 2432 2287 sentium
2460 2248 2654 2286 rerum
2691 2232 2833 2285 nihil
2861 2232 2960 2303 {his
3008 2248 3135 2302 qua:
3182 2232 3349 2298 fiunt,
3407 2231 3487 2284 ita
3535 2228 3846 2301 prmscientia

2184 2322 2513 2375 futurorum
2548 2322 2689 2375 nihil
2718 2322 2807 2375 his
2839 2337 2964 2392 qua
2991 2326 3226 2375 ventura
3258 2322 3339 2389 (ὅ)
3375 2325 3510 2373 sunt
3533 2320 3843 2373 necessitatis

2185 2413 2213 2453 ιι
2242 2410 2535 2480 importat.
2571 2410 2677 2464 Sed
2709 2412 2833 2477 hoc,
2874 2410 3085 2481 inquis,
3120 2409 3309 2481 ipsum
3341 2408 3655 2475 dubitatur,
3690 2424 3752 2461 an
3775 2424 3844 2462 ea-

2186 2517 2316 2556 rum
2375 2517 2569 2555 rerum
2602 2518 2729 2571 quae
2763 2502 3109 2555 necessarios
3142 2501 3325 2555 exitus
3359 2517 3477 2554 non
3507 2501 3721 2565 habent,
3752 2499 3843 2551 ulla

2188 2591 2373 2661 possit
2419 2607 2539 2645 esse
2570 2590 2867 2661 praznotio.
2919 2591 2932 2625 ί
2968 2592 3267 2645 Dissonare
3313 2592 3530 2645 etenim
3571 2589 3840 2643 videntur:

2188 2685 2491 2750 putasque,
2551 2680 2599 2733 si
2630 2680 3076 2750 praevideantur,
3127 2682 3404 2751 consequi
3445 2681 3839 2735 necessitatem:

2187 2770 2233 2823 si
2257 2770 2560 2823 necessitas
2594 2770 2757 2837 desit,
2790 2768 3027 2823 minime
3049 2769 3323 2839 prmsciri,
3358 2770 3611 2839 nihilque
3646 2766 3843 2820 scientia

2187 2858 2599 2928 comprehendi
2631 2875 2797 2929 posse
2825 2858 2933 2912 nisi
2966 2866 3201 2912 certum.
3234 2857 3401 2921 Quod
3432 2857 3476 2911 si
3532 2874 3652 2928 qua:
3678 2854 3840 2909 incerti

2189 2954 2322 3002 sunt
2356 2948 2466 3019 (l0)
2502 2948 2706 3014 exitus,
2739 2964 2805 3001 ea
2828 2948 3011 3020 T'quasi
3043 2953 3194 3001 certa
3238 2948 3627 3017 providentur,
3657 2943 3837 3015 Opinio-

2118 3056 2157 3110 ρ
2189 3038 2278 3092 nis
2310 3037 2366 3091 id
2401 3054 2521 3092 esse
2546 3053 2560 3104 j
2586 3037 2913 3107 caliginem,
2938 3054 3053 3091 non
3077 3038 3331 3092 scientias
3364 3038 3673 3091 veritatem.
3695 3034 3837 3088 Aliter

2187 3128 2342 3181 enim
2372 3143 2435 3181 ac
2476 3143 2596 3181 sese
2627 3143 2717 3181 res
2754 3127 3024 3196 habeant,
3056 3127 3083 3161 ¹ί
3122 3126 3415 3194 arbitrari,
3452 3127 3523 3181 ab
3556 3124 3834 3195 integritate

2185 3216 2439 3269 scientia:
2470 3215 2653 3270 credis
2703 3232 2821 3270 esse
2855 3216 3163 3270 diversum.
3198 3218 3220 3249 ³
3265 3216 3444 3285 Cujus
3478 3214 3676 3269 erroris
3700 3227 3833 3267 causa

2184 3310 2288 3371 est,
2316 3306 2469 3376 quod
2498 3305 2691 3359 omnia
2724 3322 2853 3377 qua:
2887 3306 3131 3377 quisque
3157 3305 3335 3371 novit,
3372 3322 3438 3359 ex
3474 3306 3712 3376 ipsorum
3737 3307 3832 3354 tan-

2181 3398 2303 3449 tum
2322 3396 2378 3449 vi
2396 3400 2566 3466 atque
2592 3400 2797 3449 natura
2828 3395 3096 3466 cognosci
3122 3395 3417 3450 existimat
3447 3412 3570 3467 quae
3601 3394 3827 3455 sciuntur,

2182 3483 2339 3554 quod
2368 3488 2554 3538 totum
2601 3489 2797 3539 contra
2845 3490 2945 3538 est.
2982 3485 3161 3540 Omne
3192 3486 3205 3519 ¹
3237 3484 3392 3538 enim
3446 3488 3553 3555 (15)
3597 3482 3733 3554 quod
3756 3495 3831 3532 co-

2181 3574 2492 3644 guoscitur,
2538 3590 2652 3629 non
2709 3577 3023 3630 secundum
3077 3575 3165 3629 sui
3209 3575 3349 3645 vim,
3413 3576 3513 3630 sed
3567 3571 3830 3629 secundum

1831 3724 2045 3783 INTER
2057 3726 2427 3785 PRETATIO.

449 3856 471 3882 ³
510 3845 891 3901 Obscuritatis.
2259 3852 2287 3893 ιι
2324 3851 2520 3917 Infert.

444 3920 469 3960 ι)
513 3916 689 3971 Dubii.
2260 3921 2274 3954 ί
2316 3916 2595 3988 Pugnare.

442 4000 467 4030 ο
506 3989 816 4056 Emplicare.

442 4061 468 4101 (ἰ
506 4060 856 4128 Explicuere.

444 4138 465 4201 9
508 4130 644 4193 Quae.
678 4130 925 4184 habetur
958 4144 1127 4199 prosa
1153 4130 1181 4181 3
1206 4128 1378 4201 hujus
1410 4131 1530 4200 lib.,
1564 4136 1684 4187 not.
1717 4135 1768 4189 3.

449 4200 467 4234 τ
502 4200 793 4266 Quomodo.

439 4280 464 4316 8
508 4273 791 4328 Curribus.

2254 4007 2266 4059 j
2308 3993 2723 4049 Obscuritatem.

2255 4064 2283 4105 ιί
2319 4064 2593 4120 Judicare.

2264 4134 2276 4166 ¹
2320 4136 2480 4209 Quod
2515 4140 2870 4204 cognoscitur,
2920 4137 2981 4191 id
3012 4154 3117 4193 non
3152 4140 3226 4193 ad
3262 4141 3481 4197 modum
3525 4142 3720 4209 cogniti,
3760 4133 3830 4190 sed

2188 4204 2263 4259 ad
2294 4207 2514 4262 modum
2539 4212 2726 4277 potius
2764 4214 3126 4279 cegnoscentis
3150 4217 3513 4281 cognoscitur.

2025 4367 2241 4424 NOTAE.

371 4489 590 4563 Marcus
620 4489 849 4563 Tullius
881 4490 1098 4563 Cicero,
1122 4489 1232 4563 qui
1264 4489 1397 4543 hinc
1425 4493 1630 4563 negata
1655 4490 1845 4546 divina
1885 4495 2073 4563 provi-

369 4560 585 4627 dentia,
616 4560 753 4615 inde
777 4577 911 4614 vero
945 4561 1193 4614 stabilita
1215 4560 1467 4615 humana
1501 4562 1779 4629 libertate,
1814 4560 2075 4622 dubiqu

369 4631 608 4685 homines
639 4634 821 4696 facere
865 4633 1079 4697 liberos,
1110 4633 1300 4703 inquit
1334 4633 1394 4687 S.
1429 4636 1573 4703 Aug.
1609 4650 1641 4686 v
1683 4634 1751 4687 de
1783 4635 1897 4689 Civ.
1949 4639 2070 4703 Dei,

370 4717 412 4754 c.
447 4705 498 4766 9,
525 4703 750 4756 eosdem
781 4706 921 4768 facit
949 4706 1261 4769 sacrilegos.
1296 4706 1898 4774 ArgumentumTullii
1931 4708 2073 4763 illud

370 4777 455 4849 est
484 4789 599 4841 quo
633 4790 805 4849 supra
838 4791 974 4827 usus
1005 4782 1090 4828 est
1124 4774 1369 4849 Boetius,
1406 4777 1555 4846 quod
1582 4777 1854 4832 nimirum
1885 4780 2073 4849 posita

367 4844 623 4921 humana
657 4844 935 4921 libertate,
963 4844 1458 4921 quemadmodum
1489 4849 1839 4919 experientia
1866 4844 2072 4921 proba-

370 4918 463 4993 tur
488 4916 778 4993 ponenda,
798 4917 1172 4993 providentia
1200 4918 1393 4971 divina
1419 4916 1669 4993 nequeat
1705 4937 1824 4993 esse
1866 4916 2071 4993 (qualis

368 4989 472 5051 est,
506 4991 600 5039 aut
636 4987 831 5055 nulla).
869 4988 1117 5052 evidens,
1154 5005 1285 5042 vera
1318 4994 1373 5043 et
1398 4987 1547 5044 certa
1577 4992 1838 5048 scientia.

441 5057 456 5087 ¹
484 5058 653 5125 Cujus
680 5059 932 5132 caliginis
955 5060 1165 5129 causa.]
1198 5061 1264 5115 Il.
1306 5061 1672 5132 Philosophia
1697 5064 1791 5131 ait,
1818 5065 1955 5119 adeo
1986 5081 2071 5119 ve-

364 5132 515 5209 teres
541 5131 1021 5209 ‘recentioresque
1057 5149 1171 5185 non
1216 5150 1381 5209 posse
1429 5131 1731 5209 conciliare
1771 5136 2069 5206 providen-

362 5201 504 5280 tiam
523 5201 776 5280 divinam,
800 5218 927 5255 cum
948 5204 1197 5256 humana
1218 5201 1512 5280 libertate,
1540 5205 1672 5275 quia
1687 5201 1883 5261 eorum
1905 5225 2067 5262 mens

362 5272 653 5348 infirmior
702 5278 785 5327 est
835 5290 1007 5348 quam
1040 5280 1105 5348 ut
1136 5276 1313 5348 possit
1344 5272 1596 5330 divinam
1641 5280 2064 5348 praenotionem

361 5344 656 5415 percipere
691 5360 705 5422 ς
739 5345 890 5422 unde
938 5346 1395 5422 praicipitatione
1428 5354 1484 5401 et
1532 5344 1869 5419 praeajudicio
1914 5352 2067 5422 judi-

361 5420 714 5493 cans,_n_egat
743 5416 993 5493 divinam
1029 5417 1470 5493 providentiam,
1496 5416 1665 5489 quod
1692 5422 1892 5476 eadem
1914 5416 2062 5493 'phi-

362 5483 739 5565 losophia'pro
750 5486 923 5539 mittit
941 5503 997 5539 se
1015 5483 1558 5565 delmonstraturan'i.
1574 5498 1880 5562 postquam
1899 5483 2063 5565 argu-

361 5556 590 5635 mentis,
621 5558 838 5635 quibus
860 5570 1028 5611 antea
1061 5560 1283 5635 Boetius
1298 5556 1655 5635 movebatur,
1676 5556 2056 5635 responderit.

430 5628 453 5661 ²
509 5627 696 5707 Quaero
750 5631 910 5707 enim,
974 5629 1104 5698 etc.]
1159 5630 1250 5684 Ill.
1330 5630 1699 5707 Philosophia
1754 5627 2063 5707 respondet

359 5698 715 5767 argumentis
758 5700 967 5769 quibus
1007 5716 1180 5771 supra
1212 5717 1349 5756 usus
1378 5707 1463 5758 est
1499 5698 1759 5775 Boetius;
1796 5698 1903 5764 hoc
1942 5709 2060 5765 fere

2115 4495 2156 4547 D
2183 4501 2347 4568 pacto
2378 4514 2389 4552 :
2415 4498 2482 4579 si,
2514 4499 2699 4570 posita
2731 4499 2985 4579 humana
3018 4502 3298 4579 libertate,
3334 4505 3684 4575 providentia
3707 4498 3825 4556 divi-

2188 4586 2263 4623 na
2288 4574 2471 4639 possit
2498 4587 2618 4624 esse
2653 4588 2767 4625 non
2802 4574 2972 4627 modo
3009 4575 3258 4641 evidens,
3306 4574 3504 4632 verum
3536 4578 3690 4632 etiam
3725 4586 3825 4625 vera

2187 4645 2240 4694 et
2268 4647 2423 4720 certa
2471 4642 2796 4720 futurorum
2831 4645 3083 4720 scientia.
3120 4648 3494 4720 certedivina
3524 4643 3826 4720 providentia

2184 4717 2337 4788 recte
2371 4713 2769 4788 conciliabitur
2799 4732 2927 4769 cum
2963 4717 3212 4771 humana
3238 4713 3547 4775 libertate?
3588 4715 3823 4788 siquidem

2184 4784 2459 4863 prmdicta
2486 4785 2705 4863 __omnia
2744 4795 3084 4863 argumenta
3127 4792 3414 4863 contraria
3470 4794 3569 4847 hac
3614 4783 3824 4860 prOposi-

2180 4856 2335 4935 tione
2368 4856 2757 4935 continentur,
2782 4859 2923 4935 sicut
2953 4860 3268 4935 attendenti
3296 4864 3525 4933 patebit.
3558 4856 3723 4931 Atque
3757 4870 3824 4935 res

2180 4926 2258 4980 ita
2289 4943 2345 4979 se
2372 4926 2585 5002 habet}
2619 4945 2745 4981 cum
2771 4930 2924 4983 enim
2951 4932 3106 4984 notio
3126 4926 3493 5001 praesentium
3519 4940 3569 4988 et
3591 4926 3822 5002 praenotio

2180 4999 2868 5074 eorumdemfuturorum
2903 4999 3185 5074 sintidehi
3207 5006 3491 5074 cogitandi
3522 4999 3723 5065 modus,
3745 5013 3823 5052 nec
3869 5003 3872 5006 ’

2178 5069 2442 5124 differant
2476 5070 2590 5145 nisi
2622 5076 2899 5145 tempore,
2932 5073 3022 5145 cui
3055 5075 3199 5127 Deus
3231 5069 3346 5129 non
3378 5078 3582 5140 subest,
3614 5076 3824 5145 propter-

2179 5156 2243 5193 ea
2276 5146 2335 5194 ut
2366 5142 2525 5195 notio
2558 5144 2950 5212 praesentium,
2971 5144 3048 5197 sic
3074 5148 3351 5215 przenotio
3370 5142 3681 5201 futurorum
3708 5143 3817 5195 libe-

2177 5219 2599 5285 rorumipotest
2634 5230 2753 5267 esse
2786 5217 3033 5282 evidens,
3076 5233 3208 5271 vera
3237 5224 3292 5273 et
3326 5223 3496 5285 certa,
3531 5218 3818 5281 nullamQUc

2177 5283 2316 5353 ipsis
2344 5284 2507 5337 affert
2532 5286 2945 5341 necassitatem.

2218 5355 2282 5435 ⁸³.
2298 5356 2479 5435 Cujus
2492 5360 2693 5435 erroris
2723 5357 2928 5435 causq.]
2966 5358 3051 5412 IV.
3078 5359 3443 5435 Philosophia
3458 5359 3685 5435 ostendit
3701 5368 3813 5435 prte-

2176 5425 2311 5479 dicti
2343 5429 2552 5504 erroris
2608 5446 2832 5482 causam
2868 5425 2927 5504 in
2959 5446 3031 5504 eo
3056 5434 3287 5499 versari,
3311 5425 3473 5504 .quod
3504 5448 3623 5486 cum
3666 5425 3725 5482 ad
3750 5440 3816 5477 c0-

2176 5500 2563 5573 gnoscenduni
2616 5502 2934 5555 necessaria
2992 5502 3063 5555 sit
3101 5519 3229 5557 cum
3276 5500 3435 5559 mens
3487 5511 3811 5573 cognoscens,

2174 5573 2298 5648 tum
2332 5572 2573 5648 materia
2601 5574 3013 5648 cognoscenda,
3066 5575 3325 5648 prazdicti
3377 5567 3717 5648 providentite
3750 5567 3814 5619 di‘

2171 5640 2318 5715 vinas
2374 5640 3129 5714 adversarii’prmnotionein
3165 5640 3418 5703 divinam
3458 5645 3711 5715 accipiant
3742 5652 3809 5691 se-

2172 5713 2424 5771 cundum
2450 5713 2730 5770 naturam
2764 5716 3020 5773 materiae
3048 5722 3469 5791 cognoscendae,
3500 5713 3619 5773 cuin
3652 5722 3809 5767 tamen
