3982 6182
129 314 218 365 853
1159 310 1245 362 DE
1280 309 1806 366 CONSOLATIONE
1851 309 2330 366 PHILOSOPHMﬂ
2369 309 2497 362 ΜΒ.
2543 310 2580 360 ν

130 445 191 495 Ξξὶ
265 439 421 493 Veris
450 438 590 492 falsa
620 438 950 508 redarguit?
1843 443 1892 496 Α

254 535 298 583 ει
319 535 405 583 12
441 530 568 582 Πίρο
589 532 673 581 est
707 528 960 582 efﬁciens
991 530 1174 600 magis

261 620 453 688 Longe
479 633 646 671 causa
673 618 993 688 'potentior,

257 708 442 770 Quam
468 724 595 777 quae
620 707 872 763 materias
906 708 1080 763 modo

256 799 568 866 lmpressas
601 798 814 867 patitur
845 802 1027 852 notas.

3506 313 3612 366 854

1986 456 2054 494 ea:
2073 441 2448 494 imbecillitate
2479 441 2852 507 intelligentia
2875 441 3142 508 humanae,
3175 441 3365 497 divina
3393 443 3609 508 futuro-

1993 528 2110 566 rum
2144 513 2432 566 liberorum
2453 515 2717 580 p-rwnotio
2733 513 2984 580 neganda
3015 518 3108 566 est.

1989 602 2150 666 Quod
2201 601 2245 654 si
2304 601 2361 654 in
2417 601 2750 671 corporibus
2793 602 3125 670 sentiendis,
3175 602 3434 672 quamvis
3480 605 3609 658 alli-

1920 690 2073 744 ciant
2105 706 2126 732 u
2168 691 2548 744 instrumenta
2619 707 2891 744 sensuum
2941 694 2965 733 Ι)
3011 691 3323 746 forinsecus
3371 693 3607 763 objectae

1920 781 2243 850 qualitates,
2278 781 2572 850 animique
2603 781 2826 850 agentis
2864 781 3120 850 vigorem
3145 783 3332 851 passio
3356 785 3609 853 corporis

1918 871 2234 936 antecedat,
2286 871 2501 939 quzein
2557 886 2613 922 se
2637 877 2825 924 actum
2869 871 3074 924 mentis
3120 877 3407 941 provocet,
3470 875 3610 925 exci-

1919 964 2113 1029 tetque
2157 960 2388 1012 interim
2424 960 2780 1030 quiescentes
2813 960 3157 1014 intrinsecus
3188 965 3370 1015 forma
3403 979 3413 1014 :
3463 962 3508 1014 si
3548 962 3608 1015 in

1917 1048 2247 1115 sentiendis,
2275 1049 2534 1119 inquam,
2562 1049 2637 1120 (li)
2671 1049 3006 1118 corporibus
3037 1051 3052 1084 ¹
3086 1049 3309 1102 animus
3341 1067 3452 1103 non
3483 1067 3610 1120 pas-

1919 1137 2078 1190 sione
2111 1137 2442 1208 insignitur,
2477 1139 2574 1191 sed
2597 1155 2662 1191 ex
2679 1155 2780 1192 sua
2813 1139 2866 1190 vi
2897 1138 3210 1207 subjectam
3243 1138 3469 1207 corpori
3519 1140 3608 1208 ju-

130 909 184 961 30
258 905 537 958 Prmcedit
560 909 750 959 tamen
777 906 1048 975 excitans,

250 999 324 1047 Ac
355 994 507 1046 vires
538 994 717 1047 animi
749 1011 1003 1061 movens,

254 1084 387 1136 Vivo
423 1082 484 1136 in
515 1099 751 1153 corpore
781 1085 990 1154 passio.

255 1174 395 1227 Cum
428 1174 520 1226 vel
549 1174 646 1226 lux
679 1175 875 1227 oculos
910 1173 1060 1241 ferit,

254 1261 350 1317 V'cl
381 1278 495 1315 vox
525 1262 760 1316 auribus
791 1264 1059 1334 instrepit
1085 1281 1098 1317 :

134 1374 185 1423 liti
255 1371 393 1422 Tum
419 1368 632 1423 mentis
662 1369 825 1440 vigor
857 1370 1088 1437 excitus,

254 1460 396 1522 Quas
421 1458 579 1512 intus
612 1459 828 1528 species
855 1465 1032 1527 tenet,

253 1547 328 1600 Ad
362 1554 553 1601 motus
584 1549 798 1602 similes
829 1567 1055 1617 vocans,

254 1637 410 1691 Notis
442 1638 696 1708 applicat
718 1639 944 1705 exteris,

250 1729 684 1798 lntrorsumque
715 1728 1023 1781 reconditis

129 1836 184 1889 40
250 1835 466 1888 Formis
507 1835 710 1889 miscet
741 1835 1042 1905 imagines.

694 1967 844 2015 343
877 1961 1105 2016 PROSA
1138 1962 1198 2013 V.

129 2089 502 2140 Anarusxrnu.
544 2116 613 2123 —
642 2087 791 2140 Sicut
821 2102 964 2154 ergo,
991 2089 1174 2154 inquit
1205 2086 1584 2155 Philosophia,
1625 2103 1796 2155 neque

186 2174 242 2208 er
273 2158 643 2209 imbecillitate
692 2173 895 2223 sensus,
941 2161 1260 2223 imuginatio
1282 2177 1302 2220 ;
1326 2175 1494 2226 neque
1525 2175 1593 2212 ea:
1624 2162 1794 2212 imbe-

185 2230 391 2282 cillitate
415 2232 832 2294 imaginationis
848 2232 1222 2294 ratiocinatio;
1249 2247 1415 2297 neque
1438 2247 1505 2285 ea:
1555 2231 1791 2284 imbecil-

191 2302 326 2353 litate
350 2303 808 2368 ratiocinationis,
827 2302 1189 2369 intelligentia
1209 2301 1444 2356 humana
1485 2318 1496 2356 :
1532 2304 1793 2370 sicneque

1917 1227 2065 1281 dicat
2094 1227 2435 1296 passionem,
2473 1233 2687 1298 quanto
2705 1227 2885 1298 magis
2919 1244 2985 1280 ea
3020 1244 3148 1297 quae
3178 1239 3198 1262 ο
3231 1227 3449 1280 cunctis
3479 1243 3603 1280 cor-

1917 1332 2121 1386 porum
2173 1316 2567 1369 atl‘ectionibus
2621 1316 2876 1370 absoluta
2913 1321 3066 1384 sunt,
3116 1315 3176 1368 in
3227 1317 3604 1383 discernenda

1919 1422 2030 1459 non
2066 1406 2287 1477 objecta
2335 1407 2684 1460 extrinsecus
2729 1412 3066 1476 sequuntur,
3119 1406 3220 1459 sed
3271 1411 3456 1459 actum
3490 1422 3606 1459 suae

1916 1495 2124 1548 mentis
2168 1495 2513 1564 expediunt?
2544 1496 2569 1536 d
2601 1497 2710 1548 Hac
2742 1495 2938 1565 itaque
2994 1495 3213 1548 ratione
3263 1495 3604 1565 multiplices

1915 1583 2271 1653 cognitiones
2306 1583 2541 1637 diversis
2567 1600 2632 1636 ac
2663 1584 3055 1637 ditferentibus
3084 1600 3300 1637 cessere
3349 1585 3606 1638 substan-

1915 1673 2026 1726 tiis.
2061 1671 2213 1742 (lO)’
2248 1673 2459 1727 Sensus
2490 1673 2644 1726 enim
2694 1674 2846 1726 solus
2895 1673 3113 1725 cunctis
3154 1674 3280 1726 aliis
3323 1672 3604 1743 cognitio-

1843 1791 1884 1845 Β
1913 1763 2083 1817 nibus
2131 1761 2452 1828 destitutus,
2508 1761 2903 1816 immobilibus
2957 1762 3347 1816 animantibus
3388 1763 3601 1816 cessit:

1912 1853 2107 1922 quales
2135 1857 2266 1906 sunt
2286 1853 2518 1906 conchas
2547 1851 2740 1913 maris,
2766 1868 3009 1922 quinque
3043 1852 3150 1905 alia
3179 1852 3325 1906 saxis
3367 1853 3600 1906 haeren-

1907 1942 1986 1995 tia
2016 1941 2731 2011 nutriuntur.1maginatio
2749 1958 2882 1994 vero
2899 1942 3208 1996 mobilibus
3235 1942 3461 2009 belluis,
3482 1941 3600 2012 qui-

1908 2031 2012 2084 bus
2045 2031 2158 2101 jam
2192 2031 2377 2085 inesse
2406 2031 2686 2102 fugiendi,
2720 2032 3097 2102 appetendive
3125 2032 3329 2103 aliquis
3380 2032 3605 2085 videtur

1907 2121 2160 2174 allectus.
2195 2121 2359 2173 ltatio
2407 2137 2540 2174 vero
2573 2121 2814 2175 humani
2845 2125 3066 2175 tantum
3101 2122 3328 2191 generis
3381 2127 3485 2188 est,
3531 2121 3602 2176 si-

1903 2211 2018 2263 cuti
2049 2209 2428 2280 intelligentia
2459 2211 2580 2264 sola
2619 2210 2796 2264 divini
2829 2229 2844 2263 :
2873 2226 2987 2282 quo
3009 2211 3075 2264 tit
3106 2216 3164 2264 ut
3191 2211 3306 2282 (l5)
3335 2227 3400 2264 ea
3449 2211 3596 2265 noti-

1901 2301 1979 2355 tia
2002 2302 2217 2355 cagteris
2247 2306 2496 2372 praestet,
2533 2317 2658 2372 quae
2689 2310 2709 2335 ο
2752 2306 2953 2372 suapte
2984 2305 3192 2355 natura
3243 2315 3361 2355 non
3403 2301 3595 2366 modo,

1563 2400 2143 2456 INTERPRETATIO.

133 2497 342 2548 excitans
373 2510 813 2563 eommovensque
830 2498 968 2549 vires
989 2498 1180 2550 mentis
1217 2511 1229 2549 :
1256 2500 1320 2550 ut
1341 2513 1457 2550 cum
1485 2498 1660 2551 lumen
1681 2514 1796 2552 rer-

137 2567 258 2618 berat
282 2568 473 2632 oculos,
507 2573 607 2620 aut
637 2583 741 2621 eoa:
762 2570 974 2621 insonat
1005 2569 1233 2621 auribus
1269 2585 1281 2621 :
1317 2569 1510 2622 deinde
1558 2572 1639 2622 vis
1700 2572 1800 2623 illa

136 2643 294 2710 mentis
323 2644 605 2703 commota,
626 2641 915 2710 conferens
943 2642 1138 2708 species
1169 2640 1278 2692 sibi
1304 2642 1497 2694 insitas
1529 2642 1800 2710 cumejus-

137 2709 254 2760 modi
282 2711 529 2775 motibus,
592 2709 706 2764 sive
765 2712 1059 2781 speciebus
1115 2711 1466 2780 ad'ventitiis;
1518 2709 1800 2781 conjungit

138 2785 382 2848 utrasque.

193 2861 211 2884 ⁵
238 2853 463 2920 Organa.

1979 2501 2004 2541 ἱ»
2032 2500 2408 2553 Emtrinsccus.

1978 2579 1996 2603 ο
2035 2572 2082 2624 Α
2117 2574 2396 2639 corporum
2423 2571 2736 2624 commercio
2760 2569 2929 2622 libera
2953 2571 3098 2622 sunt.

1978 2643 2004 2684 ει
2038 2645 2144 2696 Hoc
2178 2643 2329 2696 modo
2351 2643 2578 2697 diversis
2601 2643 2759 2696 rebus
2792 2642 3008 2695 diversa
3039 2640 3599 2710 insuntcognosccndi

1906 2727 2122 2779 genera.

1977 2794 1997 2818 ο
2034 2787 2110 2837 Et
2139 2801 2292 2838 suam
2337 2789 2620 2853 propriam
2659 2788 2709 2838 et
2752 2786 2953 2839 caeteris
2975 2784 3371 2851 cognitionibus
3410 2783 3597 2852 subje-

1907 2860 2047 2910 ctam
2071 2859 2355 2910 mute-riam
2385 2859 2637 2925 percipit.

1737 2953 1964 3008 NOTAS.

192 3050 421 3104 26).ch
463 3054 545 3104 est
592 3051 835 3122 efﬁciens
857 3053 1050 3117 magis,
1093 3051 1223 3121 etc.]
1277 3051 1370 3106 Ill.
1425 3051 1792 3122 Philosophia
1832 3051 1871 3104 Ο
1904 3050 2149 3117 deliniri,
2181 3051 2385 3120 sicutla
2445 3052 2500 3106 S.
2553 3054 2695 3121 Aug.
2751 3049 3069 3105 delinitur:
3121 3053 3306 3105 Passio
3356 3054 3595 3119 corporis

140 3119 350 3194 declarat
381 3123 516 3191 quid
554 3121 1056 3194 sitisentiendum.
1095 3119 1352 3177 Primum
1407 3119 1792 3194 quidem—nisi

139 3207 270 3244 mens
293 3192 541 3245 humana
575 3193 1190 3259 informaretural)eo,
1227 3195 1325 3264 qui
1363 3192 1476 3247 non
1508 3196 1792 3248 minusest

139 3263 236 3330 ejus
277 3269 589 3332 praeceptor
637 3280 808 3334 quam
867 3266 1147 3331 conditor,
1197 3263 1398 3318 eadem
1458 3283 1616 3320 mens
1675 3283 1790 3320 non

137 3343 294 3401 posset
321 3351 683 3405 cognoscere,
721 3353 909 3405 neque
941 3337 1280 3405 generatim,
1318 3354 1504 3407 neque
1535 3339 1790 3405 singula-

140 3408 245 3469 tim;
292 3423 397 3459 non
427 3412 624 3477 posset
670 3407 945 3472 divid:re,
997 3407 1256 3473 delinire,
1292 3410 1478 3462 autin
1527 3411 1790 3464 ordinem

139 3477 388 3545 redigere;
422 3480 642 3531 nullam
681 3479 853 3530 etiam
897 3479 1134 3531 haberet
1166 3497 1430 3533 normam
1483 3480 1737 3534 veritatis
1775 3496 1789 3533 :

141 3548 570 3619 quandoquidem
622 3550 742 3602 haec
773 3551 966 3601 omnia
1009 3555 1139 3602 sunt
1171 3557 1268 3603 aut
1323 3551 1580 3619 ingenita
1633 3551 1789 3604 notio

145 3618 327 3685 Ueiqui
372 3626 468 3684 est,
503 3626 604 3672 aut
649 3621 884 3691 quidam
926 3621 1207 3688 ejusmodi
1253 3618 1501 3675 notionis
1535 3624 1738 3675 modus
1775 3639 1814 3676 :.

142 3696 400 3762 propterea
431 3693 540 3744 haec
558 3697 637 3745 est
668 3695 905 3758 efficiens
935 3697 1110 3758 magis
1145 3695 1296 3760 longe
1316 3711 1480 3746 causa
1500 3697 1789 3762 potentior.

144 3759 319 3836 Deinde
353 3763 551 3816 eadem
589 3778 768 3827 mens,
805 3769 1022 3834 utpote
1051 3759 1279 3832 qumest
1305 3759 1558 3835 corporis
1585 3766 1790 3830 forma,

143 3846 236 3898 ipso
283 3849 512 3902 corpore
556 3839 840 3887 commoto
902 3836 1076 3887 etiam
1134 3836 1379 3889 allicitur
1438 3837 1786 3889 sentiendo:

143 3919 303 3955 sensus
332 3906 502 3967 enim,
536 3906 778 3958 docente
813 3905 866 3957 S.
903 3907 1220 3974 Augustino
1245 3909 1281 3960 l.
1313 3908 1381 3960 de
1431 3908 1637 3970 Quant.
1670 3924 1789 3972 an.,

143 3988 178 4023 ρ,
205 3976 278 4038 <35,
307 3982 382 4028 ρει
405 3981 590 4043 ραδερζο
635 3979 875 4044 corporis
898 3994 991 4044 per
1020 3981 1255 4045 seipsam
1285 3995 1393 4031 non
1444 3981 1616 4032 latens
1677 3982 1793 4031 ani-

143 4060 250 4097 mam
345 4047 552 4100 idcirco
580 4048 837 4115 praecellit
881 4051 1124 4102 ereitans
1159 4053 1280 4101 ’L‘l’t‘O
1318 4052 1375 4102 in
1407 4066 1624 4117 corpore
1658 4066 1791 4118 pas-

142 4118 238 4189 sio;
269 4117 354 4170 ubi
388 4119 712 4171 observabis
747 4121 891 4172 hanc
932 4135 1150 4187 vocem,
1178 4124 1378 4189 passio,
1407 4137 1521 4174 non
1559 4117 1679 4174 esse
1714 4121 1792 4175 ita

146 4185 378 4260 Latinam,
406 4191 501 4243 sed
536 4191 816 4260 aptiorem
843 4191 1057 4244 nullam
1087 4185 1204 4244 esse
1247 4193 1317 4244 ad
1356 4192 1788 4259 signiticandmn

143 4255 256 4330 hanc
305 4255 682 4330 Philosophiae
739 4260 1167 4329 cogitationem.
1221 4263 1311 4317 Sic
1364 4255 1459 4317 lua:
1507 4264 1650 4316 nihil
1708 4269 1791 4317 est

1897 3127 2263 3191 perseipsam
2309 3139 2416 3176 non
2449 3125 2619 3176 latens
2663 3128 2945 3177 animum:
2989 3123 3142 3176 unde
3189 3140 3385 3175 sensus
3415 3123 3595 3193 accipi

1904 3201 2090 3263 potest
2121 3194 2442 3264 dupliciter,
2485 3195 2757 3247 nimirum
2790 3195 3155 3263 inada’quatc,
3183 3200 3247 3247 ut
3272 3196 3591 3263 loquuntur

1904 3267 2254 3335 philosophi,
2291 3271 2572 3334 quatenus
2605 3271 2688 3318 est
2722 3270 2908 3334 passio
2949 3270 3187 3334 corporis
3217 3283 3231 3315 :
3272 3282 3383 3335 quo
3427 3267 3594 3318 modo

1904 3354 2101 3389 sensus
2146 3339 2429 3407 reperitur
2473 3338 2531 3390 in
2571 3337 2768 3390 bestiis
2809 3338 3015 3401 etiam;
3077 3341 3132 3389 et
3174 3337 3476 3404 adwqucite,
3535 3342 3597 3390 ut

1902 3409 2064 3460 aiunt
2095 3408 2267 3461 iidem
2301 3409 2662 3477 philosophi;
2704 3414 2988 3478 quatenus
3014 3412 3096 3460 est
3123 3411 3313 3476 passio
3353 3411 3592 3476 corporis

1897 3496 1997 3547 per
2025 3483 2259 3547 sti-ipsam
2304 3497 2410 3532 non
2453 3481 2624 3532 latens
2662 3485 2935 3533 animum:
2990 3495 3102 3548 qua
3134 3480 3358 3532 ratione
3391 3496 3591 3530 sensus

1902 3551 2076 3604 solius
2099 3551 2347 3603 hominis
2372 3556 2456 3603 est
2488 3567 2499 3603 :
2534 3551 2748 3620 quippe
2782 3551 2877 3620 qui
2911 3551 3064 3602 solus
3091 3554 3313 3603 constat
3359 3566 3423 3603 ex
3472 3567 3593 3602 cor-

1901 3639 2040 3690 pore
2073 3628 2128 3675 et
2175 3627 2386 3675 mente.
2419 3623 2678 3676 Secundo
2726 3628 2917 3674 noster
2940 3627 3136 3674 auctor
3165 3621 3327 3691 ponit
3381 3636 3594 3674 sensum

1903 3694 2070 3746 etiam
2108 3694 2337 3762 proprie
2362 3693 2572 3746 dictum
2607 3693 2665 3745 in
2700 3694 2711 3744 l
2742 3694 2909 3756 ostiis,
2942 3709 3072 3745 cum
3109 3693 3213 3746 hoc
3244 3698 3433 3745 tamen
3485 3693 3596 3746 (lis-

1900 3765 2158 3829 crimine,
2198 3770 2258 3816 ut
2287 3765 2344 3816 in
2378 3764 2607 3816 conchis
2649 3765 2708 3814 sii
2753 3780 2936 3816 sensus
2967 3763 3090 3818 sine
3149 3766 3540 3830 inuigi-natione
3576 3781 3588 3817 :

1900 3837 1958 3888 in
1982 3835 2174 3888 bestiis
2207 3835 2517 3887 mobilibus
2559 3835 2728 3886 etirizu
2762 3837 3085 3900 imaginatio
3118 3835 3238 3887 sine
3285 3840 3491 3888 ratione
3522 3835 3594 3887 si-

1901 3911 1994 3958 cut
2023 3907 2081 3958 in
2128 3907 2360 3958 homine
2409 3920 2613 3969 sensus,
2671 3909 2992 3972 imaginutio
3025 3912 3072 3959 et
3112 3910 3275 3972 ratio,
3332 3908 3428 3959 sed
3469 3907 3590 3959 sine

1901 3978 2285 4041 intelligentia,
2320 3992 2490 4044 quam
2529 3976 2662 4028 dicit
2694 3978 2871 4030 divini
2899 3977 3164 4047 ωηιξη-ῖς..
3207 3982 3299 4042 At,
3333 3977 3589 4046 inquam,

1903 4049 1946 4100 si
1970 4063 2153 4100 sensus
2186 4054 2270 4100 est
2299 4048 2359 4100 in
2392 4048 2640 4112 conchis,
2675 4064 2774 4100 cur
2807 4065 2918 4099 non
2949 4048 3230 4101 iniisdem
3261 4049 3430 4101 fuerit
3460 4053 3592 4101 ima-

1900 4121 2146 4186 ginatio?
2187 4136 2315 4172 cum
2337 4135 2526 4173 sensus
2587 4124 2643 4172 et
2672 4122 2993 4185 imaginatio
3026 4135 3138 4170 non
3167 4120 3449 4182 dill’erant,
3481 4119 3590 4172 nisi

1903 4192 2053 4261 quod
2084 4206 2268 4245 sensus
2326 4208 2428 4243 suo
2471 4190 2712 4260 quilibet
2739 4206 2972 4258 organo,
3008 4192 3330 4256 imaginatio
3371 4207 3588 4261 organo

1903 4260 2216 4330 communi,
2253 4262 2518 4316 videlicet
2553 4262 2785 4315 cerebro
2819 4261 3148 4330 perficiatur
3177 4277 3188 4313 :
3240 4260 3395 4330 quod
3436 4276 3590 4313 cere-

145 4328 268 4382 aliud
298 4348 458 4400 quam
487 4328 681 4386 motus
713 4328 861 4385 oculi
893 4351 924 4386 a
963 4335 1078 4386 sole
1111 4337 1209 4387 aut
1241 4334 1435 4404 aliquo
1470 4336 1580 4388 alio
1612 4335 1785 4387 simili
1825 4339 1869 4392 D
1904 4336 2068 4388 brum
2100 4328 2268 4387 etiam
2304 4333 2362 4386 in
2393 4333 2620 4386 conchis
2651 4328 2917 4386 occurrit.
2959 4333 3016 4386 Si
3058 4328 3388 4404 imaginatio
3418 4330 3591 4404 fuerit

144 4413 341 4468 corpore
365 4405 668 4457 commoti:
701 4409 984 4457 commoto
1017 4406 1181 4458 oculo
1215 4422 1419 4459 nervus
1451 4406 1585 4458 hinc
1608 4407 1676 4460 ad
1705 4421 1790 4459 ce-

145 4471 333 4546 rebrum
363 4491 540 4546 usque
573 4475 879 4544 productus
915 4481 1202 4542 movetur;
1244 4479 1395 4530 unde
1432 4481 1693 4530 movetur
1733 4481 1791 4530 et

146 4542 588 4619 cerebrum,_—quo_
626 4552 778 4599 moto
829 4547 950 4616 ipsa
988 4565 1148 4601 mens
1198 4549 1429 4602 cerebro
1471 4548 1788 4619 praesertim

147 4614 400 4689 conjuncta
427 4614 502 4670 ita
526 4614 938 4684 commovetur,
971 4625 1029 4672 ut
1057 4636 1173 4672 non
1209 4620 1378 4673 modo
1409 4614 1632 4686 sentiat,
1685 4619 1784 4672 sed

148 4688 284 4738 etiam
315 4688 510 4742 videat.
545 4690 632 4742 Sic
656 4689 826 4742 etiam
861 4706 964 4741 voa;
995 4697 1312 4744 commovet
1343 4707 1518 4744 aures.
1551 4693 1783 4744 Postre—

149 4768 219 4832 ma
251 4772 394 4832 [nens
433 4761 731 4813 conferens
791 4761 935 4813 hanc
968 4761 1152 4814 idean]
1203 4763 1591 4829 adventitiam,
1655 4779 1786 4816 cum

150 4828 294 4889 priori
323 4829 439 4904 idea
477 4832 695 4896 innata,
739 4837 894 4885 tanta
920 4833 1180 4886 libertate
1207 4834 1442 4903 judicat,
1492 4840 1551 4886 ut
1581 4828 1790 4904 possit

149 4910 240 4948 non
285 4902 441 4955 modo
487 4904 731 4972 jungere
781 4902 1218 4970 consentaneas,
1279 4911 1334 4958 et
1393 4902 1788 4960 dissent‘aneas

149 4979 385 5038 separare,
438 4990 633 5028 verum
676 4975 848 5028 etiam
899 4992 1129 5037 omnem
1177 4976 1565 5032 assensionem
1622 4977 1786 5031 susti-

150 5049 274 5091 nere.

211 5110 454 5190 'itnimus
504 5133 609 5171 non
672 5120 923 5190 passione
972 5118 1313 5188 insignitmnl
1375 5119 1494 5173 Tali
1548 5119 1783 5184 scilicet,

154 5183 488 5260 qualieorpus
517 5204 642 5241 cum
669 5183 864 5242 animo
891 5183 1258 5260 conjunctum
1283 5183 1610 5259 insignitur,
1643 5183 1787 5244 vide-

155 5247 472 5331 ligetlﬁgu‘ra,
524 5261 734 5329 quiete,
768 5263 824 5312 et
853 5247 1035 5330 motii,
1064 5261 1272 5331 quibus
1315 5247 1536 5316 etiamsi
1581 5247 1787 5331 corpus

157 5318 406 5401 alliciatur,
440 5318 556 5383 non
581 5318 884 5401 propterea
916 5318 1374 5386 mens‘aflicitur.
1409 5332 1513 5387 Sed
1565 5333 1619 5385 id
1669 5318 1788 5386 non

155 5389 318 5471 obstat,
347 5389 475 5471 quin
525 5389 702 5455 mens.
734 5402 1034 5456 sentiendo
1087 5403 1309 5456 dicatur
1358 5405 1498 5471 pati,
1555 5409 1786 5457 auctore

157 5473 252 5528 Ipso
280 5467 587 5545 Aristotele;
623 5479 906 5545 quatenus
937 5474 1196 5529 videlicet
1223 5491 1329 5529 non
1361 5467 1492 5529 latet
1535 5481 1784 5542 mentem,

158 5545 310 5622 συζνξέδ
329 5546 472 5622 ρίτης
501 5543 845 5622 εἱςμιίόοορῖ-
952 5550 1197 5615 August.

213 5607 230 5634 ³
252 5607 469 5682 Sensus]
517 5608 688 5669 Aliter
714 5618 948 5686 quidem
976 5607 1301 5687 judicamus
1330 5619 1398 5673 de
1426 5635 1630 5685 sensu;
1680 5618 1784 5671 ali-

163 5675 418 5760 noster
440 5675 626 5760 auctor
657 5703 668 5741 :
705 5675 804 5742 sed
835 5675 1109 5754 hocjiiihil
1141 5690 1273 5743 facit
1300 5692 1369 5744 ad
1417 5675 1666 5760 presseris
1697 5691 1783 5743 in-

164 5748 404 5808 stitutum.
452 5757 629 5813 Primo
682 5760 837 5814 enim
877 5748 1042 5815 nobis
1077 5777 1273 5816 sensus
1313 5748 1535 5817 videtur
1577 5761 1784 5816 debere

1899 4422 1959 4458 in
1987 4406 2111 4458 aliis
2151 4406 2366 4471 bestiis,
2396 4422 2448 4456 v.
2478 4422 2531 4473 g.
2576 4404 2633 4457 in
2663 4405 2850 4474 vulpe,
2889 4419 2990 4456 cur
3027 4419 3144 4456 non
3175 4405 3234 4456 in
3263 4403 3347 4456 his
3411 4403 3586 4456 fuerit

1898 4479 2039 4530 ratio
2069 4477 2095 4531 ?
2127 4475 2591 4546 quandoquidem
2625 4476 2693 4529 ab
2726 4477 2812 4528 his
2842 4475 3090 4544 plurima
3120 4474 3286 4541 liunt,
3317 4474 3383 4528 ad
3401 4491 3528 4544 quae
3545 4475 3592 4526 si

1899 4545 2219 4601 necessaria
2265 4548 2441 4601 fuerit
2493 4549 2754 4617 quaidam
2788 4547 3062 4616 cognitio,
3109 4545 3283 4602 etiam
3324 4546 3419 4598 illa
3461 4562 3590 4615 quae

1896 4635 2082 4674 sensus
2124 4623 2356 4672 vocatur
2389 4624 2444 4671 et
2494 4618 2837 4686 imaginatio,
2879 4623 3028 4671 certe
3085 4620 3230 4671 ratio
3270 4617 3591 4670 necessaria

1897 4692 2023 4758 erit,
2066 4692 2174 4744 hoc
2205 4696 2286 4744 est
2318 4706 2651 4759 progressus
2706 4689 3100 4759 cognoscentis
3145 4705 3177 4740 a
3213 4689 3357 4742 notis
3404 4691 3473 4742 ad
3507 4690 3588 4758 ig-

1896 4767 2048 4816 nota.
2078 4762 2134 4816 Si
2168 4761 2415 4830 denique
2445 4766 2586 4814 ratio
2615 4761 2788 4814 fuerit
2819 4761 2874 4813 in
2889 4759 3141 4825 homine,
3168 4766 3231 4814 ut
3260 4777 3458 4815 revera
3481 4768 3581 4826 est,

1897 4850 1998 4887 cur
2030 4850 2141 4886 non
2180 4833 2380 4885 eodem
2429 4832 2600 4886 fuerit
2648 4834 3047 4897 intelligentia?
3105 4849 3236 4885 cum
3278 4834 3421 4885 ratio
3469 4849 3587 4886 non

1897 4906 1968 4959 sit
2011 4905 2131 4958 sine
2156 4904 2393 4973 judicio,
2433 4920 2538 4956 nec
2561 4903 2845 4971 judicium
2881 4904 3001 4956 sine
3032 4903 3414 4972 intelligentia.
3469 4903 3585 4958 Nisi

1897 4982 2090 5030 tamen
2115 4975 2408 5029 nominata
2439 4975 2816 5045 intelligentia
2841 4976 3208 5045 Philosophia
3237 4977 3480 5029 voluerit
3510 4977 3590 5028 in-

1895 5048 2077 5116 telligi
2105 5048 2392 5100 notionem
2429 5065 2459 5100 a
2491 5047 2647 5100 nullo
2682 5051 2968 5116 acceptam
3000 5053 3056 5099 et
3089 5047 3375 5100 inﬁnitam
3413 5065 3424 5101 :
3462 5049 3582 5100 hazc

1897 5120 2050 5172 enim
2075 5117 2454 5187 intelligentia
2482 5119 2655 5171 solius
2683 5118 2780 5170 Dei
2811 5124 2914 5171 est.
2949 5118 3138 5172 Tertio
3171 5120 3292 5172 Ιιερα
3325 5136 3389 5171 eo
3434 5119 3578 5172 libe-

1898 5190 2015 5244 rius
2045 5191 2388 5254 notavimus,
2424 5189 2573 5258 quod
2609 5189 2678 5242 ad
2703 5194 3041 5259 prmseutem
3073 5189 3454 5258 Philosophiae
3484 5190 3580 5243 de-

1899 5261 2374 5315 monstrationem
2420 5261 2561 5314 nihil
2609 5261 2852 5327 faciunt;
2901 5262 3015 5315 sive
3043 5262 3196 5314 enim
3240 5261 3436 5314 bestiae
3461 5276 3586 5329 pro-

1898 5333 2018 5404 prie
2050 5333 2298 5385 sentiant
2329 5333 2446 5384 sive
2490 5348 2637 5398 non;
2670 5334 2838 5386 modo
2871 5350 3018 5386 unus
3047 5334 3215 5385 homo
3247 5331 3473 5404 sentiat,
3525 5332 3581 5383 id

1899 5401 2030 5458 satis
2065 5405 2171 5456 erit
2191 5405 2258 5456 ad
2289 5405 2860 5457 animadvertendum
2881 5401 3581 5470 discrimenordinemque

1897 5476 2321 5546 prtediclorum.
2374 5476 2649 5529 Similiter
2700 5477 2959 5545 quamvis
2992 5477 3161 5528 homo
3201 5473 3585 5546 intelligentia

1897 5543 2198 5611 afﬁciatur,
2231 5547 2607 5616 intelligentia
2639 5543 3053 5604 tamcndivina.
3086 5552 3145 5597 ut
3176 5550 3307 5612 pote
3333 5543 3580 5616 inlinita,

1900 5619 2337 5691 intelligentiam
2372 5620 2684 5672 humanam
2717 5620 2793 5672 ita
2838 5625 3084 5691 superat,
3122 5623 3179 5669 ut
3204 5615 3585 5691 quiediutelli-

1901 5687 2111 5762 gentia
2149 5692 2401 5745 humana
2440 5691 2565 5761 capi
2597 5707 2709 5744 non
2755 5687 3008 5759 possunt,
3048 5689 3168 5742 haec
3201 5687 3584 5760 intelligentia

1899 5763 2092 5818 divina
2121 5768 2270 5820 recte
2300 5762 2882 5836 comprehendantur.

2001 5867 2022 5876 κ
