3982 6182
371 283 474 334 855

370 418 691 490 proprium,
724 418 819 472 sed
843 421 1181 472 caeterarum
1204 431 1433 488 quoque
1454 416 1790 472 notitiarum
1814 417 2071 490 subjecta

370 508 676 579 cognoscit.
722 506 914 562 311‘
946 506 1089 571 Quid
1133 507 1326 576 igitur,
1355 506 1401 560 si
1444 507 1870 562 ratiocinationi
1927 524 2061 563 sen-

371 615 464 652 sus
487 597 939 667 imaginatioque
971 607 991 632 η
1023 595 1402 665 refragantur,
1438 596 1582 650 nihil
1615 613 1735 652 esse
1767 598 1905 652 illud
1929 597 2060 652 uni-

371 687 588 740 versale
619 686 892 752 dicentes,
928 685 1080 756 quod
1115 701 1236 739 sese
1269 685 1479 739 intueri
1510 685 1656 740 ratio
1679 687 1882 756 putet?
1905 686 2062 758 quod

369 775 520 828 enim
555 774 842 840 sensibile,
874 774 959 827 vel
995 773 1480 844 imaginabileest,
1508 774 1564 829 id
1580 759 1908 830 universnm
1932 792 2053 830 esse

367 881 480 918 non
510 880 677 935 posse
712 880 724 918 :
760 869 856 918 aut
882 864 1058 935 igitur
1087 863 1324 917 rationis
1355 880 1553 919 verum
1586 881 1708 920 esse
1751 865 2060 936 judicium,

370 969 472 1006 nec
511 952 829 1024 quidquam
863 969 983 1006 esse
1010 952 1275 1006 sensibile
1312 969 1324 1006 :
1361 959 1458 1007 aut
1497 953 1573 1024 (ὅ)
1617 954 1891 1024 quoniam
1951 954 2060 1008 sibi

368 1046 567 1097 notum
592 1043 664 1095 sit
692 1041 857 1112 plura
898 1041 1178 1109 sensibus,
1202 1041 1276 1112 [et
1306 1041 1705 1112 imaginationi
1764 1059 1885 1098 esse
1919 1043 2060 1098 sub-

361 1131 530 1200 jecta,
564 1131 795 1184 inanem
827 1131 1262 1201 conceptionem
1289 1147 1409 1185 esse
1442 1132 1702 1200 rationis,
1744 1147 1874 1204 qua:
1905 1132 2060 1204 quod

368 1220 633 1274 sensibile
666 1221 756 1287 sit,
789 1237 848 1274 ac
884 1221 1171 1292 singulare
1215 1221 1376 1292 quasi
1407 1221 1680 1291 quiddam
1737 1222 2059 1276 universale

367 1309 704 1364 consideret.
740 1310 825 1364 Ad
877 1311 1020 1378 haec,
1054 1309 1096 1364 si
1150 1310 1294 1364 ratio
1345 1315 1544 1365 contra
1571 1312 1935 1382 respondeat,
2000 1327 2057 1365 se

367 1401 599 1472 quidem
633 1405 688 1454 et
718 1400 868 1472 quod
919 1400 1188 1455 sensibile
1217 1404 1272 1454 et
1301 1401 1452 1471 quod
1487 1400 1856 1469 imaginabile
1883 1401 1955 1454 sit
1999 1401 2058 1454 in

367 1489 750 1544 universitatis
782 1489 1002 1543 ratione
1034 1489 1391 1561 conspicere;
1425 1490 1523 1544 illa
1557 1505 1691 1543 vero
1723 1491 1794 1544 ad
1827 1489 2057 1544 univer-

366 1579 546 1633 sitatis
576 1579 962 1650 cognitionem
989 1578 1097 1650 (lO)
1133 1578 1385 1648 aspirare
1400 1593 1513 1632 non
1540 1593 1707 1648 posse
1742 1595 1753 1632 :
1780 1577 2058 1649 quoniam

367 1684 569 1722 eorum
609 1669 766 1722 notio
803 1667 1128 1738 corporales
1159 1667 1371 1737 ﬁguras
1397 1683 1513 1721 non
1536 1667 1718 1737 possit
1748 1667 2054 1722 excedere:

368 1757 437 1810 de
470 1773 659 1810 rerum
691 1771 825 1810 vero
859 1755 1196 1827 cognitione,
1227 1755 1464 1810 ﬁrmiori
1491 1757 1701 1826 potius,
1750 1757 2063 1828 perfectio-

366 1845 533 1916 rique
567 1845 786 1915 judicio
833 1861 952 1900 esse
983 1845 1355 1900 credendum.
1390 1847 1456 1899 In
1485 1846 1818 1916 hujusmodi
1875 1846 2060 1917 igitur

366 1934 484 2001 lite,
519 1951 640 2001 nos,
675 1935 883 2006 quibus
906 1939 1022 1989 tam
1055 1935 1454 2002 ratiocinandi,
1491 1951 1666 2006 quam
1698 1935 2057 2006 imaginandi

366 2024 560 2092 etiam,
612 2025 1005 2096 sentiendique
1038 2025 1120 2078 vis
1151 2025 1319 2091 inest,
1375 2041 1566 2078 nonne
1618 2031 1769 2080 3-15
1827 2024 2062 2079 rationis

366 2113 557 2184 potius
579 2129 806 2168 causam
821 2113 1234 2185 probaremus?
1267 2114 1463 2169 Simile
1495 2116 1598 2181 est,
1624 2115 1780 2184 quod
1809 2113 2063 2168 humana

367 2203 512 2257 ratio
545 2203 795 2258 divinam
827 2203 1267 2274 intelligentiam
1298 2204 1510 2270 futura,
1539 2203 1650 2258 nisi
1679 2209 1742 2258 ut
1771 2204 1896 2274 ipsa
1925 2219 2058 2274 cog-

367 2293 569 2362 noscit,
614 2309 731 2348 non
762 2297 925 2364 putat
967 2293 1198 2347 intueri.
1250 2294 1392 2347 Nam
1424 2293 1502 2348 ita
1532 2293 1784 2360 disseris,
1835 2293 1882 2346 si
1931 2309 2061 2364 quae

370 2386 550 2436 certos
571 2398 634 2436 ac
661 2382 1007 2436 necessarios
1050 2383 1261 2438 habere
1301 2399 1417 2438 non
1449 2383 1752 2437 videantur
1802 2387 2058 2448 eventus,

368 2487 432 2525 ea
455 2475 610 2524 certo
651 2478 926 2525 eventura
953 2472 1209 2542 prtesciri
1254 2475 1570 2544 nequeunt.
1623 2473 1834 2528 Harum
1889 2470 2065 2541 igitur

373 2561 450 2631 (Si)
477 2575 667 2614 rerum
700 2560 859 2614 nulla
890 2566 977 2615 est
1004 2561 1384 2632 prmscientia,
1405 2577 1577 2632 quam
1608 2561 1655 2614 si
1687 2559 1861 2614 etiam
1893 2560 1953 2613 in
1976 2559 2062 2613 his

373 2664 495 2704 ecse
555 2650 875 2719 credamus,
925 2650 1068 2705 nihil
1099 2650 1226 2718 erit,
1264 2651 1409 2721 quod
1447 2665 1564 2705 non
1615 2666 1681 2704 ex
1730 2648 2063 2704 necessitate

373 2739 693 2810 proveniat.
747 2740 804 2794 Si
835 2740 1033 2811 igitur,
1076 2739 1159 2794 uti
1192 2740 1430 2794 rationis
1481 2740 1786 2812 participes
1841 2755 2061 2804 sumus,

375 2829 454 2882 ita
509 2827 713 2883 divinae
751 2829 1032 2899 judicium
1080 2829 1288 2884 mentis
1317 2829 1529 2886 habere
1550 2845 1870 2900 possemus,
1923 2829 2066 2883 sicut

1725 281 1836 335 AN.
1878 280 2084 337 MANL.

2126 282 2269 338 SEV.
2313 283 2544 341 BOETII
3735 300 3818 350 8:36

2109 416 2659 490 Aimaginationem
2719 437 3065 492 sensumque
3118 423 3330 478 rationi
3374 425 3562 480 cedere
3595 436 3822 499 oportere

2164 509 2572 580 judicavimus,
2605 510 2683 564 sic
2715 510 2921 566 divinae
2944 527 3064 565 sese
3109 514 3289 567 menti
3334 514 3636 571 humanam
3690 537 3825 575 sum-

2175 599 2402 653 mittere
2464 600 2748 654 rationem
2848 600 3230 672 justissimum
3305 618 3679 661 censeremus.
3736 610 3827 680 (l0;

2173 689 2194 722 ³
2225 688 2411 752 Quare
2464 687 2525 742 in
2581 689 2737 743 illius
2763 706 3002 745 summa:
3033 691 3435 763 intelligentiae
3486 711 3756 767 cacumen,
3791 702 3826 754 si

2172 793 2503 848 possumus,
2535 778 2852 848 erigamur;
2889 780 3004 834 illic
3053 781 3207 835 enim
3253 783 3402 836 ratio
3431 783 3650 851 videbit,
3699 789 3827 856 quod

2175 869 2234 922 in
2269 885 2326 922 se
2359 885 2476 924 non
2509 875 2698 942 potest
2718 871 2948 925 intueri.
2974 872 3036 926 Id
3066 877 3257 927 autem
3283 878 3390 941 est,
3409 890 3651 945 quonam
3685 880 3826 933 modo

2171 957 2346 1012 etiam
2379 975 2506 1029 quae
2539 964 2720 1014 certos
2744 959 2926 1032 exitus
2954 976 3068 1015 non
3091 961 3324 1027 habent,
3365 968 3520 1016 certa
3549 967 3729 1018 tamen
3753 967 3830 1019 vi-

2171 1048 2322 1116 deat,
2359 1065 2422 1103 ac
2454 1049 2688 1103 deﬁnita
2729 1050 3040 1120 prmnotio;
3074 1067 3260 1121 neque
3293 1052 3352 1105 id
3398 1053 3468 1106 sit
3515 1053 3716 1123 opinio,
3747 1055 3824 1109 sed

2170 1153 2412 1193 summa:
2437 1139 2630 1210 potius
2675 1139 2923 1194 scientire
2969 1140 3140 1194 nullis
3171 1141 3436 1195 terminis
3466 1142 3673 1196 inclusa
3713 1144 3821 1198 sim-

2169 1227 2410 1300 plicitas.

2699 1342 2852 1391 346
2887 1337 3218 1392 METRUM'
3251 1339 3314 1391 V.

2166 1445 2546 1498 Aaeuunxrrn
2592 1459 2657 1496 nx
2709 1444 3149 1503 CICERONI-3,103
3208 1444 3468 1498 Lemnus.
3508 1474 3578 1486 —
3622 1449 3822 1512 Natu-ra,

2238 1518 2418 1582 inquit
2471 1515 2839 1584 Philosophia,
2908 1519 3124 1570 ceteras
3190 1521 3498 1570 animantes
3551 1519 3732 1585 algent
3766 1521 3823 1570 ad

2237 1591 2456 1656 pastum
2504 1588 2674 1642 solum
2725 1588 2989 1641 hominem
3043 1591 3233 1653 erexit,
3287 1589 3363 1642 ad
3420 1591 3635 1656 caelique
3695 1593 3826 1658 quasi

2237 1660 2595 1728 cog-nationis,
2645 1662 2695 1711 et
2751 1659 3013 1713 domicilii
3061 1662 3294 1730 pristini
3325 1667 3658 1730 conspectum
3712 1667 3826 1714 circi-

2101 1730 2144 1785 B
2246 1732 2402 1784 tavit.

2313 1837 2495 1900 Quam
2520 1835 2692 1891 variis
2717 1840 2896 1891 terras
2928 1837 3197 1892 animalia
3235 1843 3539 1908 permeant
3560 1838 3764 1909 ﬁguris!

2313 1928 2571 1998 Namque
2593 1926 2705 1981 alia
2736 1931 2963 1982 extento
2994 1932 3127 1982 sunt
3153 1944 3418 1998 corpore,
3453 1930 3823 1999 pulveremque

3513 2019 3765 2089 [verrunt,

2314 2106 2783 2177 Continuumque
2823 2106 3058 2160 trahunt
3086 2105 3139 2159 vi
3183 2106 3432 2176 pectoris
3477 2107 3702 2161 incitata
3741 2108 3828 2160 sul-

3619 2198 3769 2267 [cum.

2315 2287 2459 2342 Sunt
2487 2285 2695 2356 quibus
2721 2285 2940 2339 alarum
2976 2285 3172 2339 levitas
3191 2301 3334 2356 vaga
3364 2286 3724 2358 verberetque

3556 2378 3769 2447 [ventos,

2317 2471 2462 2520 3-17
2496 2465 2563 2518 Et
2611 2463 2828 2534 liquido
2868 2463 3022 2536 longi
3057 2465 3239 2536 spatia
3292 2465 3528 2520 aetheris
3554 2470 3730 2520 enatet
3755 2481 3827 2517 vo-

3623 2553 3770 2626 ﬂatu;

2316 2646 2447 2699 Haec
2477 2643 2747 2715 pressisse
2780 2643 2899 2697 solo
2932 2643 3167 2715 vestigia
3194 2645 3597 2716 gressibusque
3618 2644 3827 2715 gaudent

2315 2733 2412 2790 Vel
2442 2733 2648 2789 virides
2669 2749 2900 2804 campos
2927 2735 3343 2805 transmittere,
3395 2733 3482 2790 vel
3536 2734 3712 2789 subire
3741 2733 3823 2786 sil-

3654 2823 3766 2895 lvas.

1818 2951 2386 3010 INTERPRETATIO
2401 2992 2412 3004 .

441 3088 466 3114 ⁸
494 3080 885 3137 Adversentur.

445 3153 617 3217 Quam
639 3154 867 3206 diversis
911 3153 1103 3221 ﬁguris
1133 3151 1379 3220 praelitae
1410 3154 1711 3206 animantes
1739 3157 2071 3220 percurrunt

375 3227 550 3276 terras
585 3240 596 3276 :
623 3225 745 3277 alia:
776 3226 915 3276 enim
956 3225 1151 3277 habent
1183 3240 1378 3292 corpus
1409 3227 1646 3289 longum,
1696 3240 1814 3292 qua)
1842 3239 2068 3292 serpen-

372 3299 447 3346 tes
499 3299 700 3348 virtute
731 3294 813 3346 sui
843 3298 1077 3363 pectoris
1101 3302 1324 3349 rer-runt
1345 3297 1618 3364 ;ml-vere~m
1650 3301 1698 3348 et
1729 3296 1931 3348 ducunt
1959 3296 2070 3348 sul-

373 3380 491 3418 cum
516 3369 886 3419 continuatum
913 3383 932 3418 :
965 3367 1086 3421 alia?
1115 3373 1356 3421 errantes
1388 3369 1578 3436 pennis
1607 3367 1824 3437 ‘lcvibus
1870 3382 2064 3435 percu-

2175 3081 2318 3133 tiunt
2344 3081 2547 3142 ventos,
2576 3080 2625 3130 et
2661 3076 2814 3141 longo
2836 3075 3018 3130 rotatu
3040 3080 3325 3130 transeunt
3358 3074 3823 3145 magnainterralla

2180 3153 2321 3204 aeris
2346 3149 2549 3218 liquidi
2580 3163 2592 3201 :
2626 3149 2749 3201 alim
2777 3150 3011 3213 gestiunt
3045 3147 3261 3214 grediri
3282 3154 3627 3214 perte-rrum:
3658 3148 3823 3218 sireha‘

2171 3217 2428 3290 pass-ibus
2458 3225 2735 3273 transeant
2767 3234 2925 3286 agros
2956 3220 3188 3278 virides;
3237 3222 3353 3272 sive
3377 3220 3737 3290 ingrediantur
3752 3217 3822 3268 stl-

2178 3289 2295 3347 ras.
2356 3293 2481 3357 Qua
2513 3292 2852 3356 animantes,
2882 3292 3002 3343 licet
3049 3305 3245 3356 omnes,
3283 3296 3342 3342 ut
3375 3294 3567 3355 cernis,
3609 3289 3822 3356 differant

2175 3367 2320 3420 inter
2361 3379 2416 3418 se
2458 3363 2715 3433 pluribus
2740 3362 2934 3429 mod-is,
2982 3361 3040 3416 in
3091 3362 3200 3416 hoc
3249 3367 3444 3417 tamen
3499 3361 3819 3421 conveniunt,

1996 3498 2229 3558 NOTAE.

445 3617 462 3652 1
486 3614 629 3681 Quid
660 3619 830 3682 igitur
859 3617 910 3670 si
928 3617 1355 3681 ratiocinationi,
1392 3619 1496 3669 etc.
1532 3615 1800 3685 ]Accedit
1830 3615 2062 3671 tandem

373 3687 746 3759 Philosophia
803 3687 872 3742 ad
935 3702 1082 3759 eam,
1135 3693 1372 3756 prOpter
1405 3704 1576 3758 quam
1627 3689 1799 3759 longa
1829 3688 2062 3742 fuerunt

371 3758 675 3828 praeludia,
704 3758 1214 3829 comparationem,
1259 3774 1430 3829 quam
1467 3758 1827 3828 proportionis
1859 3764 2063 3814 vocant

373 3831 536 3900 quasi
569 3831 762 3882 dicat:
815 3836 876 3883 ut
937 3846 994 3882 se
1037 3830 1206 3883 habet
1249 3846 1446 3883 sensus
1503 3831 1739 3884 collatus
1781 3847 1909 3885 cum
1959 3848 2062 3885 sua

372 3901 625 3971 subjecta
669 3901 928 3960 _materia
960 3901 1031 3954 ad
1088 3901 1584 3969 imaginationem,
1632 3903 1894 3955 collatam
1931 3919 2060 3956 cum

373 3988 474 4025 sua
515 3973 753 4025 materia
795 3989 807 4025 :
847 3977 946 4026 aut
971 3977 1034 4025 ut
1065 3989 1122 4025 se
1149 3973 1320 4026 habet
1350 3973 1683 4041 imaginatio
1701 3975 1902 4027 collata
1931 3991 2061 4028 cum

373 4060 473 4096 sua
510 4044 752 4097 materia
792 4044 861 4097 ad
898 4045 1179 4097 rationem
1215 4045 1476 4098 collatam
1507 4061 1632 4097 cum
1659 4062 1757 4098 sua
1785 4050 2058 4099 materia:

372 4115 453 4168 ita
486 4131 544 4167 se
579 4115 748 4168 habet
794 4115 937 4168 ratio
998 4117 1198 4168 collata
1254 4132 1385 4170 cum
1433 4133 1533 4170 sua
1584 4117 1821 4170 materia
1872 4117 1936 4169 ad
1972 4117 2060 4169 in-

373 4185 750 4255 telligentiam
786 4187 1046 4240 collatam
1092 4203 1219 4240 cum
1263 4205 1364 4240 sua
1398 4187 1636 4240 materia
1683 4188 1874 4241 :sicut
1928 4204 2063 4258 ergo

373 4273 438 4311 ex
474 4258 863 4311 imbecillitate
887 4275 1083 4311 sensus
1114 4275 1228 4311 non
1263 4264 1346 4313 est
1380 4258 1646 4327 neganda
1702 4259 2060 4327 imaginatio,

371 4333 470 4381 aut
509 4345 573 4382 ex
609 4329 996 4382 imbecillitate
1055 4329 1482 4398 imaginationis
1511 4345 1624 4382 non
1675 4336 1761 4382 est
1802 4331 2064 4398 neganda

371 4399 749 4462 ratiocinatio,
797 4400 873 4452 sic
921 4416 985 4454 ex
1029 4400 1418 4454 imbecillitate
1463 4400 1918 4453 ratiocinationis
1966 4406 2064 4454 aut

371 4471 761 4539 intelligentize
787 4471 1053 4524 humana:
1085 4488 1196 4524 non
1231 4477 1313 4524 est
1345 4473 1606 4541 neganda
1638 4470 2061 4525 divinafuturo-

371 4558 498 4595 rum
531 4543 843 4595 liberorum
877 4542 1256 4612 intelligentia
1284 4543 1398 4595 sive
1423 4542 1723 4612 przrnotio.

445 4614 465 4647 ²
492 4614 668 4677 Quare
687 4618 742 4667 in
775 4616 924 4668 illius
946 4630 1164 4667 summa?
1205 4615 1576 4681 intelligentiae
1605 4629 1879 4679 cacumen,
1931 4614 2059 4683 etc.]

370 4685 699 4738 Studeamus
756 4686 1003 4738 accedere
1051 4686 1123 4737 ad
1163 4687 1578 4752 intelligentiam
1610 4687 1852 4738 divinam
1888 4701 1900 4738 :
1934 4702 2063 4738 cum

371 4753 524 4807 enim
558 4755 663 4808 hac
694 4755 1071 4824 intelligentia
1105 4756 1296 4809 divina
1322 4759 1567 4826 perfecte
1617 4756 2064 4826 comprehenda-

367 4830 462 4898 tur
492 4827 764 4894 przedicta
795 4827 1001 4880 divina:
1025 4827 1797 4898 providentiaehumanaeque
1829 4829 2062 4881 liberta-

367 4896 438 4948 tis
472 4898 1023 4969 concordia,quanto
1046 4899 1282 4969 propius
1307 4901 1376 4953 ad
1417 4901 1670 4953 divinum
1690 4896 2064 4968 intelligendo

367 4968 607 5020 modum
638 4971 991 5034 accedemus,
1026 4968 1182 5024 tanto
1216 4972 1396 5039 magis
1422 4972 1540 5024 haec
1563 4970 1864 5024 concordia
1903 4971 2066 5024 nobis

366 5040 716 5112 innotescet:
753 5042 843 5093 sed
875 5042 940 5094 ad
965 5043 1144 5095 Deum
1176 5044 1442 5095 accedere
1471 5059 1584 5096 non
1625 5058 1928 5112 possumus
1959 5042 2066 5096 nisi

365 5111 628 5184 diligenti
654 5112 721 5164 ad
753 5112 940 5181 ipsum
978 5115 1152 5166 Deum
1202 5115 1348 5167 facta
1377 5111 1695 5168 attentione
1731 5130 1743 5167 :
1809 5113 1875 5166 ad
1910 5115 2062 5184 quod

365 5183 486 5253 ipsa
501 5183 682 5256 etiam
713 5185 892 5238 nostri
921 5185 1174 5256 corporis
1206 5185 1391 5256 ﬁgura
1412 5202 1510 5239 nos
1542 5186 1768 5239 videtur
1796 5183 2014 5239 hortari
2046 5201 2058 5239 :

363 5255 670 5324 siquidem.
973 5259 978 5264 ’

436 5329 452 5347 ’
476 5327 637 5390 Quod
685 5331 916 5380 vocatur
951 5327 1375 5382 Archilochium.
1408 5329 1646 5382 Carmen
1689 5333 1949 5382 constans
1995 5343 2060 5381 ex

361 5411 476 5469 uno
509 5414 719 5467 genere
757 5414 1046 5465 versuum,
1116 5413 1362 5469 quorum
1413 5398 1652 5467 quilibet
1706 5400 2061 5469 heptameter

360 5467 548 5532 habet,
586 5471 836 5538 primum
863 5476 1106 5538 quatuor
1135 5467 1590 5538 ’primos‘versus
1621 5467 1835 5525 heroici
1885 5470 2058 5539 pedes

363 5539 568 5592 deinde
593 5545 708 5592 tres
735 5541 1038 5593 trochaeos.

440 5613 481 5662 l.
509 5611 680 5675 Quam
719 5614 912 5678 variis,
947 5608 1074 5682 etc.]
1114 5610 1411 5664 Hominem
1445 5612 1631 5665 solum
1693 5620 1896 5678 erecto,
1946 5629 2055 5667 cm-

360 5684 482 5735 tera
533 5697 666 5736 vero
715 5682 988 5736 animalia
1044 5699 1226 5752 prono
1259 5684 1419 5737 vultu
1479 5682 1740 5739 incedere
1785 5686 2056 5740 dixerunt

2101 3617 2141 3673 C
2172 3613 2408 3686 plurimi
2434 3618 2549 3668 tam
2573 3617 2829 3668 oratores
2856 3629 3028 3684 quam
3042 3616 3222 3686 poetae
3253 3627 3266 3667 :
3300 3612 3566 3668 audivisti
3593 3611 3816 3676 Tullium,

2173 3685 2307 3742 audi
2341 3686 2601 3741 Ovidium
2637 3687 2672 3739 l.
2709 3703 2722 3738 ι
2756 3686 3003 3750 Metam.,
3037 3685 3148 3738 fab.
3175 3688 3226 3738 ‘2.

2298 3768 2574 3828 Pronaque
2605 3779 2723 3814 cum
2755 3769 2990 3828 spectent
3019 3765 3271 3813 animalia
3295 3769 3486 3813 caetera
3519 3769 3711 3823 terram,

2299 3830 2367 3877 Os
2393 3829 2594 3876 homini
2625 3829 2851 3876 sublime
2878 3829 3022 3876 dedit
3052 3829 3352 3890 cmlumque
3379 3829 3554 3877 videre

2299 3891 2463 3940 Jussit
2490 3896 2543 3939 et
2572 3896 2772 3940 erectos
2799 3891 2863 3938 ad
2886 3891 3058 3939 sidera
3084 3891 3265 3939 tollere
3294 3890 3495 3939 vultus.

2175 3973 2277 4028 I-lic
2307 3977 2499 4026 tamen
2531 3971 2998 4041 distinguendum
3033 3971 3256 4025 videtur
3280 3972 3435 4024 inter
3466 3972 3627 4024 situm
3659 3983 3816 4036 corpo-

2172 4045 2271 4112 ris,
2304 4044 2592 4113 situmque
2614 4044 2804 4096 vultus
2838 4049 2954 4096 tam
2996 4043 3268 4109 hominis,
3304 4060 3480 4113 quam
3533 4049 3815 4113 ueteranum

2173 4112 2515 4170 animalium
2552 4131 2563 4167 :
2603 4131 2734 4167 nam
2757 4119 2977 4167 erectus
3026 4115 3219 4180 homo,
3254 4112 3460 4168 caétera
3492 4130 3612 4166 vero
3640 4112 3816 4165 anima-

2171 4187 2248 4240 lia
2276 4203 2460 4256 prona
2495 4190 2625 4238 sunt
2653 4202 2892 4255 corpore
2921 4203 2932 4238 :
2959 4186 3148 4238 vultus
3183 4192 3377 4239 autem
3410 4186 3655 4255 adeoque
3686 4196 3809 4256 aspe-

2176 4251 2299 4311 ctus
2330 4263 2443 4309 tam
2477 4251 3304 4327 hominisfquamcreterorum
3327 4251 3654 4310 animalium
3687 4271 3696 4305 :
3723 4251 3817 4319 (sal-

2175 4335 2287 4382 tem
2317 4329 2363 4381 si
2413 4328 2727 4397 excipiatur
2773 4329 2942 4397 piscis
2996 4330 3110 4394 ille,
3146 4331 3242 4399 qui
3293 4328 3657 4402 οὐρανοσκοπῠς
3686 4338 3812 4402 voca-

2173 4399 2450 4469 tur,quod
2496 4401 2688 4452 oculos
2737 4399 2794 4452 in
2828 4417 3074 4469 superna
3105 4398 3363 4470 corporis
3408 4408 3565 4469 parte
3618 4398 3813 4470 habens,

2173 4463 2377 4524 cualuin
2431 4471 2602 4523 veluti
2635 4471 2847 4525 invitus
2883 4463 3115 4540 spectet)
3150 4463 3262 4524 non
3296 4463 3572 4535 sublimis,
3629 4467 3712 4520 sed
3759 4463 3812 4515 ad

2172 4542 2532 4596 horizontem
2566 4543 2710 4612 plus,
2755 4542 2945 4594 minus
2989 4549 3071 4595 est
3102 4542 3351 4595 directus
3386 4559 3397 4594 :
3435 4542 3595 4612 unde
3633 4540 3813 4612 diversa

2173 4615 2233 4667 in
2267 4615 2532 4667 omnibus
2567 4605 2913 4666 animalibus
2954 4618 3036 4666 est
3063 4613 3280 4666 cerebri
3311 4611 3634 4666 constitutio
3660 4627 3670 4662 :
3693 4605 3812 4678 quod

2173 4685 2479 4738 discrimen
2530 4684 2752 4738 videtur
2782 4685 2873 4737 hic
2929 4684 3212 4737 observari
3247 4701 3399 4737 :non
3446 4684 3592 4736 enim
3647 4681 3814 4733 dicitur

2172 4755 2380 4810 bestias
2416 4756 2952 4822 terram,hominem
2987 4772 3118 4809 vero
3149 4757 3354 4808 cmlum
3387 4754 3658 4808 conversis
3681 4751 3812 4827 deor-

2175 4844 2298 4880 sum
2335 4843 2629 4880 sursumxe
2661 4827 2837 4878 oculis
2869 4827 3058 4880 videre
3095 4842 3105 4880 :
3141 4828 3234 4880 sed
3263 4833 3484 4880 tantum
3514 4830 3698 4878 caetera
3719 4835 3811 4872 am-

2106 4914 2148 4967 ι)
2179 4899 2350 4951 malia
2401 4914 2605 4967 prono,
2661 4897 2954 4950 hominem
3015 4915 3147 4951 vero
3180 4904 3333 4950 recto
3377 4905 3521 4951 stare
3568 4905 3809 4963 corpore:

2177 4970 2332 5040 quod
2367 4969 2594 5033 sufﬁcit,
2631 4975 2691 5023 ut
2723 4986 2882 5022 mens
2904 4971 3154 5022 humana
3188 4970 3458 5038 peculiari
3490 4969 3573 5040 sui
3600 4977 3810 5034 corporis

2175 5039 2359 5108 ﬁgura
2391 5040 2664 5095 excitetur
2686 5041 2753 5094 ad
2781 5041 3147 5109 Cogitandnm
3191 5042 3389 5094 Deum.
3440 5039 3624 5092 Bestiae
3655 5041 3811 5088 autem

2174 5128 2298 5182 quae
2330 5112 2424 5186 hic
2479 5119 2877 5186 numerantur,
2932 5119 3061 5166 sunt
3105 5116 3120 5164 l
3160 5118 3469 5182 serpentes,
3512 5115 3538 5162 2
3577 5109 3806 5186 volucres

2172 5178 2208 5237 3
2236 5183 2487 5252 pedites;
2561 5200 2690 5254 quin
2743 5184 2828 5235 vel
2875 5199 3102 5253 campos
3150 5178 3512 5253 percurrunt,
3542 5180 3643 5254 _vel
3674 5178 3809 5254 silvas

2170 5251 2622 5321 ingrediuntur:
2674 5255 2742 5308 de
2775 5255 2982 5325 quibus
3006 5251 3174 5308 _nihil
3207 5255 3450 5308 occurrit
3491 5251 3808 5305 adnotatione

2171 5326 2431 5396 dignum.

2323 5397 2555 5466 Liquido
2590 5396 2742 5462 longi
2776 5398 2992 5451 aetheris
3040 5395 3274 5468 colam]
3329 5394 3599 5470 Confusio‘
3638 5387 3806 5470 τριζῢο-

2168 5485 2316 5542 rum,
2355 5461 2483 5542 quin
2517 5461 2902 5542 grammaticis
2932 5474 3166 5542 vocatur
3201 5461 3490 5542 hgiperbate
3519 5484 3536 5542 ,ί
3562 5461 3802 5542 siquidem

2169 5533 2347 5594 rather
2373 5533 2634 5610 liquidus
2693 5548 2746 5592 et
2789 5542 3008 5594 volatus
3056 5533 3408 5608 1οηςιιέἀίοἱ
3454 5533 3682 5610 deberet.
3722 5533 3802 5610 δίο

2169 5611 2397 5682 Virgil,:
2430 5607 2590 5666 Ibant
2620 5612 2832 5665 obscuri
2863 5614 2975 5666 sola
2997 5613 3094 5665 sub
3116 5607 3295 5665 nocte:
3330 5613 3634 5666 Scelerata”:
3661 5607 3800 5656 intor-

2168 5689 2298 5738 serit
2324 5685 2536 5738 hastam
2571 5699 2586 5735 :
2619 5687 2760 5736 Dare
2789 5685 3051 5738 classibus
3084 5690 3315 5739 austros.
