3982 6182
58 323 60 326 ·
139 308 222 359 857

259 433 390 496 Qum
425 430 590 484 variis
617 431 810 486 videas
834 431 965 486 licet
989 431 1183 486 omnia
1212 432 1534 503 discrepare
1565 433 1783 502 formis,
1826 440 1870 493 A

257 524 438 576 Prona
465 524 657 574 tamen
687 521 858 574 facies
885 521 1120 575 hebetes
1148 522 1300 576 valet
1330 522 1630 593 ingravare
1671 540 1803 578 sen-

1575 612 1591 685 [
1617 629 1729 667 sus.

260 701 430 755 Unica
475 716 615 770 gens
662 699 966 754 hominum
997 701 1212 756 celsum
1260 701 1408 756 levat
1445 702 1612 757 altius
1640 719 1798 758 cacu-

1543 793 1557 864 [
1580 809 1732 855 men,

251 883 438 951 Atque
487 880 623 934 levis
669 886 823 935 recto
853 885 963 935 stat
995 896 1256 952 corpore,
1298 881 1655 954 despicitque
1687 888 1805 937 ter-

1572 971 1590 1044 [
1621 989 1730 1027 ras.

249 1063 397 1127 Hcec,
456 1061 565 1115 nisi
617 1066 874 1116 terrenus
928 1062 1077 1118 male
1127 1063 1360 1135 desipis,
1412 1065 1686 1120 admonet
1735 1065 1801 1120 ti-

1513 1155 1537 1228 [
1561 1171 1727 1226 sura,

251 1240 356 1305 Qui
383 1245 538 1294 recto
571 1241 780 1296 cmlum
811 1243 972 1296 vultu
1003 1243 1169 1312 petis,
1205 1243 1502 1316 exerisque
1531 1245 1800 1313 frontem,

249 1330 308 1381 In
361 1328 605 1382 sublime
654 1329 800 1382 feras
845 1329 1100 1384 animum
1150 1347 1401 1402 quoque,
1456 1349 1526 1386 ne
1571 1338 1803 1403 gravata

1449 1423 1464 1491 [
1496 1439 1729 1492 pessum

249 1506 490 1561 Inferior
520 1508 666 1562 sidat
691 1525 847 1562 mens
876 1525 1111 1578 corpore
1134 1510 1337 1564 celsius
1364 1512 1568 1566 levato.

682 1604 831 1653 348
867 1600 1095 1654 PROSA
1126 1601 1212 1652 Vl.

126 1691 498 1740 Ascruexruu.
532 1716 602 1726 —
641 1689 985 1757 Philosophia
1023 1689 1237 1742 tandem
1272 1689 1560 1755 concludit,
1611 1692 1800 1758 cogni-

183 1761 359 1821 tionem
386 1759 640 1814 divinum
666 1762 843 1814 instar
877 1760 978 1815 Dei
1007 1766 1368 1829 cognoscentis
1398 1767 1674 1830 aeternam,
1719 1767 1800 1817 ita

136 705 187 756 l0

134 1510 180 1559 lii

1193 301 1281 354 DE
1319 300 1845 358 CONSOLATIONE
1884 305 2370 360 PHILOSOPHle
2409 303 2548 360 LIB.
2591 304 2653 357 V.

1840 1737 1878 1789 Β

3508 311 3615 364 858

1971 451 2080 489 esse
2110 441 2276 490 totam
2305 438 2486 501 simul,
2515 441 2574 489 ut
2605 439 2747 490 sicut
2787 437 2932 508 notio
2957 438 3325 505 praisentium,
3351 440 3429 493 sic
3470 455 3612 508 pm-

1984 510 2128 561 notio
2177 508 2366 561 divina
2395 509 2710 574 futurorum
2760 507 3050 564 liberorum
3088 508 3330 563 libertati
3360 507 3608 566 humanm

1985 595 2090 632 non
2120 585 2323 634 noceat.

1986 686 2267 750 Quoniam
2314 685 2507 756 igitur,
2550 685 2631 738 uti
2677 686 2850 756 paulo
2903 690 3031 740 ante
3075 690 3461 742 monstratum
3504 693 3607 757 est,

1915 792 2086 831 omne
2109 776 2264 844 quod
2298 776 2493 842 scitur,
2528 791 2646 828 non
2669 791 2733 830 ex
2753 792 2875 844 sua,
2905 776 3000 830 sed
3023 792 3087 830 ex
3117 776 3609 848 comprehenden-

1915 866 2058 920 tium
2079 870 2276 919 natura
2299 866 2679 936 cognoscitur,
2709 865 3037 920 intueamur
3053 882 3204 920 nunc
3227 871 3504 936 quantum
3526 867 3609 921 fas

1915 961 1999 1009 est
2025 967 2066 1021 ει,
2100 956 2228 1025 quis
2255 956 2327 1008 sit
2357 955 2565 1010 divinae
2603 955 2935 1009 substantia:
2983 959 3178 1018 status,
3233 961 3294 1010 ut.
3341 972 3610 1028 quaenam

1915 1045 2085 1099 etiam
2118 1045 2354 1099 scientia
2385 1045 2507 1114 ejus
2549 1045 2640 1111 sit,
2677 1045 2965 1115 possimus
3006 1061 3335 1116 agnoscere.
3374 1048 3390 1083 ι
3424 1047 3607 1101 Deum

1915 1135 1988 1206 (ὅ)
2021 1134 2198 1206 igitur
2228 1140 2507 1188 aeternum
2543 1151 2684 1202 esse,
2722 1139 3056 1189 cunctorum
3093 1135 3311 1190 ratione
3343 1137 3368 1178 ι)
3394 1135 3607 1206 degen-

1913 1226 2057 1279 tium
2089 1241 2392 1278 commune
2434 1224 2714 1294 judicium
2747 1229 2850 1278 est.
2897 1224 3043 1288 Quid
3072 1224 3144 1278 sit
3171 1225 3349 1295 igitur
3379 1226 3606 1280 interni-

1911 1319 2017 1377 tas,
2050 1315 2530 1369 consideremus.c
2559 1317 2686 1368 llaec
2716 1315 3160 1368 enim'naturam
3191 1314 3358 1368 nobis
3385 1315 3606 1384 pariter

1914 1405 2184 1471 divinam,
2210 1404 2621 1475 scientiamque
2653 1404 3001 1474 patefecerit.
3039 1406 3058 1439 ²
3088 1404 3398 1460 ίΕὶθτηὶιειε
3429 1405 3607 1475 igitur

1914 1499 2018 1559 est,
2049 1496 2073 1536 ἀ
2103 1495 2542 1548 interminabilis
2575 1495 2701 1548 vitae
2733 1500 2851 1549 tota
2882 1493 3054 1548 simul
3101 1499 3156 1548 et
3189 1494 3438 1565 perfecta
3475 1511 3604 1564 pos~

1913 1585 2108 1638 sessio.
2136 1584 2304 1648 Quod
2336 1601 2401 1637 ex
2424 1592 2444 1618 °
2475 1584 2780 1638 collatione
2814 1583 3217 1652 temporalium
3253 1583 3460 1636 clarius
3489 1581 3506 1616 ί
3535 1583 3603 1636 li-

1915 1679 2068 1745 quet.
2107 1675 2248 1727 Nam
2283 1673 2711 1744 quidquidvivit
2743 1672 2929 1742 in(l0)
2962 1679 3240 1742 tempore,
3266 1671 3321 1725 id
3353 1688 3606 1742 prmsens

1910 1779 1940 1816 a
1970 1763 2276 1833 praeteritis
2308 1763 2368 1816 in
2398 1763 2591 1817 futura
2621 1762 2877 1833 procedit
2911 1778 2924 1815 :
2958 1761 3217 1833 nihilque
3249 1765 3335 1815 est
3372 1761 3432 1814 in
3459 1764 3603 1815 tem-

1572 1921 2152 1978 INTERPRETATIO.

129 2044 255 2114 quod
281 2046 450 2110 facies
505 2045 756 2110 illarum,
787 2045 1057 2099 inclinata
1107 2045 1176 2099 ad
1230 2048 1464 2109 terram,
1516 2045 1792 2115 deprimat

129 2117 426 2170 earumdem
481 2131 668 2170 sensus
705 2117 935 2170 obtusas.
972 2118 1098 2172 Sola
1145 2132 1274 2182 gens
1315 2118 1590 2171 hominum
1630 2121 1792 2185 erigit

129 2189 264 2241 altius
285 2193 443 2256 caput
478 2205 644 2241 suum
669 2189 910 2253 sublime,
947 2190 1185 2257 levisque
1211 2193 1320 2242 stat
1355 2204 1572 2256 corpore
1601 2195 1791 2253 erecto,

130 2263 452 2312 rteontemnit
501 2265 692 2313 terras.
730 2262 850 2313 Ilaec
886 2263 1065 2328 ﬁgura
1099 2265 1148 2312 te
1175 2265 1368 2318 monet,
1410 2265 1517 2312 nisi
1570 2260 1792 2314 obrutus

130 2337 248 2382 terra
274 2333 431 2383 stulte
464 2331 694 2395 deliras,
725 2337 783 2383 ut
814 2334 910 2398 qui
939 2331 1114 2384 tendis
1141 2331 1214 2383 ad
1231 2332 1418 2384 coelum
1449 2333 1602 2385 vultu
1627 2338 1790 2397 recto,

131 2406 165 2453 et
191 2403 336 2469 erigis
365 2406 626 2468 frontem,
656 2409 712 2455 tu
740 2404 968 2456 emtollas
997 2406 1158 2456 etiam
1191 2407 1416 2456 mentem
1447 2407 1604 2456 tuam
1637 2406 1691 2457 in
1710 2405 1790 2458 al-

132 2477 238 2532 tum,
281 2489 339 2525 ne
384 2489 543 2526 mens
589 2489 847 2542 oppressa
885 2473 1070 2544 jaceat
1114 2474 1362 2529 deorsum
1413 2477 1643 2541 inferior
1678 2478 1793 2544 ipso

130 2558 312 2612 corpore
338 2546 511 2598 altius
543 2550 733 2598 erecto.

1973 2058 1997 2082 τι
2019 2046 2398 2116 Philosopliis.

1975 2122 1999 2162 Ι)
2036 2120 2364 2172 Viventium.

1975 2201 1997 2230 ο
2027 2193 2347 2243 ίΕίενηὶίαιθ
2383 2191 2619 2257 cognita,
2652 2189 2843 2242 diei-na
2871 2205 2990 2244 cum
3025 2192 3247 2258 natura,
3296 2191 3407 2242 tum
3438 2190 3603 2243 etiam

1902 2263 2131 2316 scientia
2162 2267 2512 2328 cognoscatur
2530 2277 2734 2316 necesse
2757 2265 2852 2316 est.

1974 2333 2002 2375 ά
2030 2335 2280 2400 Inﬁnita).

1976 2412 1996 2437 °
2029 2405 2460 2472 Campo-ratione.

1977 2475 1997 2516 ί
2017 2477 2202 2529 Patet.

1729 2672 1926 2728 ΝΟΤιιΕ
1936 2714 1947 2724 .

187 2797 229 2848 9.
262 2797 423 2849 Prona
449 2796 628 2860 facies
661 2795 864 2849 hebetes
894 2796 1036 2850 valet
1062 2798 1358 2862 ingrarare
1390 2793 1623 2866 sensus.]
1653 2795 1798 2850 Sen-

133 2882 206 2937 sus
232 2868 370 2920 enim
402 2883 525 2920 non
556 2867 750 2936 vigent
791 2866 901 2937 nisi
933 2867 1227 2936 spiritibus
1259 2884 1289 2920 a
1320 2867 1490 2920 corde
1539 2869 1606 2920 ad
1639 2884 1792 2921 cere-

1908 2796 2307 2864 designandam
2350 2811 2474 2863 ergo
2526 2796 3026 2851 immutabititatem
3074 2797 3124 2848 et
3179 2792 3600 2862 indeﬁcientiam

1905 2872 2228 2923 aeternitatis
2270 2869 2495 2922 Boetius
2528 2883 2656 2922 usus
2681 2874 2757 2922 est
2779 2870 2992 2921 nomine
3014 2867 3384 2935 possessionis.

134 2936 288 3004 lii-um,
320 2944 370 3011 et
397 2955 434 3011 a
473 2940 712 3011 cerebro
745 2954 847 3008 per
895 2954 1094 3011 nervos
1128 2939 1196 2992 ad
1244 2939 1510 3011 reliquas
1542 2939 1797 3008 corporis
1837 2956 1876 3011 ς,
1981 2940 2195 2994 Dicitur
2215 2942 2273 2990 2°
2305 2942 2431 2994 vita
2457 2957 2475 2993 :
2503 2945 2565 2992 ut
2598 2941 2750 3011 enim
2782 2939 3073 3011 asternitas
3104 2937 3338 3011 quidam
3366 2939 3450 2988 est
3471 2949 3595 3011 mo-

135 3015 290 3076 partcs
335 3009 564 3063 diffusis
598 3025 608 3062 :
640 3011 699 3062 hi
749 3015 939 3062 autem
993 3010 1229 3079 spiritus
1262 3011 1452 3062 minus
1503 3010 1681 3063 libere
1733 3011 1792 3063 in

137 3096 365 3148 pronum,
400 3097 582 3152 quam
606 3081 664 3133 in
697 3085 949 3134 erectum
982 3087 1153 3152 caput
1181 3098 1209 3134 a
1237 3081 1404 3134 corde
1429 3082 1717 3134 diffluunt.

197 3173 262 3221 l2.
295 3171 564 3225 Admonet
584 3171 810 3241 ﬁgura]
839 3171 895 3225 Si
927 3185 1167 3241 corpora
1201 3170 1520 3239 generatim
1552 3175 1793 3240 possunt

137 3257 232 3292 esse
263 3244 523 3311 quaedam
558 3244 837 3295 mentium
885 3243 1162 3309 exempla,
1204 3248 1264 3294 ut
1296 3247 1445 3295 certe
1478 3248 1629 3307 sunt,
1664 3258 1793 3294 cor—

136 3328 218 3379 pus
244 3314 553 3366 humanum
584 3316 932 3383 prmeipuum
971 3314 1259 3384 quoddam
1293 3330 1412 3366 esse
1444 3313 1610 3367 debet
1641 3329 1795 3366 nien-

137 3384 189 3454 tis
228 3387 497 3439 consortis
558 3387 907 3454 exemplum,
938 3394 1000 3439 ut
1053 3385 1538 3454 quemadmodum
1588 3401 1793 3454 corpus

136 3453 430 3523 humanum,
463 3457 641 3509 veluti
673 3453 908 3510 servatis
944 3453 1244 3526 corporum
1292 3457 1501 3509 levium
1549 3453 1790 3524 legibus,

137 3526 186 3578 ad
213 3529 401 3581 cerium
459 3535 618 3581 recta
652 3528 855 3593 tendit,
903 3529 980 3581 ita
1008 3545 1168 3580 mens
1213 3528 1466 3580 humana
1498 3528 1567 3580 ad
1610 3529 1790 3581 Deum

137 3600 400 3666 cogitando
423 3601 642 3669 aspiret
675 3615 684 3652 :
721 3599 818 3652 sed
847 3599 1061 3652 estalia
1091 3598 1234 3652 ratio
1268 3614 1282 3652 :
1317 3599 1592 3652 nimirum

195 3689 259 3738 li.
297 3691 369 3742 Ne
407 3694 648 3756 gravata
689 3704 922 3756 pessum,
956 3687 1091 3759 ete.]
1128 3689 1205 3741 Ne
1241 3704 1401 3741 mens
1431 3689 1685 3741 humana
1714 3687 1793 3741 vi-

135 3762 201 3809 cta
233 3760 757 3827 perturbationibus
788 3763 930 3828 ejus,
967 3762 1128 3828 cujus
1174 3760 1407 3813 domina
1438 3776 1559 3812 esse
1604 3760 1790 3826 debet,

110 3833 349 3898 -corporis
376 3833 476 3885 tiat
499 3832 874 3901 mancipium.
897 3833 1035 3884 Nam
1055 3831 1120 3884 ad
1139 3830 1382 3900 Philipp.
1410 3848 1464 3884 ιιι
1499 3847 1510 3884 :
1535 3832 1712 3899 gloria
1736 3833 1794 3884 in

134 3905 408 3964 con/usione
433 3907 702 3972 ipsorum,
729 3905 825 3970 qui
855 3909 1067 3956 terrena
1088 3905 1332 3971 sapiunt.

189 3990 200 4022 ¹
228 3993 374 4044 Deum
419 3997 681 4055 retentum
714 4008 823 4045 esse
855 4007 1127 4045 com-mune
1149 3991 1424 4058 judicium
1478 3991 1600 4059 est]
1654 3991 1792 4044 Nam

132 4062 380 4132 alti-ruitas
419 4065 573 4116 clare
607 4067 660 4117 et
694 4064 958 4116 distincte
991 4063 1403 4132 comprehensa
1433 4061 1797 4131 cognoscitur

131 4128 175 4180 in
204 4133 335 4204 clara
357 4135 740 4204 distinctaque
775 4135 871 4187 Dei
904 4128 1154 4200 notione,
1187 4150 1360 4204 quam
1390 4128 1588 4185 omnes
1620 4132 1798 4185 homi-

131 4216 210 4252 nes
237 4203 500 4258 divinitus
533 4203 762 4258 insitam
798 4207 1012 4258 habent
1046 4223 1056 4258 :
1097 4203 1220 4259 non
1247 4221 1407 4257 secus
1453 4221 1516 4256 ac
1547 4209 1660 4257 tres
1693 4221 1792 4257 an-

133 4273 228 4338 guli
272 4282 689 4344 cognoscuntur
720 4277 1124 4346 comprehendi
1170 4278 1228 4330 in
1283 4275 1409 4328 idea
1459 4275 1774 4341 trianguli:
1821 4279 1864 4333 D

132 4358 274 4410 quare
303 4348 440 4401 sicut
464 4349 1235 4418 omnesliominesjudicent,
1271 4348 1623 4415 triangulum
1656 4363 1787 4399 con-

133 4422 250 4536 ειῗιε
289 4420 461 4472 tribus
495 4420 719 4490 angulis
755 4437 766 4472 :
809 4420 886 4473 sic
920 4436 1120 4474 omnes
1144 4420 1424 4490 judicant,
1457 4419 1633 4472 Deum
1667 4435 1786 4470 esse

133 4500 168 4536 δῖ
192 4503 391 4536 ernum-

133 4500 391 4543 azternum.

188 4576 497 4634 ’Eternitas
524 4585 602 4633 est
627 4581 1047 4633 interminabilis
1080 4583 1203 4634 vitae
1239 4583 1348 4632 tota
1385 4579 1552 4631 simul
1574 4583 1622 4629 et
1653 4594 1786 4647 per-

133 4645 243 4722 fecta
268 4650 561 4722 possessio]
613 4653 738 4705 llzrc
771 4652 1107 4704 internitatis
1138 4651 1396 4704 delinitio
1425 4666 1457 4701 a
1487 4651 1540 4722 S.
1569 4645 1785 4702 Tlioma

134 4721 397 4793 etcaateris
440 4721 745 4792 Theologis
774 4723 1100 4777 admittitur
1134 4739 1146 4776 :
1187 4737 1364 4792 quare
1395 4721 1784 4790 particulatim

131 4787 316 4861 videtur
342 4787 697 4861 exponenda.

188 4860 377 4936 Dicitur
414 4860 463 4916 1ο
510 4868 827 4934 possessio:
884 4865 1019 4935 quia
1079 4865 1371 4918 mternitas
1421 4868 1505 4918 est
1550 4863 1786 4936 prOpria

138 4927 210 5006 Dei
231 4927 808 4993 perl'cctio.'Nimirum
831 4927 1094 5003 possessio
1118 4954 1146 4988 a
1177 4937 1513 5006 corporibus
1538 4927 1601 4987 ad
1625 4927 1780 4988 nien-

137 5001 198 5050 tes
223 5007 545 5059 transfertur
567 5024 577 5059 :
603 5001 866 5074 possessio
900 5013 1091 5060 autem
1110 5001 1415 5077 corporum
1449 5009 1504 5060 in
1539 5006 1641 5059 hoc
1667 5021 1786 5060 ver-

135 5077 278 5147 satur,
310 5080 454 5145 quod
487 5079 716 5131 illorum
743 5080 819 5131 ita
843 5079 1062 5132 domini
1085 5095 1302 5145 sumus,
1338 5082 1399 5132 ut
1423 5080 1478 5132 in
1515 5079 1582 5131 iis
1615 5083 1669 5130 et
1691 5094 1787 5147 pe-

136 5140 236 5219 dem
269 5140 468 5214 ponere
521 5155 576 5202 et
615 5151 806 5203 sedem
843 5151 1017 5218 ﬁgere
1057 5155 1219 5218 potes
1252 5140 1429 5203 simus
1463 5169 1478 5203 :
1511 5140 1786 5218 possidere

136 5227 314 5292 quippe
345 5221 563 5272 videtur
595 5222 704 5274 dici
737 5223 899 5292 quasi
930 5227 1138 5290 potens,
1177 5222 1262 5274 vel
1296 5226 1460 5289 potis,
1492 5222 1577 5273 vel
1609 5221 1782 5274 etiam

135 5297 208 5346 pos
236 5289 448 5344 sedere:
500 5308 624 5344 cum
653 5289 770 5360 pos"
792 5309 894 5363 pro
933 5289 1081 5362 potis
1114 5295 1199 5346 vel
1227 5300 1412 5361 potens
1447 5293 1788 5345 remanserit

140 5367 182 5433 ξῑι
209 5373 395 5433 compos
427 5366 481 5414 et
523 5367 710 5432 impos.
745 5364 1127 5427 Quamobrem
1168 5368 1435 5433 possessio
1484 5363 1540 5416 in
1574 5363 1784 5416 menti-

140 5421 220 5506 bus
268 5421 471 5506 optime
516 5421 810 5488 vocabitur
858 5421 1412 5489 individua‘mentis
1461 5435 1780 5505 perfectio:

139 5505 388 5577 mteriiitas
419 5511 602 5558 autem
637 5513 720 5560 est
751 5507 1044 5560 individua
1063 5507 1162 5559 Dei
1183 5507 1449 5577 perfectio
1483 5522 1495 5558 :
1527 5506 1783 5576 quando-

139 5570 333 5649 quidem
369 5589 451 5649 res
485 5593 700 5630 summe
743 5581 989 5647 perfecta
1021 5570 1261 5649 cogitari
1310 5595 1425 5631 non
1456 5570 1642 5647 potest
1675 5577 1780 5628 nisi

139 5641 334 5720 alterna.
365 5645 590 5720 sanctus
621 5641 887 5713 Thomas,
927 5653 942 5702 Il
983 5667 1038 5719 p.
1169 5654 1248 5715 l0,
1292 5667 1339 5703 ει.
1377 5653 1394 5703 1
1431 5641 1498 5701 ad
1531 5652 1560 5701 6
1598 5649 1780 5720 ξηιαᾴ

139 5711 255 5771 Ἷῑιῡά
276 5718 586 5788 possidetur,
622 5721 836 5793 inquit,
860 5711 1160 5792 ﬁrmiter'et
1192 5711 1367 5789 quiete
1393 5721 1622 5774 habetur
1653 5736 1665 5774 :
1702 5719 1775 5774 ad

1909 3011 2035 3080 dus,
2069 3011 2148 3064 sic
2179 3013 2488 3078 aeternitas,
2522 3009 2891 3080 alicujusdici
2925 3008 3092 3062 debet
3114 3006 3435 3060 mternitas:
3470 3006 3598 3080 nul-

1904 3083 2014 3136 lius
2048 3088 2238 3136 autem
2281 3082 2483 3135 melius
2517 3079 2808 3135 mternitas
2843 3079 2952 3134 dici
2999 3082 3188 3149 potest
3240 3093 3411 3148 quam
3445 3079 3592 3149 vitae,

1905 3155 2119 3224 quippe
2143 3170 2255 3223 qua
2285 3169 2404 3206 non
2435 3155 2616 3206 solum
2651 3153 2902 3224 animata
2937 3148 3173 3224 corpora
3207 3149 3275 3224 ab
3309 3148 3593 3224 inanima-

1904 3220 2121 3291 tis,_s_ed
2151 3220 2319 3277 etiam
2335 3230 2558 3277 mentes
2580 3223 2983 3294 acorporibus,
3001 3223 3116 3274 imo
3143 3225 3199 3294 et
3215 3220 3282 3274 ab
3298 3220 3423 3294 aliis
3439 3235 3594 3294 men-

1904 3298 2056 3350 tibus
2083 3296 2376 3349 dillerunt.
2415 3298 2540 3350 Vita
2557 3291 2745 3349 autem
2779 3295 2939 3364 cujus
2961 3291 3250 3364 aeternitas
3279 3291 3456 3364 veluti
3484 3306 3596 3364 mo;

1903 3369 2008 3422 dus
2037 3374 2139 3433 est,
2174 3367 2317 3420 nihil
2346 3367 2500 3422 aliud
2519 3384 2637 3420 esse
2657 3361 2898 3432 videtur,
2933 3381 3106 3435 quam
3122 3362 3417 3433 cogitatio;
3439 3361 3594 3431 quod

1905 3439 2194 3492 aeternitas
2225 3455 2340 3492 non
2371 3439 2552 3508 possit
2580 3455 2700 3492 esse
2725 3438 2832 3491 nisi
2861 3435 3264 3504 mentis,cujus
3293 3435 3479 3508 vivere
3510 3436 3595 3508 est

1905 3510 2177 3580 cogitare.
2211 3510 2350 3562 Hinc
2373 3507 2712 3563 ’Aristoteles
2761 3509 2796 3564 l.
2829 3525 2902 3562 xu
2932 3509 3258 3580 Metam.,_c.
3289 3507 3590 3580 7,A_Mentis,

1904 3575 2110 3652 inquit,
2144 3585 2400 3648 coyitatio
2426 3584 2542 3635 vita
2574 3586 2671 3646 est,
2717 3581 2867 3634 unde
2917 3578 3275 3646 Philosophus
3308 3577 3402 3652 ille
3427 3575 3589 3652 ibid,

1907 3648 2000 3706 ait'
2029 3648 2100 3705 S.’
2135 3654 2362 3718 Thom.,
2412 3670 2542 3722 ip.,
2591 3670 2645 3721 q.
2687 3655 2769 3720 l8,
2821 3668 2872 3704 a.
2920 3653 2970 3716 3,
3006 3655 3212 3704 ostenso
3259 3648 3402 3716 quod
3453 3650 3591 3722 Deus

1904 3728 1973 3778 sit
2003 3725 2330 3790 intelligens,
2363 3721 2634 3777 concludit
2663 3722 2808 3792 quod
2845 3723 3036 3775 habeat
3061 3724 3231 3774 vitam
3253 3721 3592 3792 perfectissi-

1904 3811 2047 3849 mam
2077 3801 2125 3847 et
2154 3798 2558 3863 sempiternam,
2609 3791 2741 3862 quia
2787 3795 3084 3847 intellectus
3135 3792 3250 3860 ejus
3288 3796 3365 3846 est
3407 3791 3592 3859 perfe-

1905 3869 2178 3920 ctissimus
2199 3871 2246 3919 et
2268 3882 2474 3934 semper
2495 3869 2552 3919 in
2581 3869 2728 3918 actu.

1978 3937 2196 3990 Dicitur
2223 3932 2580 3990 3°totasimul
2609 3953 2620 3990 :
2653 3936 2786 4006 quia
2814 3934 2930 3988 vita
2959 3934 3078 3999 illa,
3106 3933 3265 4004 cujus
3299 3932 3591 4006 aeternitas

1905 4009 2112 4062 dicitur
2129 4009 2353 4073 modus,
2384 4008 2528 4060 nihil
2553 4003 2924 4060 successionis
2946 4006 3148 4058 habet:
3179 4003 3244 4058 in
3275 4020 3389 4074 quo
3405 4003 3593 4074 differt

1908 4097 1939 4133 a
1969 4086 2254 4152 tempore,
2290 4078 2444 4152 quod
2477 4077 2686 4132 dicitur
2718 4077 3065 4152 diuturnitas
3099 4075 3207 4152 rei,
3237 4073 3364 4144 qua:
3407 4078 3467 4126 ut
3499 4073 3590 4152 in-

1908 4147 2194 4220 cmpitisic
2227 4147 2450 4203 desinet
2510 4165 2649 4214 esse,
2685 4148 3007 4220 cujusmodi
3051 4151 3137 4198 est
3184 4147 3368 4198 forma
3407 4147 3541 4220 equi
3574 4160 3586 4196 :

1910 4219 2247 4295 differentiae
2277 4221 2735 4291 enimtemporis,
2760 4219 3032 4295 nimirum
3066 4232 3334 4295 praesens,
3361 4219 3593 4295 praster-

1898 4295 2066 4357 itum,
2111 4299 2166 4346 et
2199 4293 2452 4346 futurum
2501 4286 2797 4363 nunquam
2827 4296 2960 4344 sunt
2992 4289 3184 4355 simul,
3232 4287 3328 4340 sed
3369 4286 3476 4338 sibi
3507 4286 3590 4338 in-

1897 4365 2076 4437 vicem
2111 4366 2436 4418 succedunt.
2617 4436 2622 4437 ί
2673 4436 2678 4437 ί
2909 4433 2918 4437 _
3047 4436 3050 4437 ν
3173 4430 3203 4437 __

1972 4436 2187 4490 Dicitur
2215 4438 2273 4488 "1-0
2310 4436 2730 4489 interminabilis
2777 4451 2788 4487 :
2826 4433 2959 4504 quia
2989 4430 3274 4507 aeternitas
3323 4426 3485 4507 illius
3505 4431 3591 4482 est

1896 4507 2044 4580 vitae,
2081 4524 2208 4578 qua:
2239 4507 2724 4580 nequeprincipiu
2753 4499 3587 4580 nequetinecircumscribitur.

1897 4579 1954 4632 in
1986 4573 2304 4649 quo—etiam
2330 4573 2519 4632 differt
2542 4580 2611 4632 ab
2631 4573 2782 4643 'zevo,
2811 4573 2963 4649 quod
2999 4575 3206 4628 dicitur
3237 4573 3589 4649 diuturnitas

1897 4644 2020 4714 rei,—
2037 4667 2164 4720 quae
2197 4651 2394 4704 habuit
2418 4651 2650 4720 quidem
2669 4644 3035 4718 principium,
3052 4648 3149 4699 sed
3179 4659 3476 4713 nunquam
3495 4644 3591 4696 lia-

1895 4721 2086 4775 bitura
2121 4727 2206 4795 est
2237 4723 2440 4795 linem;
2474 4721 2796 4790 cujusniodi
2835 4726 2932 4795 est
2971 4733 3134 4795 mens
3166 4733 3303 4795 mea.
3333 4732 3363 4795 _:_
3401 4731 3588 4795 sevum

1897 4793 2110 4862 quippe
2133 4793 2271 4845 illud
2315 4786 2514 4845 saltem
2539 4786 2652 4844 uno
2679 4791 2925 4844 termino
2959 4786 3464 4853 circumscribitur,
3499 4786 3585 4839 vi-

1897 4865 2104 4938 delieet
2133 4862 2436 4938 principio,
2469 4880 2534 4915 ex
2559 4863 2952 4938 quoincmpit.
2994 4935 3000 4938 Δ
3122 4930 3152 4938 __
3292 4929 3323 4938 __
3523 4929 3558 4938 ﬂ

1969 4929 2183 4988 Dicitur
2212 4939 2268 4987 55°
2297 4929 2541 5003 per/ecta
2567 4929 2742 5004 {quia
2771 4929 2900 4986 cum
2937 4930 3227 4985 aeternitas
3260 4929 3333 4983 sit
3361 4929 3590 5004 _menlis

1896 5007 2153 5076 adeoque
2175 5002 2311 5059 vita),
2333 5007 2598 5076 perfecta:
2625 5002 2853 5071 inodus,
2889 5005 3011 5058 haec
3041 5003 3214 5056 etiam
3248 5002 3590 5076 perfectasit

1895 5073 2123 5132 necesse
2155 5081 2258 5144 est,
2293 5073 2665 5147 quamobrem
2702 5077 2823 5130 haec
2851 5077 3066 5128 nullam
3089 5089 3394 5144 agnoscere
3420 5073 3592 5147 debet

1894 5150 1980 5202 sui
2014 5143 2253 5202 causam,
2277 5162 2288 5202 :
2309 5143 2378 5200 “in
2399 5164 2510 5218 quo
2524 5147 2812 5201 aeternitas
2843 5148 3064 5201 differet
3089 5143 3274 5201 adhuc
3298 5161 3329 5197 a
3352 5143 3586 5218 mundo,

1893 5221 1937 5273 si
1978 5220 2162 5293 hiciut
2195 5215 2496 5273 somniavit
2525 5220 2879 5293 Aristoteles,
2917 5235 2983 5293 ex
3011 5225 3226 5293 aeterno
3259 5215 3582 5293 exstitisset.

1963 5293 2040 5344 Ex
2071 5292 2158 5344 his
2199 5307 2371 5360 porro
2400 5291 2688 5356 omnibus,
2740 5291 2798 5343 in
2835 5291 3042 5362 quibus
3075 5291 3218 5342 ratio
3251 5285 3587 5362 mternit-atis

1894 5363 2104 5436 versari
2137 5355 2346 5436 dicitur
2377 5379 2406 5414 a
2439 5355 2822 5436 Philosophia,
2852 5355 3042 5415 unum
3087 5365 3172 5414 est
3201 5357 3354 5436 quod
3387 5355 3586 5436 eadem

1894 5434 2262 5503 Philosophia
2293 5433 2612 5502 prznsertim
2651 5429 2915 5503 explicat,
2948 5429 3344 5503 nempequod
3375 5429 3445 5480 sit
3473 5431 3586 5481 tota

1893 5507 2074 5570 simul,
2105 5500 2550 5574 aitqueicazteras
2578 5500 2980 5560 diuturnitates
3013 5500 3272 5554 videlicet
3304 5505 3586 5574 mvum,et

1895 5582 2140 5646 tempus,
2178 5570 2321 5629 lianc
2360 5577 2694 5630 aeternitatis
2741 5576 3184 5646 proprietatem,
3221 5570 3410 5646 quoad
3444 5586 3582 5646 pos-

1895 5643 2047 5709 sunt,
2081 5647 2326 5714 imitari;
2359 5654 2438 5713 ut,
2491 5649 2535 5700 si
2577 5665 2685 5700 non
2721 5643 2959 5716 possunt
3003 5644 3235 5707 habere,
3265 5643 3465 5696 saltem
3494 5643 3586 5696 ha-

1887 5720 2005 5773 bere
2042 5719 2337 5774 videantur
2360 5725 2656 5774 manentem
2691 5720 2846 5774 illam
2872 5719 3240 5785 praesentiam.
