3972 6182
369 306 476 359 859

1672 303 1791 357 AN.
1840 302 2052 357 MANL.
2103 300 2254 356 SEV.
2304 301 2562 356 BOETII.

3727 308 3810 362 860

368 458 507 513 pore
539 442 928 504 constitutum,
959 441 1112 512 quod
1151 445 1334 495 totum
1365 441 1495 494 vita:
1526 457 1643 496 suae
1675 441 1920 511 spatium
1953 455 2053 509 pa-
2093 438 2140 492 A
2170 436 2392 508 erisque
2426 437 2740 492 momenti:
2768 453 2915 508 quas,
2938 437 3210 508 quoniam
3244 440 3522 493 manentis
3545 441 3684 496 illius
3700 461 3816 519 pra-:-

367 532 510 586 riter
536 531 714 601 possit
735 530 1023 600 amplecti.
1059 530 1167 585 Sed
1193 529 1504 584 crastinum
1528 530 1764 600 quidem
1799 529 2055 583 nondum

367 620 747 690 apprehendit
779 637 790 673 :
827 620 1158 673 hesternum
1180 635 1312 672 vero
1345 626 1495 674 τηε)
1529 621 1652 690 jam
1697 618 1965 688 perdidit.
1995 621 2057 672 In

372 709 650 764 hodierna
673 725 904 779 quoque
953 709 1066 762 vita
1095 725 1211 762 non
1252 709 1497 779 amplius
1539 708 1740 774 vivitis,
1785 725 1957 779 quam
2002 709 2061 761 in
2107 769 2120 782 _

369 799 466 850 illo
509 798 706 851 mobili
754 798 1254 869 1“transitorioque
1301 803 1611 852 momento.
1673 799 1832 863 Quod
1883 799 2062 868 igitur

369 888 644 956 temporis
683 887 898 957 patitur
945 888 1351 956 conditionem,
1405 890 1536 942 licet
1575 889 1738 951 illud,
1798 889 1939 942 sicut
1991 889 2061 942 de

368 976 583 1029 mundo
643 977 863 1030 censuit
916 978 1263 1040 Aristoteles,
1297 981 1454 1032 bnec
1511 978 1746 1049 ceperit
1805 994 2060 1048 unquam

368 1082 507 1130 esse,
544 1082 645 1119 nec
681 1067 920 1132 desinat,
955 1068 1184 1137 vitaque
1227 1068 1350 1136 ejus
1384 1083 1514 1120 cum
1548 1067 1823 1138 temporis
1865 1066 2060 1120 inlini-

370 1161 480 1208 tate
511 1157 796 1222 tendatur,
848 1158 918 1225 (ὃ)
956 1157 1211 1211 nondum
1264 1162 1455 1210 tamen
1489 1156 1599 1211 tale
1646 1161 1747 1222 est,
1798 1161 1861 1210 ut
1902 1162 2062 1210 mter-

365 1262 504 1298 num
536 1263 655 1299 esse
674 1247 801 1314 jure
830 1247 1107 1300 credatur.
1149 1247 1270 1300 Non
1299 1245 1452 1299 enim
1488 1251 1670 1300 totum
1699 1247 1890 1312 simul,
1927 1246 2060 1300 inli-

367 1335 505 1386 nitae
553 1335 683 1389 licet
714 1335 844 1388 vitae
894 1336 1142 1405 spatium
1176 1336 1632 1406 comprehendit,
1687 1340 1856 1406 atque
1906 1351 2059 1388 com-

368 1423 635 1492 plectitur
668 1439 679 1477 :
715 1424 812 1478 sed
847 1425 1040 1478 futura
1069 1426 1326 1478 nondum
1361 1430 1639 1478 transacta
1665 1427 1786 1495 jam
1809 1442 1926 1478 non
1959 1426 2060 1479 ha-

369 1512 481 1566 bet.
519 1514 678 1576 Quod
710 1514 886 1583 igitur
916 1514 1359 1567 interminabilis
1385 1515 1511 1568 vitm
1535 1514 1949 1584 plenitudinem
1985 1520 2062 1568 to-

368 1605 484 1654 tam
538 1603 750 1670 paiiter
789 1603 1240 1672 comprehendit,
1297 1620 1359 1655 ac
1407 1603 1684 1673 possidet,
1734 1604 1825 1656 cui
1875 1620 2062 1674 neque

367 1691 546 1743 futuri
577 1692 889 1761 quidquam
914 1691 1078 1751 absit,
1106 1692 1509 1760 necprazteriti
1539 1693 1791 1754 fluxerit,
1825 1693 1879 1746 id
1905 1698 2062 1747 aeter-

369 1793 508 1831 num
538 1796 657 1831 esse
683 1778 811 1847 jure
843 1779 1176 1847 perhibetur
1209 1795 1220 1831 :
1258 1778 1426 1849 idque
1471 1781 1580 1848 (10)
1616 1797 1843 1834 necesse
1868 1787 1972 1847 est,
2005 1787 2058 1835 et

370 1869 455 1920 sui
483 1884 717 1937 compos
747 1884 996 1936 praesens
1027 1868 1375 1937 sibisemper
1407 1870 1692 1936 assistere,
1728 1876 1782 1923 et
1814 1871 2063 1925 inﬁnita-

368 1962 481 2011 tem
512 1956 740 2010 mobilis
788 1956 1062 2028 temporis
1096 1958 1309 2011 habere
1343 1964 1706 2027 prmsentem.
1745 1959 1902 2013 Unde
1949 1976 2064 2013 non

367 2051 518 2102 recte
548 2046 804 2116 quidam,
835 2047 935 2117 qui
967 2063 1094 2100 cum
1129 2047 1376 2100 audiunt
1401 2049 1583 2101 visum
1618 2049 1862 2115 Platoni,
1896 2066 2063 2102 mun—

370 2137 506 2191 dum
528 2136 680 2190 hunc
712 2152 814 2190 nec
846 2136 1360 2190 habuisseinitium
1391 2138 1684 2207 temporis,
1718 2154 1819 2192 nec
1841 2138 2064 2193 habitu-

365 2243 498 2282 rum
555 2243 674 2280 esse
706 2227 1008 2294 defectum,
1069 2226 1179 2280 hoc
1226 2228 1394 2281 modo
1431 2227 1710 2281 conditori
1765 2228 2063 2282 conditum

366 2317 647 2372 mundum
669 2317 795 2370 ﬁeri
828 2322 1174 2369 coaeternum
1201 2321 1424 2386 putant.
1452 2317 1619 2370 Aliud
1651 2322 1736 2370 est
1776 2319 1928 2370 enim
1961 2334 2064 2386 per

367 2405 854 2461 interminabilem
909 2404 1034 2457 duci
1067 2404 1263 2470 vitam,
1310 2406 1460 2474 quod
1509 2405 1724 2459 mundo
1761 2405 1869 2475 (lii)
1909 2408 2062 2460 Plato

367 2495 570 2548 tribuit
600 2511 611 2547 :
647 2492 801 2546 aliud
837 2493 1274 2546 interminabilis
1306 2493 1433 2546 vita:
1465 2499 1642 2547 totam
1674 2495 1890 2563 pariter
1915 2511 2063 2548 com-

368 2585 594 2653 plexam
631 2598 751 2635 esse
783 2582 1168 2652 prazsentiam,
1219 2582 1370 2652 quod
1422 2582 1630 2635 divinae
1689 2584 1898 2637 mentis
1929 2601 2061 2654 pro-

368 2672 557 2742 prium
590 2687 710 2724 esse
749 2669 1118 2723 manifestum
1153 2676 1261 2723 est.
1296 2672 1492 2741 Neque
1516 2673 1668 2724 enim
1702 2673 2064 2727 Deuscondi-

366 2762 437 2815 tis
475 2761 645 2813 rebus
680 2760 974 2830 antiquior
1004 2760 1184 2814 videri
1214 2760 1382 2814 debet
1413 2762 1686 2832 temporis
1717 2762 2058 2833 quantitate,

366 2851 463 2904 sed
496 2850 769 2920 simplicis
798 2850 986 2920 potius
1018 2851 1368 2920 proprietate
1409 2854 1650 2904 naturae.
1697 2853 1857 2905 Hunc
1906 2853 2060 2907 enim

365 2939 490 2993 vita:
532 2940 843 2994 immobilis
876 2941 1312 3010 praesentarium
1345 2953 1367 2981 ο
1398 2945 1628 3007 statum,
1659 2940 1924 2995 inﬁnitus
1958 2943 2055 2996 ille

363 3031 771 3100 temporalium
815 3046 1008 3084 rerum
1062 3035 1247 3084 motus
1279 3030 1571 3096 imitatur;
1633 3047 1878 3102 cumque
1926 3049 2056 3085 eum

2169 529 2369 581 sentiae
2399 529 2706 598 quamdam
2723 532 2907 595 gestat
2924 527 2934 578 i
2949 528 3091 588 τετίῖςξῖ
3108 543 3257 594 nem,
3279 529 3695 600 quibuscunque
3711 551 3818 589 con-

2167 617 2379 686 tigerit,
2414 617 2470 669 id
2521 621 2773 686 praastat,
2819 622 2879 667 ut
2913 633 3030 668 esse
3067 618 3384 671 videantur.
3423 620 3688 682 Quoniam
3711 639 3820 676 vero

2168 723 2400 760 manere
2429 723 2545 760 non
2579 707 2789 776 potuit,
2820 706 3110 758 inﬁnitum
3142 708 3420 777 temporis
3445 709 3549 762 iter
3569 713 3820 781 arripuit:

2169 812 2351 866 eoque
2375 796 2546 849 modo
2581 797 2791 848 factum
2813 800 2916 862 est,
2949 801 3014 848 ut
3044 795 3404 851 continuaret
3436 800 3617 852 eundo
3649 802 3816 864 vitam,

2169 885 2244 953 (ii)
2273 885 2433 954 cujus
2472 885 2892 954 plenitudinem
2925 886 3230 953 complecti
3262 903 3374 939 non
3408 889 3583 941 valuit
3630 906 3822 958 perma-

2169 975 2376 1028 nendo.
2420 975 2612 1044 Itaque
2647 973 2688 1026 si
2734 974 2907 1042 digna
2937 975 3105 1027 rebus
3136 975 3371 1028 nomina
3402 977 3634 1031 velimus
3665 980 3820 1048 impo-

2172 1080 2324 1129 nere,
2359 1065 2652 1118 Platonem
2689 1069 3015 1134 sequentes,
3058 1066 3236 1118 Deum
3283 1065 3518 1136 quidem
3555 1072 3821 1126 aeternum,

2171 1154 2454 1207 mundum
2485 1170 2617 1207 vero
2652 1153 2905 1206 dicamus
2954 1170 3076 1207 esse
3125 1160 3490 1224 perpetuum.
3527 1157 3540 1189 1
3582 1156 3824 1219 Quoniam

2170 1243 2349 1312 igitur
2382 1259 2550 1296 omne
2577 1242 2858 1312 judicium
2889 1243 3206 1297 secundum
3227 1243 3253 1279 εί
3281 1245 3368 1296 sui
3410 1248 3688 1310 naturain,
3719 1261 3819 1314 qua:

2171 1332 2279 1386 sibi
2309 1332 2556 1402 subjecta
2581 1337 2730 1392 sunt,
2757 1332 3221 1402 comprehendit:
3251 1338 3336 1386 est
3367 1339 3556 1387 autem
3588 1336 3825 1387 lleosem-

2171 1437 2274 1491 per
2303 1426 2570 1486 internus,
2602 1439 2664 1474 ac
2700 1422 3099 1489 j’irmsentarius
3127 1427 3333 1475 status:
3373 1423 3607 1476 scientia
3635 1439 3825 1492 quoque.

2172 1512 2316 1581 ejus,
2349 1528 2578 1564 omnem
2630 1513 2741 1581 (ill)
2793 1512 3069 1580 temporis
3117 1527 3484 1581 supergressa
3535 1513 3823 1578 motionem,

2171 1601 2230 1654 in
2253 1618 2369 1654 sum
2405 1606 2598 1654 manet
2625 1601 2984 1669 simplicitate
3017 1601 3361 1670 praesentiae,
3391 1601 3714 1671 inﬁnitaque
3731 1618 3822 1670 pra:

2171 1690 2323 1744 teriti
2354 1707 2417 1743 ac
2460 1690 2637 1743 futuri
2669 1691 2850 1759 spatia
2886 1691 3288 1758 complectens,
3327 1691 3542 1757 omnia,
3569 1691 3823 1760 quasijam

2104 1801 2142 1854 Β
2175 1783 2466 1850 gerantur,
2511 1780 2568 1831 in
2610 1795 2710 1831 sua
2743 1778 2989 1850 simplici
3018 1779 3344 1847 cognitione
3377 1780 3709 1832 considerat.
3741 1782 3823 1832 Ila-

2175 1885 2283 1938 que
2316 1869 2361 1920 si
2401 1869 2766 1938 prmsentiam
2797 1884 3036 1939 pensare
3070 1869 3228 1937 velis,
3277 1886 3393 1939 qua
3438 1875 3634 1922 cuncta
3669 1870 3826 1938 digno-

2175 1959 2297 2023 scit,
2331 1974 2445 2011 non
2481 1974 2600 2010 esse
2646 1958 3070 2027 prmscientiam
3111 1959 3274 2029 quasi
3304 1959 3514 2026 futuri,
3558 1961 3646 2013 sed
3676 1961 3823 2011 scien-

2174 2046 2310 2100 tiam
2351 2061 2647 2116 nunquam
2695 2046 3008 2099 dclicientis
3049 2046 3341 2101 instantiae
3379 2047 3588 2101 rectius
3627 2049 3828 2100 aestima-

2173 2136 2279 2190 bis.
2319 2137 2474 2190 Unde
2508 2152 2623 2189 non
2654 2136 3024 2205 prmvidentia
3073 2136 3203 2204 (l3),
3240 2137 3339 2190 sed
3371 2136 3720 2192 Providentia
3748 2155 3825 2207 po-

2173 2224 2288 2278 tius
2316 2225 2542 2287 dicitur,
2573 2226 2721 2294 quod
2754 2241 2924 2294 porro
2966 2225 3034 2278 ab
3079 2225 3247 2279 rebus
3285 2226 3504 2280 inﬁmis
3544 2227 3822 2288 constituta,

2173 2313 2333 2384 quasi
2369 2314 2438 2367 ab
2471 2314 2686 2366 excelso
2732 2329 2922 2367 rerum
2975 2315 3270 2368 cacumine
3301 2321 3509 2369 cuncta
3537 2317 3819 2386 prospiciat.

2174 2404 2320 2467 Quid
2355 2403 2531 2474 igitur
2561 2405 2836 2473 postulas,
2867 2409 2930 2458 ut
2968 2406 3283 2459 necessaria
3312 2407 3480 2474 ﬁant,
3514 2423 3636 2478 quas
3669 2406 3820 2459 divino

2171 2492 2391 2546 lumine
2422 2493 2754 2557 lustrantur,
2783 2508 2911 2546 cum
2945 2510 3014 2546 ne
3045 2494 3308 2547 homines
3338 2495 3572 2566 quidem
3600 2511 3816 2548 necessa-

2173 2581 2257 2634 ria
2288 2582 2502 2635 faciant
2547 2599 2688 2648 esse,
2722 2599 2847 2652 quae
2884 2583 3148 2638 videant?
3179 2585 3328 2638 Num
3359 2585 3514 2638 enim
3560 2601 3676 2655 quae
3713 2598 3821 2653 pra)-

2172 2671 2355 2725 sentia
2404 2671 2608 2738 cernis,
2659 2671 2912 2741 aliquam
2969 2673 3050 2726 eis
3084 2675 3484 2728 necessitatem
3534 2679 3656 2728 tuus
3698 2673 3821 2726 addit

2170 2760 2448 2814 intuitus?
2487 2760 2735 2814 Minime.
2771 2761 2942 2831 Atqui
2991 2763 3124 2832 (ΞΟ),
3170 2762 3214 2816 si
3258 2770 3348 2817 est
3381 2763 3559 2817 divini
3600 2763 3818 2816 humaai~

2171 2865 2282 2920 que
2327 2850 2624 2920 praesentis
2669 2850 2845 2919 digna
2893 2859 2914 2884 ο
2959 2851 3208 2930 collatio,
3264 2854 3350 2906 uti
3380 2871 3480 2908 vos
3530 2859 3699 2908 vestro
3737 2852 3818 2905 hoc

2167 2939 2519 3009 temporario
2551 2939 2821 3010 prresenti
2855 2941 3115 3011 qumdam
3155 2942 3384 3009 videtis,
3447 2944 3526 2997 ita
3551 2945 3638 2996 ille
3667 2941 3815 2995 omnia

2169 3045 2270 3082 suo
2293 3029 2474 3083 cernit
2503 3034 2717 3083 mterno
2752 3027 2788 3083 Γ.
2823 3030 3007 3093 Quare
3040 3031 3161 3085 haec
3208 3032 3407 3086 divina
3440 3033 3703 3104 prmnotio
3731 3047 3810 3083 na-

364 3120 631 3190 efﬁngere
664 3123 794 3189 (‘20),
831 3125 1002 3191 atque
1035 3137 1264 3190 requare
1299 3137 1413 3174 non
1453 3121 1651 3190 possit,
1689 3138 1756 3176 ex
1785 3121 2056 3176 immobi-
2097 3105 2137 3160 Ο
2169 3123 2354 3173 turam
2403 3135 2617 3184 rerum,
2650 3119 3175 3190 proprietatemcpie
3218 3137 3340 3173 non
3383 3127 3582 3189 mutat,
3611 3121 3814 3189 taliaque

362 3211 520 3264 litate
550 3210 742 3264 deﬁcit
773 3209 832 3262 in
866 3214 1106 3270 motum,
1131 3226 1192 3262 ex
1227 3210 1589 3280 simplicitate
1612 3212 1930 3280 praesentia:
1959 3212 2056 3265 de-

363 3299 561 3350 crescit
604 3298 664 3350 in
695 3297 976 3350 inﬁnitam
1007 3297 1187 3350 futuri
1220 3314 1281 3351 ac
1314 3299 1590 3368 praeteriti
1633 3299 2054 3368 quantitatem;

363 3390 438 3450 et,
472 3402 600 3439 cum
631 3391 806 3439 totum
833 3386 1050 3456 pariter
1080 3385 1208 3439 vitae
1223 3404 1339 3440 suae
1365 3388 1783 3457 plenitudinem
1810 3394 2058 3459 nequeat

363 3475 675 3546 possidere,
710 3475 976 3543 hocipso,
1015 3475 1168 3545 quod
1199 3475 1391 3546 aliquo
1423 3477 1594 3530 modo
1617 3494 1913 3547 nunquam
1938 3496 2056 3532 esse

363 3562 592 3629 desinit,
635 3563 795 3631 illud,
830 3563 983 3633 quod
1007 3563 1246 3633 implere
1274 3569 1447 3635 atque
1470 3565 1789 3636 exprimere
1812 3583 1925 3620 non
1954 3583 2056 3637 po-

363 3657 492 3719 test,
554 3652 917 3724 aliquatenus
961 3653 1186 3707 videtur
1235 3655 1515 3722 aemulari,
1581 3656 1822 3726 alligans
1879 3673 1941 3712 se
1991 3659 2058 3712 ad

365 3743 822 3814 qualemcunque
874 3750 1028 3799 350
1065 3743 1429 3815 praesentiam
1480 3745 1650 3816 hujus
1689 3745 1876 3817 exigui
1900 3747 2058 3800 volu-

2169 3210 2318 3279 apud
2347 3226 2403 3262 se
2427 3208 2728 3279 praesentia
2752 3213 2987 3277 spectat,
3021 3209 3213 3278 qualia
3231 3209 3292 3262 in
3329 3215 3586 3281 tempore
3608 3210 3726 3262 olim
3752 3207 3812 3258 iu-

2169 3304 2297 3352 tura
2318 3298 2659 3368 provenient
2687 3314 2699 3350 :
2727 3298 3268 3367 necrerumjudieia
3285 3299 3602 3363 confundit,
3633 3309 3814 3364 unoque

2169 3403 2284 3440 suae
2328 3386 2534 3440 mentis
2567 3385 2775 3438 intuitu
2805 3397 2827 3432 ε
2859 3389 2972 3438 tam
3006 3387 3322 3440 necessarie
3362 3390 3494 3457 (“225),
3529 3402 3685 3458 quam
3728 3397 3812 3436 non

2169 3476 2500 3543 necessarie,
2544 3479 2784 3528 ventura
2813 3475 3113 3545 dignoscit.
3152 3476 3333 3530 Sicuti
3366 3494 3462 3530 vos
3493 3493 3614 3530 eum
3645 3474 3813 3544 pariter

2169 3567 2462 3621 ambulare
2494 3565 2567 3635 .in
2597 3570 2750 3618 terra
2788 3565 3081 3619 hominem
3123 3570 3178 3619 et
3211 3567 3353 3620 oriri
3399 3567 3458 3620 in
3507 3568 3637 3619 cudo
3667 3564 3810 3616 solum

2168 3655 2392 3720 videtis,
2425 3671 2759 3725 quanquam
2801 3655 2970 3708 simul
2993 3661 3326 3726 ,utrumque
3359 3661 3725 3726 conspectum,
3749 3655 3810 3702 ta-

2171 3761 2304 3799 men
2343 3747 2371 3788 h
2401 3743 2742 3813 discernitis,
2793 3749 2847 3797 et
2877 3744 2986 3798 hoc
3019 3746 3032 3788 ί
3062 3745 3478 3811 voluntarium,
3514 3765 3527 3814 j
3560 3743 3686 3799 illud
3714 3753 3806 3795 esse

1824 3887 2388 3947 1»ΝΤΕΒΡΒΕΤΑΤΙΟ
2403 3926 2417 3940 .

437 4019 462 4046 ⁸
489 4011 682 4065 Fluxa.

437 4109 462 4144 ι,
491 4082 612 4136 Lib.
641 4100 655 4135 ι
685 4081 751 4135 dc
783 4082 935 4137 Callo.

437 4165 462 4195 ο
491 4153 600 4217 Qui
634 4153 704 4206 sit
738 4157 889 4207 totus
911 4153 1103 4209 simul.

437 4227 460 4266 d
491 4227 686 4280 Mentis
709 4227 1033 4294 iudicantis.

437 4305 458 4331 ο
487 4297 850 4366 Comparatio.

437 4366 456 4402 τ
475 4370 642 4423 Deus.

2252 4024 2280 4065 ς
2321 4014 2387 4064 Et
2431 4027 2493 4063 ea.
2524 4026 2643 4078 qua:
2680 4013 3001 4079 necessario,
3030 4015 3079 4067 et
3130 4027 3191 4066 ea
3251 4027 3398 4082 qua).
3420 4028 3522 4067 non
3570 4004 3810 4065 necessario

2175 4087 2408 4137 ventura
2438 4088 2585 4146 sunt,
2619 4085 2904 4149 cognoscit.

2246 4157 2272 4197 h
2305 4156 2508 4207 Ponitts
2531 4153 2842 4207 discrimen.

2244 4225 2258 4258 1
2289 4227 2563 4279 Hominem
2608 4226 2904 4279 anibulure.

2239 4313 2253 4363 j
2286 4297 2461 4351 Solem.
2496 4298 2653 4350 oriri.

1999 4495 2224 4550 NOTAE.

441 4619 453 4651 1
501 4618 764 4682 Quoniam
801 4622 991 4686 igitur,
1049 4617 1183 4689 etc.]
1226 4617 1644 4690 Exqprzedictis
1695 4617 2060 4690 Philosophia

367 4687 446 4761 sic
476 4690 638 4741 nobis
670 4692 893 4744 videtur
940 4687 1370 4761 arguméntarif
1403 4692 1542 4743 (lum
1571 4687 1949 4760 judicandum
1991 4693 2063 4746 sit

367 4759 437 4810 de
468 4761 703 4833 notione
744 4759 1056 4816 secundum
1095 4769 1356 4815 naturam
1392 4759 1599 4814 mentis
1627 4764 2057 4833 cognoscentis;

366 4844 632 4903 cumque
658 4832 807 4885 Deus
863 4850 1210 4902 cognoscens
1252 4834 1443 4886 futura
1493 4832 1716 4899 libera,
1751 4834 1820 4887 de
1852 4835 2059 4903 quibus

365 4916 518 4975 nunc
548 4900 757 4969 agitur,
789 4900 991 4958 natura
1024 4922 1125 4957 sua
1146 4906 1220 4957 sit
1251 4912 1522 4969 aeternus,
1571 4906 1676 4956 hoc
1727 4911 1809 4956 est
1835 4900 2062 4975 semper

365 4971 622 5047 cogitans
657 4989 993 5047 semperque
1019 4977 1215 5047 rviveus
1254 4977 1375 5029 sine
1415 4977 1530 5028 ulla
1559 4975 1881 5029 differentia
1913 4971 2062 5047 prir-

366 5044 563 5107 sentis,
590 5044 888 5111 praeteriti,
923 5050 978 5096 et
1008 5046 1212 5113 futuri;
1266 5047 1477 5102 idcirco
1511 5050 1667 5100 notio
1703 5048 1800 5100 Dei
1835 5044 1929 5101 ita
1962 5065 2060 5102 co-

363 5115 536 5185 gitari
566 5115 734 5168 debet
763 5119 975 5167 aeterna
1006 5117 1118 5170 sive
1151 5123 1260 5171 tota
1283 5121 1463 5182 simul,
1492 5122 1553 5170 ut
1579 5120 1775 5172 eodem
1801 5120 1971 5173 modo
2005 5137 2061 5173 se

363 5188 571 5241 habeat
601 5186 744 5238 circa
777 5187 969 5259 futura
1000 5187 1197 5254 libera,
1232 5191 1520 5258 quomodo
1553 5190 1698 5243 circa
1721 5191 2057 5259 przesentia:

365 5276 476 5330 quo
507 5259 568 5311 lit
599 5263 659 5310 ut
691 5259 784 5311 illa
817 5257 917 5310 Dei
944 5258 1098 5330 notio
1148 5257 1627 5328 mm’j-n'c'escientia
1660 5257 1817 5330 quasi
1861 5266 2057 5329 futuri,

363 5329 459 5384 sed
484 5332 707 5384 scicntia
733 5345 1012 5396 nunquam
1055 5329 1346 5396 deficientis
1374 5337 1648 5387 instantia:
1673 5329 1872 5387 iret-ius
1916 5337 2061 5386 acsti-

362 5407 535 5473 νηίτην
569 5419 587 5455 :
617 5403 758 5456 unde
807 5418 911 5455 non
945 5401 1324 5473 prazridentia,
1357 5404 1833 5472 srdproridcntz‘a
1881 5408 2060 5473 potius

366 5472 589 5538 dicitur,
615 5474 762 5542 quod
781 5490 944 5543 porro
974 5473 1041 5525 ab
1063 5472 1219 5524 rebus
1248 5474 1448 5542 inﬁmis
1480 5480 1796 5541 constituta,
1817 5472 2060 5541 quusz'ab

367 5544 569 5617 efrcrlso
600 5561 780 5599 rerum
811 5547 1084 5599 cacumine
1123 5549 1314 5617 cuneta
1338 5549 1660 5613 prospiciat.
1693 5548 1861 5617 Atqui
1905 5547 2058 5600 notio

367 5613 681 5668 liberorum
712 5618 1106 5684 przesentium,
1137 5615 1355 5669 nullam
1389 5617 1499 5668 illis
1535 5613 2057 5686 ἰηηιτωὶίιιθευεδί-

369 5689 541 5741 tatem
577 5701 588 5738 :
624 5703 737 5739 non
789 5692 928 5743 enim
978 5704 1096 5758 quae
1123 5692 1410 5758 prasentiu
1457 5693 1650 5755 cernis,
1683 5692 1926 5759 aliquam
1983 5693 2058 5744 eis

2099 4623 2139 4676 ι)
2168 4622 2533 4674 necessitatem
2561 4622 2682 4672 tuus
2713 4619 2870 4672 addit
2895 4620 3155 4673 intuitus:
3176 4617 3498 4672 similitersi
3528 4610 3795 4676 Deusigna-

2170 4708 2266 4744 rus
2296 4693 2619 4744 futurorum
2650 4691 2746 4743 illa
2795 4707 2909 4743 non
2942 4697 3311 4759 cognosceret
3339 4689 3445 4742 nisi
3481 4689 3608 4741 dum
3633 4679 3804 4737 adiutil

2171 4763 2496 4832 praesentia,
2533 4762 2686 4814 notio
2717 4763 2838 4815 haec
2871 4762 2969 4815 Dei
3002 4763 3221 4815 nullam
3269 4762 3381 4814 illis
3413 4761 3627 4813 afferret
3652 4763 3804 4832 nec-83"

2172 4817 2395 4887 sitatem
2434 4850 2444 4886 :
2472 4817 2732 4902 essetque
2757 4834 2907 4886 idem
2930 4834 3236 4886 discrimen
3255 4833 3405 4902 quod
3434 4845 3575 4885 nunc
3604 4817 3805 4902 animad:

2171 4905 2464 4970 vertimus,
2502 4887 2858 4957 interlortum
2893 4905 3028 4957 solis
3055 4910 3109 4955 et
3143 4887 3666 4956 meanilocutionem
3688 4887 3802 4961 quod

2172 4978 2266 5029 ille
2299 4976 2634 5038 necessario,
2671 4976 2790 5029 haec
2821 4977 2995 5029 libere
3029 4977 3145 5029 ﬁat.
3192 4976 3562 5038 Quamobrem
3601 4972 3723 5020 sicut
3755 4974 3801 5012 ex

2170 5048 2404 5102 notione
2424 5049 2816 5116 praesentium,
2846 5046 2921 5099 sic
2944 5065 3008 5100 cx
3041 5048 3398 5116 przcnotionc
3428 5044 3606 5098 divina
3634 5038 3803 5091 futuro-

2169 5137 2298 5172 rum
2345 5119 2678 5176 liberorum.
2713 5135 2825 5171 non
2857 5125 3044 5187 potest
3075 5118 3270 5172 inferri
3309 5118 3430 5170 haec
3455 5131 3566 5167 esse
3595 5118 3801 5187 necesfaf

2171 5191 2256 5243 ria
2278 5190 2385 5244 nisi
2414 5191 2512 5243 sub
2540 5183 2888 5244 comtétz'onc}
2924 5191 3067 5243 sicut
3099 5190 3268 5243 etiam
3302 5188 3456 5241 notio
3489 5183 3800 5254 przesentiunt

2170 5263 2320 5328 (licet
2350 5262 2407 5314 iu
2435 5262 2666 5315 homine
2698 5269 2832 5314 tunc
2880 5262 3057 5314 libere
3090 5266 3314 5329 agente,
3347 5246 3515 5312 illaesa
3562 5246 3800 5329 remanet!t

2167 5320 2418 5402 potestas
2450 5335 2514 5386 ad
2568 5334 2920 5398 utrumlibet)
2979 5336 3062 5384 est
3109 5320 3358 5396 evidens,
3406 5344 3548 5392 vera,
3600 5329 3647 5402 et
3673 5320 3794 5402 CVM-11

2171 5394 2426 5468 scientia,
2461 5406 2539 5457 sic
2568 5406 2738 5456 etiam
2766 5394 3042 5473 prmriotio
3074 5403 3264 5456 divina
3290 5394 3596 5455 futurorum
3627 5394 3794 5473 (quaer

2172 5475 2252 5528 vis
2279 5477 2336 5528 in
2366 5467 2598 5529 homine
2631 5467 2775 5528 olim'
2796 5482 2988 5528 acturo
3029 5475 3365 5528 intemerata
3406 5467 3799 5542 perseveret?“

2170 5551 2345 5600 testas
2378 5548 2445 5600 ad
2480 5547 2836 5616 utrumlibet)
2866 5551 2946 5600 est
2967 5547 3224 5611 evidens,
3259 5560 3406 5609 vera,
3436 5549 3488 5594 et
3516 5542 3797 5616 certasuen:

2172 5620 2270 5670 tia.
2298 5622 2481 5689 Atque
2513 5618 2565 5671 id
2592 5634 2658 5670 eo
2681 5601 2891 5687 potius,
2925 5618 3071 5687 quod
3105 5601 3360 5686 quamvis
3392 5629 3510 5689 mea
3535 5601 3794 5689 locutiolslit

2177 5707 2347 5744 causa
2386 5668 2654 5759 notionis,
2681 5668 2804 5762 qua
2845 5668 2996 5744 n’unc
3026 5668 3310 5760 cognoscis
3342 5701 3428 5740 me
3471 5680 3641 5751 loqui;
3673 5668 3794 5726 nulla
