3982 6182
86 337 170 390 86l
1127 331 1216 383 DE
1257 330 1784 387 CONSOLATIONE
1825 287 2320 386 PillLOSOPIll/E
2365 331 2491 385 LIB.
2540 332 2597 384 V.

3476 334 3578 387 862

91 462 456 522 necessarium
478 462 765 533 judicatis.
804 463 888 517 Ita
909 461 1087 534 igitur
1104 467 1304 517 cuncta
1335 464 1654 535 despiciens
1682 461 1761 518 di-
1799 466 1846 519 Α
1875 463 2107 534 quidem
2138 463 2207 518 de
2237 480 2433 518 rerum
2456 464 2788 520 necessitate
2811 465 3103 520 descendit
3131 483 3143 521 :
3173 466 3318 521 illud
3344 483 3476 522 vero
3505 468 3575 524 de

93 557 238 610 vinus
266 553 530 619 intuitus,
579 552 915 624 qualitatem
963 568 1157 606 rerum
1193 552 1431 608 minime
1473 554 1770 624 perturbat

97 645 225 717 apud
249 643 317 704 fse
378 642 613 713 quidem
642 642 1030 712 praesentium,
1066 643 1134 696 ad
1186 643 1567 697 conditionem
1617 649 1761 697 35!

98 752 209 788 vero
253 732 526 802 temporis
577 732 918 785 futurarum.
975 732 1095 796 Quo
1141 732 1220 799 fit,
1261 737 1325 785 ut
1367 733 1473 786 hoc
1517 748 1636 786 non
1696 732 1772 785 sit

100 825 290 895 opinio,
321 823 416 876 sed
452 836 474 864 ει
511 822 747 876 veritate
787 821 977 892 potius
1011 821 1144 874 nixa
1190 822 1464 891 cognitio,
1497 839 1626 878 cum
1674 838 1767 876 ex-

104 917 342 968 stiturum
383 912 521 983 quid
557 928 675 966 esse
726 911 1035 981 cognoscit,
1088 913 1240 982 quod
1277 913 1429 966 idem
1489 912 1770 966 existendi

103 1003 404 1058 necessitate
459 1017 650 1054 carere
723 1017 838 1054 non
905 999 1136 1054 nesciat.
1192 1001 1288 1053 llic
1327 1000 1371 1053 si
1411 1001 1582 1070 dicas,
1618 1001 1770 1071 quod

103 1097 410 1147 eventurum
457 1092 605 1144 Deus
647 1091 812 1156 videt,
864 1089 921 1143 id
965 1105 1083 1143 non
1133 1090 1358 1143 evenire
1405 1107 1522 1144 non
1558 1107 1765 1161 posse:

103 1182 235 1254 quod
259 1185 446 1234 autem
482 1196 594 1233 non
627 1184 816 1250 potest
846 1195 962 1234 non
995 1179 1219 1232 evenire
1250 1180 1346 1250 (Et),
1381 1180 1436 1232 id
1478 1196 1543 1234 ex
1577 1197 1769 1233 neces-

106 1273 244 1325 sitale
274 1271 628 1340 contingere,
675 1285 881 1340 meque
923 1269 991 1322 ad
1023 1269 1128 1322 hoc
1167 1285 1377 1323 nomen
1416 1268 1772 1324 necessitatis

107 1362 358 1430 astringas
393 1377 404 1413 :
434 1359 673 1414 Fatebor
701 1374 823 1412 rem
865 1359 1094 1430 quidem
1128 1362 1152 1401 ὃ
1185 1359 1544 1414 solidissimae
1571 1359 1773 1414 verita-

104 1453 184 1515 tis,
213 1451 300 1504 sed
333 1449 420 1502 cui
452 1450 544 1503 vix
579 1449 788 1519 aliquis
818 1448 926 1501 nisi
956 1448 1131 1502 divini
1162 1449 1484 1518 speculator
1517 1465 1770 1503 accesse-

103 1541 183 1593 rit.
209 1539 581 1610 Respondebo
613 1554 863 1608 namque
895 1538 1048 1592 idem
1068 1539 1350 1603 futurum,
1376 1555 1502 1592 cum
1536 1539 1602 1593 ad
1636 1539 1772 1592 divi-

104 1647 217 1683 nam
261 1629 551 1682 notionem
593 1628 862 1687 refertur,
913 1627 1339 1681 necessarium:
1384 1644 1514 1681 cum
1548 1644 1678 1682 vero
1711 1628 1769 1682 in

103 1736 193 1772 sua
218 1723 410 1772 natura
442 1717 840 1787 perpenditur,
866 1716 1112 1770 liberum
1143 1733 1377 1787 prorsus
1409 1722 1578 1788 atque
1609 1718 1771 1771 obso-

101 1810 264 1861 lutum
309 1807 510 1861 videri.
565 1808 700 1860 Duae
744 1811 879 1859 sunt
923 1805 1138 1858 etenim
1200 1806 1598 1872 necessitates;
1663 1806 1770 1876 (to)

103 1899 316 1968 simplex
347 1913 484 1962 una,
514 1895 689 1950 veluti
720 1895 873 1964 quod
905 1911 1139 1949 necesse
1168 1900 1250 1949 est
1282 1912 1478 1949 omnes
1511 1896 1774 1951 homines

101 2004 206 2041 esse
234 1987 493 2040 mortales
522 2007 535 2054 ;
567 1987 744 2039 altera
780 1984 1146 2051 conditionis,
1181 1990 1244 2039 ut
1285 1986 1328 2037 si
1363 1986 1613 2056 aliquem
1659 2002 1775 2040 am-

102 2077 274 2130 bulare
302 2077 463 2135 scias,
499 2091 628 2128 eum
679 2073 975 2127 ambulare
1009 2090 1234 2126 necesse
1267 2079 1367 2127 est.
1412 2075 1572 2138 Quod
1619 2075 1773 2128 enirn

101 2165 319 2235 quisque
349 2163 522 2229 novit,
559 2163 614 2216 id
647 2179 768 2216 esse
791 2163 956 2214 aliter
980 2178 1040 2215 ac
1063 2167 1264 2216 notum
1295 2168 1397 2227 est,
1427 2164 1642 2234 nequit.
1667 2165 1774 2219 Sed

100 2257 210 2309 llaec
237 2253 476 2310 conditio
508 2253 746 2308 minime
778 2268 968 2305 secum
989 2253 1144 2306 illam
1178 2253 1496 2323 simplicem
1529 2264 1548 2288 ε
1579 2255 1768 2310 trahit.

99 2346 236 2398 lianc
269 2343 415 2396 enim
457 2342 850 2396 necessitatem
883 2340 1644 2413 nonjpropriafacitlnatura,
1677 2343 1774 2398 sed

99 2433 416 2487 conditionis
445 2431 710 2502 adjectio.
749 2432 912 2485 Nulla
956 2431 1110 2483 enim
1142 2431 1446 2485 necessitas
1478 2434 1590 2502 (l5)
1623 2433 1775 2503 cogit

100 2523 335 2576 incedere
365 2521 686 2576 voluntarie
716 2523 739 2564 ἀ
788 2520 1171 2590 gradientem,
1223 2521 1483 2592 quamvis
1515 2538 1647 2576 eum
1687 2527 1771 2576 ta-

101 2629 231 2676 men,
273 2627 400 2665 cum
430 2620 450 2644 α
483 2610 761 2679 graditur,
805 2609 1067 2662 incedere
1109 2612 1494 2664 necessarium
1525 2611 1613 2664 sit.
1654 2613 1766 2665 Eo-

99 2702 208 2755 dem
245 2701 418 2770 igitur
448 2701 643 2766 modo,
677 2699 722 2752 si
747 2699 883 2770 quid
909 2699 1264 2769 providentia
1294 2715 1547 2770 praesens
1579 2701 1771 2769 ‘videt,

102 2791 143 2843 id
161 2807 270 2844 esse
292 2806 519 2844 necesse
551 2794 653 2856 est,
690 2789 917 2843 tametsi
947 2789 1167 2842 nullam
1186 2791 1402 2843 naturae
1434 2790 1643 2845 habeat
1672 2807 1770 2845 ne-

103 2880 416 2934 cessitatem.
469 2880 642 2950 Atqui
676 2881 825 2932 Deus
875 2894 942 2931 ea
998 2879 1212 2945 futura,
1264 2895 1393 2950 qua;
1445 2895 1513 2933 ex
1555 2880 1775 2935 arbitrii

105 2971 333 3024 libertate
349 2969 715 3040 proveniunt,
732 2969 1041 3038 praesentia
1054 2973 1385 3023 contuetur.
1421 2971 1548 3023 Haec
1573 2969 1770 3039 igitur,

1879 555 2158 622 potestate
2189 552 2539 607 facientium.
2589 566 2618 607 h
2653 555 2813 608 l-Iaud
2846 554 3026 624 igitur
3062 555 3276 625 injuria
3309 555 3579 623 diximus,

1880 642 2024 709 haec,
2057 642 2103 696 si
2135 642 2202 696 ad
2237 643 2486 696 divinam
2527 643 2792 697 notitiam
2840 644 3181 711 referantur,
3215 646 3576 712 necessaria;

1879 731 1927 784 si
1956 746 2058 802 per
2087 749 2144 785 se
2177 732 2641 801 considerentur,
2671 733 3023 786 necessitatis
3056 749 3174 787 esse
3209 734 3448 787 nexibus
3487 735 3580 788 ab-

1881 821 2082 875 soluta.
2118 821 2294 876 Sicuti
2325 837 2494 876 omne
2537 823 2691 892 quod
2722 823 2982 876 sensibus
3011 827 3187 893 patet,
3225 822 3271 875 si
3302 823 3373 876 ad
3411 823 3580 877 ratio-

1878 925 2012 963 nem
2043 910 2272 978 referas,
2303 911 2622 965 universale
2664 915 2783 964 est:
2811 911 2856 964 si
2893 912 2964 965 ad
3005 911 3257 982 seipsum
3287 911 3577 982 respicias,

1880 999 2186 1070 singulare.
2239 1000 2350 1054 Sed
2400 1001 2445 1054 si
2500 1000 2563 1054 in
2606 1016 2754 1066 mea,
2802 1007 2952 1056 312
3002 1001 3251 1072 inquies,
3297 1006 3578 1072 potestate

1882 1089 2062 1143 situm
2119 1094 2203 1143 est
2233 1094 2456 1144 mutare
2487 1089 2867 1160 propositum,
2920 1090 2932 1122 ί
2963 1090 3246 1144 evacuabo
3276 1090 3581 1144 Providen-

1877 1177 2039 1245 tiam,
2073 1194 2224 1245 cum,
2261 1195 2386 1249 quae
2420 1179 2517 1232 illa
2548 1179 2872 1248 praenoscit,
2923 1179 3071 1232 forte
3103 1183 3419 1233 mutavere.
3469 1181 3578 1233 Re-

1880 1268 2195 1338 spondebo,
2243 1268 2601 1338 Propositum
2651 1273 2706 1322 te
2747 1269 2982 1339 quidem
3013 1272 3176 1322 tuum
3210 1284 3373 1338 posse
3405 1270 3579 1324 deﬂe-

1880 1362 2050 1425 ctere,
2084 1358 2201 1425 sed,
2232 1357 2507 1428 quoniam
2531 1363 2586 1411 et
2614 1358 2672 1411 id
2699 1362 2754 1412 te
2786 1375 2972 1428 posse,
2997 1362 3052 1411 et
3074 1374 3147 1411 an
3176 1357 3368 1423 facias,
3395 1374 3580 1430 quove

1881 1451 2198 1515 convertas,
2236 1464 2489 1517 praesens
2544 1447 2919 1502 Providentia:
2952 1447 3156 1501 veritas
3178 1448 3450 1515 intuetur,
3493 1447 3576 1502 di-

1879 1536 2072 1590 vinam
2090 1540 2142 1590 te
2159 1538 2235 1607 (ὅ)
2251 1536 2670 1608 praescicntiam
2690 1554 2805 1590 non
2828 1539 2992 1607 posse
3015 1537 3224 1605 vitare;
3248 1537 3414 1590 sicuti
3436 1553 3582 1607 prae-

1881 1625 2052 1679 sentis
2083 1627 2234 1680 oculi
2262 1627 2512 1697 effugere
2544 1642 2662 1679 non
2684 1625 2866 1696 possis
2898 1625 3196 1692 intuitum,
3235 1626 3494 1696 quamvis
3529 1629 3580 1679 te

1881 1714 1942 1768 in
1975 1715 2160 1768 varias
2207 1715 2460 1770 actiones
2494 1715 2675 1768 libera
2705 1715 2997 1769 voluntate
3029 1715 3398 1768 converteris.
3433 1713 3580 1778 Quid

1880 1804 2078 1875 igitur,
2120 1804 2386 1875 inquies?
2437 1805 2513 1858 Ex
2553 1821 2754 1858 meane
2788 1803 3166 1874 dispositione
3209 1803 3446 1857 scientia
3486 1803 3576 1856 di-

1881 1894 2015 1947 vina
2046 1893 2381 1963 mutabitur,
2407 1897 2469 1948 ut
2497 1910 2627 1948 cum
2665 1910 2768 1964 ego
2793 1910 2947 1948 nunc
2978 1893 3104 1956 hoc,
3136 1908 3289 1946 nunc
3321 1891 3466 1945 illud
3493 1908 3583 1946 ve-

1882 1982 2000 2046 lim,
2039 1983 2138 2036 illa
2170 1999 2399 2053 quoque
2433 1983 2706 2036 noscendi
2732 1983 2880 2036 vices
2911 1984 3194 2036 alternare
3224 1982 3530 2035 videantur
3551 1983 3580 2035 ?

1881 2071 2128 2125 Minime.
2180 2072 2360 2126 Omne
2407 2089 2657 2143 namque
2707 2073 2968 2126 futurum
3000 2072 3225 2126 divinus
3270 2071 3573 2142 praecurrit

1880 2160 2137 2228 intuitus,
2182 2167 2239 2216 et
2282 2163 2397 2230 (10)
2422 2162 2490 2215 ad
2542 2161 2911 2232 praesentiam
2955 2162 3200 2232 propriae
3223 2160 3584 2232 cognitionis

1879 2255 2174 2322 retorquet
2205 2256 2291 2305 ‘ac
2346 2256 2585 2306 revocat.
2645 2252 2756 2305 Nec
2809 2252 3072 2319 alternat,
3124 2254 3186 2305 ut
3258 2251 3572 2318 existimas,

1882 2357 2033 2394 nunc
2059 2342 2187 2410 hoc,
2210 2356 2359 2395 nunc
2389 2341 2533 2395 illud
2568 2341 2965 2411 praenoscendi
2989 2341 3133 2394 vices
3157 2357 3170 2407 ;
3194 2341 3292 2394 sed
3313 2356 3430 2394 uno
3463 2340 3582 2394 ictu

1884 2431 2233 2484 mutationes
2267 2437 2393 2484 tuas
2436 2444 2674 2484 manens
2717 2428 2993 2500 praevenit
3041 2432 3212 2499 atque
3253 2427 3580 2499 complecti-

1881 2523 1992 2573 tur.
2027 2520 2209 2583 Quam
2244 2519 2774 2591 comprehendendi
2814 2518 3008 2572 omnia
3045 2517 3382 2587 visendique
3425 2533 3573 2587 prae-

1880 2609 2142 2674 sentiam,
2165 2625 2284 2662 non
2323 2625 2389 2687 ex
2420 2609 2766 2675 futurarumj
2790 2612 3075 2678 proventu
3111 2621 3326 2674 rerum,
3366 2607 3468 2660 sed
3514 2621 3580 2660 ex

1879 2698 2115 2769 propria
2145 2700 2294 2752 Deus
2341 2698 2702 2768 simplicitate
2749 2695 2978 2750 sortitus
3022 2699 3125 2749 est.
3163 2696 3238 2748 Ex
3281 2710 3393 2765 quo
3439 2695 3580 2748 illud

1882 2804 2110 2858 quoque
2143 2787 2465 2857 resolvitur,
2514 2787 2664 2857 quod
2699 2788 2803 2856 (lli)
2835 2787 3006 2856 paulo
3044 2789 3176 2838 ante
3203 2783 3463 2855 posuisti,
3490 2784 3580 2837 in-

1883 2877 2124 2947 dignum
2163 2893 2304 2943 esse,
2353 2877 2400 2930 si
2444 2876 2691 2930 scientiae
2737 2875 2832 2929 Dei
2865 2890 3095 2928 causam
3140 2875 3335 2927 futura
3383 2877 3580 2927 nostra

1880 2972 2156 3036 praestare
2187 2966 2468 3020 dicantur.
2504 2965 2636 3019 Haec
2669 2964 2825 3018 enim
2873 2963 3125 3017 scientiae
3158 2962 3239 3016 vis
3271 2965 3582 3032 praesenta-

104 3062 159 3113 ad
181 3060 444 3113 intuitum
471 3059 654 3113 relata
691 3057 969 3123 divinum,
1004 3058 1324 3112 necessaria
1355 3059 1500 3112 fiunt
1527 3060 1636 3130 (‘20)
1671 3075 1774 3131 per
1811 3060 1852 3116 C
1883 3055 1969 3110 ria
2013 3055 2244 3110 notione
2273 3057 2474 3109 cuncta
2512 3056 2916 3124 complectens,
2962 3053 3132 3106 rebus
3162 3051 3430 3106 omnibus
3458 3067 3584 3104 mo-

104 3148 464 3202 conditionem
488 3147 695 3201 divinae
720 3146 965 3200 notionis
990 3163 1002 3199 ε
1029 3163 1131 3215 per
1152 3163 1210 3200 se
1231 3164 1363 3201 vero
1394 3149 1772 3213 considerata,

103 3240 156 3291 ab
172 3239 423 3292 absoluta
455 3242 675 3290 naturae
701 3238 721 3278 ί
746 3252 860 3290 suae
884 3236 1146 3290 libertate
1169 3252 1284 3290 non
1303 3237 1589 3292 desinunt.
1613 3239 1772 3292 Fient

104 3328 253 3397 igitur
278 3326 671 3398 proculdubio
696 3331 918 3394 cuncta,
939 3342 1068 3397 qua:
1085 3325 1279 3379 futura
1304 3328 1451 3380 Deus
1474 3344 1593 3382 esse
1623 3344 1770 3398 prae-

103 3418 276 3483 noscit,
329 3417 425 3470 sed
487 3432 686 3469 eorum
735 3415 999 3485 quaedam
1059 3415 1129 3468 de
1173 3415 1352 3468 libero
1386 3417 1773 3486 protiscuutur

103 3505 358 3559 arbitrio:
399 3521 530 3576 quae
568 3505 828 3574 quamvis
876 3504 1164 3570 eveniant,
1231 3505 1526 3560 existendo
1579 3510 1774 3560 tamen

103 3597 371 3664 propriam
424 3600 689 3648 naturam
731 3610 850 3647 non
900 3594 1220 3661 amittunt;
1269 3611 1396 3666 qua:
1436 3596 1773 3666 priusquam

102 3685 293 3752 ﬁerent,
330 3685 503 3738 etiam
537 3701 651 3738 non
682 3684 907 3737 evenire
947 3685 1289 3754 potuissent.
1324 3684 1472 3748 Quid
1506 3687 1613 3756 (25)
1659 3686 1773 3756 igi-

105 3779 176 3828 tur
200 3776 366 3829 refert
400 3791 518 3827 non
568 3790 688 3828 esse
721 3774 1062 3840 necessaria,
1111 3790 1241 3827 cum
1293 3778 1529 3846 propter
1568 3776 1775 3830 divina:

107 3865 325 3918 scientiae
384 3863 773 3918 conditionem
841 3863 1026 3918 modis
1073 3863 1361 3930 omnibus,
1422 3865 1774 3919 necessitatis

104 3951 273 4024 instar,
321 3953 632 4007 eveniant?
665 3954 776 4006 Hoc
823 3952 1057 4016 scilicet,
1109 3953 1261 4023 quod
1296 3969 1361 4007 ea
1420 3970 1546 4024 quae
1601 3956 1772 4025 paulo

105 4045 210 4093 ante
240 4041 535 4111 proposui,
570 4041 650 4093 sol
683 4040 891 4107 oriens,
944 4044 999 4093 et
1032 4052 1060 4094 ς
1090 4039 1356 4109 gradiens
1404 4040 1596 4108 homo,
1647 4059 1776 4112 quae

107 4129 215 4183 dum
245 4132 413 4196 fiunt,
433 4146 548 4183 non
572 4129 696 4182 ﬁeri
719 4145 834 4183 non
855 4132 1124 4200 possunt:
1147 4145 1345 4182 eorum
1372 4133 1568 4183 tamen
1591 4147 1770 4186 unum

111 4220 240 4288 prius
260 4236 494 4291 qtioque
528 4233 700 4290 quam
733 4220 913 4284 fieret,
946 4235 1176 4272 necesse
1202 4223 1324 4272 erat
1364 4219 1605 4273 existere
1642 4237 1653 4273 :
1685 4221 1774 4274 al-

110 4315 265 4363 terum
309 4325 443 4364 vero
483 4308 745 4363 minime.
793 4310 868 4361 tta
900 4307 1073 4361 etiam
1121 4324 1248 4377 qum
1289 4309 1596 4378 praesentia
1629 4310 1775 4364 Deus

109 4395 267 4465 habet,
312 4398 427 4468 (30)
476 4398 652 4453 dubio
689 4399 892 4468 procul
936 4397 1186 4452 existunt
1228 4413 1240 4452 :
1287 4398 1380 4452 sed
1427 4414 1628 4453 eorum
1668 4400 1778 4455 hoc

1884 3147 2019 3200 dum
2045 3145 2171 3215 ipsa
2200 3144 2509 3211 constituit,
2543 3143 2687 3197 nihil
2709 3159 2842 3196 vero
2875 3142 3292 3210 posterioribus
3324 3142 3351 3174 ¹ί
3389 3141 3574 3195 debet.

1884 3235 2018 3298 Quae
2043 3251 2171 3288 cum
2203 3235 2282 3288 ita
2311 3235 2444 3301 sint,
2479 3238 2674 3287 manet
2704 3233 3043 3286 intemerata
3069 3231 3404 3284 mortalibus
3430 3229 3579 3283 arbi-

1881 3324 1975 3379 trii
2007 3325 2252 3378 libertas.
2298 3325 2409 3378 Nec
2439 3323 2655 3394 iniquae
2694 3323 2869 3392 leges,
2908 3321 3108 3375 solutis
3137 3320 3298 3373 omni
3328 3319 3577 3373 necessi-

1879 3417 1994 3469 tate
2025 3413 2437 3479 voluntatibus,
2472 3411 2710 3483 praamia
2745 3427 3059 3482 poenasque
3090 3410 3202 3481 (20)
3224 3411 3578 3480 proponunt.

1883 3505 2066 3559 Manet
2111 3504 2284 3558 etiam
2325 3506 2608 3573 spectator
2640 3503 2884 3571 desuper
2925 3505 3262 3555 cunctorum
3313 3497 3584 3569 praescius

1883 3595 2053 3662 Deus,
2089 3593 2434 3664 visionisque
2462 3593 2585 3662 ejus
2613 3607 2863 3662 praesens
2886 3607 3114 3661 semper
3137 3589 3424 3643 aeternitas
3454 3603 3585 3642 cum

1885 3689 2212 3738 nostrorum
2241 3687 2470 3737 actuum
2508 3682 2703 3736 futura
2744 3681 3019 3751 qualitate
3063 3679 3371 3746 concurrit,
3415 3677 3582 3732 bonis

1879 3773 2140 3844 praemia,
2172 3773 2337 3826 malis
2369 3771 2653 3842 supplicia
2676 3771 3038 3841 dispensans.
3077 3770 3188 3822 Nec
3208 3769 3420 3822 frustra
3451 3770 3584 3821 sunt

1880 3863 1944 3917 in
1976 3865 2089 3917 Deo
2121 3861 2319 3933 positae
2349 3878 2476 3932 spes
2526 3876 2838 3930 precesque
2864 3877 2876 3927 ;
2915 3875 3044 3930 quae
3072 3875 3202 3912 cum
3225 3863 3392 3912 rectae
3424 3859 3579 3925 sunt,

1880 3951 2204 4006 inefficaces
2235 3967 2356 4004 esse
2387 3967 2502 4004 non
2535 3955 2791 4020 possunt.
2825 3949 3183 4003 Aversamini
3215 3947 3394 4018 igitur
3421 3947 3580 4014 vitia,

1880 4041 2047 4095 colite
2081 4040 2338 4099 virtutes,
2379 4040 2446 4093 ad
2469 4043 2652 4093 rectas
2693 4055 2820 4109 spes
2847 4040 2951 4108 (233)
2986 4038 3242 4091 animum
3267 4037 3580 4104 sublevate,

1878 4129 2127 4184 humiles
2171 4145 2366 4199 preces
2421 4128 2481 4182 in
2525 4129 2742 4182 excelsa
2798 4127 3095 4198 porrigite.
3129 4129 3147 4163 ί
3180 4128 3382 4194 Magna
3420 4125 3580 4179 vobis

1884 4224 1989 4286 est,
2021 4219 2068 4272 si
2098 4219 2457 4273 dissimulare
2488 4234 2606 4273 non
2634 4203 2828 4286 vultis,
2858 4217 3168 4272 necessitas
3199 4213 3413 4268 indicta
3446 4231 3583 4285 pro-

1882 4308 2104 4379 bitatis,
2145 4324 2276 4363 cum
2315 4313 2446 4363 ante
2505 4308 2696 4364 oculos
2744 4308 2912 4379 agitis
2952 4305 3164 4378 judieis
3212 4307 3416 4360 cuncta
3463 4319 3580 4358 cer-

1888 4398 2077 4453 nentis
2107 4393 2136 4453 ¹.

1567 4497 2154 4555 ΙΝΤΕΒΡΒΕΤΑΤΙΟ.

167 4601 186 4624 ⁸
217 4594 366 4648 Certa
389 4595 636 4648 scientia.

165 4665 185 4704 ι)
216 4666 331 4718 Rem
373 4665 592 4734 quidem
623 4679 731 4719 esse
766 4666 1126 4732 verissimam,
1159 4666 1254 4719 sed
1291 4667 1341 4719 ei
1377 4666 1550 4720 solum
1596 4669 1767 4720 menti

110 4740 336 4802 perviam,
368 4752 488 4806 quae
516 4737 671 4790 rebus
703 4736 908 4791 divinis
938 4739 1363 4806 contemplandis
1418 4742 1636 4791 assueta
1673 4743 1769 4792 est.

170 4819 187 4846 ε
223 4808 642 4861 Necessitatem.

166 4879 184 4918 ἀ
207 4880 604 4933 Ambulantem.

173 4955 190 4979 θ
223 4951 494 5004 Ambulat.

173 5018 186 5050 τ
217 5021 322 5075 Non
345 5025 644 5091 privantur
672 5022 921 5076 absoluta
947 5022 1193 5077 libertate
1223 5037 1332 5077 suae
1356 5026 1588 5078 naturae.

1958 4621 1985 4660 g
2022 4594 2349 4648 Ambulans.

1947 4667 1976 4708 ιι
2013 4668 2133 4722 Νοη
2163 4667 2448 4718 immerito.

1957 4736 1970 4769 ί
2009 4739 2313 4790 Destruam.

1951 4823 1966 4874 j
2011 4810 2232 4861 Eventu.

1956 4877 1985 4984 ξι
2019 4881 2209 4984 ,ξοεὶίθνι
2238 4881 2530 4948 acceptum.

2010 4953 2125 5005 Dei.

1710 5095 1932 5152 ΝΟΤᾸΕ.

118 5179 277 5233 tamen
301 5197 409 5249 res,
441 5183 558 5235 sive
583 5197 858 5252 praesens,
884 5182 998 5236 sive
1029 5182 1223 5237 futura
1256 5188 1339 5237 est
1369 5200 1539 5238 causa
1570 5184 1778 5239 divinae

121 5263 198 5300 seu
230 5254 490 5324 notionis,
533 5271 630 5308 seu
673 5255 1050 5324 praenotionis
1085 5271 1257 5309 :nam
1295 5258 1781 5324 comprehendemti

121 5323 268 5375 onznia
296 5326 606 5390 visendique
633 5323 998 5394 praesenti/1m,
1033 5343 1139 5381 non
1180 5343 1246 5381 ea:
1285 5323 1606 5393 futurarum
1650 5344 1780 5397 pro-

125 5397 254 5468 vcnlu
279 5411 470 5454 rerum.
504 5398 598 5451 sed
643 5414 709 5451 ea:
735 5401 967 5466 propria
994 5402 1128 5453 Deus
1163 5400 1511 5468 simplicitate
1553 5403 1777 5454 sortitus

123 5463 184 5512 est
212 5479 222 5514 :
255 5471 311 5519 ut
340 5483 488 5521 nunc
521 5463 746 5522 dicitur:

149 5601 160 5616 τ
187 5533 201 5566 ¹
224 5536 411 5616 Magna
435 5540 584 5616 vobis
613 5543 1004 5616 est_ne_ccss_itas
1037 5540 1246 5616 indicta
1275 5542 1586 5616 probitatis,
1619 5545 1722 5616 etc.
1759 5542 1777 5612 ]

126 5600 266 5674 Nam,
297 5600 356 5662 ut
387 5612 634 5681 loquitur
681 5613 733 5666 S.
771 5612 1007 5666 Basilius
1037 5611 1096 5664 in
1141 5600 1343 5682 Regul.
1399 5600 1774 5679 brevioribus;

129 5687 347 5746 respons,
378 5685 430 5749 ‘2,
469 5685 610 5738 Mens
643 5685 789 5739 iners
827 5700 894 5738 ccc
919 5700 976 5737 eo
1005 5684 1247 5752 efﬁcitur
1276 5700 1436 5750 seque
1469 5685 1624 5754 justo
1650 5686 1778 5754 plus

1890 5184 2042 5239 dedit
2083 5186 2263 5237 otiosae
2299 5183 2600 5247 securitati,
2647 5179 2790 5246 quod
2820 5183 2985 5234 Deum
3025 5179 3212 5234 adesse
3239 5194 3345 5232 non
3387 5176 3580 5243 credit,

1889 5259 1986 5325 qui
2015 5260 2284 5309 scrutetur
2313 5253 2478 5308 corda
2507 5259 2743 5325 etrenes.
2777 5252 2837 5307 Si
2867 5254 3003 5304 enim
3032 5253 3126 5305 hoc
3167 5251 3584 5325 crederct_pror-

1886 5321 1977 5382 sus
2002 5328 2140 5382 illud
2164 5329 2366 5391 facere,
2397 5325 2542 5394 quod
2588 5324 2793 5378 dictum
2843 5329 2920 5377 est
2950 5339 2962 5376 :
2992 5323 3347 5394 providebam
3399 5321 3583 5394 Domi-

1887 5415 2016 5453 num
2047 5402 2106 5451 in
2145 5392 2427 5466 conspectu
2459 5411 2568 5450 meo
2597 5411 2821 5462 semper,
2865 5397 3124 5466 quoniam
3171 5410 3204 5446 ιι
3249 5392 3458 5466 dextris
3509 5394 3587 5444 est

1886 5469 2029 5524 mihi
2062 5486 2124 5522 ne
2164 5463 2582 5522 com—moveam...
2631 5467 2760 5532 Quis
2799 5474 2876 5520 est
2905 5470 3064 5530 enim,
3105 5463 3296 5532 inquit
3325 5477 3582 5532 respons.

1888 5544 1977 5606 29,
2010 5542 2235 5594 alterius
2275 5541 2532 5608 potestati
2567 5539 2862 5606 subjectus,
2896 5540 2989 5604 qui
3020 5538 3078 5587 in
3118 5535 3286 5588 oculis
3313 5535 3586 5608 principis

1887 5615 1976 5667 sui
2019 5612 2234 5679 aliquid
2280 5607 2515 5666 ausurus
2564 5614 2637 5665 sit
2686 5625 2927 5680 unquam
2966 5621 3146 5661 eorum
3174 5621 3294 5674 qua
3327 5607 3438 5675 ipsi
3480 5621 3586 5659 non

1882 5685 2100 5753 placent
2128 5687 2154 5737 ?
