3982 6182
1697 275 1809 328 AN.
1852 271 2060 328 MANL.
2098 271 2243 328 SEV.
2288 269 2605 328 BOETIUS.

387 408 1494 419 ____—___._.__._____--_._._____—
1511 401 2831 412 Μ

1552 485 1956 549 νΑΒιλΕ
2029 483 2618 550 LECTIONE
2644 483 2722 550 S.

1681 595 1771 658 (Ex
1794 596 2104 646 recensione
2133 595 2319 645 Renati
2350 595 2586 659 Vallini.)

1401 686 1552 734 Prior
1584 700 1830 735 numerus
1861 686 2140 751 paginam,
2174 687 2428 750 posterior
2461 685 2652 736 lineam
2686 687 2850 735 notat.

449 807 501 870 4,
551 808 604 874 2,
647 807 924 862 Solantur.
969 803 1057 859 Sic
1105 820 1304 858 omnes
1341 807 1560 858 veteres
1607 803 1826 858 codices
1877 821 1890 859 :

379 879 606 933 solatur.

459 953 539 1016 11,
590 951 636 1012 1,
661 947 1149 1015 indissolubilique.
1177 945 1549 1002 Indissolubili
1594 946 1793 1015 legunt
1834 946 1947 1000 duo
1986 963 2074 1001 co-

381 1020 533 1074 dices
582 1019 894 1086 Victorini;
938 1019 1099 1089 prior
1146 1023 1231 1072 est
1270 1034 1299 1071 e
1338 1017 1681 1072 bibliotheca
1739 1018 1791 1072 S.
1837 1019 2073 1072 Victoris

381 1091 734 1146 Parisiensis.

457 1166 538 1231 11,
571 1166 623 1228 9,
655 1163 1010 1216 abstulerant.
1044 1161 1364 1216 Abstulerat
1395 1159 1532 1231 legit
1552 1161 1724 1216 codex
1753 1159 2074 1215 Victorinus

379 1235 680 1288 secundus.

455 1307 538 1372 14,
586 1309 632 1370 1,
677 1307 1025 1359 innutritum.
1069 1303 1170 1357 llic
1207 1301 1558 1356 variantibus
1605 1303 1781 1370 libris,
1833 1305 2071 1358 innutri-

379 1381 490 1433 tum
530 1376 716 1448 potius
744 1392 918 1448 quam
950 1380 1244 1448 euut-ritum
1274 1374 1655 1448 retinuimus;
1686 1373 1838 1445 quod
1868 1375 2072 1428 eodem

379 1465 492 1520 quo
533 1446 622 1503 hic
661 1446 830 1504 sensu
862 1449 932 1501 ab
979 1447 1231 1520 antiquis
1274 1446 1481 1515 saepius
1511 1446 1803 1520 videamus
1835 1462 2074 1520 usurpa-

377 1517 500 1573 tum
535 1537 546 1573 :
580 1520 791 1573 Velleio
823 1519 1138 1584 Paterculo,
1171 1517 1269 1571 lib.
1306 1533 1375 1582 II,
1401 1533 1432 1569 a
1454 1533 1566 1586 quo
1611 1518 1882 1572 scribitur
1915 1518 2074 1572 Tibe-

377 1591 496 1646 rius
557 1593 861 1645 innutritus
925 1592 1213 1644 caelestium
1270 1594 1665 1656 praceptorum
1708 1588 2068 1657 disciplinis:

376 1663 638 1732 Apuleio,
670 1665 824 1730 virgo
852 1662 1061 1714 deliciis
1091 1659 1336 1713 omnibus
1369 1662 1659 1732 innutrita.
1693 1660 1758 1732 Et
1792 1665 1922 1712 ante
1956 1659 2069 1714 Pli-

377 1730 507 1787 nius
527 1732 728 1787 Junior
760 1734 996 1787 homines
1019 1734 1160 1784 mari
1193 1733 1490 1784 innutritos
1525 1730 1746 1784 dixerit.

462 1805 545 1872 14,
584 1807 639 1872 2,
693 1805 835 1857 abite
883 1806 1085 1874 potius.
1138 1801 1491 1874 Abitclegit
1528 1801 1700 1874 codex
1748 1802 2071 1857 Thuanmus

377 1871 677 1946 primus,c
699 1871 1043 1928 bibliotheca
1068 1872 1411 1946 amplissimi
1443 1871 1569 1926 viri.

453 1947 535 2012 14,
580 1949 631 2009 5,
661 1947 959 2012 Caligarat,
989 1961 1071 1999 ne.
1108 1945 1378 2009 Caligaret
1401 1960 1512 2012 nec,
1539 1960 1654 1997 non
1684 1944 1854 1998 male.

452 2020 535 2084 17,
567 2020 620 2078 2,
654 2023 835 2071 aucta.
866 2018 1006 2070 Acta
1037 2015 1175 2084 legit
1206 2015 1534 2068 Florentina
1564 2015 1756 2069 editio.

452 2091 534 2154 18,
567 2091 619 2156 6,
650 2091 709 2143 in
725 2092 982 2142 numeris.
1017 2087 1078 2140 Id
1122 2090 1204 2140 est
1233 2089 1289 2140 in
1327 2091 1607 2141 numerato
1639 2086 1901 2142 habebat:
1937 2102 2067 2158 qua:

376 2160 540 2214 lectio
573 2165 658 2214 est
687 2161 946 2213 omnium
979 2158 1262 2213 codicum.

448 2232 538 2297 24,
570 2232 622 2298 3,
670 2234 848 2300 prius.
899 2233 1075 2297 Prior,
1117 2245 1314 2283 omnes
1368 2229 1608 2296 codices,
1661 2233 1897 2298 excepto
1941 2228 2069 2282 Flo—

378 2303 625 2357 rentino.

445 2376 534 2442 31,
571 2376 620 2439 1,
654 2373 984 2428 obversatus.
1011 2373 1172 2426 Solus
1197 2370 1577 2438 Florentinus,
1612 2376 1878 2426 versatus.

446 2441 533 2512 32,
582 2448 636 2509 2,
668 2460 760 2498 nec
787 2447 1078 2498 sarcinam.
1128 2446 1206 2498 Ne
1253 2445 1548 2509 sarcinam,
1601 2441 1814 2513 Regius
1874 2441 2066 2510 codex,

377 2516 476 2586 qui
507 2532 538 2569 e
567 2515 916 2569 bibliotheca
950 2515 1145 2585 Regia.

446 2588 534 2652 32,
569 2589 620 2652 5,
663 2589 733 2641 Et
779 2589 940 2654 quasi
984 2583 1197 2640 novum.
1245 2584 1338 2639 Sic
1373 2583 1695 2638 Victorinus
1763 2584 2067 2653 secundus,

375 2661 432 2711 et
462 2658 821 2711 Florentinus
855 2674 867 2712 :
899 2657 1108 2728 reliqui
1131 2658 1329 2728 legunt
1365 2657 1508 2710 novi.

444 2728 613 2796 lbid.,
652 2726 1124 2798 perhorrescerem.
1176 2726 1356 2782 Codex
1404 2729 1542 2798 Reg.
1588 2730 1642 2781 et
1671 2726 1812 2781 Vict.
1861 2742 2070 2782 secun-

374 2800 479 2854 dus
510 2800 711 2869 legunt
731 2803 805 2854 sic
826 2803 1302 2870 perhorrescerem.

443 2873 528 2936 38,
575 2874 626 2937 6,
679 2869 968 2926 excitantis
1017 2878 1222 2926 mstum.
1270 2870 1457 2926 Codex
1503 2871 1605 2924 Th.
1649 2869 1892 2940 primus,
1926 2870 2063 2940 Reg.

372 2948 427 3014 et
456 2947 696 3012 uterque
727 2942 867 2997 Vict.
903 2945 1104 3013 legunt
1136 2945 1471 3009 emagitantis
1501 2946 1690 2996 aestum
1721 2959 1734 3010 ;
1764 2943 1867 2996 sed
1896 2944 2066 3009 male,

373 3019 431 3069 et
450 3019 646 3067 contra
671 3014 952 3068 rationem
984 3030 1198 3068 versus.

443 3087 531 3157 40,
569 3087 616 3151 1,
649 3087 790 3152 feros
824 3091 1111 3157 tyrannos.
1157 3085 1259 3140 Th.
1294 3084 1516 3154 primus
1559 3087 1614 3139 et
1648 3088 1891 3156 uterque
1923 3084 2065 3139 Vict.

369 3154 584 3211 hibent
608 3171 772 3211 srvos
804 3154 1104 3226 tyrannos;
1137 3157 1271 3210 item
1306 3158 1473 3222 male,

441 3229 530 3295 42,
593 3232 643 3291 3,
692 3229 911 3297 Oportet
963 3230 1160 3282 vulnus
1219 3228 1456 3293 detegas.
1522 3227 1611 3283 Sic
1659 3227 1763 3282 Th.
1818 3227 2065 3297 primus,

373 3301 536 3367 Reg.,
569 3300 714 3353 Flor.
751 3304 808 3352 et
836 3306 1078 3370 uterque
1121 3299 1258 3352 Vict.
1293 3299 1486 3352 codex.

440 3370 528 3435 44,
573 3373 622 3434 5,
676 3369 1109 3435 ’ἱηΓεννεηεξΉμ
1152 3371 1394 3440 primus,
1431 3371 1569 3439 Reg.
1603 3372 1659 3423 et
1695 3369 1840 3424 Flor.
1892 3369 2068 3424 codex

372 3439 586 3494 habent
621 3442 848 3506 ferrent.

444 3511 532 3571 45,
564 3513 616 3576 2,
641 3515 1021 3579 potentiorum.
1052 3511 1198 3564 Flor.
1221 3510 1394 3564 habet
1413 3514 1708 3578 potentum.

445 3581 610 3646 lbid.,
643 3582 695 3647 4,
742 3584 1088 3648 Triguillam.
1141 3581 1326 3634 Codex
1373 3583 1514 3636 Vict.
1565 3582 1846 3636 secundus
1894 3582 2068 3637 habet

377 3654 738 3721 Trigguillam
772 3669 784 3707 :
819 3659 875 3707 et
904 3654 952 3706 is
982 3653 1220 3706 fortasse
1247 3657 1331 3706 est
1361 3667 1533 3723 quem
1567 3653 1718 3722 apud
1753 3653 2064 3708 Theoderi-

374 3739 504 3778 cum
562 3723 746 3792 gratia
795 3724 1108 3795 pollentem
1151 3728 1316 3778 vocat
1389 3724 1679 3778 Ennodius
1743 3727 2065 3793 Trigguam,

375 3795 536 3848 enist.
566 3798 657 3848 21.
691 3795 792 3848 lib.
822 3811 896 3848 ix.

375 3795 536 3859 epist.
566 3798 657 3859 21,
691 3795 792 3849 lib.
822 3811 896 3850 ix.

408 3811 1150 3936 pllbidil6,1pgrpgtrataque.
1173 3867 1310 3936 Reg.
1340 3869 1395 3920 et
1417 3867 1559 3921 Vict.
1593 3867 1874 3922 secundus
1897 3868 2070 3922 habet

374 3941 425 4018 et
473 3941 793 4007 perpetrata
823 3956 844 4001 ;
885 3939 981 3993 sed
1009 3937 1226 4008 optime
1257 3938 1392 3992 Vict.
1430 3939 1668 4008 primus,
1694 3942 2069 4009 imperataque

366 4024 508 4078 3am.

375 4153 393 4207 ι
434 4081 534 4204 ιιξὸ,
572 4084 618 4148 1,
660 4082 921 4137 Palatini.
967 4081 1070 4135 Th.
1109 4080 1330 4152 primus
1380 4083 1435 4134 et
1467 4085 1708 4152 uterque
1756 4080 1919 4150 Vict.,
1966 4085 2068 4137 Pa-

395 4168 427 4206 α
455 4167 576 4206 inae.

395 4154 576 4206 atinae.

444 4224 534 4289 49,
570 4227 616 4288 l,
650 4239 875 4292 quorum
906 4225 1170 4287 Basilius,
1206 4225 1351 4278 olim.
1406 4224 1489 4277 Ita
1536 4239 1733 4277 omnes
1767 4223 1916 4279 libri.
1965 4225 2065 4279 So-

373 4293 460 4349 lus
493 4295 638 4349 Flor.
671 4309 783 4349 una
813 4311 948 4348 voce
977 4295 1208 4348 auctior.
1241 4295 1486 4348 Basilius
1510 4310 1670 4349 unus.

444 4367 530 4433 50,
568 4369 616 4432 1,
649 4368 965 4420 innumeras
995 4366 1442 4436 multiplicesque.
1476 4367 1663 4420 Codex
1695 4363 1871 4433 Flor.,
1907 4369 2062 4437 inju-

372 4439 488 4492 rias
519 4443 682 4505 atque
720 4439 1066 4506 multiplices.

446 4508 612 4576 lbid.,
636 4509 688 4574 4,
726 4515 785 4564 ut
811 4512 889 4562 ni.
926 4510 1174 4579 Uterque
1198 4508 1371 4562 codex
1401 4507 1565 4575 Vict.,
1590 4511 1676 4562 uti
1699 4511 1776 4561 ni.

443 4579 710 4651 lbid.,,6,
759 4580 938 4634 eodem
983 4580 1088 4635 die.
1143 4579 1331 4633 Codex
1390 4580 1528 4634 Vict.
1579 4580 1821 4651 primus,
1873 4595 1929 4634 eo
1978 4581 2065 4634 die

374 4649 558 4704 Codex
594 4650 728 4705 Vict.
763 4651 1065 4716 secundus,
1099 4653 1236 4704 ineo
1267 4651 1374 4704 die.

1958 819 2076 858 non
2115 807 2162 861 Α
2189 806 2334 860 travi
2366 821 2378 858 :
2411 804 2508 859 sed
2540 803 2730 858 minus
2757 804 2922 857 bene.

2256 875 2426 941 lbid.,
2447 879 2500 930 2.
2531 878 2731 946 inquit,
2765 879 3028 930 maastum.
3055 873 3194 929 Vict.
3217 873 3464 945 primus,
3490 875 3686 942 inquit,
3707 875 3848 928 alum-

2181 963 2264 1014 ne,
2291 953 2555 1002 mcestum.
3055 974 3064 976 -

2251 1021 2341 1087 76,
2361 1022 2411 1085 6,
2431 1021 2614 1084 itaque
2634 1018 2948 1073 lenioribus.
2964 1016 3064 1070 Th.
3087 1016 3328 1088 primus,
3355 1019 3544 1086 itaque
3564 1016 3837 1070 levioribus.

2253 1094 2343 1160 78,
2372 1093 2424 1157 3,
2457 1092 2655 1144 elusus.
2690 1088 2826 1142 Vict.
2864 1089 3105 1158 primus,
3133 1089 3347 1142 illusus.

2252 1165 2339 1227 83,
2369 1163 2422 1227 4,
2451 1162 2798 1216 conditorem.
2846 1161 2984 1226 Vict,
3023 1160 3263 1229 primus,
3294 1163 3612 1214 creatorem.

2253 1233 2342 1302 84,
2370 1235 2423 1300 2,
2447 1249 2481 1286 a
2506 1236 2633 1287 Deo.
2658 1232 2794 1285 Vict.
2824 1237 3086 1303 uterque,
3111 1233 3232 1285 Deo.

2253 1301 2393 1358 Ibid.
2459 1308 2541 1371 11,
2620 1305 2817 1359 Verum
2889 1301 3511 1371 hi‘perturbationibus
3574 1304 3710 1364 sunt,
3775 1315 3838 1352 ca.

2181 1374 2322 1429 Vict.
2370 1374 2650 1429 secundus
2681 1374 2918 1446 optime,
2957 1390 3141 1428 verum
3181 1375 3240 1426 hi
3256 1373 3721 1442 perturbationum
3753 1385 3841 1424 mo-

2157 1485 2165 1495 .
2185 1462 2270 1504 res
2301 1451 2449 1515 sunt,
2464 1463 2544 1501 ea.

2253 1522 2338 1585 87,
2376 1512 2617 1582 3,⁷υε>ναε.
2651 1516 2792 1581 Vict,
2825 1517 3066 1588 primus,
3100 1531 3228 1570 vera
3255 1533 3276 1578 ;
3307 1519 3374 1568 ut
3396 1515 3495 1568 lib.
3538 1529 3629 1566 ιιι.
3659 1512 3842 1565 verade

2178 1589 2305 1644 hinc
2336 1595 2577 1644 animum
2609 1590 2892 1644 subierint.

2251 1664 2338 1728 92,
2373 1664 2425 1727 5,
2469 1662 2931 1726 familiaritatem,
2965 1660 3115 1714 dum.
3165 1657 3352 1713 Codex
3387 1657 3528 1727 Reg.
3580 1655 3839 1723 familiari-

2180 1736 2343 1787 tatem
2373 1738 2599 1798 emercet,
2621 1732 2764 1786 dum.

2252 1807 2339 1869 93,
2373 1807 2428 1871 4,
2456 1807 2741 1868 contingit.
2773 1803 2916 1872 Reg.
2947 1803 3194 1868 contigit.

2249 1868 2424 1940 lbid.,
2470 1877 2715 1929 vernula.
2770 1868 2892 1929 ’[1ιῖ
2922 1874 3161 1942 primus,
3217 1871 3358 1924 Vict.
3416 1873 3676 1940 uterque,
3726 1868 3837 1936 Reg.

2177 1949 2238 2000 et
2267 1947 2415 2001 Flor.
2428 1988 2440 2012 ,
2497 1947 2808 2000 vernacula.

2251 2020 2338 2083 94,
2381 2022 2434 2083 2,
2462 2022 2517 2072 tu
2547 2021 2848 2084 fortunam.
2883 2016 3050 2082 Flor.,
3087 2019 3143 2068 tu
3164 2016 3212 2068 si
3248 2016 3559 2080 fortunam.

2117 2117 2157 2172 Β
2251 2081 2393 2172 Ibid.
2424 2081 2486 2172 '3,
2513 2081 2682 2143 mores
2727 2092 2871 2154 sunt,
2913 2081 3279 2152 ista'natura,
3307 2086 3476 2156 Reg.,
3536 2097 3716 2148 mores,
3755 2081 3839 2135 haec

2179 2165 2382 2214 natura
2410 2165 2506 2215 est.

2251 2231 2421 2296 lbid.,
2475 2233 2528 2297 8,
2591 2231 2878 2300 perﬁdam.
2929 2229 3067 2284 Vict.
3121 2227 3431 2292 secundus,
3482 2226 3578 2280 Th.
3635 2223 3836 2296 primus,

2181 2303 2318 2372 Reg.
2352 2309 2408 2356 et
2440 2304 2610 2369 Flor.,
2639 2302 2951 2372 perﬁdiam.

2251 2369 2338 2440 95,
2371 2375 2425 2440 4,
2456 2369 2652 2428 sortem
2700 2369 2999 2428 eicacerbes.
3048 2372 3148 2427 Th.
3191 2370 3417 2443 primus
3465 2373 3520 2424 et
3550 2369 3701 2440 Reg.,
3747 2384 3835 2422 sor-

2181 2450 2283 2501 tem
2315 2446 2685 2500 eraccrbabis.

2250 2517 2416 2583 lbid.,
2449 2520 2502 2583 6,
2530 2519 2939 2587 promovereris.
2973 2515 3074 2569 Th.
3107 2513 3332 2584 primus
3363 2516 3420 2567 et
3453 2511 3591 2566 Vict.
3632 2511 3833 2581 primus.

2175 2603 2535 2660 promoveres.

2250 2663 2337 2722 97,
2365 2663 2418 2726 2,
2460 2660 2828 2714 exaestuantis.
2867 2657 2957 2714 Sic
2996 2675 3027 2711 ει
3057 2657 3382 2727 Pomponio
3415 2652 3836 2727 Melarscribitur

2179 2724 2490 2798 Garumna,
2524 2732 2711 2785 obvius
2736 2731 2934 2786 Oceani
2972 2724 3323 2784 emaestua'ntis
3365 2726 3659 2782 accessibus
3694 2724 3838 2798 adau-

2179 2805 2296 2871 geri
2333 2822 2348 2856 :
2397 2796 2696 2872 proprium
2746 2801 2960 2872 quippe
3020 2800 3217 2854 oceani
3243 2803 3328 2853 est
3371 2803 3692 2852 exmstuare.
3728 2796 3830 2847 Vict.

2178 2880 2439 2946 uterque,
2473 2875 2609 2946 Reg.
2641 2877 2697 2926 et
2728 2872 3352 2946 Flor.,ﬂetwst‘uantisl
3533 2945 3538 2946 γ
3571 2939 3626 2946 ___
3670 2944 3676 2946 _
3801 2935 3808 2944 .

2250 2939 2600 3012 98:4,Chaud
2646 2949 2820 2999 curat.
2871 2943 2970 2998 Th.
3017 2943 3260 3014 primus,
3316 2942 3460 3012 Reg.
3494 2945 3547 2994 et
3571 2939 3699 2992 Vict.
3740 2939 3830 3007 pri-

2177 3033 2328 3084 mus,
2358 3022 2454 3072 aut
2483 3021 2656 3069 curat.

2251 3082 2336 3153 99',
2387 3093 2432 3156 -Ι,
2474 3090 2667 3153 suique
2698 3101 2972 3155 magnum.
3003 3086 3112 3150 Sic,
3136 3083 3327 3155 inquit
3347 3082 3623 3149 Vallinus,
3652 3097 3712 3134 ea:
3737 3094 3828 3156 cori-

2173 3152 2388 3229 jectura
2421 3152 2768 3228 reposuimus
2795 3152 2813 3211 Ξ
2863 3175 2985 3211 cum
3020 3157 3078 3210 id
3107 3152 3249 3215 ratio
3280 3156 3540 3209 Scazonis
3578 3152 3828 3229 necessario

2177 3225 2521 3300 postularet}
2567 3246 2661 3284 nec
2693 3232 2830 3284 mihi
2868 3230 3090 3283 dubium
3131 3230 3264 3296 quin
3303 3230 3388 3282 sic
3418 3228 3688 3295 scripserit
3727 3225 3826 3276 Boe-

2181 3306 2308 3358 tius.
2333 3327 2341 3337 ·

2254 3378 2370 3437 181,
2405 3374 2456 3441 4,
2498 3375 2694 3428 matris
2721 3388 2788 3426 ea:
2817 3376 2986 3426 utero.
3021 3371 3161 3425 Vict.
3200 3374 3446 3441 uterque
3479 3373 3534 3422 et
3564 3369 3824 3428 Flor.,ma-

2179 3449 2279 3501 tris
2313 3450 2481 3500 utero.

2247 3517 2417 3582 lbid.,
2475 3518 2526 3582 6,
2582 3519 2631 3568 et
2685 3517 2940 3568 omnium.
2988 3514 3127 3568 Vict.
3185 3517 3452 3584 uterque,
3492 3511 3822 3574 omniumque:

2176 3587 2275 3642 Th.
2308 3589 2528 3657 primus
2560 3592 2618 3640 et
2646 3587 2807 3655 Reg.,
2842 3588 3098 3640 omnium.

2247 3655 2416 3725 lbid.,
2445 3661 2497 3725 8,
2523 3658 2656 3711 habe
2677 3660 2932 3723 gratiam.
2965 3659 3071 3712 Th.
3108 3655 3350 3726 primus,
3379 3657 3518 3724 Reg.
3543 3657 3596 3706 et
3624 3655 3822 3717 uterque

2175 3730 2339 3796 Vict.,
2365 3731 2525 3784 habes
2549 3732 2807 3796 gratiam.

2247 3801 2414 3866 lbid.,
2448 3803 2499 3866 8,
2533 3801 2666 3853 habe
2694 3802 2949 3866 gratiam.
2972 3799 3073 3853 Th.
3101 3798 3339 3870 primus,
3375 3799 3514 3868 Reg.
3543 3799 3597 3848 et
3626 3797 3822 3860 uterque

2175 3871 2342 3936 Vict.,
2377 3873 2536 3926 habes
2563 3877 2846 3938 gratiam,

2246 3943 2409 4009 lbid.,
2450 3945 2534 4010 10,
2565 3948 2641 3996 est
2665 3944 2836 3996 allata
2862 3943 3031 4007 Flor.,
3065 3942 3224 3994 illata
3249 3946 3344 3995 est.

2252 4017 2371 4080 102,
2408 4017 2459 4081 6,
2489 4014 2761 4081 alligabit.
2790 4014 2928 4067 Vict.
2962 4020 3224 4082 uterque,
3260 4013 3535 4077 alligavit.

2251 4074 2369 4152 106,
2398 4074 2456 4152 8,
2484 4074 2619 4139 altos
2651 4086 2866 4154 pandit.
2909 4084 3008 4139 Th.
3041 4074 3281 4154 primus,
3316 4074 3459 4136 Vict.
3496 4083 3732 4149 uterque,
3781 4074 3823 4123 el

2175 4157 2338 4223 Reg,
2374 4159 2510 4211 alios
2536 4156 2753 4225 pandit.

2254 4230 2370 4294 107,
2401 4233 2444 4282 1.
2477 4223 2625 4283 dives
2665 4231 2800 4293 agit.
2837 4227 2977 4280 Vict.
3013 4225 3314 4286 secundus,
3341 4225 3492 4278 dives
3520 4223 3642 4276 erit.

2252 4287 2370 4366 111,
2409 4304 2456 4364 1,
2506 4287 2721 4353 medius
2753 4299 3052 4352 consulum.
3100 4299 3261 4368 Reg.,
3296 4298 3506 4350 medius
3543 4287 3815 4346 consideth

2177 4371 2346 4424 male.

2248 4442 2414 4506 lbid.,
2449 4446 2502 4509 6,
2533 4440 2880 4509 prrstrinmit.
2935 4440 3034 4495 Th.
3089 4440 3330 4510 primus,
3360 4440 3504 4507 Reg.
3536 4440 3588 4488 et
3621 4435 3816 4495 uterque

2175 4513 2339 4577 Vict.,
2363 4515 2728 4583 prazstrinmit.

2249 4571 2378 4647 118,⁸
2401 4587 2455 4650 2,
2488 4585 2609 4637 luis.
2639 4584 2740 4637 Th.
2765 4590 3003 4654 primus,
3029 4582 3166 4651 Reg.
3185 4587 3240 4635 et
3260 4583 3502 4654 uterque
3527 4576 3676 4636 Vict.,
3702 4571 3811 4654 iugi:

2255 4638 2371 4721 120,
2402 4638 2456 4710 4,
2507 4638 2783 4723 quantum‘
2805 4654 2962 4707 decus
2991 4638 3361 4708 ornamentis.
3401 4638 3535 4703 Vict.
3585 4638 3816 4698 secundus

445 4719 612 4796 lbid.,
647 4725 700 4787 9,
732 4724 982 4796 vilitatis.
1017 4721 1371 4796 Th._primus
1394 4727 1450 4777 et
1477 4725 1719 4793 uterque
1739 4721 1902 4790 Vict.,
1936 4723 2061 4777 vili-
2105 4717 2146 4771 Ι)
2180 4730 2235 4780 et
2257 4717 2418 4796 Reg.,
2453 4717 2715 4791 quantum
2755 4726 3102 4778 ornamentis.

374 4795 477 4846 tas.
506 4791 674 4858 Flor.,
704 4795 963 4846 utilitatis
993 4810 1005 4847 :
1040 4794 1208 4848 male.

446 4863 610 4929 52,9,
645 4867 966 4918 concessisse
1013 4865 1374 4921 mendacium.
1408 4865 1512 4920 Th.
1559 4863 1802 4934 primus.
1847 4880 2064 4920 consen-

373 4935 506 4989 sisse
535 4934 830 4989 mendacio.

445 5007 532 5072 53,
571 5007 656 5071 13,
696 5021 849 5074 posse
876 5023 999 5061 vero
1043 5013 1247 5063 contra.
1285 5008 1390 5064 Th.
1437 5007 1678 5078 primus,
1727 5011 1784 5062 et
1825 5013 2064 5080 uterque

373 5076 515 5132 Vict.
528 5119 542 5144 ,
573 5092 728 5144 posse
757 5083 959 5133 contra.

445 5151 532 5214 55,
564 5149 616 5216 4,
665 5150 816 5203 nulla
838 5166 1081 5218 unquam
1127 5153 1232 5207 mei
1262 5151 1442 5206 laude.
1505 5150 1652 5206 Flor.
1697 5150 1894 5217 editio,
1948 5152 2065 5206 nul-

374 5221 481 5274 lam
500 5236 742 5289 unquam
751 5224 857 5276 mei
876 5223 1109 5277 laudem.

445 5295 533 5357 59,
564 5296 618 5360 2,
642 5309 704 5348 ac
754 5298 811 5347 tu
849 5296 992 5364 ipsa.
1030 5296 1194 5350 Deest
1221 5296 1347 5363 ipsa
1389 5295 1449 5349 in
1506 5293 1700 5349 codice
1747 5294 1888 5348 Vict.
1940 5292 2064 5364 pri-

373 5377 491 5416 mo.

444 5435 533 5499 61,
567 5435 618 5507 3,
650 5435 962 5503 afﬁngitur.
995 5435 1097 5490 Th.
1133 5435 1373 5507 primus,
1414 5438 1559 5492 Flor.
1603 5442 1659 5492 et
1687 5436 1825 5492 Vict.
1859 5452 2060 5492 secun-

373 5502 500 5568 dus,
528 5506 798 5574 afﬁgitur.

649 5580 701 5642 6,
736 5580 1063 5647 supplicium
1096 5580 1214 5634 tuli.
1261 5577 1402 5633 Vict.
1450 5579 1691 5650 primus.
1733 5582 2065 5651 supplicium

559 5664 598 5700 ι.

371 5660 598 5714 pertuli.

445 5720 535 5787 71,
575 5720 620 5786 1,
655 5718 1008 5778 deblateravi.
1054 5723 1166 5778 Alii
1196 5723 1397 5795 legunt
1435 5723 1725 5790 delatravi,
1763 5723 1882 5778 sive
1912 5724 2062 5778 dila-

2243 4795 2409 4864 lbid.,
2444 4800 2494 4864 8,
2529 4800 2847 4865 compositae.
2882 4797 3025 4848 Vict.
3056 4795 3356 4861 secundus,
3391 4795 3627 4865 copiosae.

2252 4872 2368 4935 125,
2397 4851 2456 4933 ’5,
2483 4851 2744 4938 ᾖηοάιαά
2785 4866 3192 4921 beatitudinem.
3229 4851 3356 4919 Th.'
3383 4851 3611 4935 primus,
3633 4858 3747 4923 Reg.
3775 4851 3818 4900 εἴ

2173 4944 2410 5011 uterque
2435 4940 2598 5004 Vict.,
2635 4942 2764 5004 quin
2803 4939 2876 4992 ad
2909 4938 3294 5011 beatitudinem

2247 4993 2410 5076 lbid.,
2445 5014 2496 5076 8,
2529 4993 2785 5065 caecitate.
2823 5011 2957 5064 Vict.
2990 5009 3295 5072 secundus,
3336 5005 3562 5060 excitati
3590 5018 3602 5054 :
3631 5011 3740 5068 qua:
3764 4993 3805 5042 εί

2172 5083 2362 5137 forsan
2389 5098 2520 5136 vera
2556 5080 2717 5134 lectio
2749 5084 2831 5134 est
2865 5097 2876 5134 :
2906 5079 3168 5149 judicent
3199 5078 3372 5133 docti.

2253 5157 2368 5219 126,
2402 5154 2455 5219 4,
2481 5155 2723 5218 auferre.
2760 5145 3162 5220 Victfprimus
3193 5155 3248 5204 et
3281 5151 3443 5215 Flor.,
3467 5145 3666 5220 afferre.
3702 5206 3733 5220 ν

2250 5208 2368 5280 131,
2417 5208 2466 5289 3’,
2521 5208 2895 5278 momentaria.
2945 5208 3261 5276 Suaserunt
3308 5221 3387 5274 sic
3432 5208 3592 5272 edEre
3629 5208 3810 5265 codices

2175 5295 2312 5350 Vict.
2350 5296 2590 5368 primus,
2622 5295 2726 5349 Th.
2761 5296 2980 5368 primus
3006 5297 3063 5347 et
3093 5294 3230 5368 Reg.

2247 5362 2412 5440 lbid.,
2445 5369 2500 5432 4,
2528 5362 3018 5440 perspectum._'l_‘h.
3046 5362 3284 5440 primus,
3313 5362 3669 5440 prospectumn
3712 5415 3780 5440 με

2243 5427 2409 5505 lbid.,
2445 5427 2497 5504 5,
2527 5427 2715 5504 i'estri,
2740 5437 2846 5490 vel.
2893 5436 2994 5490 Th.
3043 5427 3280 5505 primus,
3302 5427 3454 5503 fReg'.
3487 5434 3539 5484 et
3565 5427 3687 5480 νίςι.
3711 5432 3809 5490 ΡΓ¹“

2173 5526 2322 5575 mus,
2349 5513 2547 5573 vestra,
2581 5509 2681 5562 vel.
3449 5575 3478 5577 _
3633 5571 3640 5577 .
3667 5564 3698 5577 ..

2252 5564 2370 5649 132,
2398 5585 2442 5647 1,
2473 5564 2722 5648 congesta
2746 5583 3008 5648 pecuniae.
3043 5577 3140 5633 Th.
3178 5577 3413 5648 primus,
3448 5575 3574 5641 Reg.
3599 5564 3803 5622 etFlof-i

2173 5657 2430 5719 congestae
2449 5653 2707 5719 pecuniae.

2252 5710 2369 5791 133,
2425 5710 2477 5790 4,
2535 5728 2696 5792 atque
2744 5721 3099 5776 membrorum
3147 5735 3411 5790 compage.
3459 5719 3515 5771 In
3559 5710 3798 5765 Thuanmo
