3972 6182
95 305 187 357 865
600 296 667 349 1N
712 295 965 350 LIBROS
1003 296 1095 350 DE
1138 295 1657 352 CONSOLATIONE
1696 293 2184 351 PHILOSOPHM‘J
2224 294 2617 350 VARIANTES
2659 296 3064 351 LEC’flONES.

101 436 273 508 primo
306 436 364 508 et
391 434 648 508 utroque
667 428 955 508 Victqrino
1003 430 1160 508 deest
1184 431 1559 508 membrorum.

172 504 282 568 134,
314 506 366 569 6,
398 517 515 572 quae
546 504 605 555 in
632 504 759 566 tuis,
795 502 897 555 Th.
934 502 1178 573 primus,
1206 504 1343 573 Reg.
1375 507 1615 574 uterque
1639 502 1776 557 Vict.

103 582 151 632 et
180 578 346 637 Flor.,
380 589 497 644 qua:
518 577 573 626 tu
597 575 654 626 in
682 575 815 627 tuis.

170 651 279 713 133,
322 649 373 711 ὅ,
409 650 699 712 contraque
747 646 991 699 minimo.
1040 645 1143 699 Th-
1190 644 1411 715 Primus
1442 648 1497 699 et
1542 651 1781 718 “terque

102 720 244 782 Vict.,
276 722 568 784 contraque
597 718 896 769 minimum.

166 792 281 854 136,
316 793 367 855 7,
401 790 775 842 aestimatione.
802 788 1048 857 Uterque
1086 788 1252 856 Vict.,
1288 791 1707 845 existimatione.

164 861 327 927 Ibid.,
370 863 452 933 11,
490 860 793 933 hominibus
844 874 986 913 vero.
1026 860 1090 913 In
1134 860 1237 914 Th.
1280 862 1489 931 primo,
1541 863 1681 933 Reg.
1730 865 1785 915 et

102 937 334 1001 utroque
366 932 503 983 Vict.
538 930 695 983 deest
727 945 868 983 vero.

178 1006 288 1067 137,
322 1006 375 1066 5,
405 1017 538 1070 nego
570 1001 710 1055 illud
740 1016 869 1055 esse.
931 1002 1071 1072 Reg.
1110 1006 1167 1056 et
1198 1002 1336 1057 Vict.
1372 1003 1617 1074 primus,
1653 1020 1785 1072 nego

106 1076 262 1129 ullum
292 1088 425 1127 esse.

170 1145 303 1199 Ibid.
342 1148 392 1209 6,
427 1147 665 1213 minime,
698 1146 935 1214 inquies,
965 1144 1067 1199 Th.
1101 1144 1341 1215 primus,
1372 1145 1509 1217 Reg.
1540 1150 1595 1200 et
1625 1151 1785 1202 uter-

108 1233 206 1289 que
230 1218 399 1289 Vict.,
430 1222 653 1271 minime
678 1220 878 1285 inquis.

165 1287 324 1355 Ibid.,
354 1290 407 1352 7,
438 1304 600 1357 eoque
648 1289 833 1343 alieni.
886 1286 1024 1341 Vict.
1072 1288 1372 1356 secundus,
1406 1294 1567 1357 atque
1597 1291 1782 1344 alieni.

173 1359 363 1423 139,4,
402 1375 629 1413 munera
664 1363 882 1414 norant.
939 1360 1042 1412 Th.
1080 1360 1302 1429 primus
1345 1365 1401 1414 et
1447 1361 1619 1429 Flor.,
1667 1377 1785 1415 mu-

107 1447 223 1487 nera
252 1435 431 1484 norat.

172 1503 280 1567 142,
302 1504 354 1568 2,
380 1518 541 1555 arma
560 1502 659 1555 Th.
684 1501 924 1570 primus,
947 1503 1084 1573 Reg.
1105 1506 1159 1555 et
1178 1506 1420 1573 uterque
1446 1502 1609 1571 Vict.,
1628 1519 1783 1557 arva.

168 1573 329 1639 Ibid.,
364 1589 414 1638 a,
447 1574 702 1638 hosticus,
738 1574 814 1626 ita
844 1590 1041 1627 omnes
1084 1574 1324 1627 codices.

174 1645 285 1710 143,
322 1648 370 1711 1,
408 1648 625 1714 primus
656 1648 797 1713 quis.
826 1645 995 1711 Flor,
1031 1643 1154 1714 quis
1183 1648 1417 1713 primus.

3486 302 3587 355 866

1814 432 1860 484 Α
1914 501 1930 505 _
1964 431 2083 497 191,
2140 432 2193 496 2,
2237 430 2435 505 deserit
2466 434 2825 505 superstitem.
2878 432 3015 505 Reg.
3053 436 3125 505 et,
3152 434 3286 487 Vict.
3323 434 3581 505 primus:

1893 501 2097 556 deseret
2126 504 2486 569 superstitem.
2550 502 2686 555 Vict.
2743 504 3055 556 secundus:
3092 504 3322 560 deserat.

1970 574 2088 637 193,
2121 574 2174 637 2,
2210 572 2499 641 adjiciunt.
2531 573 2628 627 Th.
2668 575 2910 643 primus,
2941 574 3235 642 adjiciunt.

2164 646 2215 710 4,
2250 645 2453 698 adduci
2474 648 2721 713 potuisti.
2758 646 2897 699 Vict.
2937 647 3242 714 secundus,
3266 648 3473 703 abduci
3495 666 3589 719 po-

1895 719 2070 773 luisti.

1969 789 2088 852 194,
2144 788 2197 851 8,
2230 789 2578 855 contingere;
2612 790 2661 841 si
2719 790 2861 856 quis.
2916 788 3087 855 Flor.,
3141 792 3465 860 contingere,
3506 796 3584 847 sic

1894 860 2121 923 collige;
2156 861 2204 911 si
2235 862 2374 926 quis.

1970 932 2088 995 195,
2130 932 2173 994 1,
2203 936 2466 997 pratum.
2505 930 2578 981 Ea
2606 928 2770 983 lectio
2813 930 2923 985 fuit
2951 932 3157 986 codicis
3200 933 3471 989 Thuaneei
3497 952 3584 990 se-

1895 1002 2096 1075 cundi:
2128 1002 2273 1053 male
2325 1001 2419 1054 alii
2470 1016 2698 1075 omnes,
2754 1005 3106 1075 praefectura,
3166 1006 3321 1075 quod
3372 1022 3583 1060 nomen

1895 1072 2059 1134 nihil,
2096 1076 2351 1140 tempore
2384 1071 2618 1143 quidem
2654 1073 2855 1139 Boetii,
2886 1071 3260 1143 signitiCabat.

1971 1146 2089 1210 199,
2128 1146 2213 1213 tt,
2245 1146 2409 1197 situm
2459 1148 2553 1197 est.
2615 1143 2752 1197 Vict.
2806 1146 3092 1200 secundus
3142 1152 3197 1201 et
3242 1148 3412 1215 Flor.,
3444 1152 3584 1204 situs

1896 1222 1991 1269 est.

1964 1286 2090 1351 200,
2122 1288 2171 1351 ὅ,
2206 1286 2537 1340 Antoninus.
2565 1285 2653 1339 Sic
2680 1285 2819 1340 Vict.
2866 1289 3170 1357 secundus,
3198 1294 3366 1344 recte.

1966 1358 2089 1423 205,
2120 1360 2170 1423 6,
2218 1360 2452 1433 wstimas
2496 1360 2809 1425 gloriosum.
2852 1359 3114 1433 Uterque
3169 1362 3270 1416 Th.
3330 1362 3468 1433 Reg.
3531 1368 3587 1418 et

1899 1428 2036 1482 Vict.
2072 1430 2374 1495 secundus,
2403 1436 2639 1483 aestimas
2670 1444 2779 1483 esse
2806 1428 3119 1497 gloriosum.

1969 1498 2137 1563 Ibid.,
2168 1505 2222 1563 7,
2250 1515 2348 1567 pro
2380 1504 2623 1553 maxima
2666 1506 2843 1570 parte.
2879 1502 3160 1557 Hactenus
3192 1504 3329 1559 editi
3360 1510 3416 1560 et
3442 1510 3588 1560 uter-

1898 1586 2007 1641 que
2032 1572 2136 1624 Th.
2191 1571 2473 1625 habebant
2521 1577 2813 1640 proxima:
2882 1574 2973 1626 sed
3036 1576 3335 1629 lectionem
3384 1578 3588 1631 codicis

1900 1642 2175 1718 Victorini
2200 1644 2442 1718 secundi
2475 1649 2531 1697 et
2578 1643 2739 1712 Regii
2772 1644 2932 1713 sequi
2973 1647 3174 1718 maluit
3222 1649 3492 1718 Vallinus,
3525 1653 3589 1704 ut

172 1717 282 1782 146,
330 1720 378 1783 1,
411 1713 556 1781 Quae
597 1717 829 1783 flammis
875 1713 1055 1769 .Etna’
1077 1716 1465 1771 eructanlibus.
1521 1716 1593 1769 Ea
1623 1716 1789 1769 lectio
1831 1721 1869 1774 Β
1900 1730 1929 1767 e
1962 1714 2171 1783 quibus
2199 1713 2539 1786 hauriretur
2560 1731 2760 1767 sensus
2784 1717 3158 1786 praestantior.

106 1787 197 1841 fuit
226 1792 485 1841 veterum
518 1788 778 1839 omnium
809 1788 1092 1856 codicum,
1116 1804 1245 1857 quae
1277 1792 1334 1842 et
1356 1804 1485 1841 vera
1516 1791 1637 1841 est:
1666 1791 1787 1841 tan-

109 1864 214 1912 tum
241 1875 339 1928 pro
370 1859 587 1924 /Etnze,
624 1858 927 1928 legendum
962 1864 1045 1911 est
1070 1862 1252 1913 xEtna.

166 1930 320 1997 Ibid.,
353 1932 402 1993 4,
433 1934 739 1999 cupierunt.
780 1930 915 1983 Vict.
966 1931 1267 1997 secundus,
1298 1933 1638 2000 cupiverunt.
1680 1931 1781 1984 Th.

109 2001 307 2071 primus
338 2006 391 2054 et
424 2003 592 2071 Reg,
628 2002 897 2068 cupiet-re.

172 2074 280 2138 147,
312 2074 361 2140 3,
387 2075 535 2129 Nam
561 2076 629 2126 si.
662 2073 764 2126 Th.
800 2072 1043 2142 primus,
1086 2072 1222 2143 Reg.
1260 2077 1314 2126 et
1345 2076 1585 2144 uterque
1615 2072 1782 2143 Vict.,

114 2145 245 2198 Nunc
270 2147 336 2198 si.

168 2216 318 2270 lbid..
352 2218 403 2275 9,
440 2216 585 2271 Nam
618 2214 923 2285 quidquam
945 2230 1206 2283 unquam.
1240 2216 1342 2269 Th.
1368 2215 1609 2285 primus,
1641 2218 1783 2272 Num

111 2286 225 2355 quid
252 2303 514 2356 unquam.
563 2288 701 2340 Vict.
738 2295 1000 2357 uterque,
1049 2289 1191 2343 Num
1254 2286 1555 2355 quidquam
1595 2288 1780 2343 libero.

178 2359 279 2423 149,
314 2363 363 2423 6,
397 2361 753 2427 proveniunt.
790 2358 930 2411 Vict.
959 2358 1265 2423 secundus,
1294 2362 1638 2426 perveniunt.

177 2431 281 2495 154,
308 2431 361 2495 2,
395 2432 608 2483 insani.
642 2428 744 2483 Th.
786 2428 1026 2499 primus,
1075 2430 1212 2499 Reg,
1242 2434 1296 2483 et
1343 2435 1580 2500 uterque
1618 2428 1780 2491 Vict.,

111 2504 287 2567 pravi:
321 2502 417 2555 sed
450 2502 629 2554 male.

174 2574 280 2639 157,
310 2574 360 2637 2,
396 2588 524 2641 quae
550 2588 584 2625 a
625 2571 797 2625 nobis.
832 2571 1077 2641 Uterque
1127 2571 1230 2625 Th.
1274 2574 1328 2625 et
1380 2571 1544 2641 Reg.,
1594 2587 1711 2639 quae
1750 2588 1783 2625 a

111 2643 256 2765 ibiobis.
290 2642 423 2697 Vict.
460 2643 773 2711 secundus,
804 2658 921 2711 quae
948 2643 1101 2696 nobis
1132 2645 1361 2711 cognitis
1406 2642 1473 2695 ab
1516 2643 1783 2698 animali-

142 2730 213 2765 us.

142 2730 213 2767 US.

174 2785 324 2853 Ibid.,
362 2790 445 2853 17,
482 2801 792 2855 propagare
850 2800 911 2840 ac
960 2784 1210 2839 dilatare.
1270 2786 1513 2856 Uterque
1565 2785 1665 2839 Th.
1727 2788 1783 2839 et

120 2856 239 2911 Vict.
271 2865 525 2929 uterque,
564 2859 801 2911 dilatare
821 2873 883 2910 ac
910 2872 1236 2929 propagare.

184 2932 286 2996 158,
310 2933 357 2997 9,
386 2928 614 2999 ejusque
645 2928 1059 2998 quantumlibet.
1108 2930 1354 2999 Uterque
1394 2928 1495 2982 Th.
1530 2930 1585 2981 et
1613 2929 1777 2997 Reg,

122 3000 312 3068 ejusque
340 3001 659 3070 quamlibet.

1970 1787 2096 1847 210,
2126 1788 2180 1850 2,
2217 1785 2486 1839 lacunam.
2521 1785 2609 1839 Sic
2637 1803 2835 1840 omnes
2866 1787 3017 1839 libri.

1966 1859 2093 1981 t212,
2125 1858 2175 1924 8,
2211 1857 2441 1925 gloriam
2477 1860 2635 1926 petis.
2668 1858 2917 1929 Uterque
2948 1857 3047 1912 Th.
3080 1863 3134 1914 et
3162 1862 3326 1933 Reg.,
3358 1863 3590 1929 gloriam

1991 1942 2071 1981 as.

1895 1942 2071 1998 petas.

1972 1999 2091 2052 Ibid
2124 2040 2137 2064 ,
2172 2001 2252 2065 10,
2297 2002 2537 2068 corporis
2586 2015 2816 2055 servum.
2868 2000 2956 2055 Sic
3012 2018 3210 2057 omnes
3257 2007 3476 2060 veteres
3534 2010 3591 2061 et

1900 2070 2243 2123 recentiores
2266 2070 2415 2133 libri,

1969 2144 2094 2209 219,
2124 2146 2170 2203 7,
2218 2144 2267 2194 si
2319 2145 2463 2210 quis.
2496 2142 2583 2196 Sic
2638 2144 2828 2196 locum
2860 2143 3014 2196 hunc
3054 2145 3300 2200 restituit
3335 2146 3585 2202 Vallinus

1898 2228 1963 2266 ex
1996 2213 2343 2281 conjectura,
2378 2230 2550 2283 quam
2583 2218 2773 2283 postea
2803 2214 2933 2267 libri
2966 2216 3402 2272 conﬁrmarunt.

1970 2283 2137 2349 Ibid.,
2176 2287 2253 2349 16,
2290 2286 2595 2339 conaberis.
2628 2286 2728 2339 Th.
2762 2286 3063 2354 secundus,
3097 2291 3329 2342 conaris.

1968 2356 2095 2423 228,
2127 2357 2210 2420 12,
2246 2356 2314 2409 ab
2354 2356 2660 2410 diminutis.
2698 2358 2800 2410 Th.
2862 2358 3103 2427 primus,
3138 2360 3203 2413 ab
3240 2360 3584 2417 imminutis:

1900 2430 2140 2495 uterque
2171 2427 2309 2481 Vict.
2345 2434 2399 2480 et
2430 2428 2593 2498 Reg.,
2625 2428 2935 2482 deminutis.

1968 2499 2090 2563 230,
2122 2501 2176 2565 2,
2209 2499 2304 2553 sed
2339 2503 2567 2554 ratione.
2604 2500 2741 2569 Reg.
2791 2505 2845 2554 et
2874 2500 3010 2555 Vict.
3058 2502 3362 2571 secundus,
3395 2505 3488 2559 sed
3514 2510 3590 2561 est

1897 2572 2122 2623 ratione.

1967 2640 2136 2706 Ibid.,
2196 2643 2386 2717 13,_‘et
2441 2642 2508 2696 ab
2566 2644 2697 2697 illis.
2759 2643 3005 2715 Uterque
3035 2644 3134 2699 Th.
3185 2646 3324 2717 Reg.
3362 2653 3419 2703 et
3450 2649 3585 2704 Vict.

1897 2716 2160 2781 uterque,
2193 2717 2242 2765 et
2272 2713 2403 2766 illis.

1956 2785 2082 2862 231‘,
2116 2786 2320 2862 2Lqu$
2373 2788 2692 2862 πόρίᾳρξᾳτα.
2738 2786 2898 2862 Reg,
2955 2788 3101 2855 quod
3133 2792 3366 2862 πόρισμα
3422 2790 3587 2844 bene.

1965 2856 2089 2918 232,
2130 2856 2207 2920 10,
2242 2860 2419 2908 tamen
2455 2859 2520 2909 si.
2562 2857 2806 2925 Uterque
2840 2857 3000 2925 Vict.,
3034 2856 3349 2914 tamenetsi.

1966 2925 2137 3002 Ibid.,
2170 2941 2297 3002 vera
2328 2927 2465 2981 bona
2494 2929 2623 2982 sint.
2659 2929 2760 2982 Th.
2796 2928 3034 2998 primus,
3070 2936 3126 2983 et
3171 2931 3310 2984 Vict.
3344 2931 3586 3002 primus,

1894 3012 2012 3051 vere
2042 2997 2178 3050 bona
2208 3000 2336 3051 sint.

181 3067 447 3143 Ibid.,—10,
482 3088 552 3128 ne
594 3074 924 3143 comparari.
965 3071 1211 3143 Uterque
1242 3070 1341 3126 Th.
1375 3074 1430 3126 et
1474 3071 1648 3141 Flor.,
1689 3086 1781 3126 nec
1822 3073 1864 3131 C
1968 3067 2136 3135 Ibid.,
2169 3070 2257 3122 21.
2295 3085 2475 3123 secure
2504 3068 2694 3137 igitur.
2731 3070 2979 3141 Uterque
3029 3071 3130 3127 Th.
3166 3073 3301 3143 Reg.
3347 3076 3401 3127 et
3443 3074 3582 3137 Vict,

125 3148 421 3212 comparari,

125 3214 327 3350 ﬁligld”
364 3220 445 3283 11,
494 3218 691 3271 etenim
719 3216 911 3285 ﬁnitis.
968 3214 1108 3269 Vict.
1170 3214 1472 3281 secundus,
1505 3218 1696 3269 etenim
1738 3216 1788 3269 si

158 3300 203 3338 nl
232 3302 288 3339 l3.

158 3290 288 3339 nilis.

190 3360 291 3427 159,
324 3362 371 3426 ὅ,
394 3359 550 3413 credi
582 3362 787 3414 vetant.
815 3357 953 3411 Vict.
990 3358 1270 3412 secundus
1295 3357 1443 3413 credi
1474 3356 1781 3427 prohibent.

183 3426 330 3497 Ibid.,
396 3434 426 3485 8
483 3433 721 3500 spernet.
779 3430 1027 3501 Uterque
1088 3430 1190 3484 Th.
1242 3434 1299 3484 et
1346 3426 1507 3499 Reg.,
1539 3433 1781 3498 spernat.

129 3498 242 3553 Vict.
270 3498 529 3571 primus;
551 3505 845 3571 sperneret.

187 3573 291 3637 163,
324 3575 368 3640 1,
390 3576 599 3644 jacent.
649 3573 897 3644 Uterque
946 3572 1048 3627 Th.
1082 3571 1220 3643 Reg.
1256 3574 1312 3627 et
1367 3571 1506 3626 Vict.
1542 3571 1783 3643 primus,

129 3648 330 3698 manent.

189 3717 291 3781 166,
326 3718 403 3783 12,
432 3731 578 3771 nunc
604 3715 853 3772 amissas.
892 3714 1029 3769 Vict.
1061 3713 1365 3781 secundus,
1392 3718 1446 3771 et
1476 3716 1642 3787 Reg.,

131 3798 246 3839 nunc
274 3792 319 3842 et
348 3791 603 3843 amissas.

128 3926 163 3991 ﬁ
190 3858 293 3939 170,
329 3862 372 3985 1t,
399 3859 641 3929 ﬁnierat.
668 3860 916 3931 Uterque
943 3857 1043 3915 Th.
1070 3858 1208 3929 Reg.
1236 3859 1291 3910 et
1321 3856 1457 3912 Vict.
1484 3858 1787 3927 secundus,

168 3942 332 3984 mcera
360 3972 372 3985 .

168 3931 372 3985 uicerat.

189 3999 334 4072 lbid.,
368 4004 418 4069 3,
442 4006 710 4070 quantum
734 4018 830 4056 me.
865 4002 967 4056 Th.
1003 4000 1245 4072 primus,
1270 4018 1433 4071 quam
1468 4005 1525 4056 tu
1555 4018 1655 4057 me.

186 4070 331 4141 Ibid.,
366 4077 415 4139 6,
437 4075 613 4142 paulo
640 4077 875 4128 acriora.
915 4070 1083 4141 Flo'r.,
1107 4070 1417 4142 paulo’ante
1448 4078 1681 4129 acriora.

195 4143 296 4217 174,
329 4148 372 4208 1,
406 4148 616 4214 apium.
651 4146 752 4217 Th,
789 4144 1075 4217 secundus
1110 4150 1166 4217 et
1196 4146 1356 4216 Reg.,
1392 4162 1575 4213 apum.

197 4214 297 4285 178,
328 4218 377 4283 5,
416 4214 752 4283 permutant.
788 4217 1034 4285 Uterque
1064 4216 1187 4281 Th.,
1218 4214 1541 4285 poi-mutent.

188 4283 334 4352 Ibid.,
392 4289 470 4353 10,
526 4290 625 4356 qui
660 4283 1035 4357 jucunditatis
1089 4283 1334 4359 Uterque
1380 4290 1481 4343 Th.
1538 4288 1680 4357 Reg.
1739 4290 1793 4342 et

137 4351 253 4427 Vict.
283 4351 579 4421 secundus,
608 4351 726 4426 quae
756 4358 1142 4427 jucunditalis.

190 4426 329 4495 lbld.,
368 4432 448 4495 18,
482 4426 849 4498 deﬁnivimus.
886 4430 1047 4500 Reg.,
1074 4429 1429 4485 decrevimus.

196 4500 296 4559 179,
330 4502 379 4566 4,
413 4502 611 4555 bonum
663 4517 931 4557 summum
982 4505 1195 4572 repetit.
1233 4503 1481 4575 Uterque
1509 4500 1669 4570 Vict.,
1708 4500 1793 4555 bo-

134 4579 412 4643 numsuum
436 4575 655 4643 repetit,

194 4638 339 4721 Ibid.,
384 4646 462 4711 10,
494 4638 895 4721 dignissimum
920 4648 1142 4715 putant.
1180 4644 1316 4700 Vict.
1370 4644 1671 4713 secundus,
1704 4644 1791 4698 di-

138 4716 418 4785 gnissimum
441 4720 653 4785 putent,

193 4782 339 4860 lbid..
384 4782 465 4852 12,
497 4782 647 4843 Ναιπ
674 4788 1015 4843 imbecillum.
1056 4788 1157 4843 Th.
1192 4788 1412 4860 primus
1444 4792 1501 4843 et
1533 4787 1671 4842 Vict.
1709 4802 1793 4841 se-

139 4854 343 4922 cundus,
371 4860 619 4925 nunquid
646 4861 991 4914 imbecillum.

176 4926 381 5003 ,187,λ3,
413 4932 493 4983 vel
523 4934 773 4999 pecunia,
802 4933 883 4986 vel
928 4933 1170 4989 honores.
1220 4932 1323 4987 Th.
1356 4930 1595 5003 primus,
1630 4945 1791 5000 pecu-

138 5000 221 5046 nia
245 5000 317 5051 vel
342 5002 577 5055 honores.

194 5064 337 5133 Ibid.,
375 5075 451 5125 11.
483 5079 720 5142 angeret.
759 5075 1009 5146 Uterque
1031 5075 1132 5129 Th.
1166 5075 1303 5145 Reg.
1340 5078 1397 5129 et
1428 5072 1562 5129 Vict.
1595 5089 1794 5129 secun-

140 5130 246 5209 dus,
266 5130 497 5209 angerer.

378 5230 592 5284 nequeo,
628 5218 833 5288 Reg.et
865 5216 1003 5271 Vict.
1037 5217 1338 5279 secundus,
1371 5233 1477 5271 non
1522 5234 1679 5285 queo.

145 5280 301 5402 ίρνίέὃ,
332 5286 376 5346 8,
404 5280 585 5353 posset
607 5280 869 5343 amittere.
926 5290 1171 5360 Uterque
1204 5290 1377 5357 Vict.,
1410 5280 1584 5358 possit
1623 5290 1793 5343 amit—

204 5418 343 5487 Ibid.,
369 5429 452 5501 17,
487 5432 673 5498 opibus
704 5448 809 5486 non
839 5433 1105 5501 expletur.
1133 5431 1386 5485 Vallinus
1423 5430 1496 5485 ait
1524 5447 1581 5485 se
1615 5430 1795 5485 eden-

147 5484 531 5572 g‘umputas’se‘
553 5518 655 5557 non
684 5484 951 5572 expletur,
985 5509 1048 5557 ut
1090 5519 1157 5557 ex
1197 5503 1341 5557 serie
1379 5502 1656 5556 orationis
1687 5505 1797 5555 stet

150 5555 305 5644 licetii
343 5555 651 5628 sententiai
690 5555 828 5629 licet
848 5555 1344 5644 librirepugnent
1369 5555 1399 5629 τί
1436 5555 1793 5644 quanquam,

147 5627 520 5763 ἓξὲῃῖῐῃίθηευε
547 5627 760 5717 aliquis
782 5627 927 5702 esse
947 5627 1144 5717 potegt
1168 5627 1483 5718 disp'uncta
1530 5627 1797 5716 negativa

1894 3143 2159 3209 uterque,
2192 3155 2375 3194 securo
2402 3143 2594 3208 igitur.

1965 3212 2091 3277 233,
2144 3214 2196 3276 3,
2254 3212 2509 3267 habitans
2549 3214 2735 3267 libido.
2788 3213 3021 3282 Regius,
3082 3216 3335 3271 hebetans
3378 3218 3583 3271 libido:

1897 3284 2051 3359 quod
2076 3282 2309 3359 verbum
2343 3284 2477 3359 quia
2511 3286 2702 3359 Boetio
2732 3284 3015 3359 familiare
3046 3292 3147 3355 est,
3182 3288 3302 3342 haec
3339 3291 3591 3359 genuina

1897 3354 2121 3408 Vallino
2148 3354 2256 3408 loci
2286 3354 2461 3425 hujus
2495 3356 2717 3410 videtur
2749 3374 2870 3410 esse
2913 3358 3211 3427 scriptura.

1966 3427 2091 3491 236,
2125 3430 2178 3491 7,
2222 3432 2560 3501 appetuntur
2607 3444 2640 3482 a
2664 3428 2939 3497 pluribus.
2965 3430 3106 3484 Vict.
3145 3431 3447 3501 secundus,
3491 3448 3589 3500 ap-

1890 3502 2154 3568 petuntur
2174 3498 2444 3566 pluribus.

1970 3568 2133 3642 lbid.,
2178 3572 2232 3623 13
2267 3585 2381 3642 quo
2402 3572 2543 3623 inter
2569 3570 2887 3639 expetenda.
2920 3570 3021 3626 Th.
3068 3571 3290 3642 primus
3332 3579 3387 3629 et
3429 3573 3590 3642 Vict.,

1898 3640 2201 3707 secundus,
2237 3640 2381 3709 quod
2408 3645 2547 3695 inter
2576 3643 2895 3711 expetenda.

1971 3715 2100 3779 237,
2133 3713 2185 3777 4,
2210 3719 2495 3779 postquam
2522 3729 2707 3767 unum.
2744 3714 2907 3784 Reg.,
2936 3729 3055 3768 cum
3085 3730 3268 3770 unum.

1974 3784 2104 3856 238,
2136 3786 2187 3846 9,
2218 3784 2381 3849 Quid,
2413 3784 2578 3851 quod,
2604 3785 2773 3851 Flor.,
2808 3786 2945 3853 quid
2975 3786 3174 3850 dicam,
3210 3788 3374 3856 quod.

1970 3853 2137 3931 Ibid.,
2189 3856 2273 3920 11,
2326 3856 2700 3931 mollissimum
2758 3856 3025 3931 quodque.
3085 3853 3331 3931 Uterque
3379 3860 3479 3915 Th.
3538 3865 3593 3915 et

1899 3925 2047 3997 Vict.
2078 3929 2345 3997 uterque,
2372 3927 2751 3981 mollissimum
2781 3928 3045 3997 quidque.

1972 3996 2525 4074 1bid.,_13,__tegitur,
2575 3998 2731 4051 abest
2762 3998 2821 4052 in
2867 3998 2969 4074 Th.
3006 4003 3063 4053 et
3118 4001 3263 4058 Vict.
3312 4003 3591 4074 utrisque,

1901 4084 2125 4123 necnon
2156 4067 2216 4123 in
2250 4068 2396 4121 Flor.
2427 4073 2481 4121 et
2510 4073 2631 4121 tuto
2664 4070 2916 4140 expungi
2955 4074 3165 4139 potest.

1970 4142 2096 4206 239,
2125 4142 2175 4206 ὅ,
2207 4142 2323 4194 sine
2352 4142 2692 4207 cogitatione.
2742 4140 2878 4195 Vict.
2931 4142 3235 4211 secundus,
3268 4148 3384 4198 sine
3406 4147 3591 4213 cogni-

1903 4213 2063 4268 tione.

1973 4284 2098 4349 240,
2136 4285 2183 4350 1,
2213 4285 2260 4337 is
2280 4287 2355 4337 est
2381 4286 2540 4337 enim.
2577 4283 2677 4337 Th.
2709 4282 2953 4353 primus,
2988 4283 3049 4337 id
3088 4289 3165 4340 est
3188 4287 3348 4341 enim.

1974 4355 2099 4420 245,
2146 4357 2199 4422 3,
2255 4354 2304 4409 si
2326 4353 2627 4425 superiora.
2675 4356 2921 4427 Uterque
2958 4356 3084 4424 Th.,
3146 4357 3284 4428 Reg.
3341 4362 3396 4412 et
3450 4356 3588 4411 Vict.

1828 4410 1871 4462 D
1905 4410 2163 4495 uterque,
2186 4410 2251 4480 [si
2283 4410 2491 4494 priora.

1973 4498 2098 4564 246,
2125 4499 2177 4561 3,
2203 4514 2235 4550 a
2266 4501 2366 4552 Deo
2388 4500 2521 4565 regi.
2547 4498 2689 4553 Vict.
2720 4502 2961 4569 uterque
2992 4501 3045 4551 et
3090 4499 3264 4565 Flor.,
3311 4504 3413 4555 Deo
3452 4502 3586 4568 regi.

1974 4570 2141 4644 Ibid.,
2172 4573 2231 4622 17
2264 4575 2319 4622 et
2346 4570 2435 4637 24,
2476 4586 2586 4625 esse
2608 4573 2977 4625 concessimus.
3011 4571 3259 4644 Uterque
3290 4572 3413 4640 Th.,
3450 4573 3588 4644 Reg.

1903 4644 1959 4695 et
1989 4641 2126 4693 Vict.
2163 4645 2426 4711 uterque,
2460 4658 2569 4696 esse
2597 4645 2977 4707 consensimus,
3011 4641 3174 4696 bene.

1974 4712 2141 4775 Ibid.,
2186 4716 2263 4777 19,
2286 4713 2662 4785 extrinsecus,
2696 4715 2851 4767 deest
2884 4713 2943 4765 in
2975 4712 3111 4767 Vict.
3146 4714 3335 4782 primo
3359 4719 3416 4769 et
3450 4716 3589 4785 Reg.

1970 4786 2097 4858 247,
2123 4785 2176 4858 3,
2207 4784 2513 4837 voluntarie
2546 4789 2825 4851 regantur.
2864 4785 3112 4855 Uterque
3134 4785 3288 4844 Vict.
3329 4795 3385 4841 et
3416 4784 3591 4858 Reg.,

1900 4856 2518 4935 voluntariafegantur.
2587 4928 2621 4935 _
2797 4931 2805 4935 Δ
2960 4930 2968 4935 .
3230 4928 3244 4935 _
3452 4933 3464 4935 _
3502 4856 3526 4935 _'
3640 4912 3663 4935 ν

1973 4927 2140 4993 Ibid.,
2190 4928 2271 4989 10,
2319 4926 2538 4980 valeret.
2583 4928 2721 4996 Reg.
2758 4931 2813 4981 et
2856 4925 2996 4980 Vict.
3034 4928 3339 4994 secundus,
3372 4932 3593 4987 valebit.

1975 4997 2145 5073 Ibid.,
2206 5000 2287 5065 16,
2335 5013 2536 5066 magna
2574 4999 2883 5053 latrantem.
2922 5000 3169 5071 Uterque
3208 5002 3308 5055 Th.
3344 5006 3398 5055 et
3429 5004 3592 5073 Reg,

1900 5085 2101 5135 magna
2127 5070 2465 5124 lacerantem.

1973 5141 2142 5214 Ibid.,
2168 5144 2251 5205 18,
2276 5140 2703 5212 deposuit.Reg.
2742 5145 3057 5214 etuterque
3104 5143 3271 5209 Vict.,
3304 5144 3590 5214 disposuit.

1975 5213 2100 5275 248,
2126 5215 2178 5277 8,
2214 5227 2331 5282 quae
2362 5228 2502 5265 nunc
2524 5214 2767 5282 quidem.
2800 5213 2891 5267 Sic
2922 5218 3104 5268 totum
3130 5216 3318 5269 locum
3342 5213 3593 5268 Viallinus

1904 5284 2250 5349 emendavit,
2291 5288 2549 5357 veterum
2603 5286 2862 5339 codicum
2912 5302 3055 5357 ope:
3092 5291 3313 5339 tantum
3352 5302 3456 5355 pro
3489 5302 3591 5353 quo

1902 5358 2178 5410 introieris
2208 5372 2273 5409 ex
2303 5355 2632 5425 conjectura
2663 5357 2917 5428 reposuit
2947 5355 3056 5425 qua
3085 5359 3376 5411 introieris.

1973 5428 2172 5493 219,9
2229 5429 2498 5496 loquimur
2566 5429 2741 5485 rebus.
2830 5430 3037 5487 Omnes
3093 5433 3263 5495 recte,
3300 5428 3597 5496 loquuntur

1904 5499 2081 5554 rebus.

1974 5574 2099 5638 253,
2127 5574 2178 5636 9,
2212 5571 2373 5641 longa
2398 5574 2516 5627 site.
2553 5571 2764 5628 Omnes
2805 5573 2965 5639 longa
2997 5572 3093 5626 siti

1973 5643 2100 5708 254,
2146 5645 2201 5711 2,
2257 5640 2538 5701 denamus.
2593 5646 2757 5716 Reg,
2812 5644 2958 5698 Flor.
3014 5645 3071 5697 et
3105 5640 3244 5697 Vict.
3290 5642 3592 5711 secundus,

1910 5712 2181 5769 donemus.

1948 5728 2181 5772 onemus.
