3982 6182
417 240 517 293 867
788 240 898 292 ΑΝ.
941 235 1149 290 MANL.
1196 233 1341 289 SEV.
1389 232 1698 289 BOETIUS.
1741 233 1808 287 IN
1848 231 1980 286 LIB.
2027 231 2118 286 DE
2160 229 2440 288 CONSOL.
2486 229 2664 284 PHIL.
2707 230 3098 285 VARIANTES
3138 229 3536 287 LECTIONES.
3782 237 3870 290 868

489 374 610 435 257,
643 374 696 436 3,
730 376 904 424 tamen
932 373 1057 422 ante
1104 368 1224 422 hac.
1274 367 1413 421 Vict.
1447 366 1745 433 secundus,
1781 371 1958 420 tamen
2002 365 2108 419 ha—
2147 371 2190 424 A
2285 365 2453 430 Ibid.,
2491 366 2573 431 13,
2608 364 2675 418 ab
2707 366 3010 432 assignata.
3045 365 3211 434 Reg,
3234 381 3270 418 a
3297 368 3523 435 signati,
3554 364 3688 418 forte
3714 367 3775 419 ab
3802 383 3871 421 as-

420 446 624 498 ctenus.
1709 451 1711 453 ‘
2225 439 2432 504 signati
2457 452 2469 490 :
2503 441 2679 489 recte.

488 515 655 577 Ibid.,
687 515 739 576 9,
773 513 942 566 locum
972 512 1304 577 facinorum.
1354 510 1490 578 Reg.
1526 514 1579 562 et
1628 510 1771 564 Vict.
1810 509 2111 574 secundus,
2296 508 2464 571 Ibid.,
2526 508 2849 561 discesserit.
2895 507 2994 562 Th.
3043 511 3310 578 uterque,
3365 507 3507 562 Vict.
3555 509 3811 562 secundus
3835 518 3875 564 et

419 587 527 640 loco
545 587 892 651 facinormn:
926 584 1094 650 longe
1128 582 1351 635 melius.
1386 583 1502 634 Nisi
1535 583 1687 651 legas
1715 585 1771 634 in
1814 583 2003 635 locum.
2224 581 2397 645 Flor.,
2431 580 2734 633 decesserit.

489 659 612 721 258,
648 660 700 720 8,
732 657 1076 724 praemittere.
1133 655 1379 723 Uterque
1430 655 1531 708 ’l‘h.
1583 650 1640 706 et
1690 654 1824 707 Vict.
1868 653 2111 722 primus,
2296 651 2462 717 Ibid.,
2503 654 2586 714 16,
2622 652 2801 705 divini
2824 654 3020 720 operis.
3059 651 3198 721 Reg.
3234 656 3293 706 et
3324 651 3465 705 Vict.
3499 650 3726 721 primus,
3759 653 3877 706 diri-

417 731 866 797 praetermittere:
901 727 1070 779 male.
1485 796 1488 797 7
1807 796 1818 797 7
2103 787 2107 792 ι
2221 739 2304 778 nae
2333 739 2524 797 operai.

492 799 656 866 Ibid.,
695 800 776 851 12.
805 799 1116 852 revertaris.
1155 797 1294 867 Reg.
1340 798 1394 849 et
1432 796 1571 850 Vict.
1616 796 1916 865 secundus,
1963 811 2112 850 reve-
2295 797 2416 861 301,
2451 796 2502 860 9,
2550 796 2754 860 tingere
2780 793 3064 863 ﬂammas.
3115 795 3371 865 Uterque
3393 792 3498 847 Th.
3535 797 3589 846 et
3611 794 3759 864 Reg,
3794 794 3876 848 tiu.

420 872 593 925 haris.
2223 882 2383 925 guere
2409 872 2676 925 ﬂammas.

488 886 593 925 ris.
2261 882 2383 920 uere
2448 881 2676 920 ammas.

488 946 612 1008 259,
675 945 730 1009 2,
792 940 1165 995 conscendant.
1201 938 1340 992 Vict.
1369 939 1672 1007 secundus,
1732 937 2110 994 conscendunt.
2223 882 2254 934 g
2297 868 2445 1002 303,ﬂ
2477 942 2530 1004 7,
2575 937 2778 991 durare
2852 941 3070 1006 queant.
3133 938 3274 992 Vict.
3351 935 3656 1001 secundus,
3716 937 3876 991 durare

487 1015 612 1078 26-i,
651 1015 733 1080 16,
760 1029 913 1081 quem
942 1028 1064 1067 vero
1094 1011 1347 1080 effecisse.
1382 1012 1517 1082 Reg.
1547 1027 1701 1080 quem
1728 1026 1876 1079 vera,
1906 1013 2111 1078 inquit,
2207 1013 2446 1080 queunt.

417 1085 670 1154 effecisse.
719 1079 724 1080 7
766 1079 786 1081 7
1123 1079 1144 1080 7
1470 1079 1490 1082 7
1555 1079 1572 1080 7
1915 1151 1941 1154 77
2237 1079 2244 1080 7
2296 1083 2418 1147 304,
2451 1083 2502 1147 3,
2540 1083 2636 1148 qui
2663 1081 2909 1150 ?inquit.
2941 1080 3043 1135 Th.
3077 1080 3299 1151 primus
3324 1085 3384 1134 et
3414 1079 3554 1134 Vict.
3591 1079 3808 1151 primus,
3831 1084 3879 1134 Et

487 1159 611 1225 265,
665 1158 716 1219 3,
742 1154 814 1226 id
853 1169 1086 1223 quoque.
1135 1154 1237 1208 Th.
1272 1158 1540 1225 uterque,
1575 1157 1839 1226 uterque.
1882 1151 2022 1208 Vict.
2061 1155 2117 1207 et
2224 1155 2372 1222 qui?
2399 1155 2598 1220 inquit.

419 1222 756 1297 Reg.,7illud
787 1222 1016 1295 qucque.
1420 1222 1441 1225 ⁷
1527 1222 1534 1224 ⁷
1722 1222 1744 1226 ⁷
2295 1226 2418 1289 305,
2457 1226 2539 1287 19,
2591 1222 2969 1297 conﬁrmandae
2998 1225 3296 1297 sapientiae.
3337 1224 3595 1294 Uterque
3619 1223 3737 1289 Th.,
3767 1223 3872 1294 Reg.

489 1295 654 1362 Ibid.,
687 1300 740 1364 9,
789 1303 1010 1351 certum.
1064 1297 1483 1366 Adipiscuntur.
1541 1299 1709 1368 Reg.,
1755 1302 1978 1366 certum,
2026 1297 2113 1349 in-
2224 1300 2279 1350 et.
2313 1297 2448 1348 Vict.
2485 1295 2790 1368 secundus,
2817 1295 3218 1368 conformanda:
3259 1298 3572 1364 sapientiae.

419 1387 603 1440 quam,
637 1369 1042 1437 adipiscuntur.
1349 1439 1354 1440 7
1463 1371 1468 1375 ’
1635 1366 1686 1440 77
2003 1439 2011 1440 7
2289 1367 2454 1432 Ibid.,
2485 1367 2594 1440 24,
2646 1366 2918 1440 quidquid
2963 1372 3161 1422 autem.
3217 1368 3322 1422 Th.
3387 1371 3636 1437 uterque
3668 1370 3721 1420 et
3755 1367 3876 1436 Reg,

490 1442 658 1507 Ibid.,
710 1444 800 1507 27,
837 1441 1088 1506 ambigit.
1132 1440 1236 1494 Th.
1269 1439 1494 1510 primus
1547 1443 1603 1494 et
1628 1439 1770 1493 Vict.
1806 1439 2109 1506 secundus,
2224 1439 2498 1508 quidquid
2531 1443 2665 1492 aut:
2701 1438 2867 1491 bene.

419 1515 682 1579 ambigat.
2293 1513 2414 1572 306,
2450 1513 2502 1576 2,
2529 1511 2639 1564 nisi
2669 1514 2765 1562 aut
2802 1512 3028 1574 exercet,
3061 1514 3154 1562 aut
3185 1511 3440 1578 corrigit,
3471 1511 3651 1578 punit.
3679 1510 3758 1563 Sic
3786 1525 3878 1562 om-

489 1588 613 1650 266,
646 1589 698 1650 7,
732 1584 1040 1651 praecurris.
1080 1583 1328 1652 Uterque
1358 1584 1480 1648 Th.,
1509 1584 1812 1651 percurris.
2224 1599 2325 1636 nos
2368 1581 2536 1636 libri:
2596 1580 2875 1633 Planudes
2928 1596 3170 1650 quoque.
3213 1581 3503 1634 Victorini
3555 1596 3701 1646 vero,
3746 1581 3878 1633 verbo

489 1657 660 1720 Ibid.,
692 1658 778 1720 19,
808 1657 1055 1708 incessui.
1091 1654 1225 1706 Vict.
1261 1654 1560 1720 secundus,
1597 1656 1824 1707 incessu.
2152 1666 2192 1719 Β
2228 1655 2530 1717 auctiores,
2586 1654 2698 1705 nisi
2727 1656 2822 1705 aut
2867 1657 3094 1718 exercet,
3135 1657 3230 1706 aut
3261 1655 3520 1719 corrigit,
3554 1657 3647 1706 aut
3677 1652 3875 1710 damnat,

487 1727 657 1791 Ibid.,
697 1729 786 1791 22,
835 1727 1045 1779 scelesti
1081 1725 1245 1778 iidem
1285 1725 1515 1779 viribus.
1566 1724 1707 1780 Vict.
1742 1723 2022 1778 secundus
2059 1726 2116 1777 et
2223 1727 2424 1795 punit:
2457 1723 2552 1777 sed
2586 1723 2754 1776 male.

420 1798 844 1862 Flor.,scelesti,
884 1797 1114 1849 viribus.
2224 1794 2240 1795 7
2299 1796 2422 1861 31-i,
2454 1796 2506 1858 4,
2551 1796 2644 1848 hoc
2687 1795 2864 1866 igitur
2899 1795 3148 1860 fortuito.
3199 1795 3300 1850 Th.
3359 1799 3630 1866 uterque,
3689 1794 3808 1864 Reg.
3839 1799 3876 1846 et

489 1869 613 1934 267,
639 1872 692 1936 5,
715 1867 1087 1934 de/lectuntur.
1121 1866 1261 1921 Vict.
1297 1866 1598 1933 secundus,
1631 1867 1934 1934 deﬂectunt.
2224 1872 2468 1937 uterque
2500 1867 2664 1930 Vict.,
2701 1867 2794 1918 hoc
2815 1865 2996 1932 igitur
3018 1869 3275 1932 fortuitu.

489 1940 659 2005 Ibid.,
695 1941 773 2003 15,
808 1941 895 1992 sui
923 1945 1143 1992 natura.
1177 1939 1319 1992 Vict.
1349 1939 1650 2005 secundus,
1683 1955 1788 1993 sua
1819 1943 2041 1993 natura.
2298 1939 2537 2005 Ibid.,7,
2558 1954 2613 1990 eo
2634 1938 2753 1991 loci.
2779 1939 2943 2007 Reg,
2964 1953 3019 1990 eo
3041 1939 3172 1992 loco.
3195 1938 3873 2000 Th.secundus,incolcet.

488 2014 615 2079 268,
649 2011 969 2078 4,1ninime.
1022 2013 1138 2065 Est.
1171 2010 1272 2064 Th.
1323 2011 1566 2080 primus,
1601 2013 1823 2065 minime
1865 2013 2114 2074 inquam.
2296 2011 2464 2074 Ibid.,
2502 2012 2587 2073 11,
2624 2025 2726 2077 quo
2768 2011 2857 2063 ille
2905 2010 3106 2062 obruit.
3158 2011 3300 2080 Reg.
3347 2015 3406 2064 et
3451 2010 3586 2064 Vict.
3623 2009 3873 2070 secundus,

418 2086 534 2140 Est.
2227 2081 2370 2140 quod
2399 2082 2488 2134 ille
2515 2081 2692 2134 obruit

488 2097 534 2136 τι.
2264 2097 2369 2134 uoa
2399 2097 2488 2134 uie
2515 2097 2692 2134 ouruii

488 2157 609 2221 272,
652 2155 730 2221 19,
755 2155 944 2207 inﬁcit.
979 2152 1118 2206 Vict.
1162 2153 1462 2218 secundus,
1498 2153 1708 2219 infecit.
2227 2097 2257 2150 q
2297 2154 2420 2220 316,
2449 2155 2500 2215 5,
2535 2120 2868 2206 conveniant.
2902 2151 3001 2206 Th.
3036 2152 3344 2220 secundus,
3388 2154 3530 2222 Reg.
3569 2154 3627 2205 et
3651 2150 3775 2203 Vict.
3807 2165 3873 2202 se-

487 2229 614 2294 273,
647 2229 698 2292 3,
759 2225 1052 2279 insidiator
1107 2226 1348 2279 occultis.
1407 2225 1654 2295 Uterque
1713 2225 1815 2279 Th.
1867 2225 2006 2294 Reg.
2063 2225 2117 2276 et
2223 2224 2462 2287 cundus,
2499 2225 2825 2295 convenient.

418 2293 656 2369 uterque
695 2296 859 2363 Vict.,
887 2296 1181 2350 insidiator
1211 2296 1532 2369 occultus.777_
1562 2293 1577 2295 ⁷
1887 2365 1896 2369 _
1960 2293 1974 2294 7
2102 2367 2107 2369 _
2225 2297 2419 2369 77_3l9,
2455 2297 2508 2369 3,
2538 2294 2808 2369 quodque
2869 2293 3162 2350 discernat.
3215 2293 3402 2349 Ambo
3461 2299 3581 2350 tam
3610 2293 3705 2348 Th.
3736 2308 3870 2364 quam

488 2365 650 2431 Ibid.,
700 2371 753 2435 7,
787 2369 854 2420 ab
902 2368 1116 2421 avibus.
1171 2369 1421 2438 Uterque
1475 2367 1601 2429 Th.,
1635 2366 1776 2421 Vict.
1807 2365 2032 2436 primus
2061 2367 2117 2420 et
2225 2365 2387 2431 Vict.,
2415 2366 2657 2438 quidque
2677 2365 2968 2419 discernat.

420 2441 583 2505 Reg.
619 2440 832 2493 avibus.
1326 2437 1343 2438 ⁷
1764 2507 1769 2508 7
2301 2440 2424 2502 320,
2455 2440 2508 2503 2,
2544 2437 2737 2504 quibus
2783 2438 2920 2490 inest
2971 2439 3135 2491 ratio.
3198 2438 3453 2508 Uterque
3511 2439 3635 2504 Th.,
3688 2438 3805 2506 Reg.
3832 2441 3873 2487 et

488 2515 614 2579 277,
652 2513 734 2577 19,
781 2511 973 2563 mentis
1022 2510 1213 2562 ulcere.
1263 2510 1385 2562 Non
1429 2509 1684 2579 vulnere;
1731 2507 1809 2562 sic
1855 2507 2116 2578 exigente
2225 2510 2363 2562 Vict.
2398 2514 2658 2578 uterque,
2695 2508 2890 2575 quibus
2917 2512 2972 2560 in
3005 2512 3143 2578 ipsis
3173 2511 3314 2563 inest
3342 2507 3512 2562 ratio.

418 2588 626 2642 metro,
657 2587 714 2635 et
742 2581 1128 2649 adstipulante
1152 2597 1269 2634 non
1301 2596 1415 2632 uno
1447 2581 1660 2634 codice.
1845 2650 1848 2651 7
2295 2581 2463 2648 Ibid.,
2499 2581 2548 2646 9,
2577 2582 2900 2633 ceciderunt.
2953 2581 3201 2650 Uterque
3231 2580 3362 2647 Th.,
3399 2581 3541 2651 Reg.
3573 2584 3627 2634 et
3656 2579 3776 2632 Vict.
3804 2593 3872 2630 se-

489 2657 614 2720 279,
682 2655 764 2717 12,
819 2652 950 2705 velle
1009 2667 1182 2719 posse,
1224 2654 1494 2723 perﬁcere.
1557 2652 1672 2705 Hac
1725 2650 2110 2720 distinctione,
2223 2652 2461 2716 cundus,
2497 2651 2802 2705 ceciderint.
2839 2651 3009 2719 Flor.,
3041 2652 3292 2723 cecidere.

421 2724 610 2794 inquit
633 2724 906 2788 Vallinus,
940 2723 1295 2776 restituimus
1317 2721 1522 2777 locum.
2295 2727 2419 2788 321,
2451 2727 2505 2789 2,
2537 2725 2786 2775 inscitiaz.
2821 2723 2960 2791 Reg.
2998 2731 3052 2775 et
3104 2722 3240 2776 Vict.
3275 2723 3585 2787 secundus,
3611 2721 3869 2794 inscientia.

489 2792 614 2861 281,
652 2799 736 2861 12,
785 2797 989 2863 liquere
1026 2809 1155 2848 esse.
1206 2795 1307 2848 Th.
1341 2794 1583 2864 primus,
1626 2796 1682 2848 et
1721 2795 1884 2864 Reg,
1913 2795 2116 2863 liquere
2297 2797 2417 2861 3'23,
2458 2797 2507 2858 5,
2544 2810 2660 2861 qua:
2719 2795 2848 2859 sint,
2901 2810 3018 2862 qua?
3046 2795 3277 2860 fuerint,
3305 2797 3634 2861 veniamque
3673 2809 3777 2846 uno.
3807 2792 3869 2840 Si:

418 2867 693 2935 respondi.
2223 2868 2395 2918 ambo
2431 2870 2547 2917 tam
2594 2865 2694 2917 Th.
2748 2880 2921 2934 quam
2973 2865 3112 2918 Vict.
3171 2870 3224 2918 et
3272 2867 3471 2930 Flor.;
3527 2871 3697 2917 recte:
3740 2876 3869 2935 nemo

489 2932 613 3004 282,
639 2942 693 3004 2,
726 2938 916 2992 saltem
971 2952 1077 3012 non
1117 2936 1408 3012 audienda.
1463 2937 1712 3007 Uterque
1735 2937 1837 2991 Th.
1887 2940 1939 2991 et
1967 2936 2061 2990 Vic

2297 2938 2383 3012 im
2414 2952 2533 2990 non
2551 2935 2705 3012 videt
2734 2932 3242 3006 transpositionem
3274 2937 3488 2990 factam
3507 2937 3563 2989 in
3584 2937 3699 2989 aliis
3719 2932 3869 2986 editio-

421 3016 683 3080 uterque,
709 3012 904 3064 saltem
931 3008 1226 3061 audienda.
1360 3079 1366 3080 7
1589 3079 1596 3080 7
2163 3007 2194 3012 ⁷
2228 3009 2400 3063 nibus
2435 3007 2720 3060 omnibus.

489 3079 611 3147 283,
643 3085 695 3149 2,
722 3084 956 3149 faciunt.
992 3080 1129 3135 Vict.
1165 3079 1466 3133 secundus.
1501 3083 1557 3134 et
1587 3079 1750 3149 Reg.,
1787 3081 2017 3146 faciant.
2298 3081 2419 3144 325,
2454 3083 2497 3145 1,
2531 3081 2578 3131 si
2616 3094 2699 3131 res
2743 3079 3022 3132 aliorsum.
3062 3079 3310 3149 Uterque
3341 3079 3474 3145 Th.,
3508 3079 3640 3147 Reg.
3673 3080 3721 3128 et
3753 3079 3865 3126 uter-

490 3154 990 3221 Ihid.,patiuntur.
1025 3153 1164 3204 Vict.
1191 3151 1495 3216 secundus,
1523 3155 1576 3204 et
1609 3152 1772 3222 Reg,
1804 3154 2114 3219 patiantur.
2227 3167 2339 3221 que
2368 3152 2544 3222 Vict.,
2576 3153 2624 3204 si
2663 3151 2954 3203 aliorsum:
2989 3150 3155 3204 bene.

490 3216 791 3292 Ibid,,711,
848 3225 947 3278 hac
1001 3224 1195 3290 igitur.
1252 3224 1353 3276 Th.
1405 3223 1626 3293 primus
1662 3216 1724 3276 et
1766 3216 1926 3294 R7eg.,
1993 3224 2116 3276 hinc
2245 3216 2263 3221 7
2298 3221 2471 3294 Ibid.,
2505 3224 2589 3285 12,
2626 3226 2683 3274 at
2711 3237 2824 3275 nos.
2879 3222 3123 3292 Uterque
3176 3221 3279 3274 Th.
3335 3226 3391 3275 et
3422 3221 3563 3275 Vict.
3607 3216 3860 3276 secundus,

419 3298 612 3364 igitur.
1633 3362 1638 3364 _
1859 3293 1874 3294 7
2227 3309 2288 3347 ac
2312 3309 2432 3346 non.
2459 3293 2621 3362 Reg,
2645 3309 2706 3345 ac
2737 3308 2895 3346 nunc.

492 3366 776 3429 Ibid.,23,
812 3380 922 3419 esse
974 3364 1229 3418 dicerent.
1287 3365 1535 3434 Uterque
1580 3362 1744 3430 Vict.,
1803 3379 1914 3419 esse
1963 3364 2117 3418 duce-
2298 3366 2419 3428 326,
2477 3358 2568 3430 12,7
2608 3368 2769 3431 atque
2823 3379 2933 3418 sese
2983 3378 3086 3418 res.
3132 3364 3272 3434 Reg.
3330 3368 3389 3418 et
3436 3361 3574 3416 Vict.
3608 3358 3858 3419 secundus,

419 3441 580 3491 rent:
615 3435 781 3488 bene.
2227 3451 2385 3501 quam
2417 3451 2526 3488 sese
2547 3451 2662 3488 res:
2697 3436 2859 3489 bene.

493 3507 658 3571 Ibid.,
700 3509 789 3572 27,
839 3507 974 3559 Nam
1006 3507 1074 3564 si,
1136 3508 1240 3570 uti,
1297 3509 1402 3558 etc.
1437 3503 1786 3574 Corruptum
1832 3511 2001 3560 antea
2030 3508 2113 3561 lo-
2299 3510 2416 3569 327,
2468 3510 2520 3573 2,
2577 3507 2814 3560 humana
2858 3509 3125 3575 opinione.
3168 3509 3439 3562 Humana?
3473 3508 3736 3575 opinione;
3773 3501 3858 3552 for-

420 3594 571 3645 cum,
607 3576 794 3645 inquit
822 3577 1095 3641 Vallinus,
1129 3575 1186 3628 in
1222 3576 1489 3628 omnibus
1519 3576 1830 3643 impressis,
1867 3577 2118 3646 juvanti-
2227 3583 2372 3632 icisse
2402 3580 2648 3630 humanae
2674 3581 2948 3645 opinioni.

419 3651 526 3704 bus
560 3643 782 3718 partim
835 3647 1086 3717 antiquis
1143 3647 1324 3714 libris,
1373 3646 1450 3699 sic
1491 3648 1720 3700 tandem
1758 3643 2116 3704 restituimus
2297 3651 2421 3713 328,
2454 3654 2507 3715 ’2,
2537 3643 2720 3718 speret
2745 3653 3051 3717 quisquam.
3109 3651 3358 3719 Uterque
3408 3649 3536 3716 Th.,
3582 3647 3729 3716 Reg,
3757 3643 3860 3692 Vict

420 3738 536 3775 sum
571 3719 908 3789 integritati.
1163 3788 1167 3789 7
2227 3721 2509 3774 secundus
2541 3727 2595 3773 et
2629 3721 2800 3784 Flor.,
2833 3727 3008 3789 speret
3033 3724 3277 3788 quisque.

488 3795 613 3858 286,
654 3788 714 3855 1,7
758 3793 904 3857 apri.
957 3789 1067 3854 Sic,
1135 3788 1267 3842 licet
1315 3792 1644 3858 repugnent
1694 3789 1867 3844 etiam
1898 3796 2116 3845 veteres
2297 3794 2418 3854 332,
2454 3794 2503 3856 5,
2539 3795 2664 3845 atsi
2691 3788 2874 3845 nescit.
2910 3793 3328 3854 Tli.seeundus,
3355 3795 3452 3844 aut
3483 3792 3531 3843 si
3555 3791 3727 3842 nescit.

418 3863 572 3922 libri,
599 3855 886 3930 scripsisse
908 3861 1132 3933 videtur
1159 3860 1349 3933 potius
1372 3855 1632 3933 Boetius,
1660 3877 1835 3931 quam
1875 3860 2116 3916 immani
2300 3865 2422 3925 335,
2446 3862 2536 3927 10,
2571 3864 2803 3916 arbitrio
2830 3866 3097 3917 eveniunt.
3125 3864 3378 3933 Uterque
3400 3863 3501 3916 Th.
3533 3862 3662 3929 Reg.
3692 3862 3737 3910 et
3761 3855 3859 3906 Vict-

419 3934 516 3986 illa
557 3932 785 3985 licentia
825 3948 982 3996 usus,
1017 3931 1062 3984 si
1106 3932 1432 3999 retinueris,
1479 3948 1632 4001 aper,
1669 3949 1840 4003 quam
1875 3950 1987 3988 non
2012 3935 2115 3988 ad-
2227 3936 2510 3986 secundus
2541 3935 2770 3987 arbitrio
2793 3937 3030 3988 rennuit.

418 4005 656 4058 mittunt
691 4003 1173 4072 hendecasyllabi.
1358 4073 1365 4074 7
1511 3999 1529 4001 7
1683 3999 1703 4003 7
2298 4007 2419 4071 336,
2454 4008 2504 4071 9,
2557 4021 2677 4074 quae
2719 4009 2926 4059 incerti.
2978 4006 3078 4059 Th.
3117 4005 3422 4073 secundus,
3468 4003 3654 4073 quibus
3677 3999 3858 4054 incerti:

489 4078 615 4142 293,
653 4078 734 4139 13,
767 4075 1024 4128 delibare.
1063 4075 1291 4139 Omnes,
1335 4073 1654 4128 deliberare.
2227 4091 2344 4128 non
2374 4077 2540 4129 male.

489 4140 686 4211 20:},4,
720 4146 919 4213 digerit
948 4148 1005 4198 in
1043 4152 1264 4198 motum.
1296 4147 1398 4198 Th.
1434 4146 1739 4212 secundus,
1763 4145 1965 4212 digerit
2012 4148 2115 4200 im-
2299 4147 2466 4212 Ibid.,
2501 4150 2582 4213 10,
2642 4149 2912 4216 opinionis
2951 4152 3158 4202 constat
3212 4148 3287 4202 id.
3349 4149 3595 4218 Uterque
3624 4140 3854 4208 Th.,lleg.

419 4225 639 4282 motum,
674 4218 775 4270 Th.
807 4219 1047 4286 primus,
1082 4223 1138 4269 et
1168 4218 1328 4283 Reg,
1364 4220 1422 4269 in
1452 4223 1635 4269 motu:
1672 4221 1840 4270 recte.
2152 4261 2194 4286 η
2229 4222 2285 4272 et
2320 4219 2457 4272 Vict.
2492 4219 2791 4285 secundus,
2825 4223 3095 4286 opinionis
3121 4221 3200 4272 id.

489 4261 705 4354 2η96,’3,
732 4261 923 4355 puncti
969 4261 1226 4340 medium.
1395 4293 1661 4358 uterque,
1696 4290 1834 4358 Reg.
1870 4292 2112 4359 uterque
2152 4261 2194 4313 D
2289 4294 2410 4355 337,
2451 4293 2512 4342 10
2571 4261 3004 4357 imagin’atio-nis.
3072 4291 3209 4345 Vict.
3261 4291 3568 4354 secundus,
3626 4281 3851 4359 ἱνηίῑθίηξδ·

422 4361 566 4414 Vict.
588 4351 642 4413 et
671 4351 838 4418 Flexa,
872 4365 1131 4427 punctum
1159 4359 1412 4431 medium.
1544 4351 1564 4358 7
1649 4351 1656 4356 ’
1781 4351 1810 4358 ⁷
2016 4351 2036 4359 ⁷
2296 4351 2456 4428 Ibid.,
2487 4364 2566 4429 15,
2597 4351 2913 4430 ita7deﬁnit.
2947 4363 3049 4417 Th.
3087 4363 3390 4431 secundus,
3435 4366 3490 4416 et
3516 4351 3669 4430 Reg,
3699 4361 3761 4409 ita
3786 4351 3851 4403 dc-

489 4432 659 4498 Ibid,,
695 4434 764 4503 79,
808 4434 1240 4498 proficiscantur.
1290 4429 1426 4484 Vict.
1457 4433 1696 4500 uterque
1763 4434 1819 4485 et
1865 4435 2111 4503 uterque
2220 4434 2416 4501 ﬁnivit.

420 4503 544 4569 Th.,
569 4494 967 4572 proﬁciscatur.
1238 4573 1243 4574 7
1464 4571 1475 4574 _
1525 4573 1531 4574 7
1601 4494 1700 4574 ’,Η
2017 4494 2036 4503 ⁷
2220 4494 2230 4501 7
2293 4503 2457 4569 Ibid.,
2498 4506 2578 4569 18,
2612 4519 2716 4558 non
2750 4505 3157 4574 imaginatione.
3195 4505 3297 4558 Th.
3351 4503 3645 4566 secundus,
3687 4511 3772 4551 non
3810 4494 3850 4544 in

493 4571 780 4639 Ibid.,710,
817 4578 963 4642 ipsas
995 4587 1205 4641 quoque
1224 4571 1608 4626 immutabiles.
1633 4572 1781 4629 Vict.
1807 4574 2108 4628 secundus.
2223 4575 2633 4639 imaginatione.
2868 4571 2879 4574 7

418 4647 596 4713 ipsam
631 4635 850 4713 011041187
869 4635 1273 4698 immutabilem.
2292 4635 2455 4711 Ibid.,
2489 4645 2582 4699 sed
2621 4647 2902 4700 rationali.
2957 4647 3058 4701 Th.
3103 4647 3407 4712 secundus,
3441 4647 3534 4700 sed
3567 4635 3849 4713 rationabili.

471 4705 660 4794 _Ibid.7,
702 4705 802 4794 197,_
846 4731 942 4770 suo
994 4730 1335 4783 quemquam.
1388 4714 1488 4794 Th.
1551 4717 1816 4786 uterque,
1874 4716 2013 4788 Reg.
2057 4721 2114 4772 et
2293 4716 2413 4794 37470,
2444 4705 2535 4786 21,
2570 4717 2792 4773 desidit.
2837 4720 3086 4789 Uterque
3134 4720 3233 4773 Th.
3282 4724 3338 4772 et
3361 4705 3497 4773 Vict.
3551 4716 3762 4788 primus,
3783 4705 3849 4758 de-

421 4785 559 4840 Vict.
596 4787 899 4850 secundus,
935 4803 1028 4840 suo
1065 4801 1373 4854 quoquam:
1410 4785 1576 4839 bene.
1702 4785 1712 4786 7
1967 4785 1982 4788 7
2220 4788 2378 4842 cedit.

490 4857 613 4932 2797,
645 4862 695 4924 3,
729 4848 1016 4932 ccnsuerit.
1052 4848 1197 4932 Vict:
1224 4857 1528 4932 secundus,
1561 4862 1907 4932 censuerunt.
2056 4930 2062 4932 7

2292 4860 2414 4932 3—H,
2453 4863 2507 4924 7,
2560 4860 2832 4928 quoddam
2883 4859 3207 4916 universale.
3258 4862 3508 4932 Uterque
3540 4859 3635 4912 Th.
3667 4857 3714 4908 et
3736 4848 3842 4902 Vici-

491 4929 660 4995 Ibid.,
695 4931 779 4994 15,
808 4931 1048 4997 respicit.
1086 4929 1220 4982 Vict.
1262 4929 1607 4982 secunduset
1653 4929 1813 4998 Reg,
1847 4930 2108 4997 respexit.
2220 4931 2463 5000 primus,
2497 4932 2763 5000 quiddam
2786 4935 3111 4986 universale.

490 5003 616 5074 298,
660 5003 713 5066 2,
762 5001 1017 5068 regenda.
1063 5000 1166 5054 Th.
1203 5004 1443 5071 uterque
1483 5004 1541 5053 et
1587 5000 1728 5054 Vict.
1761 5000 1980 5070 primus
2018 5016 2111 5054 re-
2295 5003 2462 5066 Ibid.,
2496 5003 2818 5058 consideret.
2845 5005 3091 5074 Uterque
3111 5005 3237 5072 Th.,
3269 5003 3590 5059 considerat.

424 5061 621 5146 genita.
702 5061 708 5066 7
825 5061 864 5146 77
973 5145 976 5146 7
1040 5143 1048 5146 7
1103 5144 1110 5146 7
1176 5143 1197 5146 _
1347 5061 1368 5071 7
1410 5141 1442 5146 __
1576 5141 1586 5146 _
1701 5145 1705 5146 7
1761 5061 1843 5146 777

2286 5075 2407 5138 3-t5,
2444 5061 2494 5133 5,
2536 5076 2691 5127 nulla
2737 5080 2814 5130 est
2839 5061 3201 5146 prazséientia.
3224 5061 3335 5129 ’Th.
3367 5075 3655 5137 secundus,
3689 5061 3848 5118 ηυῖίαθη

494 5143 657 5210 Ibid.,
692 5146 743 5205 5,
771 5144 980 5209 agitari
999 5143 1149 5197 sinit.
1175 5143 1238 5196 In
1266 5141 1534 5196 omnibus
1557 5141 1714 5195 deest
1734 5144 1868 5196 sinit
1893 5158 1905 5196 :
1940 5143 2109 5196 male.
2221 5159 2330 5198 esse
2356 5149 2776 5213 praescientiam.

492 5204 659 5281 ll)id.,
690 5204 778 5281 22,
809 5204 1202 5268 ⁷σοπεοὶεηίὶίιγη,
1251 5220 1518 5288 spectans.
1555 5213 1804 5284 Uterque
1835 5215 1937 5268 Th.
1973 5215 2110 5284 Reg.
2292 5204 2461 5283 Ibid.,
2506 5218 2561 5280 7,
2605 5218 2798 5272 habere
2847 5233 3143 5288 possemus.
3188 5218 3323 5274 Vict.
3372 5215 3658 5275 secundus,
3695 5204 3847 5261 Ῑιαὸετε

421 5292 479 5344 et
509 5289 645 5342 Vict.
679 5291 941 5355 uterque,
974 5287 1356 5339 conscientiam
1381 5291 1719 5354 exspectans.
2217 5291 2509 5356 possimus.

491 5361 701 5428 299,1,
733 5344 854 5412 actu
890 5344 1154 5424 felicitas.
1205 5356 1343 5408 Vict.
1378 5344 1681 5424 secundus,
1734 5360 1898 5411 aucta
1926 5357 2112 5423 felici—
2217 5344 2235 5356 7
2291 5361 2412 5423 3&8,
2473 5362 2904 5432 77,77patefecerit.
2973 5363 3221 5432 Uterque
3269 5361 3425 5427 Vict.,
3481 5352 3758 5428 patefacit:
3805 5344 3847 5394 εί

425 5435 526 5486 tas.
1165 5496 1218 5499 ω
1375 5497 1384 5499 _
2222 5433 2466 5499 uterque
2494 5431 2620 5497 Th.,
2650 5434 2930 5499 patefecit.

494 5502 735 5567 Ibid.,2,
773 5504 830 5553 ut
861 5499 1124 5554 exercitii.
1161 5496 1263 5550 Th.
1297 5497 1538 5566 primus,
1574 5503 1634 5552 ut
1665 5501 2001 5552 exercitium.
2293 5495 2417 5567 3-i9,
2453 5504 2532 5567 16,
2575 5495 2943 5570 praesentiam.
3003 5503 3095 5558 Sic
3152 5503 3477 5558 emendavit
3524 5495 3747 5552 Vallinus
3791 5496 3843 5536 ex

495 5573 663 5639 Ibid.,
689 5575 736 5637 5,
776 5573 977 5641 quique
1022 5571 1371 5642 dissentiant.
1413 5570 1540 5634 Th.,
1581 5575 1826 5641 uterque
1873 5571 2010 5642 Reg.
2055 5575 2114 5627 et
2220 5572 2601 5626 consensione
2637 5574 2900 5628 omnium
2930 5580 3187 5630 veterum
3219 5576 3494 5630 codicum.

424 5635 664 5713 uterque
693 5635 853 5712 Vict.,
882 5635 1122 5712 quisque
1152 5639 1516 5695 dissentiant:
1548 5635 1750 5695 malef
1957 5635 1986 5642 ⁷
2290 5647 2413 5714 350,
2445 5644 2535 5712 24,
2580 5649 2901 5711 necessaria,
2947 5661 3111 5718 quam
3156 5663 3263 5703 non
3309 5643 3614 5703 necessaria.
3647 5635 3845 5697 Uterque
