3972 6182
143 264 241 317 869

650 259 995 314 APPENDIX
1033 260 1123 314 AD
1164 261 1294 316 LIB.
1339 263 1428 317 DE
1466 262 1743 320 CONSOL.
1790 261 2053 321 PHILOS.
2097 265 2311 321 VARIA
2348 266 2628 325 MONUM.
2682 268 3121 327 LITTEBARIA.

3537 279 3639 332 870

160 390 274 456 Th.,
304 390 439 466 Leg.
474 391 527 443 et
566 388 711 447 Vict.
744 390 1050 457 secundus,
1080 394 1377 447 necessarie
1405 408 1569 461 quam
1596 409 1704 448 non
1738 409 1829 449 ne-
1870 397 1918 449 A
1946 395 2107 464 1193.,
2135 395 2382 450 divinam
2413 402 2463 451 te
2488 401 2853 466 prmsentiam.

154 476 393 515 εξιςδανιε.

219 534 339 599 351,
386 534 467 595 Η,
526 533 767 606 aliquem
820 532 1115 588 ambulare.
1165 534 1263 588 Th.
1313 534 1554 606 primus,
1591 536 1833 606 aliquem

157 605 411 657 hominem
433 603 726 656 ambulare.

220 675 382 750 l_k}_id.,
427 677 507 741 lii,
537 675 843 750 voluntarie
870 676 1227 741 gradientem.
1263 678 1510 750 Uterque
1532 680 1659 746 Th.,
1688 680 1828 750 Reg.

154 751 204 800 et
232 747 365 798 Vict.
394 747 695 810 secundus,
728 748 1005 802 voluntate
1032 750 1389 815 gradientem.

416 832 532 893 eum
563 824 773 893 tamen.
806 818 953 893 Vict.
998 822 1221 893 primus
1253 826 1307 875 et
1344 822 1507 893 Reg.,
1542 837 1661 877 eum
1696 826 1829 878 tum.

540 903 659 956 qum
679 888 1136 971 pri‘zis;_Uterque
1157 892 1284 958 Th.,
1320 888 1634 971 qua'prius.

216 959 377 1024 lhid.,
408 962 799 1032 27,‘proposui.
829 961 931 1014 Th.
964 959 1207 1030 primus,
1239 959 1419 1032 posui.

210 1032 329 1098 352,
377 1033 430 1093 ὕ,
480 1030 726 1086 divinam
769 1035 819 1086 te
843 1030 1268 1103 praseientiaml
1318 1036 1419 1089 Th.
1462 1035 1744 1091 secundus
1775 1040 1833 1091 et

2016 466 2182 542 lbid.,
2233 470 2285 533 8,
2334 482 2495 542 nunc,
2530 470 2672 542 illud
2707 472 2886 525 velim.
2933 472 3181 542 Uterque
3238 474 3339 529 Th.
3375 481 3432 531 et
3489 477 3632 533 Vict.

1944 539 2248 606 secundus,
2272 554 2416 591 nunc
2442 541 2598 593 aliud
2626 542 2803 595 velim.

2224 613 2304 675 16,
2336 612 2575 665 scientiae
2594 614 2694 687 vis.
2724 614 2824 667 Th.
2869 614 3174 687 secundus,
3206 618 3431 671 scientia
3457 620 3595 687 ejus.

2014 680 2181 759 _lbid.,
2205 688 2423 759 _euncta
2466 685 2833 753 complectens.
2883 685 3051 756 Reg.,
3079 680 3272 742 cuncta
3300 680 3636 759 prospiciens

1940 753 2023 807 vel
2044 754 2416 821 complectens.

2013 822 2181 907 Πξῐόἵε
2215 825 2604 893 posterioribus
2650 825 2821 881 debet.
2854 828 2957 882 Th.
3012 830 3315 899 secundus,
3356 832 3509 888 dedit
3534 849 3633 904 po-

1941 895 2279 949 sterioribus.
3301 895 3309 899 '

2012 965 2176 1041 ibid,
2203 968 2294 1041 23,
2326 971 2483 1041 rectae
2505 972 2654 1041 sunt.
2688 968 2788 1024 Th.
2822 969 3064 1039 primus,
3098 977 3322 1041 receptae
3350 978 3498 1029 sunt.

2010 1036 2184 1108 lbid.,
2205 1039 2296 1105 26,
2326 1038 2554 1093 indicta.
2593 1040 2730 1094 Vict.
2764 1036 3047 1097 secundus
3076 1036 3277 1099 indita.

1470 1279 2308 1366 APPBNDIX

443 1438 613 1551 AD
687 1438 1125 1555 LIBROS
1197 1441 1358 1555 DE
1435 1441 2362 1561 CONSOLATIONE
2440 1445 3332 1567 PHILOSOPHLE

1739 1638 2017 1654 _

1181 1709 1455 1771 VARIA
1495 1710 2048 1776 MONUMENTA
2085 1714 2629 1777 LITTERARIA
3150 1782 3162 1793 δ

296 1842 482 1920 QUZE
552 1843 817 1910 LIBRIS
894 1845 993 1909 DE
1068 1844 1685 1914 CONSOLATIONE
1760 1850 1841 1915 IN
1918 1849 2321 1917 GLAREANI
2398 1851 2775 1920 EDITIONE
2850 1853 3466 1922 PRIEFIGUNTUR.

1739 1999 2018 2012 *-

252 2098 473 2154 JOANN
485 2097 563 2153 ES
604 2098 1052 2155 MURMELLIUS
1092 2100 1699 2157 RUR/EMUNDENSIS

182 2238 451 2278 RODOLPHO
497 2238 700 2280 LANGIO
735 2240 1195 2280 MONASTERIENSIS
1235 2242 1493 2281 ECCLESL’E
1532 2243 1799 2283 CANONICO

870 2331 915 2369 3.
960 2331 1010 2369 P.
1051 2332 1104 2370 D.

220 2456 447 2510 Tandem
512 2471 660 2511 meas
728 2458 787 2511 in
834 2458 1006 2511 Boetii
1062 2457 1308 2512 Severini
1364 2456 1429 2512 de
1475 2458 1836 2527 PhilosOphix

159 2545 540 2611 Consolatione,
589 2560 708 2600 cum
754 2548 948 2614 primis
977 2547 1317 2612 fructuosum
1364 2562 1495 2616 opus
1522 2549 1828 2602 enarratio-

156 2647 251 2697 nes,
285 2634 562 2702 Rodolphe
590 2635 788 2701 Langi,
821 2636 909 2688 vir
930 2638 1165 2688 omnium
1192 2634 1347 2704 (quos
1385 2638 1524 2705 novi)
1553 2637 1834 2691 humanis-

154 2724 283 2791 sime,
314 2724 697 2788 disertissime,
723 2726 1081 2792 pientissime,
1112 2726 1481 2781 studiosorum
1510 2729 1639 2781 usui
1664 2730 1721 2781 in
1748 2728 1827 2781 lu-

159 2825 250 2864 cem
276 2816 472 2877 emitto,
513 2817 711 2882 tuoque
757 2814 1059 2868 clarissimo
1104 2817 1311 2869 nomini
1347 2815 1467 2869 dico
1502 2832 1515 2870 :
1549 2832 1655 2870 non
1686 2816 1833 2885 quod

162 2904 201 2953 ei
227 2905 345 2956 meis
386 2905 554 2970 nugis
604 2903 822 2970 aliquid
856 2904 1163 2972 splendoris
1202 2905 1448 2959 accedere
1478 2921 1632 2975 posse
1660 2909 1832 2974 conﬁ-

162 2988 285 3058 dam,
338 2992 429 3046 sed
475 2997 541 3046 ut
595 2995 939 3046 auctoritatis
980 2997 1084 3047 tuae
1126 2999 1593 3063 praestantissimae
1636 2995 1829 3061 tutela,

162 3082 300 3147 quasi
326 3081 517 3150 Ajacis
548 3082 731 3151 clypeo
768 3086 1009 3149 munitae,
1037 3082 1134 3137 sub
1177 3084 1451 3138 hominum
1489 3086 1672 3139 vultus
1701 3100 1829 3154 pro-

163 3167 302 3223 deant
331 3174 577 3236 tutiores,
614 3187 710 3227 nec
738 3174 1199 3241 vituperationum
1244 3174 1463 3240 linguas
1502 3178 1612 3228 cote
1643 3175 1830 3228 livoris

163 3255 227 3325 (ut
271 3261 535 3327 eleganter
574 3263 657 3315 ait
706 3261 953 3331 quidam)
984 3264 1337 3329 naturaliter
1382 3264 1744 3332 acuminatas,
1780 3268 1829 3318 et

164 3348 386 3415 aspidum
440 3365 632 3404 morsu
681 3352 1009 3404 nocentiores
1057 3352 1435 3417 reformident.
1486 3354 1699 3420 Dignus
1750 3355 1830 3406 est

1863 2104 1905 2157 Β
1934 2119 2123 2173 meque
2154 2104 2240 2175 (ut
2273 2104 2437 2175 facis)
2478 2120 2623 2160 ama.
2675 2106 2969 2161 Alcmariw
3011 2109 3167 2163 tertio
3192 2122 3363 2165 nonas
3402 2109 3635 2181 Aprilis,

1944 2209 2086 2249 anno
2117 2210 2152 2249 a
2181 2194 2385 2250 Christi
2411 2195 2714 2250 Salvatoris
2740 2197 2865 2250 ortu
2898 2196 3053 2251 1514.

2196 2302 2505 2357 JOANNES
2547 2302 2908 2359 CAESARIUS
2946 2304 3379 2361 JULIACENSIS

2214 2408 2271 2446 IN
2303 2407 2523 2453 QUADAM
2562 2409 2632 2446 AD
2667 2408 3030 2449 HURHELLIUM
3071 2408 3355 2450 EPISTOLA.

2014 2496 2169 2562 Quod
2196 2498 2392 2552 scribis
2424 2504 2472 2553 te
2502 2502 2887 2554 commentaria
2917 2515 3121 2570 parare
3149 2503 3209 2555 in
3232 2504 3470 2572 quinque
3498 2502 3635 2558 Boe-

1941 2587 2007 2640 tii
2067 2586 2205 2641 libro
2251 2587 2316 2642 de
2355 2589 2727 2644 Consolatione
2772 2589 3149 2658 philosophiae,
3206 2590 3350 2645 nihil
3378 2607 3508 2646 sane
3537 2593 3633 2662 ju-

1939 2676 2169 2731 cundius
2197 2677 2389 2731 audire
2415 2680 2575 2747 potui
2598 2694 2611 2733 :
2637 2679 2782 2748 quod
2802 2678 2864 2733 id
2890 2684 3028 2733 certe
3050 2679 3147 2733 diu
3158 2680 3277 2749 jam
3298 2687 3632 2751 optaveram,

1936 2769 1997 2820 ut
2021 2765 2268 2819 videlicet
2292 2766 2358 2820 ab
2390 2768 2574 2835 aliquo
2604 2767 2756 2821 docto
2790 2768 3019 2833 homine,
3069 2773 3119 2822 et
3145 2771 3204 2822 in
3250 2769 3399 2825 bonis
3427 2772 3631 2825 litteris

1935 2858 2039 2908 rite
2069 2857 2321 2910 instituto
2352 2857 2585 2921 (qualem
2618 2860 2666 2910 te
2709 2860 2759 2910 et
2798 2857 2992 2925 judico
3044 2861 3096 2911 et
3140 2862 3283 2912 certo
3314 2860 3447 2928 scio)
3495 2862 3633 2914 talia

1936 2943 2221 2999 ederentur
2247 2932 2651 3008 commentaria,
2694 2961 2812 3015 quae
2861 2946 3032 3012 digna
3078 2961 3190 3001 esse
3217 2951 3435 3016 possent
3483 2952 3633 3002 tanto

1935 3038 2170 3102 auctore,
2198 3050 2259 3089 ac
2290 3038 2454 3089 tantae
2482 3038 2646 3089 etiam
2664 3038 2745 3088 rei
2767 3037 3060 3090 convenire.

2167 3142 2515 3197 NICOLAUS
2553 3141 2882 3198 CBESCIUS
2924 3140 3406 3197 FLORENTINUS

2092 3263 2379 3305 MONACBUS
2420 3265 2824 3317 ClSTERClENSIS,
2857 3265 3094 3304 ANTONIO
3132 3266 3473 3305 LANFREDINO

2392 3354 2728 3393 FLORENTINO
2768 3354 2872 3392 CIVI
2911 3354 3169 3393 lLLUSTRl.

162 3411 371 3503 profecto
410 3440 657 3505 Boetius,
689 3442 749 3492 ut
776 3441 1007 3507 ingenue
1034 3411 1220 3494 verum
1238 3411 1656 3509 fatear,quivme
1677 3436 1831 3509 longe
1868 3411 1909 3465 Ο
2012 3444 2189 3499 Multa
2216 3442 2432 3512 quidem
2480 3448 2626 3512 sunt,
2667 3444 2876 3499 Antoni
2907 3443 3258 3511 Lanfredine,
3291 3448 3344 3499 et
3372 3446 3430 3499 in
3454 3445 3634 3513 philo-

164 3526 404 3582 meliorem
442 3527 752 3596 aliquando
785 3533 1248 3583 commcntatorem
1292 3532 1578 3584 sortiatur.
1631 3532 1831 3585 Verum

167 3617 348 3669 tantum
374 3618 525 3674 abest
554 3622 614 3671 ut
646 3620 702 3671 in
752 3618 850 3671 hac
879 3621 1382 3673 commentariorum
1406 3620 1641 3674 editione
1680 3625 1830 3676 tanto
1864 3680 1865 3683 η

164 3706 390 3771 scriptori
423 3708 778 3772 satisfactum
802 3710 1007 3775 putem,
1049 3712 1110 3761 ut
1138 3709 1221 3761 vel
1252 3709 1346 3762 hoc
1375 3709 1530 3762 modo
1562 3709 1829 3765 doctiores

169 3791 228 3842 ad
249 3795 484 3860 jucunda
541 3795 910 3849 studiosorum
968 3797 1155 3851 studia
1204 3800 1571 3866 maximopere
1614 3802 1830 3868 cupiam

165 3884 385 3937 excitari.
417 3887 590 3939 Porro
634 3884 699 3938 de
745 3887 1001 3939 hactenus
1035 3886 1196 3939 editis
1228 3889 1286 3940 in
1332 3887 1575 3941 eumdem
1606 3904 1829 3943 enarra-

167 3970 368 4026 tionibus
395 3975 537 4027 nihil
564 3976 758 4028 attinet
797 3974 974 4028 dicere
1002 3990 1020 4027 :
1048 3990 1167 4043 qum
1190 3977 1241 4028 si
1272 3976 1550 4044 placerent
1581 3976 1813 4031 homini-

167 4056 245 4110 bus
272 4064 513 4125 erinlitis,
547 4078 678 4116 sane
708 4079 874 4131 quam
914 4063 1081 4118 libens
1116 4065 1193 4131 (ut
1223 4068 1318 4132 qui
1359 4065 1672 4120 trivialibus
1703 4068 1829 4121 olim

167 4151 377 4214 quotidie
426 4153 886 4221 pralectionibus,
942 4157 992 4207 et
1053 4155 1243 4207 scholae
1290 4154 1635 4209 moderanda:
1682 4159 1829 4212 curis

167 4250 313 4305 supra
339 4243 558 4295 modum
588 4242 916 4309 dislringar)
948 4243 1042 4296 hoc
1067 4243 1393 4297 lucubrandi
1423 4244 1622 4299 labore.
1656 4250 1706 4300 et
1735 4246 1828 4300 ho-

167 4328 341 4382 minum
366 4331 584 4397 judicia
612 4331 882 4384 subeundi
910 4333 1149 4399 periculo
1184 4331 1624 4401 supersedissem.
1667 4334 1829 4389 Ca’te-

167 4428 268 4469 rum
287 4420 510 4474 candido
545 4421 730 4473 lectori
752 4435 971 4488 operam
992 4436 1163 4475 meam
1188 4421 1481 4490 probatum
1510 4424 1582 4476 iri
1602 4423 1828 4493 confido,

166 4517 254 4559 non
290 4508 348 4560 ob
391 4511 481 4563 hoc
523 4511 715 4577 solum,
758 4510 904 4577 quod
930 4510 1173 4565 obscuris
1217 4512 1384 4565 lucem
1413 4510 1716 4580 intulerim,
1749 4529 1832 4567 ve-

168 4606 268 4647 rum
295 4600 447 4653 etiam
499 4602 634 4669 quia
662 4600 860 4655 Graecis
911 4615 1029 4667 quae
1087 4600 1562 4669 desiderabantur,
1597 4602 1705 4655 loco
1735 4617 1831 4656 suo

1937 3533 2133 3602 sophia
2156 3537 2206 3587 et
2236 3534 2295 3585 in
2326 3533 2614 3599 theologia,
2654 3547 2774 3587 cum
2821 3532 3041 3587 obscure
3069 3533 3240 3599 dicta,
3281 3537 3395 3587 tum
3427 3532 3502 3587 ad
3540 3549 3632 3588 co-

1935 3621 2298 3689 gnoscendum
2324 3620 2604 3687 difﬁcilia.
2635 3621 2749 3675 Illae
2780 3624 2957 3674 tamen
2982 3623 3255 3690 imprimis
3288 3621 3515 3675 celebres
3562 3621 3628 3675 de

1935 3712 2076 3777 fato,
2106 3710 2171 3765 de
2197 3710 2352 3763 beata
2374 3712 2511 3777 vita,
2541 3710 2606 3763 de
2634 3710 2827 3763 divina
2842 3708 3195 3778 praenotione,
3245 3715 3408 3779 atque
3436 3711 3633 3764 Provi-

1937 3799 2123 3853 dentia
2181 3801 2523 3868 quaestiones,
2575 3800 2807 3867 ancipiti
2856 3798 3130 3853 intellectu
3168 3800 3456 3865 legentium
3507 3800 3621 3867 ple-

1935 3902 2128 3952 rosque
2154 3890 2213 3941 in
2268 3887 2583 3941 deteriorem
2622 3901 2837 3942 sensum
2885 3891 3220 3942 transversos
3271 3892 3464 3956 agunt.
3508 3890 3634 3957 Quae

1938 3990 2253 4045 quanquam
2278 3979 2405 4029 sunt
2443 3991 2477 4029 a
2507 3977 2784 4030 nonnullis
2810 3978 2892 4030 ita
2932 3979 3183 4030 accurate
3211 3975 3517 4044 disputata,
3545 3981 3632 4029 at-

1938 4081 2039 4134 que
2069 4066 2277 4134 copiose
2305 4065 2605 4131 illustrata,
2638 4069 2697 4118 ut
2728 4064 2910 4118 nullus
2938 4065 3190 4118 videatur
3216 4066 3436 4118 relictus
3467 4064 3630 4118 dubi-

1939 4155 2098 4209 tandi
2146 4154 2310 4220 locus,
2364 4155 2437 4207 iis
2482 4157 2661 4207 tamen
2699 4152 2764 4206 de
2814 4153 2973 4206 rebus
3021 4156 3350 4218 accuratius,
3381 4156 3629 4220 gravius,

1938 4244 2174 4299 lucidius
2202 4244 2373 4313 {nemo
2429 4259 2592 4311 quam
2646 4243 2928 4298 Severinus
2968 4244 3183 4296 Boetius
3216 4240 3498 4308 disseruit,
3545 4244 3634 4295 vir

1938 4336 2043 4406 (me
2074 4334 2292 4403 quidem
2344 4333 2549 4403 judice)
2609 4336 2846 4387 omnium
2900 4348 3011 4388 suae
3046 4334 3224 4386 aetatis
3263 4332 3625 4387 doctissimus.

1939 4422 2045 4489 Qui
2069 4439 2189 4477 cum
2226 4425 2286 4477 in
2312 4423 2605 4497 multiplici
2636 4423 3055 4492 disciplinarum
3085 4437 3275 4489 genere
3302 4436 3409 4475 non
3451 4436 3632 4493 pauca

1939 4515 2244 4582 scripserit,
2266 4513 2438 4567 voluit
2469 4514 2631 4567 etiam
2662 4517 2776 4567 tum
2797 4513 2856 4566 in
2897 4512 2995 4566 hoc
3026 4511 3182 4578 libro,
3216 4526 3372 4581 quem
3402 4510 3466 4564 de
3508 4511 3633 4579 phi-

1941 4604 2195 4672 losophiae
2226 4604 2615 4670 Consolatione,
2648 4607 2762 4656 tum
2809 4605 2867 4657 in
2918 4604 2989 4656 iis
3020 4616 3151 4670 quos
3183 4600 3248 4655 de
3291 4602 3552 4655 Trinitate
3581 4603 3633 4655 et

171 4690 389 4750 repositis
417 4694 557 4757 (qua
587 4691 819 4742 Joannes
860 4690 1128 4745 Caesarius
1160 4692 1445 4758 utriusque
1491 4692 1690 4757 linguae
1732 4691 1827 4746 do-
1870 4712 1913 4767 ι)
1945 4692 2011 4746 de
2048 4692 2268 4746 Duabus
2319 4694 2546 4749 Naturis
2603 4692 2811 4748 Christi
2850 4691 3151 4759 inscripsit,
3207 4689 3339 4744 bono
3394 4690 3632 4759 periculo

171 4776 426 4843 iussimus,
442 4779 859 4847 etphilosophim
876 4780 1260 4848 medicinaque
1276 4782 1552 4848 professor
1579 4783 1828 4849 egregius

169 4874 224 4911 ex
250 4865 421 4931 Italia,
458 4868 695 4922 Joannes
751 4868 1069 4923 Edicollius
1121 4869 1381 4923 bonarum
1411 4874 1612 4923 artium
1650 4873 1826 4939 magi-

169 4955 274 5017 ster,
302 4954 512 5011 dubium
542 4959 835 5011 litteratior
881 4973 954 5010 an
984 4958 1290 5025 humanior,
1344 4960 1640 5013 Da'vcntria
1668 4974 1827 5028 supe-

170 5040 286 5093 riori
310 5046 379 5098 ad
413 5062 491 5099 me
513 5062 654 5100 anno
685 5047 970 5117 dederunt)
1002 5047 1223 5101 mendas
1263 5049 1679 5118 complusculas,
1717 5054 1830 5104 tum

173 5142 195 5177 ε
221 5144 368 5196 prosa
395 5139 657 5203 oratione,
698 5141 814 5190 tum
839 5152 864 5189 e
889 5138 1141 5191 versibus
1172 5139 1504 5193 sustulerim.
1564 5140 1681 5205 Qua
1707 5142 1828 5208 qui-

174 5213 273 5271 dem
294 5223 343 5275 in
362 5239 417 5276 re
442 5230 536 5278 tua
582 5225 855 5295 quondam
882 5241 987 5279 non
1002 5242 1204 5294 parum
1236 5242 1318 5280 me
1350 5226 1499 5294 juvit
1528 5228 1827 5294 industria,

175 5308 538 5383 multijugaque
568 5316 802 5370 eruditio
833 5332 845 5369 :
880 5330 1042 5384 super
1070 5314 1224 5385 cujus
1255 5316 1613 5384 amplissimis
1647 5317 1831 5371 laudi-

177 5392 257 5449 bus
296 5400 363 5465 (id
384 5404 521 5470 quod
568 5406 837 5459 Salustius
871 5404 935 5458 de
974 5406 1304 5473 Carthagine
1332 5405 1430 5476 ait)
1463 5408 1620 5460 silere
1641 5408 1830 5461 melius

174 5490 285 5548 Puto
320 5504 473 5558 quam
492 5508 684 5561 parum
706 5494 919 5564 dicere,
961 5498 1217 5563 quoniam
1245 5496 1353 5549 alio
1384 5511 1677 5564 properare
1704 5502 1831 5551 tem-

174 5585 265 5637 pus
289 5587 470 5635 monet.
501 5584 743 5640 Praemisi
780 5588 961 5639 autem
1014 5584 1263 5654 quaedam
1294 5587 1514 5652 nostris,
1550 5600 1668 5653 quae
1698 5585 1831 5640 dili-

178 5673 287 5725 gens
316 5667 465 5725 lector
494 5672 639 5729 haud
678 5689 957 5744 quaquam
1002 5673 1410 5744 aspernabitur,
1462 5689 1635 5744 spero.
1675 5675 1828 5742 Vale,

1937 4784 2201 4851 experiri,
2257 4788 2521 4850 quantum
2562 4783 2623 4835 in
2672 4782 2845 4835 sacris
2898 4781 3119 4834 Litteris
3148 4780 3488 4848 profecisset.
3529 4778 3635 4836 Sed

1935 4875 2053 4925 erat
2082 4871 2168 4924 hic
2201 4870 2336 4924 liber
2366 4870 2498 4923 adeo
2527 4870 2841 4923 saeculorum
2870 4871 3084 4922 incuria
3105 4868 3229 4938 jam
3271 4868 3629 4938 deprauatus,

1936 4964 2001 5015 ut
2045 4961 2227 5015 nullus
2276 4962 2364 5014 sui
2410 4961 2648 5014 auctoris
2696 4961 2860 5025 nitor,
2912 4958 3202 5028 nullusque
3236 4973 3407 5028 prope
3459 4960 3633 5013 cultus

1939 5054 2343 5116 agnosceretur.
2379 5049 2484 5115 Qui
2512 5064 2630 5102 eum
2650 5046 3021 5115 superioribus
3046 5049 3208 5102 annis
3241 5050 3633 5102 restitutionem

1938 5140 2027 5193 sui
2065 5143 2326 5207 posceret,
2378 5138 2545 5192 multo
2586 5136 2839 5206 pluribus
2894 5136 3210 5191 vulneribus
3259 5136 3483 5205 affectus
3533 5138 3629 5188 est.

1937 5229 2191 5296 Namque
2210 5229 2457 5294 mutilus,
2490 5228 2759 5290 inversus,
2785 5230 2835 5280 et
2866 5242 2899 5280 a
2938 5240 2993 5280 se
3034 5227 3334 5295 plurimum
3388 5227 3631 5277 mutatus

1934 5318 2147 5387 prodiit
2176 5318 2244 5370 ab
2276 5316 2689 5385 impressoribus
2710 5317 2767 5369 in
2791 5331 2981 5370 manus
3007 5316 3301 5381 hominum,
3340 5328 3458 5366 cum
3491 5326 3630 5366 com-

1940 5408 2228 5461 mentariis
2258 5408 2355 5474 qui
2374 5407 2518 5474 falso
2548 5406 2674 5460 divo
2707 5406 2913 5461 Thomas
2943 5406 3215 5474 Aquinati
3258 5399 3629 5456 ascribuntur.

1940 5498 2179 5564 Rogatus
2210 5498 2394 5564 itaque
2440 5500 2503 5550 ut
2548 5495 2687 5549 hunc
2726 5499 2908 5565 ipsum
2950 5495 3123 5547 Boetii
3156 5492 3356 5545 librum
3384 5491 3633 5546 emenda-

1939 5601 2072 5653 rem,
2105 5600 2166 5640 ac
2192 5586 2462 5654 pristimae
2484 5586 2798 5653 integritati
2827 5581 3015 5653 quoad
3029 5594 3242 5650 possem
3270 5582 3631 5636 restituerem.

1938 5675 2005 5731 1d
2037 5690 2094 5729 eo
2119 5674 2374 5730 libentius
2421 5676 2549 5744 feci,
2585 5674 2731 5745 quod
2754 5672 2985 5728 materia
3022 5668 3088 5725 de
3134 5685 3244 5740 qua
3279 5670 3547 5739 agebatur
3572 5687 3634 5725 ea
