3982 6182
393 240 490 291 871

1136 237 1487 292 ΑΡΡΕΝΒΙΧ
1525 236 1616 289 AD
1662 235 1907 292 LIBROS
1948 236 2038 292 DE
2081 235 2602 293 CONSOLATIONE
2644 235 3144 291 PIlILOSOPIlI/E.
3742 240 3828 295 872

387 372 636 441 profecto
665 374 744 425 est
773 384 891 439 qux
912 369 1225 437 religiosum
1249 370 1429 423 virum
1447 367 1683 422 maxime
1710 369 1910 422 deceat.
1953 370 2088 424 Usus
2127 371 2172 423 Α
2199 369 2468 423 veteribus
2495 372 2696 424 nostris
2727 369 2788 422 ob
2821 369 3173 423 mobilitatem
3204 366 3382 422 sedere
3415 369 3470 422 in
3503 370 3608 438 pila
3634 372 3835 437 ﬁngeba-

395 464 474 516 est
498 464 678 514 autem
703 463 762 514 in
789 460 886 514 hoc
917 474 1072 528 opere
1118 460 1334 512 Boetius
1356 473 1412 512 eo
1439 458 1657 512 dicendi
1701 474 1909 526 genere,
1945 459 2088 527 quod

391 567 498 606 non
523 553 703 605 minus
733 553 985 604 ornatum
1007 564 1172 619 quam
1202 565 1367 618 grave
1387 552 1437 602 et
1462 549 1820 618 philosophiae
1850 551 2088 602 maxime

393 640 848 696 accommodatum
879 640 1150 694 videatur.
1186 642 1256 694 Et
1272 644 1534 707 prxterea
1559 641 1771 693 varium
1801 654 1962 708 eoque
1985 638 2087 706 ju-

397 730 824 799 cundum,'quod
842 745 982 784 nunc
1015 729 1191 783 soluta
1212 732 1452 783 oratione
1469 731 1790 797 gravissime
1813 729 2083 799 disputat,

393 834 535 874 nunc
561 824 727 873 metro
749 820 1049 886 elegantius
1082 818 1239 872 ludit.
1285 818 1348 872 Id
1388 821 1560 886 igitur
1580 833 1712 886 opus
1736 822 1922 873 nostra
1955 834 2087 872 cura

394 925 457 965 ac
486 910 794 978 diligentia,
837 909 1206 978 qualecunqne
1250 913 1347 974 est,
1389 909 1726 963 emendatum
1754 947 1768 973 ,
1803 909 1902 962 tibi
1944 909 2088 962 Lan-

391 999 606 1067 fredine
625 1000 712 1052 vir
740 1001 1084 1052 ornatissime
1111 1013 1507 1068 nuncupamus,
1538 1014 1643 1052 non
1673 1014 1733 1052 ea
1764 999 1994 1063 ratione,
2028 1001 2087 1051 ut

392 1091 694 1143 existimem
733 1089 851 1158 ejus
891 1089 1163 1142 lectionem
1195 1103 1350 1157 posse
1398 1090 1626 1142 multum
1659 1092 1761 1141 tux
1792 1087 2088 1140 eruditioni

392 1179 650 1250 adjicere,
697 1178 789 1233 sed
833 1183 892 1232 ut
952 1183 1040 1232 tuo
1075 1180 1376 1247 patrocinio
1433 1180 1492 1231 in
1539 1177 1849 1231 Enchiridii
1897 1179 2086 1244 typum

391 1273 695 1329 astrictum,
731 1269 1003 1322 honestius
1026 1284 1087 1321 ac
1117 1270 1293 1322 tutius
1319 1270 1378 1321 in
1415 1269 1608 1335 vulgus
1635 1270 1842 1322 exiret:
1873 1270 1931 1319 ut
1961 1265 2088 1320 inde

388 1359 555 1425 facile
572 1356 824 1425 judicari
845 1360 1042 1426 possit,
1096 1363 1361 1425 quantum
1395 1359 1536 1410 inter
1579 1359 1818 1425 priorem
1849 1356 2002 1409 illum
2039 1358 2088 1407 et

391 1447 532 1502 hunc
569 1452 813 1501 nostrum
845 1447 1045 1501 librum
1086 1449 1320 1500 intersit.
1369 1445 1520 1510 Quod
1568 1450 1614 1499 si
1658 1451 1715 1499 tu
1746 1445 2084 1514 probaveris,

387 1539 523 1592 satis
555 1551 589 1591 a
627 1552 706 1591 me
733 1536 978 1592 omnibus
1005 1538 1217 1603 factum
1243 1551 1352 1590 esse
1371 1535 1650 1604 judicabo.
1693 1537 1843 1590 Vale.

1035 1651 1446 1708 PRASLECTIO

590 1785 771 1824 JACODI
811 1784 1166 1824 BONONIENSIS
1208 1785 1263 1823 ΙΝ
1305 1783 1538 1823 BOETIUM
1580 1783 1912 1822 SEVERINUM.

463 1895 857 1951 Constitueram
902 1893 1012 1948 viri
1068 1895 1371 1948 clarissimi
1423 1895 1514 1948 hoc
1574 1909 1716 1948 anno
1763 1895 2087 1962 praefatione

387 1983 674 2051 abstinere,
705 2001 771 2038 ne
797 1999 1003 2053 semper
1047 1985 1105 2037 in
1140 1983 1320 2037 eodem
1350 1985 1578 2051 vestigio
1610 1985 1883 2037 haererem.
1932 1983 2087 2036 Assi-

386 2072 572 2127 duitas
603 2076 765 2141 enim,
793 2079 853 2128 ut
874 2077 953 2128 ait
977 2074 1172 2138 Cicero,
1197 2073 1494 2139 fastidium
1515 2075 1667 2141 parit
1688 2078 1737 2126 et
1755 2074 2080 2126 satietatem.

393 2163 590 2218 Verum
622 2168 683 2217 ut
730 2165 1012 2218 consilium
1065 2167 1349 2228 mutarem,
1396 2166 1609 2230 partim
1646 2178 1738 2217 vos
1771 2165 1933 2216 nimis
1960 2164 2083 2230 ofﬁ-

383 2253 516 2306 ciosi
535 2255 584 2306 et
613 2257 855 2306 amantes
878 2252 1053 2305 nostri
1070 2253 1377 2320 perfecistis
1400 2251 1502 2320 (me
1522 2266 1759 2320 namque
1787 2253 2082 2320 quotannis

387 2346 560 2396 vestro
590 2344 937 2395 ornatissimo
967 2346 1248 2410 conspectu
1280 2341 1765 2409 honestissimaque
1785 2342 2084 2409 prxsentia

385 2429 775 2500 co-ndecoratis)
801 2431 1013 2499 partim
1067 2431 1302 2484 illustris
1336 2435 1386 2483 et
1416 2432 1693 2498 magniﬁci
1721 2434 1940 2483 senatus
1987 2445 2081 2484 no-

385 2521 575 2573 stratis
609 2521 1016 2587 magniﬁcentia
1048 2534 1110 2573 ac
1135 2519 1454 2585 liberalitas,
1490 2521 1587 2588 qui
1614 2533 1692 2572 me
1717 2523 1966 2587 proxime
1987 2521 2085 2572 im-

379 2609 623 2676 pensiori
649 2608 854 2661 salario
886 2607 1204 2662 censendum
1244 2611 1486 2676 putavit,
1537 2624 1630 2662 nec
1674 2623 1779 2660 non
1828 2609 2086 2674 collegam

383 2697 501 2750 viro
523 2696 894 2751 eruditissimo
922 2697 1416 2765 humanissimoque
1455 2712 1534 2751 me
1564 2695 1888 2768 adjungens,
1924 2698 2085 2750 hone-

381 2787 540 2839 stiori
562 2787 718 2840 titulo
739 2789 1045 2841 exorna-vit.
1087 2789 1386 2842 Tantorum
1416 2788 1588 2853 igitur
1618 2789 1935 2840 meritorum
1967 2801 2080 2840 me-

381 2891 498 2930 mor
539 2875 820 2946 (quoniam
851 2879 1071 2948 ingrato
1119 2877 1329 2930 homine
1358 2877 1501 2930 nihil
1523 2876 1682 2944 pejus
1714 2879 1862 2930 terra
1903 2881 2074 2943 creat,

382 2970 443 3020 ut
475 2968 554 3020 ait
582 2965 900 3036 Menander)
935 2965 1246 3021 recordatus
1267 2969 1430 3019 etiam
1455 2965 1714 3032 Amyclas
1737 2965 1958 3019 tacendo
1984 2981 2080 3033 pe-
2122 2989 2161 3045 ρ

381 3057 562 3121 riisse,
586 3057 834 3126 quodque
864 3071 1012 3110 nemo
1029 3057 1192 3110 silens
1219 3057 1447 3124 placuit,
1485 3057 1545 3108 ut
1574 3057 1755 3123 inquit
1784 3055 2077 3123 Ausonius,

384 3160 542 3213 cogor
573 3148 924 3215 impellorque
953 3145 1169 3215 aliquid
1199 3149 1321 3199 novi
1349 3147 1407 3199 in
1446 3148 1740 3214 praesentia
1775 3145 1924 3200 vobis
1954 3147 2083 3198 reci-

387 3239 523 3301 tare,
559 3235 704 3304 quod
723 3238 848 3304 ipsa
875 3236 1068 3290 saltem
1106 3237 1370 3289 varietate
1411 3249 1569 3289 aures
1602 3239 1816 3290 vestras
1840 3235 2080 3304 permul-

387 3329 504 3378 ceat
529 3329 578 3378 et
609 3325 846 3380 oblectet.

455 3412 598 3478 Quid
642 3415 878 3478 frontem
932 3414 1335 3469 contraxistis?
1381 3414 1526 3482 quod
1580 3428 1663 3468 me
1719 3415 2078 3469 recitaturum

382 3516 502 3556 sum
557 3503 879 3570 pollicitus?
930 3505 1047 3559 Non
1096 3518 1270 3556 meum
1322 3507 1399 3557 est
1442 3504 1763 3571 exemplum,
1807 3505 1857 3557 si
1888 3507 2072 3558 recito.

382 3590 488 3645 Sed
509 3590 603 3644 hoc
625 3595 820 3645 veteres
848 3592 1092 3662 alioquin
1110 3591 1477 3646 eruditissimi
1495 3593 1844 3658 factitarunt.
1865 3595 2077 3650 Novum

381 3683 552 3734 cutem
595 3679 656 3734 id
683 3681 914 3749 appello,
972 3681 1116 3750 quod
1167 3685 1293 3735 ante
1329 3696 1412 3735 me
1443 3681 1624 3735 nullus
1665 3683 1742 3736 sic
1775 3684 2071 3738 contexuit.

378 3769 665 3824 Habebunt
684 3772 869 3838 itaque
899 3770 1063 3837 docti,
1098 3787 1221 3841 quae
1240 3771 1406 3838 facile
1448 3775 1768 3839 cognoscant
1798 3788 1810 3825 :
1841 3771 2071 3839 indocti,

381 3874 500 3928 qux
525 3859 839 3914 condiscant
867 3865 916 3914 et
939 3859 1303 3914 admirentur.
1337 3860 1510 3914 Hodie
1559 3862 1733 3929 igitur
1761 3861 1926 3915 verba
1956 3877 2076 3916 sum

377 3949 632 4016 facturus
662 3951 727 4004 de
757 3950 1030 4006 erroribus
1063 3966 1202 4020 pene
1238 3952 1557 4018 innumeris,
1609 3951 1804 4020 quibus
1833 3953 2076 4022 plerique

380 4053 555 4094 omnes
605 4042 892 4107 fallimur:
927 4056 1020 4096 nec
1066 4042 1240 4096 solum
1270 4043 1514 4111 imperiti
1556 4044 1606 4095 et
1645 4042 1900 4110 profani,
1932 4041 2076 4110 quod

377 4131 558 4184 minus
588 4145 729 4199 xgre
764 4131 1051 4198 ferendum
1095 4136 1264 4186 esset:
1300 4131 1395 4185 sed
1433 4130 1602 4201 (quod
1636 4131 1871 4185 dolorem
1901 4146 2075 4185 meum

378 4219 669 4288 exulcerat)
702 4221 908 4275 eruditi
930 4225 999 4288 et,
1034 4225 1096 4275 ut
1127 4224 1208 4276 ita
1223 4221 1423 4285 dicam,
1446 4223 1730 4275 Musarum
1750 4220 2068 4274 sacerdotes.

377 4307 633 4364 Cxterum
665 4325 783 4364 cum
829 4310 1040 4365 morbos
1072 4313 1123 4364 et
1171 4311 1352 4363 ulcera
1387 4311 1708 4376 refricuero,
1739 4309 2070 4378 lmedicinam

377 4398 598 4454 auditor
654 4405 925 4470 exspecta.
979 4402 1172 4454 Favete
1221 4415 1344 4467 ergo
1391 4415 1589 4467 omnes,
1631 4404 1681 4454 et
1709 4399 1890 4455 adeste
1920 4413 2071 4469 aequo

375 4490 575 4543 animo.
611 4491 770 4559 Nam,
802 4494 863 4544 ut
893 4492 973 4544 ait
1018 4491 1398 4558 Hieronymus,
1453 4490 1638 4544 beatus
1667 4493 1745 4544 est
1775 4492 1870 4558 qui
1900 4489 2072 4558 loqui-

377 4577 466 4628 tur
492 4577 551 4629 in
579 4592 736 4632 aures
763 4577 1057 4631 audientis.
1076 4577 1263 4633 Omnis
1296 4579 1606 4632 mortalium
1629 4593 1762 4632 cura
1782 4581 2070 4633 etintentio

373 4663 447 4717 ad
466 4679 631 4719 unum
662 4668 861 4734 quietis
889 4671 1114 4734 statum,
1140 4667 1352 4722 diverso
1372 4673 1550 4722 tamen
1569 4669 1702 4722 calle
1731 4671 1931 4723 nititur
1945 4685 2069 4738 per-

372 4755 573 4807 venire.
622 4757 724 4810 Hic
756 4759 945 4825 itaque
995 4772 1050 4812 se
1095 4762 1262 4812 totum
1313 4760 1550 4825 fortunx
1597 4762 1902 4826 committit,
1953 4775 2069 4815 eam

372 4842 554 4896 dicens
610 4859 694 4898 res
753 4845 1020 4900 humanas
1063 4863 1166 4917 pro
1213 4847 1444 4902 arbitrio
1498 4851 1703 4916 ﬂectere
1744 4853 1794 4902 et
1829 4864 2062 4904 versare.

373 4931 631 4986 Eamdem
658 4934 904 4990 observat
933 4941 980 4990 et
1001 4942 1310 5003 veneratur,
1346 4942 1606 5008 tanquam
1637 4953 1832 4992 numen
1863 4940 2068 4993 saluta-

370 5036 450 5087 re,
518 5025 816 5078 maximum
873 5028 1328 5096 omnipotensque.
1396 5029 1712 5097 Illectusque
1766 5030 2066 5096 primulum

373 5110 659 5167 blanditiis
693 5118 742 5167 et
769 5113 1047 5169 lenociniis
1076 5117 1242 5185 hujus
1273 5117 1494 5186 pellacis
1525 5121 1573 5171 et
1601 5119 1902 5186 versipellis
1933 5117 2063 5182 deae,

370 5213 489 5254 cum
523 5202 738 5256 tandem
771 5205 1048 5271 reﬂantem
1068 5205 1217 5259 videt
1244 5212 1294 5260 et
1325 5207 1629 5273 adversam,
1669 5209 1956 5276 quaeritur,
1979 5223 2065 5261 su-

369 5293 566 5360 Spirat,
628 5295 918 5361 gemitque,
979 5293 1266 5361 lubricam,
1325 5298 1735 5363 inconstantem,
1781 5313 1970 5351 caecam
2015 5303 2065 5354 et

369 5393 564 5447 vagam
591 5383 895 5450 appellans,
917 5383 1161 5451 nullique
1178 5387 1416 5439 convicio
1444 5401 1691 5455 parcens.
1715 5387 1944 5451 Stultus,
1975 5389 2061 5441 in-

370 5483 552 5535 quam,
587 5486 652 5524 ne
669 5470 1231 5542 dicam;insanus,fqui
1259 5475 1378 5527 vult
1395 5480 1454 5528 ut
1480 5477 1558 5529 nil
1589 5480 1738 5530 intra
1767 5479 1841 5531 sit
1866 5476 2059 5532 oleam.

367 5558 447 5609 nil
485 5561 644 5611 extra
667 5561 724 5612 in
749 5575 881 5614 nuce
907 5561 1055 5614 dari.
1092 5561 1361 5625 Quoniam
1387 5565 1529 5618 enim
1549 5568 1744 5619 mentis
1782 5568 2061 5635 proposito

366 5645 538 5700 vitam
567 5651 617 5702 et
645 5662 792 5717 spem
821 5650 906 5705 illi
935 5650 1146 5707 credere
1174 5655 1254 5709 est
1275 5667 1459 5723 ausus,
1495 5669 1613 5724 qux
1645 5655 1712 5709 ab
1744 5658 1990 5727 antiquis
2011 5661 2063 5714 et

2201 463 2310 524 tur,
2349 459 2410 530 ζει
2458 459 2844 529 quam_'_rotul£e
2887 461 3240 526 insistentem,
3288 457 3432 526 quod
3461 459 3562 512 loco
3612 464 3740 513 stare
3771 477 3840 514 ne-

2197 553 2392 618 quiret,
2431 552 2704 618 sapienter
2725 549 2875 604 dixit
2903 554 2955 604 et
2986 548 3162 617 lepide
3177 549 3468 602 Ausonius.
3495 550 3724 603 Fortunx
3738 566 3839 616 ergo

2195 641 2246 693 si
2277 643 2324 692 te
2352 639 2644 706 regendum
2665 639 2884 705 dedisti,
2916 638 3143 692 domi-nx
3174 638 3432 702 moribus,
3461 642 3652 706 oportet
3679 638 3841 692 obtem-

2193 743 2362 797 peres.
2401 730 2564 782 Alius
2583 729 2931 796 congerendis
2959 729 3171 797 opibus,
3203 727 3642 794 cumulandisque
3661 729 3837 781 divitiis

2193 819 2396 884 inhiat,
2440 823 2685 886 totusque
2710 819 2948 880 incubat,
2999 823 3154 871 ratus
3183 833 3279 886 per
3320 817 3416 871 has
3447 817 3666 870 solidam
3687 818 3832 883 felici-

2197 912 2380 974 tatem,
2422 913 2470 963 et
2494 911 2674 962 omnia
2707 909 3029 963 mortalibus
3053 907 3327 962 commoda
3359 911 3407 961 et
3442 907 3736 976 compendia
3763 911 3839 961 im-

2191 1000 2427 1068 portari,
2459 999 2630 1067 juxta
2657 999 2807 1053 illud
2837 1015 2848 1052 :

2267 1108 2404 1162 Nam
2437 1108 2486 1160 si
2515 1107 2721 1175 aliquis
2753 1121 2909 1160 casus
2933 1106 3063 1161 lecto
3096 1108 3142 1159 te
3171 1107 3379 1175 afﬁxit,
3421 1105 3582 1159 habes
3607 1107 3694 1172 qui

2268 1196 2550 1261 Assideat,
2574 1198 2817 1261 fomenta
2847 1200 3022 1266 paret,
3057 1195 3320 1249 medicum
3352 1201 3500 1261 roget
3538 1201 3595 1247 ut
3623 1200 3668 1248 te

2266 1286 2520 1352 Suscitet,
2555 1302 2617 1340 ac
2656 1285 2856 1340 reddat
2887 1288 3032 1339 natis
3062 1285 3351 1353 charisque
3382 1286 3710 1353 propinquis.

2194 1376 2629 1444 Frequenterque
2660 1375 2800 1428 illud
2832 1375 2987 1428 habet
3011 1378 3066 1427 in
3093 1391 3194 1434 ore.

2267 1467 2481 1521 Scilicet
2513 1480 2734 1518 uxorem
2765 1481 2885 1519 cum
2907 1465 3047 1531 dote,
3079 1464 3348 1534 ﬁdemque
3368 1467 3416 1516 et
3451 1464 3662 1528 amicos,

2269 1557 2338 1608 Et
2367 1570 2535 1622 genus
2568 1556 2866 1620 etformam
2895 1556 3085 1621 regina
3103 1555 3338 1622 pecunia
3371 1553 3554 1618 donat,

2267 1645 2347 1698 Ac
2371 1645 2497 1700 bene
2525 1648 2861 1697 nummatum
2883 1643 3099 1697 decorat
3131 1642 3372 1697 Suadela
3403 1643 3688 1708 Venusque.

2196 1735 2296 1788 Hic
2328 1736 2490 1787 etiam
2531 1738 2692 1802 putat
2723 1733 2911 1787 coelum
2971 1733 3200 1802 deosque
3249 1747 3386 1786 auro
3438 1731 3663 1795 venales,
3706 1733 3842 1782 motus

2195 1824 2290 1878 hoc
2329 1823 2657 1877 Tertulliani
2685 1822 2944 1876 versiculo
2970 1838 2982 1876 :

2480 1931 2597 1986 Non
2630 1931 2747 1983 licet
2771 1930 2893 1983 deos
2925 1944 3076 1984 nosse
3104 1930 3303 1996 gratis.

2192 2018 2407 2084 Hocque
2437 2019 2680 2072 Petronii
2711 2020 2964 2086 disticho,

2262 2108 2466 2174 Magna
2497 2109 2703 2176 loquor,
2738 2108 2959 2176 quidvis
2987 2110 3221 2162 nummis
3247 2105 3600 2177 praesentibus
3629 2107 3756 2174 cpta,

2333 2197 2402 2250 Et
2434 2199 2629 2264 veniet,
2664 2197 2907 2250 clausum
2936 2197 3175 2266 possidet
3206 2211 3337 2250 arca
3362 2198 3561 2250 Jovem.

2189 2303 2300 2359 Sed
2334 2309 2522 2358 contra
2543 2304 2867 2372 reputando,
2900 2305 3042 2358 nihil
3085 2304 3411 2373 improbius,
3447 2302 3582 2356 nihil
3601 2302 3829 2366 pernicio-

2190 2394 2326 2458 sius,
2362 2394 2610 2460 nihilque
2643 2393 2787 2461 quod
2817 2395 2989 2461 magis
3022 2393 3320 2446 humanum
3356 2406 3521 2458 genus
3547 2396 3688 2444 vexet
3712 2395 3753 2443 et
3769 2392 3836 2443 in-

2192 2484 2412 2551 quietet.
2451 2499 2612 2551 quam
2655 2499 2777 2552 Opes
2799 2488 2847 2537 et
2877 2486 3184 2552 pecuniam,
3212 2485 3477 2536 invenies.
3517 2483 3696 2536 Verum
3730 2481 3835 2533 hanc

2190 2575 2428 2641 primum
2455 2575 2504 2626 si
2532 2577 2738 2626 struere
2759 2575 2956 2641 cupies,
2990 2575 3188 2641 eripies
3219 2571 3464 2626 habenti.
3504 2570 3643 2625 Unde
3670 2572 3834 2637 impro-

2193 2661 2288 2715 bas
2337 2677 2567 2715 crescere
2622 2662 2849 2715 divitias
2907 2661 3054 2715 dixit
3104 2663 3354 2715 Flaccus.
3403 2663 3833 2728 Hieroni/musque,

2193 2753 2371 2816 Dives,
2405 2754 2504 2815 ait,
2531 2757 2626 2804 aut
2657 2754 2905 2818 iniquus,
2939 2755 3035 2805 aut
3063 2754 3241 2819 iniqui
3269 2753 3460 2804 haeres.
3503 2751 3669 2805 Noxia
3703 2751 3837 2815 igitur

2190 2844 2269 2894 est
2322 2844 2372 2893 et
2431 2842 2642 2894 inutilis
2690 2842 2944 2908 pecunia,
2984 2839 3202 2908 quando
3258 2840 3545 2893 inhonesta
3578 2855 3588 2890 :
3621 2841 3831 2904 vetusque

2190 2930 2408 2984 verbum
2451 2935 2550 2996 est,
2589 2931 2728 2984 Male
2761 2935 2944 2999 parta,
3007 2931 3145 2983 male
3188 2929 3530 2982 dilabuntur.
3574 2927 3833 2981 Perniciose

2192 3024 2318 3075 sunt
2375 3024 2424 3073 et
2465 3035 2608 3090 cpes,
2663 3035 2896 3088 quarum
2925 3034 3095 3090 opera
3148 3018 3390 3072 homines
3438 3019 3753 3084 evigorantur
3792 3016 3832 3065 et

2191 3111 2550 3176 emoltescuut,
2594 3111 2766 3164 morbi
2804 3111 3038 3177 gliscunt
3068 3113 3117 3162 et
3154 3108 3533 3176 aegritudines,
3560 3105 3736 3176 pudor,
3781 3101 3831 3154 le-

2188 3215 2296 3267 ges,
2325 3199 2479 3268 jura,
2527 3205 2723 3266 turres,
2758 3214 2927 3267 arces,
2965 3200 3409 3268 propugnacula,
3446 3202 3493 3252 et
3518 3195 3704 3269 oppida
3741 3207 3827 3246 mu-

2188 3291 2465 3344 nitissima
2512 3293 2919 3358 expugnantur.
2975 3290 3218 3342 Pecunia:
3262 3290 3410 3340 enim
3456 3287 3540 3356 (ut
3571 3287 3642 3338 ait
3671 3278 3826 3348 Cicero)

2187 3394 2363 3434 omnes
2386 3382 2502 3433 vias
2532 3384 2750 3433 norunt.
2785 3381 3044 3445 Diogenes
3083 3379 3170 3431 ille
3199 3377 3442 3447 Cynicus
3472 3378 3607 3429 viam
3641 3370 3821 3427 virtutis

2188 3469 2319 3524 adeo
2359 3473 2667 3538 angustam,
2703 3468 2983 3538 difﬁcilem
3037 3473 3085 3521 et
3129 3466 3369 3520 arduam
3408 3481 3520 3520 esse
3567 3464 3739 3525 aiebat,
3782 3461 3824 3510 ut

2187 3574 2304 3613 eam
2324 3561 2420 3612 vix
2450 3559 2586 3612 nudi
2609 3573 2866 3627 superare
2911 3561 3129 3626 possent
3158 3572 3218 3611 ac
3256 3560 3639 3620 transmittere,
3676 3549 3824 3604 nedum

2184 3648 2415 3718 pondere
2447 3649 2633 3716 aliquo
2663 3647 2915 3716 impediti
2939 3652 2988 3700 et
3015 3662 3154 3700 auro
3190 3643 3561 3714 suffarcinati.
3597 3639 3826 3712 Lucretius

2185 3741 2348 3791 etiam
2377 3739 2640 3806 scriptum
2668 3737 2911 3805 reliquit,
2946 3736 3229 3802 defunctos
3257 3737 3398 3800 vita,
3431 3734 3596 3788 nudos
3617 3737 3661 3785 et
3685 3732 3824 3794 inopes

2184 3829 2407 3894 inferna
2454 3827 2654 3881 subire.
2709 3829 2796 3881 Ex
2845 3841 2948 3894 quo
2989 3825 3266 3880 Ausonius
3317 3827 3494 3892 facete
3536 3828 3819 3888 congressum

2184 3919 2435 3984 Diogenis
2465 3921 2515 3970 et
2541 3917 2713 3973 Craesi
2741 3915 2894 3984 apud
2917 3917 3123 3982 inferos
3157 3915 3252 3970 hoc
3283 3918 3527 3970 carmine
3559 3913 3675 3967 lusit
3702 3922 3711 3961 :

2255 4023 2535 4094 Efﬁgiem,
2571 4040 2670 4078 rex
2701 4025 2891 4098 Grasse,
2918 4027 3066 4078 tuam
3097 4023 3371 4078 ditissime
3391 4038 3588 4090 regum,

2334 4112 2468 4168 Vidi
2497 4113 2648 4183 apud
2687 4129 2869 4167 manes
2903 4116 3164 4181 Diogenes
3195 4115 3453 4181 Cynicus.

2257 4203 2529 4269 Constitit,
2565 4206 2732 4271 utque
2743 4203 2959 4270 procul,
2991 4203 3148 4256 solito
3179 4203 3389 4271 majore
3422 4201 3668 4257 cachinno

2327 4293 2644 4358 Concussus,
2681 4292 2829 4346 dixit
2862 4308 2874 4345 :
2911 4291 3059 4357 Quid
3088 4293 3191 4347 tibi
3229 4292 3438 4346 divitiae

2252 4383 2406 4440 Nunc
2436 4385 2684 4451 prosunt,
2718 4396 2903 4448 regum
2933 4397 3030 4435 rex
3059 4396 3086 4435 ο
3119 4381 3409 4449 ditissime,
3444 4396 3554 4435 eum
3583 4380 3651 4433 sis

2327 4473 2478 4527 Sicut
2507 4487 2622 4540 ego,
2654 4472 2798 4526 solus
2828 4487 2908 4524 me
2929 4487 3138 4541 quoque
3165 4469 3502 4540 pauperior?

2253 4562 2392 4617 Nam
2423 4577 2752 4631 quaecunque
2775 4561 2964 4627 habui,
2985 4577 3188 4616 mecum
3216 4563 3357 4628 fero,
3380 4577 3497 4615 cum
3520 4555 3652 4612 nihil
3670 4557 3763 4623 ipse

2322 4654 2411 4706 Ex
2445 4654 2613 4706 tantis
2643 4657 2834 4718 tecum,
2868 4651 3057 4719 Crzese,
3085 4654 3259 4718 feras,
3292 4652 3508 4720 opibus.

2179 4761 2340 4816 Alius
2368 4776 2467 4830 per
2504 4760 2711 4829 gradus
2740 4762 3165 4831 magistratuum
3207 4759 3510 4813 discurrere
3547 4750 3812 4810 contendit:

2178 4853 2362 4915 sicque
2388 4849 2461 4904 ad
2499 4851 2719 4905 honores
2763 4850 2988 4919 obrepit,
3033 4854 3092 4904 ut
3137 4853 3322 4918 postea
3370 4846 3605 4916 fascibus
3647 4838 3815 4906 conspiv

2177 4955 2327 5006 cuus,
2369 4941 2602 4994 illustris
2633 4955 2695 4994 ac
2715 4939 3038 4994 reverendus
3070 4943 3360 5008 appareat.
3407 4937 3574 4991 Habet
3608 4932 3728 4986 enim
3753 4927 3814 4995 (ut

2177 5033 2256 5084 ait
2310 5027 2507 5098 Cicero)
2546 5029 2761 5097 justam
2799 5031 3195 5083 venerationem
3237 5027 3509 5098 quidquid
3549 5021 3752 5081 excellit,
3778 5019 3814 5067 cl

2177 5120 2316 5173 hunc
2346 5120 2583 5172 hiantem
2616 5121 2934 5187 trigeminus
2959 5120 3192 5187 plausus
3214 5119 3358 5172 tollit
3374 5123 3423 5172 et
3448 5117 3596 5183 inflat
3623 5128 3636 5165 :
3667 5111 3812 5175 sicque

2172 5210 2433 5278 populari
2457 5223 2597 5262 aura
2645 5213 2869 5273 erectus,
2920 5209 3106 5262 extum
3136 5224 3191 5262 se
3221 5209 3459 5277 scalpere
3484 5207 3651 5274 putat,
3689 5207 3811 5265 quem

2174 5298 2357 5367 gloria
2387 5297 2734 5366 subsequitur
2764 5298 2937 5352 dulcis
2969 5300 3390 5364 magistratuum
3423 5300 3471 5350 et
3496 5293 3714 5348 laborum
3739 5298 3809 5337 eo-

2175 5403 2303 5456 mes,
2328 5389 2749 5455 alimentumque
2779 5387 3042 5456 cujusque
3073 5389 3247 5441 animi
3275 5387 3530 5453 generosi.
3566 5377 3810 5435 Trahimur

2173 5481 2313 5534 enim
2359 5493 2536 5534 omnes
2576 5477 2757 5531 laudis
2785 5477 2989 5542 studio,
3035 5483 3084 5531 et
3109 5479 3340 5546 optimus
3370 5477 3587 5546 quisque
3611 5467 3808 5523 maxime

2173 5571 2353 5638 gloria
2376 5569 2683 5637 saginatur.
2718 5568 3006 5621 Pulchrum
3035 5571 3113 5622 est
3141 5568 3314 5635 digito
3344 5562 3642 5623 monstrari,
3671 5561 3712 5609 et
3734 5552 3806 5647 di.-

2172 5661 2281 5714 cier
2310 5659 2398 5715 hic
2442 5661 2540 5714 est.
2581 5659 2780 5716 Verum
2818 5661 3074 5728 quoniam
3104 5655 3412 5727 hujusmodi
3459 5650 3724 5720 dignitates
3746 5654 3806 5694 si-
