  <div class='ocr_page' id='page_1' title='image "/cluster/home/n/w/nwhite01/storage/ocr_20150623/63/hvd.32044073498800/442.png"; bbox 0 0 3982 6182; ppageno 0'>
   <div class='ocr_carea' id='block_1_1' title="bbox 144 266 2455 341">
    <p class='ocr_par' dir='ltr' id='par_1_1' title="bbox 144 266 2455 341">
     <span class='ocr_line' id='line_1_1' title="bbox 144 266 2455 341; baseline 0.01 -24"><span class='ocrx_word' id='word_1_1' title='bbox 144 266 233 318; x_wconf 83' lang='lat'><strong><em>873</em></strong></span> <span class='ocrx_word' id='word_1_2' title='bbox 1281 276 1503 333; x_wconf 78' lang='lat' dir='ltr'><strong>VARIA</strong></span> <span class='ocrx_word' id='word_1_3' title='bbox 1539 278 1971 340; x_wconf 85' lang='lat' dir='ltr'><strong><em>MONUMENTA</em></strong></span> <span class='ocrx_word' id='word_1_4' title='bbox 2009 284 2455 341; x_wconf 80' lang='lat' dir='ltr'><strong><em>LITTERARIA.</em></strong></span> 
     </span>
    </p>
   </div>
   <div class='ocr_carea' id='block_1_2' title="bbox 3515 297 3620 350">
    <p class='ocr_par' dir='ltr' id='par_1_2' title="bbox 3515 297 3620 350">
     <span class='ocr_line' id='line_1_2' title="bbox 3515 297 3620 350; baseline 0 -1"><span class='ocrx_word' id='word_1_5' title='bbox 3515 297 3620 350; x_wconf 75' lang='grc'><strong><em>874</em></strong></span> 
     </span>
    </p>
   </div>
   <div class='ocr_carea' id='block_1_3' title="bbox 142 396 3619 489">
    <p class='ocr_par' dir='ltr' id='par_1_3' title="bbox 142 396 3619 489">
     <span class='ocr_line' id='line_1_3' title="bbox 142 396 3619 489; baseline 0.011 -47"><span class='ocrx_word' id='word_1_6' title='bbox 142 396 197 446; x_wconf 79' lang='lat' dir='ltr'><strong><em>tx</em></strong></span> <span class='ocrx_word' id='word_1_7' title='bbox 249 398 372 448; x_wconf 90' lang='lat' dir='ltr'><strong><em>sunt</em></strong></span> <span class='ocrx_word' id='word_1_8' title='bbox 434 396 495 448; x_wconf 83' lang='lat' dir='ltr'><strong><em>in</em></strong></span> <span class='ocrx_word' id='word_1_9' title='bbox 551 396 784 489; x_wconf 72' lang='lat' dir='ltr'><strong><em>arbitrio</em></strong></span> <span class='ocrx_word' id='word_1_10' title='bbox 838 401 1088 468; x_wconf 73' lang='lat' dir='ltr'><strong><em>profanx</em></strong></span> <span class='ocrx_word' id='word_1_11' title='bbox 1145 404 1538 476; x_wconf 77' lang='lat' dir='ltr'><strong><em>multitudinis,</em></strong></span> <span class='ocrx_word' id='word_1_12' title='bbox 1595 409 1795 466; x_wconf 89' lang='lat' dir='ltr'><strong><em>idcirco</em></strong></span> <span class='ocrx_word' id='word_1_13' title='bbox 1833 415 1877 467; x_wconf 82' lang='grc' dir='ltr'><strong>Α</strong></span> <span class='ocrx_word' id='word_1_14' title='bbox 1908 421 2165 468; x_wconf 90' lang='lat' dir='ltr'><strong><em>momento</em></strong></span> <span class='ocrx_word' id='word_1_15' title='bbox 2208 420 2461 485; x_wconf 81' lang='lat' dir='ltr'><strong><em>temporis</em></strong></span> <span class='ocrx_word' id='word_1_16' title='bbox 2495 416 2828 475; x_wconf 81' lang='lat' dir='ltr'><strong><em>dissolvatur</em></strong></span> <span class='ocrx_word' id='word_1_17' title='bbox 2857 425 2908 475; x_wconf 90' lang='lat' dir='ltr'><strong><em>et</em></strong></span> <span class='ocrx_word' id='word_1_18' title='bbox 2933 423 3212 477; x_wconf 83' lang='lat' dir='ltr'><strong><em>intereat?</em></strong></span> <span class='ocrx_word' id='word_1_19' title='bbox 3275 422 3448 489; x_wconf 87' lang='lat' dir='ltr'><strong><em>Quam</em></strong></span> <span class='ocrx_word' id='word_1_20' title='bbox 3491 442 3619 482; x_wconf 86' lang='lat' dir='ltr'><strong><em>vero</em></strong></span> 
     </span>
    </p>
   </div>
   <div class='ocr_carea' id='block_1_4' title="bbox 140 484 1812 565">
    <p class='ocr_par' dir='ltr' id='par_1_4' title="bbox 140 484 1812 565">
     <span class='ocr_line' id='line_1_4' title="bbox 140 484 1812 565; baseline 0.013 -32"><span class='ocrx_word' id='word_1_21' title='bbox 140 484 300 535; x_wconf 87' lang='lat' dir='ltr'><strong><em>minus</em></strong></span> <span class='ocrx_word' id='word_1_22' title='bbox 336 484 654 552; x_wconf 79' lang='lat' dir='ltr'><strong><em>exoptandx</em></strong></span> <span class='ocrx_word' id='word_1_23' title='bbox 689 485 962 543; x_wconf 82' lang='lat' dir='ltr'><strong><em>videntur.</em></strong></span> <span class='ocrx_word' id='word_1_24' title='bbox 1004 491 1070 544; x_wconf 87' lang='lat' dir='ltr'><strong><em>Ut</em></strong></span> <span class='ocrx_word' id='word_1_25' title='bbox 1117 494 1258 546; x_wconf 90' lang='lat' dir='ltr'><strong><em>enim</em></strong></span> <span class='ocrx_word' id='word_1_26' title='bbox 1299 499 1553 565; x_wconf 77' lang='lat' dir='ltr'><strong><em>praecipit</em></strong></span> <span class='ocrx_word' id='word_1_27' title='bbox 1589 497 1812 555; x_wconf 80' lang='lat' dir='ltr'><strong><em>Anneus</em></strong></span> 
     </span>
    </p>
   </div>
   <div class='ocr_carea' id='block_1_5' title="bbox 140 572 345 626">
    <p class='ocr_par' dir='ltr' id='par_1_5' title="bbox 140 572 345 626">
     <span class='ocr_line' id='line_1_5' title="bbox 140 572 345 626; baseline -0.005 -1"><span class='ocrx_word' id='word_1_28' title='bbox 140 572 314 626; x_wconf 80' lang='lat' dir='ltr'><strong><em>Seneca</em></strong></span> <span class='ocrx_word' id='word_1_29' title='bbox 332 587 345 624; x_wconf 87' lang='lat'><strong>:</strong></span> 
     </span>
    </p>
   </div>
   <div class='ocr_carea' id='block_1_6' title="bbox 445 663 1420 739">
    <p class='ocr_par' dir='ltr' id='par_1_6' title="bbox 445 663 1420 739">
     <span class='ocr_line' id='line_1_6' title="bbox 445 663 1420 739; baseline 0.011 -23"><span class='ocrx_word' id='word_1_30' title='bbox 445 663 621 717; x_wconf 85' lang='lat' dir='ltr'><strong><em>Vitate</em></strong></span> <span class='ocrx_word' id='word_1_31' title='bbox 648 680 975 734; x_wconf 78' lang='lat' dir='ltr'><strong><em>quxcunque</em></strong></span> <span class='ocrx_word' id='word_1_32' title='bbox 996 669 1158 737; x_wconf 83' lang='lat' dir='ltr'><em>vulgo</em></span> <span class='ocrx_word' id='word_1_33' title='bbox 1184 671 1420 739; x_wconf 86' lang='lat' dir='ltr'><strong><em>placent.</em></strong></span> 
     </span>
    </p>
   </div>
   <div class='ocr_carea' id='block_1_7' title="bbox 200 750 1814 835">
    <p class='ocr_par' dir='ltr' id='par_1_7' title="bbox 200 750 1814 835">
     <span class='ocr_line' id='line_1_7' title="bbox 200 750 1814 835; baseline 0.013 -34"><span class='ocrx_word' id='word_1_34' title='bbox 200 750 362 813; x_wconf 86' lang='lat' dir='ltr'><strong><em>Quam</em></strong></span> <span class='ocrx_word' id='word_1_35' title='bbox 409 765 534 805; x_wconf 90' lang='lat' dir='ltr'><strong><em>vero</em></strong></span> <span class='ocrx_word' id='word_1_36' title='bbox 589 754 892 822; x_wconf 89' lang='lat' dir='ltr'><strong><em>improbum</em></strong></span> <span class='ocrx_word' id='word_1_37' title='bbox 948 761 1038 825; x_wconf 85' lang='lat' dir='ltr'><strong><em>sit,</em></strong></span> <span class='ocrx_word' id='word_1_38' title='bbox 1091 763 1140 813; x_wconf 89' lang='lat' dir='ltr'><strong><em>et</em></strong></span> <span class='ocrx_word' id='word_1_39' title='bbox 1193 769 1580 830; x_wconf 68' lang='lat' dir='ltr'><strong><em>praeposterum</em></strong></span> <span class='ocrx_word' id='word_1_40' title='bbox 1623 767 1814 835; x_wconf 84' lang='lat' dir='ltr'><strong><em>populi</em></strong></span> 
     </span>
    </p>
   </div>
   <div class='ocr_carea' id='block_1_8' title="bbox 136 839 1814 922">
    <p class='ocr_par' dir='ltr' id='par_1_8' title="bbox 136 839 1814 922">
     <span class='ocr_line' id='line_1_8' title="bbox 136 839 1814 922; baseline 0.013 -32"><span class='ocrx_word' id='word_1_41' title='bbox 136 854 334 892; x_wconf 81' lang='lat' dir='ltr'><strong><em>examen</em></strong></span> <span class='ocrx_word' id='word_1_42' title='bbox 365 842 417 892; x_wconf 87' lang='lat' dir='ltr'><strong><em>et</em></strong></span> <span class='ocrx_word' id='word_1_43' title='bbox 459 839 755 909; x_wconf 84' lang='lat' dir='ltr'><strong><em>judicium,</em></strong></span> <span class='ocrx_word' id='word_1_44' title='bbox 811 848 872 896; x_wconf 89' lang='lat' dir='ltr'><strong><em>ut</em></strong></span> <span class='ocrx_word' id='word_1_45' title='bbox 918 846 1032 898; x_wconf 87' lang='lat' dir='ltr'><strong><em>alia</em></strong></span> <span class='ocrx_word' id='word_1_46' title='bbox 1083 852 1584 922; x_wconf 81' lang='lat' dir='ltr'><strong><em>prxtcrmitlamus,</em></strong></span> <span class='ocrx_word' id='word_1_47' title='bbox 1639 872 1814 912; x_wconf 89' lang='lat' dir='ltr'><strong><em>nonne</em></strong></span> 
     </span>
    </p>
   </div>
   <div class='ocr_carea' id='block_1_9' title="bbox 137 927 1815 1011">
    <p class='ocr_par' dir='ltr' id='par_1_9' title="bbox 137 927 1815 1011">
     <span class='ocr_line' id='line_1_9' title="bbox 137 927 1815 1011; baseline 0.012 -30"><span class='ocrx_word' id='word_1_48' title='bbox 137 927 277 982; x_wconf 85' lang='lat' dir='ltr'><strong><em>unico</em></strong></span> <span class='ocrx_word' id='word_1_49' title='bbox 323 929 541 985; x_wconf 80' lang='lat' dir='ltr'><strong><em>Catonis</em></strong></span> <span class='ocrx_word' id='word_1_50' title='bbox 588 936 638 985; x_wconf 88' lang='lat' dir='ltr'><strong><em>et</em></strong></span> <span class='ocrx_word' id='word_1_51' title='bbox 675 933 888 986; x_wconf 82' lang='lat' dir='ltr'><strong><em>Vatinii</em></strong></span> <span class='ocrx_word' id='word_1_52' title='bbox 945 938 1184 1005; x_wconf 86' lang='lat' dir='ltr'><strong><em>exemplo</em></strong></span> <span class='ocrx_word' id='word_1_53' title='bbox 1243 939 1423 995; x_wconf 86' lang='lat' dir='ltr'><strong><em>licebit</em></strong></span> <span class='ocrx_word' id='word_1_54' title='bbox 1470 959 1756 1011; x_wconf 82' lang='lat' dir='ltr'><strong><em>agnoscere</em></strong></span> <span class='ocrx_word' id='word_1_55' title='bbox 1787 949 1815 1000; x_wconf 86' lang='lat'><strong><em>?</em></strong></span> 
     </span>
    </p>
   </div>
   <div class='ocr_carea' id='block_1_10' title="bbox 138 1019 1814 1098">
    <p class='ocr_par' dir='ltr' id='par_1_10' title="bbox 138 1019 1814 1098">
     <span class='ocr_line' id='line_1_10' title="bbox 138 1019 1814 1098; baseline 0.01 -24"><span class='ocrx_word' id='word_1_56' title='bbox 138 1019 246 1074; x_wconf 90' lang='lat' dir='ltr'><strong><em>Cato</em></strong></span> <span class='ocrx_word' id='word_1_57' title='bbox 273 1021 408 1072; x_wconf 89' lang='lat' dir='ltr'><strong><em>enim</em></strong></span> <span class='ocrx_word' id='word_1_58' title='bbox 437 1020 532 1073; x_wconf 85' lang='lat' dir='ltr'><strong><em>ille</em></strong></span> <span class='ocrx_word' id='word_1_59' title='bbox 553 1023 722 1075; x_wconf 87' lang='lat' dir='ltr'><strong><em>vivax</em></strong></span> <span class='ocrx_word' id='word_1_60' title='bbox 751 1024 930 1090; x_wconf 82' lang='lat' dir='ltr'><strong><em>imago</em></strong></span> <span class='ocrx_word' id='word_1_61' title='bbox 960 1027 1241 1097; x_wconf 88' lang='lat' dir='ltr'><strong><em>virtutum,</em></strong></span> <span class='ocrx_word' id='word_1_62' title='bbox 1272 1036 1525 1098; x_wconf 70' lang='lat' dir='ltr'><strong><em>praeturae</em></strong></span> <span class='ocrx_word' id='word_1_63' title='bbox 1553 1034 1814 1090; x_wconf 89' lang='lat' dir='ltr'><strong><em>candida-</em></strong></span> 
     </span>
    </p>
   </div>
   <div class='ocr_carea' id='block_1_11' title="bbox 139 1110 1813 1180">
    <p class='ocr_par' dir='ltr' id='par_1_11' title="bbox 139 1110 1813 1180">
     <span class='ocr_line' id='line_1_11' title="bbox 139 1110 1813 1180; baseline 0.009 -17"><span class='ocrx_word' id='word_1_64' title='bbox 139 1114 231 1172; x_wconf 86' lang='lat' dir='ltr'><strong><em>tus,</em></strong></span> <span class='ocrx_word' id='word_1_65' title='bbox 268 1110 540 1178; x_wconf 81' lang='lat' dir='ltr'><strong><em>repulsam</em></strong></span> <span class='ocrx_word' id='word_1_66' title='bbox 556 1126 756 1179; x_wconf 89' lang='lat' dir='ltr'><strong><em>passus</em></strong></span> <span class='ocrx_word' id='word_1_67' title='bbox 808 1119 904 1167; x_wconf 91' lang='lat' dir='ltr'><strong><em>est.</em></strong></span> <span class='ocrx_word' id='word_1_68' title='bbox 959 1117 1221 1171; x_wconf 79' lang='lat' dir='ltr'><strong><em>Vatinius</em></strong></span> <span class='ocrx_word' id='word_1_69' title='bbox 1270 1135 1391 1173; x_wconf 89' lang='lat' dir='ltr'><strong><em>vero</em></strong></span> <span class='ocrx_word' id='word_1_70' title='bbox 1421 1122 1572 1176; x_wconf 92' lang='lat' dir='ltr'><strong><em>homo</em></strong></span> <span class='ocrx_word' id='word_1_71' title='bbox 1605 1124 1734 1179; x_wconf 86' lang='lat' dir='ltr'><strong><em>levis</em></strong></span> <span class='ocrx_word' id='word_1_72' title='bbox 1763 1129 1813 1180; x_wconf 93' lang='lat' dir='ltr'><strong><em>et</em></strong></span> 
     </span>
    </p>
   </div>
   <div class='ocr_carea' id='block_1_12' title="bbox 137 1199 1808 1282">
    <p class='ocr_par' dir='ltr' id='par_1_12' title="bbox 137 1199 1808 1282">
     <span class='ocr_line' id='line_1_12' title="bbox 137 1199 1808 1282; baseline 0.012 -34"><span class='ocrx_word' id='word_1_73' title='bbox 137 1212 339 1266; x_wconf 87' lang='lat' dir='ltr'><strong><em>nequam</em></strong></span> <span class='ocrx_word' id='word_1_74' title='bbox 368 1199 524 1252; x_wconf 85' lang='lat' dir='ltr'><strong><em>illam</em></strong></span> <span class='ocrx_word' id='word_1_75' title='bbox 580 1205 658 1254; x_wconf 91' lang='lat' dir='ltr'><strong><em>est</em></strong></span> <span class='ocrx_word' id='word_1_76' title='bbox 711 1207 1005 1271; x_wconf 89' lang='lat' dir='ltr'><strong><em>assecutus,</em></strong></span> <span class='ocrx_word' id='word_1_77' title='bbox 1048 1209 1294 1274; x_wconf 83' lang='lat' dir='ltr'><strong><em>stupente</em></strong></span> <span class='ocrx_word' id='word_1_78' title='bbox 1353 1209 1534 1264; x_wconf 89' lang='lat' dir='ltr'><strong><em>eodem</em></strong></span> <span class='ocrx_word' id='word_1_79' title='bbox 1577 1215 1808 1282; x_wconf 82' lang='lat' dir='ltr'><strong><em>popello,</em></strong></span> 
     </span>
    </p>
   </div>
   <div class='ocr_carea' id='block_1_13' title="bbox 138 1289 1811 1369">
    <p class='ocr_par' dir='ltr' id='par_1_13' title="bbox 138 1289 1811 1369">
     <span class='ocr_line' id='line_1_13' title="bbox 138 1289 1811 1369; baseline 0.011 -31"><span class='ocrx_word' id='word_1_80' title='bbox 138 1289 216 1356; x_wconf 88' lang='lat' dir='ltr'><strong><em>qui</em></strong></span> <span class='ocrx_word' id='word_1_81' title='bbox 242 1289 331 1340; x_wconf 89' lang='lat' dir='ltr'><strong><em>hoc</em></strong></span> <span class='ocrx_word' id='word_1_82' title='bbox 357 1289 584 1353; x_wconf 83' lang='lat' dir='ltr'><strong><em>fecerat,</em></strong></span> <span class='ocrx_word' id='word_1_83' title='bbox 632 1295 683 1344; x_wconf 91' lang='lat' dir='ltr'><strong><em>et</em></strong></span> <span class='ocrx_word' id='word_1_84' title='bbox 728 1290 1057 1348; x_wconf 87' lang='lat' dir='ltr'><strong><em>admirante.</em></strong></span> <span class='ocrx_word' id='word_1_85' title='bbox 1112 1297 1266 1350; x_wconf 90' lang='lat' dir='ltr'><strong><em>Hunc</em></strong></span> <span class='ocrx_word' id='word_1_86' title='bbox 1311 1313 1432 1352; x_wconf 91' lang='lat' dir='ltr'><strong><em>vero</em></strong></span> <span class='ocrx_word' id='word_1_87' title='bbox 1475 1301 1811 1369; x_wconf 85' lang='lat' dir='ltr'><strong><em>splendorem</em></strong></span> 
     </span>
    </p>
   </div>
   <div class='ocr_carea' id='block_1_14' title="bbox 136 1376 1810 1456">
    <p class='ocr_par' dir='ltr' id='par_1_14' title="bbox 136 1376 1810 1456">
     <span class='ocr_line' id='line_1_14' title="bbox 136 1376 1810 1456; baseline 0.012 -28"><span class='ocrx_word' id='word_1_88' title='bbox 136 1376 251 1429; x_wconf 80' lang='lat' dir='ltr'><strong><em>livor</em></strong></span> <span class='ocrx_word' id='word_1_89' title='bbox 285 1376 599 1445; x_wconf 85' lang='lat' dir='ltr'><strong><em>plerumque</em></strong></span> <span class='ocrx_word' id='word_1_90' title='bbox 647 1383 956 1436; x_wconf 86' lang='lat' dir='ltr'><strong><em>comitatur.</em></strong></span> <span class='ocrx_word' id='word_1_91' title='bbox 1007 1385 1168 1449; x_wconf 89' lang='lat' dir='ltr'><strong><em>Nam,</em></strong></span> <span class='ocrx_word' id='word_1_92' title='bbox 1217 1389 1280 1440; x_wconf 91' lang='lat' dir='ltr'><strong><em>ut</em></strong></span> <span class='ocrx_word' id='word_1_93' title='bbox 1320 1388 1500 1456; x_wconf 87' lang='lat' dir='ltr'><strong><em>inquit</em></strong></span> <span class='ocrx_word' id='word_1_94' title='bbox 1557 1393 1810 1448; x_wconf 68' lang='lat' dir='ltr'><strong><em>Emilius</em></strong></span> 
     </span>
    </p>
   </div>
   <div class='ocr_carea' id='block_1_15' title="bbox 137 1465 1811 1550">
    <p class='ocr_par' dir='ltr' id='par_1_15' title="bbox 137 1465 1811 1550">
     <span class='ocr_line' id='line_1_15' title="bbox 137 1465 1811 1550; baseline 0.01 -31"><span class='ocrx_word' id='word_1_95' title='bbox 137 1466 330 1532; x_wconf 88' lang='lat' dir='ltr'><strong><em>Probus,</em></strong></span> <span class='ocrx_word' id='word_1_96' title='bbox 365 1471 441 1520; x_wconf 89' lang='lat' dir='ltr'><strong><em>est</em></strong></span> <span class='ocrx_word' id='word_1_97' title='bbox 470 1465 570 1520; x_wconf 87' lang='lat' dir='ltr'><strong><em>hoc</em></strong></span> <span class='ocrx_word' id='word_1_98' title='bbox 605 1483 879 1523; x_wconf 89' lang='lat' dir='ltr'><strong><em>commune</em></strong></span> <span class='ocrx_word' id='word_1_99' title='bbox 920 1473 1117 1527; x_wconf 90' lang='lat' dir='ltr'><strong><em>vitium</em></strong></span> <span class='ocrx_word' id='word_1_100' title='bbox 1157 1477 1216 1528; x_wconf 87' lang='lat' dir='ltr'><strong><em>in</em></strong></span> <span class='ocrx_word' id='word_1_101' title='bbox 1265 1480 1478 1544; x_wconf 89' lang='lat' dir='ltr'><strong><em>magnis</em></strong></span> <span class='ocrx_word' id='word_1_102' title='bbox 1522 1479 1811 1550; x_wconf 88' lang='lat' dir='ltr'><strong><em>liberisque</em></strong></span> 
     </span>
    </p>
   </div>
   <div class='ocr_carea' id='block_1_16' title="bbox 135 1552 1808 1630">
    <p class='ocr_par' dir='ltr' id='par_1_16' title="bbox 135 1552 1808 1630">
     <span class='ocr_line' id='line_1_16' title="bbox 135 1552 1808 1630; baseline 0.012 -27"><span class='ocrx_word' id='word_1_103' title='bbox 135 1552 431 1616; x_wconf 80' lang='lat' dir='ltr'><strong><em>civitatibus,</em></strong></span> <span class='ocrx_word' id='word_1_104' title='bbox 467 1558 530 1607; x_wconf 89' lang='lat' dir='ltr'><strong><em>ut</em></strong></span> <span class='ocrx_word' id='word_1_105' title='bbox 559 1555 774 1610; x_wconf 84' lang='lat' dir='ltr'><strong><em>invidia</em></strong></span> <span class='ocrx_word' id='word_1_106' title='bbox 810 1559 998 1625; x_wconf 75' lang='lat' dir='ltr'><strong><em>gloriae</em></strong></span> <span class='ocrx_word' id='word_1_107' title='bbox 1025 1561 1097 1614; x_wconf 87' lang='lat' dir='ltr'><strong><em>sit</em></strong></span> <span class='ocrx_word' id='word_1_108' title='bbox 1139 1577 1328 1630; x_wconf 91' lang='lat' dir='ltr'><strong><em>comes,</em></strong></span> <span class='ocrx_word' id='word_1_109' title='bbox 1375 1569 1424 1618; x_wconf 93' lang='lat' dir='ltr'><strong><em>et</em></strong></span> <span class='ocrx_word' id='word_1_110' title='bbox 1464 1566 1694 1622; x_wconf 86' lang='lat' dir='ltr'><strong><em>libenter</em></strong></span> <span class='ocrx_word' id='word_1_111' title='bbox 1724 1569 1808 1624; x_wconf 91' lang='lat' dir='ltr'><strong><em>his</em></strong></span> 
     </span>
    </p>
   </div>
   <div class='ocr_carea' id='block_1_17' title="bbox 136 1641 1810 1722">
    <p class='ocr_par' dir='ltr' id='par_1_17' title="bbox 136 1641 1810 1722">
     <span class='ocr_line' id='line_1_17' title="bbox 136 1641 1810 1722; baseline 0.012 -29"><span class='ocrx_word' id='word_1_112' title='bbox 136 1641 340 1695; x_wconf 79' lang='lat' dir='ltr'><strong><em>homines</em></strong></span> <span class='ocrx_word' id='word_1_113' title='bbox 367 1641 686 1712; x_wconf 85' lang='lat' dir='ltr'><strong><em>detrahant,</em></strong></span> <span class='ocrx_word' id='word_1_114' title='bbox 731 1661 868 1716; x_wconf 90' lang='lat' dir='ltr'><strong><em>quos</em></strong></span> <span class='ocrx_word' id='word_1_115' title='bbox 909 1649 1131 1704; x_wconf 87' lang='lat' dir='ltr'><strong><em>videant</em></strong></span> <span class='ocrx_word' id='word_1_116' title='bbox 1159 1653 1325 1706; x_wconf 87' lang='lat' dir='ltr'><strong><em>altius</em></strong></span> <span class='ocrx_word' id='word_1_117' title='bbox 1373 1670 1654 1722; x_wconf 89' lang='lat' dir='ltr'><strong><em>emergere.</em></strong></span> <span class='ocrx_word' id='word_1_118' title='bbox 1685 1660 1810 1713; x_wconf 88' lang='lat' dir='ltr'><strong><em>Glo-</em></strong></span> 
     </span>
    </p>
   </div>
   <div class='ocr_carea' id='block_1_18' title="bbox 135 1719 1889 1811">
    <p class='ocr_par' dir='ltr' id='par_1_18' title="bbox 135 1719 1889 1811">
     <span class='ocr_line' id='line_1_18' title="bbox 135 1719 1889 1811; baseline 0.011 -27"><span class='ocrx_word' id='word_1_119' title='bbox 135 1733 205 1784; x_wconf 89' lang='lat' dir='ltr'><strong><em>ria</em></strong></span> <span class='ocrx_word' id='word_1_120' title='bbox 229 1747 341 1785; x_wconf 90' lang='lat' dir='ltr'><strong><em>vero</em></strong></span> <span class='ocrx_word' id='word_1_121' title='bbox 372 1747 537 1800; x_wconf 91' lang='lat' dir='ltr'><strong><em>quam</em></strong></span> <span class='ocrx_word' id='word_1_122' title='bbox 557 1735 762 1801; x_wconf 84' lang='lat' dir='ltr'><strong><em>fallax,</em></strong></span> <span class='ocrx_word' id='word_1_123' title='bbox 794 1752 959 1804; x_wconf 91' lang='lat' dir='ltr'><strong><em>quam</em></strong></span> <span class='ocrx_word' id='word_1_124' title='bbox 993 1742 1170 1808; x_wconf 87' lang='lat' dir='ltr'><strong><em>turpis</em></strong></span> <span class='ocrx_word' id='word_1_125' title='bbox 1195 1744 1245 1793; x_wconf 92' lang='lat' dir='ltr'><strong><em>et</em></strong></span> <span class='ocrx_word' id='word_1_126' title='bbox 1287 1744 1472 1797; x_wconf 90' lang='lat' dir='ltr'><strong><em>inanis</em></strong></span> <span class='ocrx_word' id='word_1_127' title='bbox 1502 1746 1594 1811; x_wconf 87' lang='lat' dir='ltr'><strong><em>sit,</em></strong></span> <span class='ocrx_word' id='word_1_128' title='bbox 1627 1751 1808 1802; x_wconf 90' lang='lat' dir='ltr'><strong><em>osten-</em></strong></span> <span class='ocrx_word' id='word_1_129' title='bbox 1848 1719 1889 1773; x_wconf 81' lang='grc' dir='ltr'><strong>Β</strong></span> 
     </span>
    </p>
   </div>
   <div class='ocr_carea' id='block_1_19' title="bbox 137 1821 1805 1894">
    <p class='ocr_par' dir='ltr' id='par_1_19' title="bbox 137 1821 1805 1894">
     <span class='ocr_line' id='line_1_19' title="bbox 137 1821 1805 1894; baseline 0.011 -20"><span class='ocrx_word' id='word_1_130' title='bbox 137 1821 201 1875; x_wconf 82' lang='lat' dir='ltr'><strong><em>dit</em></strong></span> <span class='ocrx_word' id='word_1_131' title='bbox 234 1822 516 1890; x_wconf 89' lang='lat' dir='ltr'><strong><em>Euripides</em></strong></span> <span class='ocrx_word' id='word_1_132' title='bbox 551 1825 610 1876; x_wconf 92' lang='lat' dir='ltr'><strong><em>in</em></strong></span> <span class='ocrx_word' id='word_1_133' title='bbox 649 1824 1050 1894; x_wconf 82' lang='lat' dir='ltr'><strong><em>Andromache,</em></strong></span> <span class='ocrx_word' id='word_1_134' title='bbox 1083 1830 1142 1882; x_wconf 88' lang='lat' dir='ltr'><strong><em>in</em></strong></span> <span class='ocrx_word' id='word_1_135' title='bbox 1197 1831 1334 1885; x_wconf 86' lang='lat' dir='ltr'><strong><em>hanc</em></strong></span> <span class='ocrx_word' id='word_1_136' title='bbox 1363 1837 1682 1889; x_wconf 87' lang='lat' dir='ltr'><strong><em>sententiam</em></strong></span> <span class='ocrx_word' id='word_1_137' title='bbox 1711 1853 1805 1892; x_wconf 91' lang='lat' dir='ltr'><strong><em>ex-</em></strong></span> 
     </span>
    </p>
   </div>
   <div class='ocr_carea' id='block_1_20' title="bbox 137 1911 1807 1992">
    <p class='ocr_par' dir='ltr' id='par_1_20' title="bbox 137 1911 1807 1992">
     <span class='ocr_line' id='line_1_20' title="bbox 137 1911 1807 1992; baseline 0.011 -29"><span class='ocrx_word' id='word_1_138' title='bbox 137 1911 376 1964; x_wconf 84' lang='lat' dir='ltr'><strong><em>clamans:</em></strong></span> <span class='ocrx_word' id='word_1_139' title='bbox 413 1911 454 1966; x_wconf 92' lang='lat' dir='ltr'><em>O</em></span> <span class='ocrx_word' id='word_1_140' title='bbox 483 1913 686 1980; x_wconf 89' lang='lat' dir='ltr'><strong><em>gloria,</em></strong></span> <span class='ocrx_word' id='word_1_141' title='bbox 717 1915 916 1981; x_wconf 88' lang='lat' dir='ltr'><strong><em>gloria,</em></strong></span> <span class='ocrx_word' id='word_1_142' title='bbox 950 1919 1089 1971; x_wconf 88' lang='lat' dir='ltr'><strong><em>nihil</em></strong></span> <span class='ocrx_word' id='word_1_143' title='bbox 1130 1920 1284 1973; x_wconf 86' lang='lat' dir='ltr'><strong><em>aliud</em></strong></span> <span class='ocrx_word' id='word_1_144' title='bbox 1312 1937 1363 1976; x_wconf 93' lang='lat' dir='ltr'><strong><em>es</em></strong></span> <span class='ocrx_word' id='word_1_145' title='bbox 1391 1939 1555 1992; x_wconf 90' lang='lat' dir='ltr'><strong><em>quam</em></strong></span> <span class='ocrx_word' id='word_1_146' title='bbox 1587 1929 1807 1980; x_wconf 89' lang='lat' dir='ltr'><strong><em>aurium</em></strong></span> 
     </span>
    </p>
   </div>
   <div class='ocr_carea' id='block_1_21' title="bbox 137 2002 1807 2080">
    <p class='ocr_par' dir='ltr' id='par_1_21' title="bbox 137 2002 1807 2080">
     <span class='ocr_line' id='line_1_21' title="bbox 137 2002 1807 2080; baseline 0.01 -28"><span class='ocrx_word' id='word_1_147' title='bbox 137 2002 313 2067; x_wconf 77' lang='lat' dir='ltr'><strong><em>inflatio</em></strong></span> <span class='ocrx_word' id='word_1_148' title='bbox 340 2017 564 2069; x_wconf 89' lang='lat' dir='ltr'><strong><em>magna.</em></strong></span> <span class='ocrx_word' id='word_1_149' title='bbox 624 2005 804 2073; x_wconf 85' lang='lat' dir='ltr'><strong><em>Hujus</em></strong></span> <span class='ocrx_word' id='word_1_150' title='bbox 861 2022 984 2060; x_wconf 90' lang='lat' dir='ltr'><strong><em>vero</em></strong></span> <span class='ocrx_word' id='word_1_151' title='bbox 1036 2008 1224 2076; x_wconf 72' lang='lat' dir='ltr'><strong><em>gloria:</em></strong></span> <span class='ocrx_word' id='word_1_152' title='bbox 1274 2015 1324 2063; x_wconf 92' lang='lat' dir='ltr'><strong><em>et</em></strong></span> <span class='ocrx_word' id='word_1_153' title='bbox 1375 2012 1680 2080; x_wconf 87' lang='lat' dir='ltr'><strong><em>splendoris</em></strong></span> <span class='ocrx_word' id='word_1_154' title='bbox 1721 2030 1807 2068; x_wconf 87' lang='lat' dir='ltr'><strong><em>cu-</em></strong></span> 
     </span>
    </p>
   </div>
   <div class='ocr_carea' id='block_1_22' title="bbox 132 2089 1801 2170">
    <p class='ocr_par' dir='ltr' id='par_1_22' title="bbox 132 2089 1801 2170">
     <span class='ocr_line' id='line_1_22' title="bbox 132 2089 1801 2170; baseline 0.01 -30"><span class='ocrx_word' id='word_1_155' title='bbox 132 2089 233 2156; x_wconf 85' lang='lat' dir='ltr'><strong><em>pidi</em></strong></span> <span class='ocrx_word' id='word_1_156' title='bbox 250 2091 489 2160; x_wconf 86' lang='lat' dir='ltr'><strong><em>plerique</em></strong></span> <span class='ocrx_word' id='word_1_157' title='bbox 521 2107 645 2146; x_wconf 90' lang='lat' dir='ltr'><strong><em>cum</em></strong></span> <span class='ocrx_word' id='word_1_158' title='bbox 675 2095 770 2148; x_wconf 89' lang='lat' dir='ltr'><strong><em>hoc</em></strong></span> <span class='ocrx_word' id='word_1_159' title='bbox 797 2097 854 2148; x_wconf 90' lang='lat' dir='ltr'><strong><em>in</em></strong></span> <span class='ocrx_word' id='word_1_160' title='bbox 883 2097 1103 2163; x_wconf 88' lang='lat' dir='ltr'><strong><em>pulvere</em></strong></span> <span class='ocrx_word' id='word_1_161' title='bbox 1145 2099 1386 2152; x_wconf 85' lang='lat' dir='ltr'><strong><em>viriliter</em></strong></span> <span class='ocrx_word' id='word_1_162' title='bbox 1425 2100 1801 2170; x_wconf 89' lang='lat' dir='ltr'><strong><em>desudassent,</em></strong></span> 
     </span>
    </p>
   </div>
   <div class='ocr_carea' id='block_1_23' title="bbox 135 2179 1804 2251">
    <p class='ocr_par' dir='ltr' id='par_1_23' title="bbox 135 2179 1804 2251">
     <span class='ocr_line' id='line_1_23' title="bbox 135 2179 1804 2251; baseline 0.01 -24"><span class='ocrx_word' id='word_1_163' title='bbox 135 2190 212 2243; x_wconf 87' lang='lat' dir='ltr'><strong><em>pro</em></strong></span> <span class='ocrx_word' id='word_1_164' title='bbox 234 2191 437 2231; x_wconf 89' lang='lat' dir='ltr'><strong><em>munere</em></strong></span> <span class='ocrx_word' id='word_1_165' title='bbox 497 2179 718 2233; x_wconf 87' lang='lat' dir='ltr'><strong><em>tandem</em></strong></span> <span class='ocrx_word' id='word_1_166' title='bbox 766 2183 1037 2250; x_wconf 72' lang='lat' dir='ltr'><strong><em>exsilium,</em></strong></span> <span class='ocrx_word' id='word_1_167' title='bbox 1096 2199 1377 2251; x_wconf 88' lang='lat' dir='ltr'><strong><em>carcerem,</em></strong></span> <span class='ocrx_word' id='word_1_168' title='bbox 1433 2192 1532 2241; x_wconf 89' lang='lat' dir='ltr'><strong><em>aut</em></strong></span> <span class='ocrx_word' id='word_1_169' title='bbox 1582 2194 1804 2243; x_wconf 89' lang='lat' dir='ltr'><strong><em>mortem</em></strong></span> 
     </span>
    </p>
   </div>
   <div class='ocr_carea' id='block_1_24' title="bbox 137 2265 1804 2344">
    <p class='ocr_par' dir='ltr' id='par_1_24' title="bbox 137 2265 1804 2344">
     <span class='ocr_line' id='line_1_24' title="bbox 137 2265 1804 2344; baseline 0.01 -28"><span class='ocrx_word' id='word_1_170' title='bbox 137 2265 336 2321; x_wconf 83' lang='lat' dir='ltr'><strong><em>subiere.</em></strong></span> <span class='ocrx_word' id='word_1_171' title='bbox 379 2267 541 2321; x_wconf 73' lang='lat' dir='ltr'><strong><em>Alius</em></strong></span> <span class='ocrx_word' id='word_1_172' title='bbox 598 2274 875 2325; x_wconf 89' lang='lat' dir='ltr'><strong><em>stemmate</em></strong></span> <span class='ocrx_word' id='word_1_173' title='bbox 906 2275 955 2325; x_wconf 89' lang='lat' dir='ltr'><strong><em>et</em></strong></span> <span class='ocrx_word' id='word_1_174' title='bbox 983 2273 1270 2328; x_wconf 89' lang='lat' dir='ltr'><strong><em>nobilitate</em></strong></span> <span class='ocrx_word' id='word_1_175' title='bbox 1311 2277 1602 2344; x_wconf 84' lang='lat' dir='ltr'><strong><em>gloriatur,</em></strong></span> <span class='ocrx_word' id='word_1_176' title='bbox 1639 2283 1804 2333; x_wconf 88' lang='lat' dir='ltr'><strong><em>lume-</em></strong></span> 
     </span>
    </p>
   </div>
   <div class='ocr_carea' id='block_1_25' title="bbox 135 2356 1803 2433">
    <p class='ocr_par' dir='ltr' id='par_1_25' title="bbox 135 2356 1803 2433">
     <span class='ocr_line' id='line_1_25' title="bbox 135 2356 1803 2433; baseline 0.01 -29"><span class='ocrx_word' id='word_1_177' title='bbox 135 2356 326 2421; x_wconf 87' lang='lat' dir='ltr'><strong><em>scitque,</em></strong></span> <span class='ocrx_word' id='word_1_178' title='bbox 363 2369 480 2409; x_wconf 90' lang='lat' dir='ltr'><strong><em>cum</em></strong></span> <span class='ocrx_word' id='word_1_179' title='bbox 527 2359 780 2424; x_wconf 79' lang='lat' dir='ltr'><strong><em>famosas</em></strong></span> <span class='ocrx_word' id='word_1_180' title='bbox 837 2361 1110 2428; x_wconf 86' lang='lat' dir='ltr'><strong><em>majorum</em></strong></span> <span class='ocrx_word' id='word_1_181' title='bbox 1166 2377 1391 2417; x_wconf 88' lang='lat' dir='ltr'><strong><em>suorum</em></strong></span> <span class='ocrx_word' id='word_1_182' title='bbox 1434 2367 1699 2433; x_wconf 85' lang='lat' dir='ltr'><strong><em>imagines</em></strong></span> <span class='ocrx_word' id='word_1_183' title='bbox 1744 2369 1803 2422; x_wconf 90' lang='lat' dir='ltr'><strong><em>in</em></strong></span> 
     </span>
    </p>
   </div>
   <div class='ocr_carea' id='block_1_26' title="bbox 136 2444 1802 2524">
    <p class='ocr_par' dir='ltr' id='par_1_26' title="bbox 136 2444 1802 2524">
     <span class='ocr_line' id='line_1_26' title="bbox 136 2444 1802 2524; baseline 0.01 -31"><span class='ocrx_word' id='word_1_184' title='bbox 136 2444 250 2496; x_wconf 87' lang='lat' dir='ltr'><strong><em>atrio</em></strong></span> <span class='ocrx_word' id='word_1_185' title='bbox 272 2448 635 2514; x_wconf 87' lang='lat' dir='ltr'><strong><em>conspicatur,</em></strong></span> <span class='ocrx_word' id='word_1_186' title='bbox 669 2463 902 2518; x_wconf 88' lang='lat' dir='ltr'><strong><em>quarum</em></strong></span> <span class='ocrx_word' id='word_1_187' title='bbox 945 2451 1122 2504; x_wconf 88' lang='lat' dir='ltr'><strong><em>simile</em></strong></span> <span class='ocrx_word' id='word_1_188' title='bbox 1151 2453 1294 2505; x_wconf 87' lang='lat' dir='ltr'><strong><em>nihil</em></strong></span> <span class='ocrx_word' id='word_1_189' title='bbox 1331 2453 1490 2506; x_wconf 90' lang='lat' dir='ltr'><strong><em>habet</em></strong></span> <span class='ocrx_word' id='word_1_190' title='bbox 1519 2457 1633 2522; x_wconf 88' lang='lat' dir='ltr'><strong><em>ipse</em></strong></span> <span class='ocrx_word' id='word_1_191' title='bbox 1657 2471 1802 2524; x_wconf 73' lang='lat' dir='ltr'><strong><em>prx-</em></strong></span> 
     </span>
    </p>
   </div>
   <div class='ocr_carea' id='block_1_27' title="bbox 138 2534 1801 2611">
    <p class='ocr_par' dir='ltr' id='par_1_27' title="bbox 138 2534 1801 2611">
     <span class='ocr_line' id='line_1_27' title="bbox 138 2534 1801 2611; baseline 0.009 -28"><span class='ocrx_word' id='word_1_192' title='bbox 138 2534 199 2583; x_wconf 87' lang='lat' dir='ltr'><strong><em>ter</em></strong></span> <span class='ocrx_word' id='word_1_193' title='bbox 247 2534 475 2601; x_wconf 91' lang='lat' dir='ltr'><strong><em>colorem,</em></strong></span> <span class='ocrx_word' id='word_1_194' title='bbox 514 2541 582 2589; x_wconf 91' lang='lat' dir='ltr'><strong><em>ut</em></strong></span> <span class='ocrx_word' id='word_1_195' title='bbox 633 2553 752 2592; x_wconf 91' lang='lat' dir='ltr'><strong><em>cum</em></strong></span> <span class='ocrx_word' id='word_1_196' title='bbox 800 2538 1053 2594; x_wconf 86' lang='lat' dir='ltr'><strong><em>Cicerone</em></strong></span> <span class='ocrx_word' id='word_1_197' title='bbox 1087 2541 1300 2609; x_wconf 90' lang='lat' dir='ltr'><strong><em>loquar.</em></strong></span> <span class='ocrx_word' id='word_1_198' title='bbox 1343 2543 1454 2596; x_wconf 87' lang='lat' dir='ltr'><strong><em>Has</em></strong></span> <span class='ocrx_word' id='word_1_199' title='bbox 1499 2559 1624 2611; x_wconf 92' lang='lat' dir='ltr'><strong><em>ergo</em></strong></span> <span class='ocrx_word' id='word_1_200' title='bbox 1686 2547 1801 2611; x_wconf 87' lang='lat' dir='ltr'><strong><em>fre-</em></strong></span> 
     </span>
    </p>
   </div>
   <div class='ocr_carea' id='block_1_28' title="bbox 135 2626 1801 2700">
    <p class='ocr_par' dir='ltr' id='par_1_28' title="bbox 135 2626 1801 2700">
     <span class='ocr_line' id='line_1_28' title="bbox 135 2626 1801 2700; baseline 0.009 -28"><span class='ocrx_word' id='word_1_201' title='bbox 135 2626 320 2684; x_wconf 86' lang='lat' dir='ltr'><strong><em>quenter</em></strong></span> <span class='ocrx_word' id='word_1_202' title='bbox 338 2627 571 2692; x_wconf 90' lang='lat' dir='ltr'><strong><em>suspicit</em></strong></span> <span class='ocrx_word' id='word_1_203' title='bbox 603 2631 652 2680; x_wconf 90' lang='lat' dir='ltr'><strong><em>et</em></strong></span> <span class='ocrx_word' id='word_1_204' title='bbox 682 2626 1013 2694; x_wconf 85' lang='lat' dir='ltr'><strong><em>admiratur,</em></strong></span> <span class='ocrx_word' id='word_1_205' title='bbox 1047 2630 1466 2699; x_wconf 78' lang='lat' dir='ltr'><strong><em>praetenditque,</em></strong></span> <span class='ocrx_word' id='word_1_206' title='bbox 1489 2632 1719 2700; x_wconf 88' lang='lat' dir='ltr'><strong><em>perinde</em></strong></span> <span class='ocrx_word' id='word_1_207' title='bbox 1738 2649 1801 2688; x_wconf 87' lang='lat' dir='ltr'><strong><em>ac</em></strong></span> 
     </span>
    </p>
   </div>
   <div class='ocr_carea' id='block_1_29' title="bbox 133 2715 1800 2786">
    <p class='ocr_par' dir='ltr' id='par_1_29' title="bbox 133 2715 1800 2786">
     <span class='ocr_line' id='line_1_29' title="bbox 133 2715 1800 2786; baseline 0.008 -25"><span class='ocrx_word' id='word_1_208' title='bbox 133 2724 422 2776; x_wconf 84' lang='lat' dir='ltr'><strong><em>proavorum</em></strong></span> <span class='ocrx_word' id='word_1_209' title='bbox 452 2715 609 2767; x_wconf 85' lang='lat' dir='ltr'><strong><em>tituli</em></strong></span> <span class='ocrx_word' id='word_1_210' title='bbox 640 2719 690 2769; x_wconf 92' lang='lat' dir='ltr'><strong><em>et</em></strong></span> <span class='ocrx_word' id='word_1_211' title='bbox 735 2717 907 2784; x_wconf 89' lang='lat' dir='ltr'><strong><em>elogia</em></strong></span> <span class='ocrx_word' id='word_1_212' title='bbox 936 2733 1053 2771; x_wconf 88' lang='lat' dir='ltr'><strong><em>eum</em></strong></span> <span class='ocrx_word' id='word_1_213' title='bbox 1098 2719 1241 2784; x_wconf 87' lang='lat' dir='ltr'><strong><em>forte</em></strong></span> <span class='ocrx_word' id='word_1_214' title='bbox 1265 2719 1576 2786; x_wconf 88' lang='lat' dir='ltr'><strong><em>degenerem</em></strong></span> <span class='ocrx_word' id='word_1_215' title='bbox 1619 2720 1800 2775; x_wconf 88' lang='lat' dir='ltr'><strong><em>sordi-</em></strong></span> 
     </span>
    </p>
   </div>
   <div class='ocr_carea' id='block_1_30' title="bbox 1922 505 3620 585">
    <p class='ocr_par' dir='ltr' id='par_1_30' title="bbox 1922 505 3620 585">
     <span class='ocr_line' id='line_1_30' title="bbox 1922 505 3620 585; baseline 0.008 -28"><span class='ocrx_word' id='word_1_216' title='bbox 1922 505 2182 560; x_wconf 88' lang='lat' dir='ltr'><strong><em>sollicitus</em></strong></span> <span class='ocrx_word' id='word_1_217' title='bbox 2211 510 2262 559; x_wconf 89' lang='lat' dir='ltr'><strong><em>et</em></strong></span> <span class='ocrx_word' id='word_1_218' title='bbox 2305 508 2631 563; x_wconf 85' lang='lat' dir='ltr'><strong><em>miserabilis</em></strong></span> <span class='ocrx_word' id='word_1_219' title='bbox 2663 512 2735 562; x_wconf 91' lang='lat' dir='ltr'><strong><em>sit</em></strong></span> <span class='ocrx_word' id='word_1_220' title='bbox 2766 516 2942 566; x_wconf 90' lang='lat' dir='ltr'><strong><em>status</em></strong></span> <span class='ocrx_word' id='word_1_221' title='bbox 2983 516 3339 578; x_wconf 78' lang='lat' dir='ltr'><strong><em>tyrannorum</em></strong></span> <span class='ocrx_word' id='word_1_222' title='bbox 3370 521 3420 569; x_wconf 86' lang='lat' dir='ltr'><strong><em>et</em></strong></span> <span class='ocrx_word' id='word_1_223' title='bbox 3455 519 3620 585; x_wconf 88' lang='lat' dir='ltr'><strong><em>prin—</em></strong></span> 
     </span>
    </p>
   </div>
   <div class='ocr_carea' id='block_1_31' title="bbox 1921 595 3618 672">
    <p class='ocr_par' dir='ltr' id='par_1_31' title="bbox 1921 595 3618 672">
     <span class='ocr_line' id='line_1_31' title="bbox 1921 595 3618 672; baseline 0.009 -26"><span class='ocrx_word' id='word_1_224' title='bbox 1921 595 2121 662; x_wconf 90' lang='lat' dir='ltr'><strong><em>cipum,</em></strong></span> <span class='ocrx_word' id='word_1_225' title='bbox 2162 611 2262 649; x_wconf 85' lang='lat' dir='ltr'><strong><em>rex</em></strong></span> <span class='ocrx_word' id='word_1_226' title='bbox 2299 598 2390 650; x_wconf 91' lang='lat' dir='ltr'><strong><em>ille</em></strong></span> <span class='ocrx_word' id='word_1_227' title='bbox 2416 601 2694 665; x_wconf 86' lang='lat' dir='ltr'><strong><em>patefecit,</em></strong></span> <span class='ocrx_word' id='word_1_228' title='bbox 2729 603 2826 668; x_wconf 91' lang='lat' dir='ltr'><strong><em>qui</em></strong></span> <span class='ocrx_word' id='word_1_229' title='bbox 2878 601 3132 656; x_wconf 89' lang='lat' dir='ltr'><strong><em>diadema</em></strong></span> <span class='ocrx_word' id='word_1_230' title='bbox 3162 607 3487 672; x_wconf 88' lang='lat' dir='ltr'><strong><em>priusquam</em></strong></span> <span class='ocrx_word' id='word_1_231' title='bbox 3528 623 3618 660; x_wconf 90' lang='lat' dir='ltr'><strong><em>ca-</em></strong></span> 
     </span>
    </p>
   </div>
   <div class='ocr_carea' id='block_1_32' title="bbox 1917 684 3620 762">
    <p class='ocr_par' dir='ltr' id='par_1_32' title="bbox 1917 684 3620 762">
     <span class='ocr_line' id='line_1_32' title="bbox 1917 684 3620 762; baseline 0.008 -27"><span class='ocrx_word' id='word_1_232' title='bbox 1917 684 2028 751; x_wconf 90' lang='lat' dir='ltr'><strong><em>piti</em></strong></span> <span class='ocrx_word' id='word_1_233' title='bbox 2051 699 2147 738; x_wconf 91' lang='lat' dir='ltr'><strong><em>suo</em></strong></span> <span class='ocrx_word' id='word_1_234' title='bbox 2195 691 2506 756; x_wconf 84' lang='lat' dir='ltr'><strong><em>apponeret,</em></strong></span> <span class='ocrx_word' id='word_1_235' title='bbox 2541 688 2912 758; x_wconf 87' lang='lat' dir='ltr'><strong><em>considerans,</em></strong></span> <span class='ocrx_word' id='word_1_236' title='bbox 2943 695 3054 745; x_wconf 92' lang='lat' dir='ltr'><strong><em>ait:</em></strong></span> <span class='ocrx_word' id='word_1_237' title='bbox 3107 693 3148 747; x_wconf 89' lang='grc' dir='ltr'><strong><em>Ο</em></strong></span> <span class='ocrx_word' id='word_1_238' title='bbox 3179 693 3414 748; x_wconf 87' lang='lat' dir='ltr'><strong><em>nobilem</em></strong></span> <span class='ocrx_word' id='word_1_239' title='bbox 3445 698 3620 762; x_wconf 91' lang='lat' dir='ltr'><strong><em>magis</em></strong></span> 
     </span>
    </p>
   </div>
   <div class='ocr_carea' id='block_1_33' title="bbox 1924 773 3621 852">
    <p class='ocr_par' dir='ltr' id='par_1_33' title="bbox 1924 773 3621 852">
     <span class='ocr_line' id='line_1_33' title="bbox 1924 773 3621 852; baseline 0.009 -28"><span class='ocrx_word' id='word_1_240' title='bbox 1924 787 2085 840; x_wconf 91' lang='lat' dir='ltr'><strong><em>quam</em></strong></span> <span class='ocrx_word' id='word_1_241' title='bbox 2114 773 2324 839; x_wconf 89' lang='lat' dir='ltr'><strong><em>felicem</em></strong></span> <span class='ocrx_word' id='word_1_242' title='bbox 2345 791 2614 844; x_wconf 86' lang='lat' dir='ltr'><strong><em>pannum,</em></strong></span> <span class='ocrx_word' id='word_1_243' title='bbox 2648 794 2803 846; x_wconf 87' lang='lat' dir='ltr'><strong><em>quem</em></strong></span> <span class='ocrx_word' id='word_1_244' title='bbox 2832 781 2883 832; x_wconf 87' lang='lat' dir='ltr'><strong><em>si</em></strong></span> <span class='ocrx_word' id='word_1_245' title='bbox 2907 783 3029 848; x_wconf 87' lang='lat' dir='ltr'><strong><em>quis</em></strong></span> <span class='ocrx_word' id='word_1_246' title='bbox 3060 783 3430 852; x_wconf 88' lang='lat' dir='ltr'><strong><em>introspiciat,</em></strong></span> <span class='ocrx_word' id='word_1_247' title='bbox 3457 800 3621 852; x_wconf 85' lang='lat' dir='ltr'><strong><em>quam</em></strong></span> 
     </span>
    </p>
   </div>
   <div class='ocr_carea' id='block_1_34' title="bbox 1921 862 3621 942">
    <p class='ocr_par' dir='ltr' id='par_1_34' title="bbox 1921 862 3621 942">
     <span class='ocr_line' id='line_1_34' title="bbox 1921 862 3621 942; baseline 0.008 -28"><span class='ocrx_word' id='word_1_248' title='bbox 1921 862 2105 915; x_wconf 89' lang='lat' dir='ltr'><strong><em>multis</em></strong></span> <span class='ocrx_word' id='word_1_249' title='bbox 2134 865 2390 931; x_wconf 85' lang='lat' dir='ltr'><strong><em>periculis</em></strong></span> <span class='ocrx_word' id='word_1_250' title='bbox 2428 870 2478 918; x_wconf 88' lang='lat' dir='ltr'><strong><em>et</em></strong></span> <span class='ocrx_word' id='word_1_251' title='bbox 2516 868 2746 920; x_wconf 84' lang='lat' dir='ltr'><strong><em>miseriis</em></strong></span> <span class='ocrx_word' id='word_1_252' title='bbox 2794 870 2866 921; x_wconf 90' lang='lat' dir='ltr'><strong><em>sit</em></strong></span> <span class='ocrx_word' id='word_1_253' title='bbox 2895 869 3153 938; x_wconf 85' lang='lat' dir='ltr'><strong><em>refertus,</em></strong></span> <span class='ocrx_word' id='word_1_254' title='bbox 3187 887 3254 924; x_wconf 90' lang='lat' dir='ltr'><strong><em>ne</em></strong></span> <span class='ocrx_word' id='word_1_255' title='bbox 3297 872 3447 926; x_wconf 89' lang='lat' dir='ltr'><strong><em>humi</em></strong></span> <span class='ocrx_word' id='word_1_256' title='bbox 3491 875 3621 942; x_wconf 92' lang='lat' dir='ltr'><strong><em>qui-</em></strong></span> 
     </span>
    </p>
   </div>
   <div class='ocr_carea' id='block_1_35' title="bbox 1923 949 3622 1027">
    <p class='ocr_par' dir='ltr' id='par_1_35' title="bbox 1923 949 3622 1027">
     <span class='ocr_line' id='line_1_35' title="bbox 1923 949 3622 1027; baseline 0.009 -25"><span class='ocrx_word' id='word_1_257' title='bbox 1923 949 2041 1003; x_wconf 91' lang='lat' dir='ltr'><strong><em>dem</em></strong></span> <span class='ocrx_word' id='word_1_258' title='bbox 2062 949 2333 1020; x_wconf 86' lang='lat' dir='ltr'><strong><em>jacentem</em></strong></span> <span class='ocrx_word' id='word_1_259' title='bbox 2365 955 2544 1008; x_wconf 87' lang='lat' dir='ltr'><strong><em>tollere</em></strong></span> <span class='ocrx_word' id='word_1_260' title='bbox 2566 956 2738 1010; x_wconf 89' lang='lat' dir='ltr'><strong><em>vellet.</em></strong></span> <span class='ocrx_word' id='word_1_261' title='bbox 2790 959 2860 1010; x_wconf 90' lang='lat' dir='ltr'><strong><em>Et</em></strong></span> <span class='ocrx_word' id='word_1_262' title='bbox 2921 961 3214 1027; x_wconf 84' lang='lat' dir='ltr'><strong><em>Dionysius</em></strong></span> <span class='ocrx_word' id='word_1_263' title='bbox 3272 963 3363 1015; x_wconf 89' lang='lat' dir='ltr'><strong><em>ille</em></strong></span> <span class='ocrx_word' id='word_1_264' title='bbox 3421 962 3622 1018; x_wconf 71' lang='lat' dir='ltr'><strong><em>Siciliae</em></strong></span> 
     </span>
    </p>
   </div>
   <div class='ocr_carea' id='block_1_36' title="bbox 1922 1043 3622 1121">
    <p class='ocr_par' dir='ltr' id='par_1_36' title="bbox 1922 1043 3622 1121">
     <span class='ocr_line' id='line_1_36' title="bbox 1922 1043 3622 1121; baseline 0.008 -29"><span class='ocrx_word' id='word_1_265' title='bbox 1922 1043 2210 1107; x_wconf 82' lang='lat' dir='ltr'><strong><em>tyrannus,</em></strong></span> <span class='ocrx_word' id='word_1_266' title='bbox 2243 1044 2340 1111; x_wconf 89' lang='lat' dir='ltr'><strong><em>qui</em></strong></span> <span class='ocrx_word' id='word_1_267' title='bbox 2369 1048 2536 1099; x_wconf 88' lang='lat' dir='ltr'><strong><em>metus</em></strong></span> <span class='ocrx_word' id='word_1_268' title='bbox 2585 1049 2634 1098; x_wconf 91' lang='lat' dir='ltr'><strong><em>et</em></strong></span> <span class='ocrx_word' id='word_1_269' title='bbox 2675 1047 2923 1114; x_wconf 89' lang='lat' dir='ltr'><strong><em>pericula</em></strong></span> <span class='ocrx_word' id='word_1_270' title='bbox 2963 1064 3148 1116; x_wconf 90' lang='lat' dir='ltr'><strong><em>regum</em></strong></span> <span class='ocrx_word' id='word_1_271' title='bbox 3201 1050 3622 1121; x_wconf 87' lang='lat' dir='ltr'><strong><em>principumque</em></strong></span> 
     </span>
    </p>
   </div>
   <div class='ocr_carea' id='block_1_37' title="bbox 1920 1132 3622 1209">
    <p class='ocr_par' dir='ltr' id='par_1_37' title="bbox 1920 1132 3622 1209">
     <span class='ocr_line' id='line_1_37' title="bbox 1920 1132 3622 1209; baseline 0.008 -29"><span class='ocrx_word' id='word_1_272' title='bbox 1920 1132 2187 1197; x_wconf 88' lang='lat' dir='ltr'><strong><em>expressit</em></strong></span> <span class='ocrx_word' id='word_1_273' title='bbox 2227 1145 2347 1184; x_wconf 89' lang='lat' dir='ltr'><strong><em>ense</em></strong></span> <span class='ocrx_word' id='word_1_274' title='bbox 2383 1133 2475 1186; x_wconf 88' lang='lat' dir='ltr'><strong><em>illo</em></strong></span> <span class='ocrx_word' id='word_1_275' title='bbox 2537 1132 2645 1188; x_wconf 88' lang='lat' dir='ltr'><strong><em>levi</em></strong></span> <span class='ocrx_word' id='word_1_276' title='bbox 2692 1135 2781 1202; x_wconf 82' lang='lat' dir='ltr'><strong><em>ﬁlo</em></strong></span> <span class='ocrx_word' id='word_1_277' title='bbox 2826 1149 3100 1204; x_wconf 88' lang='lat' dir='ltr'><strong><em>suspenso,</em></strong></span> <span class='ocrx_word' id='word_1_278' title='bbox 3150 1139 3622 1209; x_wconf 86' lang='lat' dir='ltr'><strong><em>plurimorumque</em></strong></span> 
     </span>
    </p>
   </div>
   <div class='ocr_carea' id='block_1_38' title="bbox 1919 1221 3620 1294">
    <p class='ocr_par' dir='ltr' id='par_1_38' title="bbox 1919 1221 3620 1294">
     <span class='ocr_line' id='line_1_38' title="bbox 1919 1221 3620 1294; baseline 0.008 -24"><span class='ocrx_word' id='word_1_279' title='bbox 1919 1232 2017 1284; x_wconf 90' lang='lat' dir='ltr'><strong><em>per</em></strong></span> <span class='ocrx_word' id='word_1_280' title='bbox 2037 1234 2132 1272; x_wconf 92' lang='lat' dir='ltr'><strong><em>ora</em></strong></span> <span class='ocrx_word' id='word_1_281' title='bbox 2161 1221 2400 1288; x_wconf 89' lang='lat' dir='ltr'><strong><em>vulgato.</em></strong></span> <span class='ocrx_word' id='word_1_282' title='bbox 2437 1222 2618 1276; x_wconf 88' lang='lat' dir='ltr'><strong><em>Scatet</em></strong></span> <span class='ocrx_word' id='word_1_283' title='bbox 2658 1239 2780 1277; x_wconf 90' lang='lat' dir='ltr'><strong><em>vero</em></strong></span> <span class='ocrx_word' id='word_1_284' title='bbox 2826 1227 3085 1294; x_wconf 80' lang='lat' dir='ltr'><strong><em>exempl-is</em></strong></span> <span class='ocrx_word' id='word_1_285' title='bbox 3132 1228 3430 1284; x_wconf 89' lang='lat' dir='ltr'><strong><em>innumeris</em></strong></span> <span class='ocrx_word' id='word_1_286' title='bbox 3468 1235 3620 1284; x_wconf 88' lang='lat' dir='ltr'><strong><em>vctu-</em></strong></span> 
     </span>
    </p>
   </div>
   <div class='ocr_carea' id='block_1_39' title="bbox 1918 1308 3619 1388">
    <p class='ocr_par' dir='ltr' id='par_1_39' title="bbox 1918 1308 3619 1388">
     <span class='ocr_line' id='line_1_39' title="bbox 1918 1308 3619 1388; baseline 0.008 -28"><span class='ocrx_word' id='word_1_287' title='bbox 1918 1311 2052 1375; x_wconf 90' lang='lat' dir='ltr'><strong><em>stas,</em></strong></span> <span class='ocrx_word' id='word_1_288' title='bbox 2085 1308 2247 1376; x_wconf 89' lang='lat' dir='ltr'><strong><em>plena</em></strong></span> <span class='ocrx_word' id='word_1_289' title='bbox 2278 1315 2353 1363; x_wconf 88' lang='lat' dir='ltr'><strong><em>est</em></strong></span> <span class='ocrx_word' id='word_1_290' title='bbox 2383 1313 2558 1364; x_wconf 89' lang='lat' dir='ltr'><strong><em>nostri</em></strong></span> <span class='ocrx_word' id='word_1_291' title='bbox 2588 1315 2842 1381; x_wconf 88' lang='lat' dir='ltr'><strong><em>temporis</em></strong></span> <span class='ocrx_word' id='word_1_292' title='bbox 2875 1319 3028 1382; x_wconf 69' lang='lat' dir='ltr'><strong><em>aetas,</em></strong></span> <span class='ocrx_word' id='word_1_293' title='bbox 3067 1315 3166 1383; x_wconf 88' lang='lat' dir='ltr'><strong><em>qui</em></strong></span> <span class='ocrx_word' id='word_1_294' title='bbox 3194 1332 3345 1383; x_wconf 88' lang='lat' dir='ltr'><strong><em>reges</em></strong></span> <span class='ocrx_word' id='word_1_295' title='bbox 3385 1323 3435 1372; x_wconf 92' lang='lat' dir='ltr'><strong><em>et</em></strong></span> <span class='ocrx_word' id='word_1_296' title='bbox 3461 1323 3619 1388; x_wconf 88' lang='lat' dir='ltr'><strong><em>prin-</em></strong></span> 
     </span>
    </p>
   </div>
   <div class='ocr_carea' id='block_1_40' title="bbox 1919 1397 3621 1471">
    <p class='ocr_par' dir='ltr' id='par_1_40' title="bbox 1919 1397 3621 1471">
     <span class='ocr_line' id='line_1_40' title="bbox 1919 1397 3621 1471; baseline 0.008 -23"><span class='ocrx_word' id='word_1_297' title='bbox 1919 1397 2061 1464; x_wconf 88' lang='lat' dir='ltr'><strong><em>cipes</em></strong></span> <span class='ocrx_word' id='word_1_298' title='bbox 2099 1399 2414 1463; x_wconf 85' lang='lat' dir='ltr'><strong><em>felicitatem</em></strong></span> <span class='ocrx_word' id='word_1_299' title='bbox 2459 1401 2771 1456; x_wconf 89' lang='lat' dir='ltr'><strong><em>calamitate</em></strong></span> <span class='ocrx_word' id='word_1_300' title='bbox 2795 1407 3142 1458; x_wconf 87' lang='lat' dir='ltr'><strong><em>mutaverint.</em></strong></span> <span class='ocrx_word' id='word_1_301' title='bbox 3176 1406 3621 1471; x_wconf 86' lang='lat' dir='ltr'><strong><em>Infelicissimum</em></strong></span> 
     </span>
    </p>
   </div>
   <div class='ocr_carea' id='block_1_41' title="bbox 1919 1489 3621 1566">
    <p class='ocr_par' dir='ltr' id='par_1_41' title="bbox 1919 1489 3621 1566">
     <span class='ocr_line' id='line_1_41' title="bbox 1919 1489 3621 1566; baseline 0.009 -29"><span class='ocrx_word' id='word_1_302' title='bbox 1919 1489 2095 1538; x_wconf 90' lang='lat' dir='ltr'><strong><em>autem</em></strong></span> <span class='ocrx_word' id='word_1_303' title='bbox 2132 1502 2298 1554; x_wconf 90' lang='lat' dir='ltr'><strong><em>genus</em></strong></span> <span class='ocrx_word' id='word_1_304' title='bbox 2347 1490 2644 1556; x_wconf 85' lang='lat' dir='ltr'><strong><em>infortunii</em></strong></span> <span class='ocrx_word' id='word_1_305' title='bbox 2671 1496 2748 1544; x_wconf 91' lang='lat' dir='ltr'><strong><em>est</em></strong></span> <span class='ocrx_word' id='word_1_306' title='bbox 2758 1491 2948 1558; x_wconf 87' lang='lat' dir='ltr'><strong><em>fuisse</em></strong></span> <span class='ocrx_word' id='word_1_307' title='bbox 2973 1494 3205 1562; x_wconf 89' lang='lat' dir='ltr'><strong><em>felicem,</em></strong></span> <span class='ocrx_word' id='word_1_308' title='bbox 3239 1511 3306 1549; x_wconf 91' lang='lat' dir='ltr'><strong><em>ex</em></strong></span> <span class='ocrx_word' id='word_1_309' title='bbox 3335 1511 3439 1566; x_wconf 86' lang='lat' dir='ltr'><strong><em>quo</em></strong></span> <span class='ocrx_word' id='word_1_310' title='bbox 3473 1497 3621 1551; x_wconf 85' lang='lat' dir='ltr'><strong><em>dixit</em></strong></span> 
     </span>
    </p>
   </div>
   <div class='ocr_carea' id='block_1_42' title="bbox 1917 1573 2240 1630">
    <p class='ocr_par' dir='ltr' id='par_1_42' title="bbox 1917 1573 2240 1630">
     <span class='ocr_line' id='line_1_42' title="bbox 1917 1573 2240 1630; baseline 0.009 -3"><span class='ocrx_word' id='word_1_311' title='bbox 1917 1573 2194 1629; x_wconf 85' lang='lat' dir='ltr'><strong><em>Horatius</em></strong></span> <span class='ocrx_word' id='word_1_312' title='bbox 2228 1591 2240 1630; x_wconf 92' lang='lat'><strong>:</strong></span> 
     </span>
    </p>
   </div>
   <div class='ocr_carea' id='block_1_43' title="bbox 2309 1685 3405 1757">
    <p class='ocr_par' dir='ltr' id='par_1_43' title="bbox 2309 1685 3405 1757">
     <span class='ocr_line' id='line_1_43' title="bbox 2309 1685 3405 1757; baseline 0.007 -21"><span class='ocrx_word' id='word_1_313' title='bbox 2309 1685 2454 1751; x_wconf 87' lang='lat' dir='ltr'><strong><em>Fuge</em></strong></span> <span class='ocrx_word' id='word_1_314' title='bbox 2478 1699 2699 1751; x_wconf 90' lang='lat' dir='ltr'><strong><em>magna,</em></strong></span> <span class='ocrx_word' id='word_1_315' title='bbox 2733 1687 2853 1739; x_wconf 91' lang='lat' dir='ltr'><strong><em>licet</em></strong></span> <span class='ocrx_word' id='word_1_316' title='bbox 2884 1687 2984 1740; x_wconf 91' lang='lat' dir='ltr'><strong><em>sub</em></strong></span> <span class='ocrx_word' id='word_1_317' title='bbox 3009 1703 3251 1757; x_wconf 86' lang='lat' dir='ltr'><strong><em>paupere</em></strong></span> <span class='ocrx_word' id='word_1_318' title='bbox 3274 1694 3405 1744; x_wconf 88' lang='lat' dir='ltr'><strong><em>tecto</em></strong></span> 
     </span>
    </p>
   </div>
   <div class='ocr_carea' id='block_1_44' title="bbox 2131 1774 3314 1844">
    <p class='ocr_par' dir='ltr' id='par_1_44' title="bbox 2131 1774 3314 1844">
     <span class='ocr_line' id='line_1_44' title="bbox 2131 1774 3314 1844; baseline 0.004 -17"><span class='ocrx_word' id='word_1_319' title='bbox 2131 1774 2296 1839; x_wconf 87' lang='lat' dir='ltr'><strong><em>Reges</em></strong></span> <span class='ocrx_word' id='word_1_320' title='bbox 2328 1777 2377 1826; x_wconf 92' lang='lat' dir='ltr'><strong><em>et</em></strong></span> <span class='ocrx_word' id='word_1_321' title='bbox 2402 1789 2587 1842; x_wconf 88' lang='lat' dir='ltr'><strong><em>regum</em></strong></span> <span class='ocrx_word' id='word_1_322' title='bbox 2608 1777 2724 1828; x_wconf 85' lang='lat' dir='ltr'><strong><em>vita</em></strong></span> <span class='ocrx_word' id='word_1_323' title='bbox 2745 1781 3066 1844; x_wconf 73' lang='lat' dir='ltr'><strong><em>prxvertere</em></strong></span> <span class='ocrx_word' id='word_1_324' title='bbox 3095 1781 3314 1832; x_wconf 92' lang='lat' dir='ltr'><strong><em>amicos.</em></strong></span> 
     </span>
    </p>
   </div>
   <div class='ocr_carea' id='block_1_45' title="bbox 1917 1875 3619 1954">
    <p class='ocr_par' dir='ltr' id='par_1_45' title="bbox 1917 1875 3619 1954">
     <span class='ocr_line' id='line_1_45' title="bbox 1917 1875 3619 1954; baseline 0.006 -24"><span class='ocrx_word' id='word_1_325' title='bbox 1917 1875 2060 1941; x_wconf 87' lang='lat' dir='ltr'><strong><em>Quid</em></strong></span> <span class='ocrx_word' id='word_1_326' title='bbox 2111 1878 2175 1931; x_wconf 88' lang='lat' dir='ltr'><strong><em>de</em></strong></span> <span class='ocrx_word' id='word_1_327' title='bbox 2232 1894 2418 1947; x_wconf 87' lang='lat' dir='ltr'><strong><em>regum</em></strong></span> <span class='ocrx_word' id='word_1_328' title='bbox 2470 1886 2520 1934; x_wconf 90' lang='lat' dir='ltr'><strong><em>et</em></strong></span> <span class='ocrx_word' id='word_1_329' title='bbox 2563 1883 2876 1950; x_wconf 85' lang='lat' dir='ltr'><strong><em>principum</em></strong></span> <span class='ocrx_word' id='word_1_330' title='bbox 2941 1885 3316 1947; x_wconf 87' lang='lat' dir='ltr'><strong><em>familiaribus</em></strong></span> <span class='ocrx_word' id='word_1_331' title='bbox 3377 1885 3619 1954; x_wconf 83' lang='lat' dir='ltr'><strong><em>loquar?</em></strong></span> 
     </span>
    </p>
   </div>
   <div class='ocr_carea' id='block_1_46' title="bbox 1915 1969 3617 2042">
    <p class='ocr_par' dir='ltr' id='par_1_46' title="bbox 1915 1969 3617 2042">
     <span class='ocr_line' id='line_1_46' title="bbox 1915 1969 3617 2042; baseline 0.006 -22"><span class='ocrx_word' id='word_1_332' title='bbox 1915 1969 2099 2021; x_wconf 86' lang='lat' dir='ltr'><strong><em>Nonne</em></strong></span> <span class='ocrx_word' id='word_1_333' title='bbox 2134 1969 2382 2024; x_wconf 88' lang='lat' dir='ltr'><strong><em>Tiberius</em></strong></span> <span class='ocrx_word' id='word_1_334' title='bbox 2421 1972 2683 2038; x_wconf 85' lang='lat' dir='ltr'><strong><em>Sejanum</em></strong></span> <span class='ocrx_word' id='word_1_335' title='bbox 2713 1972 2798 2025; x_wconf 89' lang='lat' dir='ltr'><strong><em>illi</em></strong></span> <span class='ocrx_word' id='word_1_336' title='bbox 2833 1987 3040 2040; x_wconf 87' lang='lat' dir='ltr'><strong><em>semper</em></strong></span> <span class='ocrx_word' id='word_1_337' title='bbox 3084 1978 3401 2042; x_wconf 90' lang='lat' dir='ltr'><strong><em>proximum</em></strong></span> <span class='ocrx_word' id='word_1_338' title='bbox 3449 1980 3498 2028; x_wconf 91' lang='lat' dir='ltr'><strong><em>et</em></strong></span> <span class='ocrx_word' id='word_1_339' title='bbox 3523 1979 3617 2030; x_wconf 86' lang='lat' dir='ltr'><strong><em>in-</em></strong></span> 
     </span>
    </p>
   </div>
   <div class='ocr_carea' id='block_1_47' title="bbox 1915 2057 3617 2129">
    <p class='ocr_par' dir='ltr' id='par_1_47' title="bbox 1915 2057 3617 2129">
     <span class='ocr_line' id='line_1_47' title="bbox 1915 2057 3617 2129; baseline 0.006 -21"><span class='ocrx_word' id='word_1_340' title='bbox 1915 2057 2103 2110; x_wconf 91' lang='lat' dir='ltr'><strong><em>timum</em></strong></span> <span class='ocrx_word' id='word_1_341' title='bbox 2131 2073 2264 2111; x_wconf 90' lang='lat' dir='ltr'><strong><em>unco</em></strong></span> <span class='ocrx_word' id='word_1_342' title='bbox 2295 2061 2446 2112; x_wconf 89' lang='lat' dir='ltr'><strong><em>trahi</em></strong></span> <span class='ocrx_word' id='word_1_343' title='bbox 2465 2064 2514 2112; x_wconf 89' lang='lat' dir='ltr'><strong><em>et</em></strong></span> <span class='ocrx_word' id='word_1_344' title='bbox 2555 2063 2938 2128; x_wconf 78' lang='lat' dir='ltr'><strong><em>excarniﬁcari</em></strong></span> <span class='ocrx_word' id='word_1_345' title='bbox 2968 2063 3257 2129; x_wconf 87' lang='lat' dir='ltr'><strong><em>imperavit</em></strong></span> <span class='ocrx_word' id='word_1_346' title='bbox 3277 2063 3304 2116; x_wconf 76' lang='lat' dir='ltr'><strong><em>‘l</em></strong></span> <span class='ocrx_word' id='word_1_347' title='bbox 3332 2066 3518 2121; x_wconf 84' lang='lat' dir='ltr'><strong><em>Nonne</em></strong></span> <span class='ocrx_word' id='word_1_348' title='bbox 3563 2069 3617 2118; x_wconf 90' lang='lat' dir='ltr'><strong><em>et</em></strong></span> 
     </span>
    </p>
   </div>
   <div class='ocr_carea' id='block_1_48' title="bbox 1915 2143 3612 2218">
    <p class='ocr_par' dir='ltr' id='par_1_48' title="bbox 1915 2143 3612 2218">
     <span class='ocr_line' id='line_1_48' title="bbox 1915 2143 3612 2218; baseline 0.006 -21"><span class='ocrx_word' id='word_1_349' title='bbox 1915 2143 2187 2200; x_wconf 87' lang='lat' dir='ltr'><strong><em>Domitius</em></strong></span> <span class='ocrx_word' id='word_1_350' title='bbox 2221 2149 2360 2204; x_wconf 86' lang='lat' dir='ltr'><strong><em>Nero</em></strong></span> <span class='ocrx_word' id='word_1_351' title='bbox 2391 2149 2641 2203; x_wconf 89' lang='lat' dir='ltr'><strong><em>Senecam</em></strong></span> <span class='ocrx_word' id='word_1_352' title='bbox 2677 2154 3058 2218; x_wconf 76' lang='lat' dir='ltr'><strong><em>praeceptorem</em></strong></span> <span class='ocrx_word' id='word_1_353' title='bbox 3101 2151 3176 2204; x_wconf 91' lang='lat' dir='ltr'><strong><em>ad</em></strong></span> <span class='ocrx_word' id='word_1_354' title='bbox 3219 2160 3443 2206; x_wconf 88' lang='lat' dir='ltr'><strong><em>mortem</em></strong></span> <span class='ocrx_word' id='word_1_355' title='bbox 3473 2168 3612 2206; x_wconf 93' lang='lat' dir='ltr'><strong><em>com-</em></strong></span> 
     </span>
    </p>
   </div>
   <div class='ocr_carea' id='block_1_49' title="bbox 1907 2236 3609 2309">
    <p class='ocr_par' dir='ltr' id='par_1_49' title="bbox 1907 2236 3609 2309">
     <span class='ocr_line' id='line_1_49' title="bbox 1907 2236 3609 2309; baseline 0.005 -22"><span class='ocrx_word' id='word_1_356' title='bbox 1907 2236 2101 2302; x_wconf 84' lang='lat' dir='ltr'><strong><em>pulit?</em></strong></span> <span class='ocrx_word' id='word_1_357' title='bbox 2129 2237 2496 2304; x_wconf 89' lang='lat' dir='ltr'><strong><em>Papinianum</em></strong></span> <span class='ocrx_word' id='word_1_358' title='bbox 2527 2240 2689 2291; x_wconf 88' lang='lat' dir='ltr'><strong><em>etiam</em></strong></span> <span class='ocrx_word' id='word_1_359' title='bbox 2733 2238 2830 2290; x_wconf 90' lang='lat' dir='ltr'><strong><em>diu</em></strong></span> <span class='ocrx_word' id='word_1_360' title='bbox 2879 2241 3023 2291; x_wconf 89' lang='lat' dir='ltr'><strong><em>inter</em></strong></span> <span class='ocrx_word' id='word_1_361' title='bbox 3069 2240 3272 2294; x_wconf 90' lang='lat' dir='ltr'><strong><em>aulicos</em></strong></span> <span class='ocrx_word' id='word_1_362' title='bbox 3319 2245 3609 2309; x_wconf 90' lang='lat' dir='ltr'><strong><em>potentem,</em></strong></span> 
     </span>
    </p>
   </div>
   <div class='ocr_carea' id='block_1_50' title="bbox 1911 2321 3613 2398">
    <p class='ocr_par' dir='ltr' id='par_1_50' title="bbox 1911 2321 3613 2398">
     <span class='ocr_line' id='line_1_50' title="bbox 1911 2321 3613 2398; baseline 0.005 -23"><span class='ocrx_word' id='word_1_363' title='bbox 1911 2321 2188 2376; x_wconf 85' lang='lat' dir='ltr'><strong><em>Antonius</em></strong></span> <span class='ocrx_word' id='word_1_364' title='bbox 2209 2324 2445 2377; x_wconf 86' lang='lat' dir='ltr'><strong><em>militum</em></strong></span> <span class='ocrx_word' id='word_1_365' title='bbox 2482 2323 2683 2391; x_wconf 85' lang='lat' dir='ltr'><strong><em>gladi-is</em></strong></span> <span class='ocrx_word' id='word_1_366' title='bbox 2714 2324 2913 2392; x_wconf 81' lang='lat' dir='ltr'><strong><em>objeeit</em></strong></span> <span class='ocrx_word' id='word_1_367' title='bbox 2935 2324 2962 2378; x_wconf 78' lang='lat' dir='ltr'><strong><em>‘l</em></strong></span> <span class='ocrx_word' id='word_1_368' title='bbox 2985 2331 3212 2394; x_wconf 89' lang='lat' dir='ltr'><strong><em>propter</em></strong></span> <span class='ocrx_word' id='word_1_369' title='bbox 3231 2327 3374 2398; x_wconf 89' lang='lat' dir='ltr'><strong><em>quod</em></strong></span> <span class='ocrx_word' id='word_1_370' title='bbox 3402 2330 3613 2396; x_wconf 89' lang='lat' dir='ltr'><strong><em>elegan-</em></strong></span> 
     </span>
    </p>
   </div>
   <div class='ocr_carea' id='block_1_51' title="bbox 1915 2412 2634 2468">
    <p class='ocr_par' dir='ltr' id='par_1_51' title="bbox 1915 2412 2634 2468">
     <span class='ocr_line' id='line_1_51' title="bbox 1915 2412 2634 2468; baseline 0.003 -3"><span class='ocrx_word' id='word_1_371' title='bbox 1915 2415 1994 2466; x_wconf 89' lang='lat' dir='ltr'><strong><em>ter</em></strong></span> <span class='ocrx_word' id='word_1_372' title='bbox 2025 2412 2174 2468; x_wconf 89' lang='lat' dir='ltr'><strong><em>dixit</em></strong></span> <span class='ocrx_word' id='word_1_373' title='bbox 2201 2412 2345 2466; x_wconf 88' lang='lat' dir='ltr'><strong><em>idem</em></strong></span> <span class='ocrx_word' id='word_1_374' title='bbox 2373 2415 2596 2467; x_wconf 88' lang='lat' dir='ltr'><strong><em>Flaccus</em></strong></span> <span class='ocrx_word' id='word_1_375' title='bbox 2620 2429 2634 2467; x_wconf 90' lang='lat'>:</span> 
     </span>
    </p>
   </div>
   <div class='ocr_carea' id='block_1_52' title="bbox 2300 2521 3609 2594">
    <p class='ocr_par' dir='ltr' id='par_1_52' title="bbox 2300 2521 3609 2594">
     <span class='ocr_line' id='line_1_52' title="bbox 2300 2521 3609 2594; baseline 0.005 -20"><span class='ocrx_word' id='word_1_376' title='bbox 2300 2521 2488 2575; x_wconf 87' lang='lat' dir='ltr'><strong><em>Dulcis</em></strong></span> <span class='ocrx_word' id='word_1_377' title='bbox 2538 2525 2835 2592; x_wconf 87' lang='lat' dir='ltr'><strong><em>inexpertis</em></strong></span> <span class='ocrx_word' id='word_1_378' title='bbox 2883 2525 3098 2579; x_wconf 90' lang='lat' dir='ltr'><strong><em>cultura</em></strong></span> <span class='ocrx_word' id='word_1_379' title='bbox 3150 2527 3387 2594; x_wconf 89' lang='lat' dir='ltr'><strong><em>potentis</em></strong></span> <span class='ocrx_word' id='word_1_380' title='bbox 3425 2528 3609 2592; x_wconf 89' lang='lat' dir='ltr'><strong><em>amici,</em></strong></span> 
     </span>
    </p>
   </div>
   <div class='ocr_carea' id='block_1_53' title="bbox 2303 2609 2828 2679">
    <p class='ocr_par' dir='ltr' id='par_1_53' title="bbox 2303 2609 2828 2679">
     <span class='ocr_line' id='line_1_53' title="bbox 2303 2609 2828 2679; baseline 0.008 -16"><span class='ocrx_word' id='word_1_381' title='bbox 2303 2609 2587 2679; x_wconf 88' lang='lat' dir='ltr'><strong><em>Expertus</em></strong></span> <span class='ocrx_word' id='word_1_382' title='bbox 2617 2616 2828 2668; x_wconf 89' lang='lat' dir='ltr'><strong><em>metuit.</em></strong></span> 
     </span>
    </p>
   </div>
   <div class='ocr_carea' id='block_1_54' title="bbox 1910 2713 3611 2787">
    <p class='ocr_par' dir='ltr' id='par_1_54' title="bbox 1910 2713 3611 2787">
     <span class='ocr_line' id='line_1_54' title="bbox 1910 2713 3611 2787; baseline 0.006 -21"><span class='ocrx_word' id='word_1_383' title='bbox 1910 2713 2071 2768; x_wconf 88' lang='lat' dir='ltr'><strong><em>Alius</em></strong></span> <span class='ocrx_word' id='word_1_384' title='bbox 2115 2716 2419 2770; x_wconf 90' lang='lat' dir='ltr'><strong><em>claritatem</em></strong></span> <span class='ocrx_word' id='word_1_385' title='bbox 2477 2719 2737 2785; x_wconf 91' lang='lat' dir='ltr'><strong><em>optimum</em></strong></span> <span class='ocrx_word' id='word_1_386' title='bbox 2760 2718 3046 2787; x_wconf 87' lang='lat' dir='ltr'><strong><em>judicans,</em></strong></span> <span class='ocrx_word' id='word_1_387' title='bbox 3095 2721 3393 2786; x_wconf 89' lang='lat' dir='ltr'><strong><em>gloriosum</em></strong></span> <span class='ocrx_word' id='word_1_388' title='bbox 3422 2737 3611 2776; x_wconf 91' lang='lat' dir='ltr'><strong><em>nomen</em></strong></span> 
     </span>
    </p>
   </div>
   <div class='ocr_carea' id='block_1_55' title="bbox 137 2797 1803 2878">
    <p class='ocr_par' dir='ltr' id='par_1_55' title="bbox 137 2797 1798 2878">
     <span class='ocr_line' id='line_1_55' title="bbox 137 2797 1798 2878; baseline 0.008 -28"><span class='ocrx_word' id='word_1_389' title='bbox 137 2797 331 2865; x_wconf 88' lang='lat' dir='ltr'><strong><em>dumque</em></strong></span> <span class='ocrx_word' id='word_1_390' title='bbox 361 2808 534 2870; x_wconf 89' lang='lat' dir='ltr'><strong><em>tegere</em></strong></span> <span class='ocrx_word' id='word_1_391' title='bbox 562 2809 779 2873; x_wconf 87' lang='lat' dir='ltr'><strong><em>possint</em></strong></span> <span class='ocrx_word' id='word_1_392' title='bbox 807 2811 857 2859; x_wconf 89' lang='lat' dir='ltr'><strong><em>et</em></strong></span> <span class='ocrx_word' id='word_1_393' title='bbox 884 2805 1191 2861; x_wconf 86' lang='lat' dir='ltr'><strong><em>honestare.</em></strong></span> <span class='ocrx_word' id='word_1_394' title='bbox 1223 2809 1423 2864; x_wconf 88' lang='lat' dir='ltr'><strong><em>Contra</em></strong></span> <span class='ocrx_word' id='word_1_395' title='bbox 1452 2825 1574 2862; x_wconf 88' lang='lat' dir='ltr'><strong><em>vero</em></strong></span> <span class='ocrx_word' id='word_1_396' title='bbox 1603 2815 1798 2878; x_wconf 89' lang='lat' dir='ltr'><strong><em>evenit,</em></strong></span> 
     </span>
    </p>
   </div>
   <div class='ocr_carea' id='block_1_56' title="bbox 1980 2797 3611 2878">
    <p class='ocr_par' dir='ltr' id='par_1_56' title="bbox 1980 2807 3611 2876">
     <span class='ocr_line' id='line_1_56' title="bbox 1980 2807 3611 2876; baseline 0.006 -20"><span class='ocrx_word' id='word_1_397' title='bbox 1980 2819 2218 2872; x_wconf 89' lang='lat' dir='ltr'><strong><em>opagare</em></strong></span> <span class='ocrx_word' id='word_1_398' title='bbox 2243 2807 2492 2872; x_wconf 90' lang='lat' dir='ltr'><strong><em>festinat,</em></strong></span> <span class='ocrx_word' id='word_1_399' title='bbox 2524 2809 2582 2859; x_wconf 91' lang='lat' dir='ltr'><strong><em>in</em></strong></span> <span class='ocrx_word' id='word_1_400' title='bbox 2606 2809 2912 2876; x_wconf 87' lang='lat' dir='ltr'><strong><em>primisque</em></strong></span> <span class='ocrx_word' id='word_1_401' title='bbox 2957 2824 3015 2862; x_wconf 91' lang='lat' dir='ltr'><strong><em>re</em></strong></span> <span class='ocrx_word' id='word_1_402' title='bbox 3058 2809 3296 2862; x_wconf 87' lang='lat' dir='ltr'><strong><em>militari</em></strong></span> <span class='ocrx_word' id='word_1_403' title='bbox 3322 2811 3611 2866; x_wconf 90' lang='lat' dir='ltr'><strong><em>clarescere</em></strong></span> 
     </span>
    </p>
   </div>
   <div class='ocr_carea' id='block_1_57' title="bbox 137 2891 1798 2967">
    <p class='ocr_par' dir='ltr' id='par_1_57' title="bbox 137 2891 1798 2967">
     <span class='ocr_line' id='line_1_57' title="bbox 137 2891 1798 2967; baseline 0.008 -26"><span class='ocrx_word' id='word_1_404' title='bbox 137 2895 183 2941; x_wconf 88' lang='lat' dir='ltr'><strong><em>ut</em></strong></span> <span class='ocrx_word' id='word_1_405' title='bbox 221 2891 516 2960; x_wconf 85' lang='lat' dir='ltr'><strong><em>plerumque</em></strong></span> <span class='ocrx_word' id='word_1_406' title='bbox 553 2910 652 2962; x_wconf 88' lang='lat' dir='ltr'><strong><em>per</em></strong></span> <span class='ocrx_word' id='word_1_407' title='bbox 683 2895 790 2948; x_wconf 72' lang='lat' dir='ltr'><strong><em>hxc</em></strong></span> <span class='ocrx_word' id='word_1_408' title='bbox 820 2901 1163 2950; x_wconf 88' lang='lat' dir='ltr'><strong><em>monumenta</em></strong></span> <span class='ocrx_word' id='word_1_409' title='bbox 1195 2897 1425 2952; x_wconf 87' lang='lat' dir='ltr'><strong><em>hominis</em></strong></span> <span class='ocrx_word' id='word_1_410' title='bbox 1479 2899 1798 2967; x_wconf 87' lang='lat' dir='ltr'><strong><em>improbitas</em></strong></span> 
     </span>
    </p>
   </div>
   <div class='ocr_carea' id='block_1_58' title="bbox 1908 2892 3609 2960">
    <p class='ocr_par' dir='ltr' id='par_1_58' title="bbox 1908 2892 3609 2960">
     <span class='ocr_line' id='line_1_58' title="bbox 1908 2892 3609 2960; baseline 0.006 -16"><span class='ocrx_word' id='word_1_411' title='bbox 1908 2895 2086 2960; x_wconf 87' lang='lat' dir='ltr'><strong><em>gestit,</em></strong></span> <span class='ocrx_word' id='word_1_412' title='bbox 2122 2892 2400 2948; x_wconf 83' lang='lat' dir='ltr'><strong><em>Ciceronis</em></strong></span> <span class='ocrx_word' id='word_1_413' title='bbox 2426 2909 2623 2948; x_wconf 89' lang='lat' dir='ltr'><strong><em>memor</em></strong></span> <span class='ocrx_word' id='word_1_414' title='bbox 2651 2899 2732 2950; x_wconf 89' lang='lat' dir='ltr'><strong><em>ita</em></strong></span> <span class='ocrx_word' id='word_1_415' title='bbox 2764 2897 3091 2950; x_wconf 88' lang='lat' dir='ltr'><strong><em>scribentis:</em></strong></span> <span class='ocrx_word' id='word_1_416' title='bbox 3139 2899 3401 2952; x_wconf 85' lang='lat' dir='ltr'><strong><em>Militaris</em></strong></span> <span class='ocrx_word' id='word_1_417' title='bbox 3432 2901 3609 2954; x_wconf 90' lang='lat' dir='ltr'><strong><em>virtus</em></strong></span> 
     </span>
    </p>
   </div>
   <div class='ocr_carea' id='block_1_59' title="bbox 139 2982 1803 3082">
    <p class='ocr_par' dir='ltr' id='par_1_59' title="bbox 139 2982 1801 3058">
     <span class='ocr_line' id='line_1_59' title="bbox 139 2982 1801 3058; baseline 0.007 -26"><span class='ocrx_word' id='word_1_418' title='bbox 139 2993 186 3032; x_wconf 90' lang='lat' dir='ltr'><strong><em>ac</em></strong></span> <span class='ocrx_word' id='word_1_419' title='bbox 232 2982 402 3036; x_wconf 87' lang='lat' dir='ltr'><strong><em>vilitas</em></strong></span> <span class='ocrx_word' id='word_1_420' title='bbox 457 2986 644 3052; x_wconf 89' lang='lat' dir='ltr'><strong><em>magis</em></strong></span> <span class='ocrx_word' id='word_1_421' title='bbox 693 2988 975 3055; x_wconf 88' lang='lat' dir='ltr'><strong><em>magisque</em></strong></span> <span class='ocrx_word' id='word_1_422' title='bbox 1041 2989 1318 3042; x_wconf 88' lang='lat' dir='ltr'><strong><em>elucescat.</em></strong></span> <span class='ocrx_word' id='word_1_423' title='bbox 1396 2992 1516 3046; x_wconf 90' lang='lat' dir='ltr'><strong><em>Non</em></strong></span> <span class='ocrx_word' id='word_1_424' title='bbox 1569 2992 1801 3058; x_wconf 89' lang='lat' dir='ltr'><strong><em>possunt</em></strong></span> 
     </span>
    </p>
   </div>
   <div class='ocr_carea' id='block_1_60' title="bbox 1980 2982 3606 3082">
    <p class='ocr_par' dir='ltr' id='par_1_60' title="bbox 1980 2983 3606 3054">
     <span class='ocr_line' id='line_1_60' title="bbox 1980 2983 3606 3054; baseline 0.004 -19"><span class='ocrx_word' id='word_1_425' title='bbox 1980 2987 2134 3037; x_wconf 73' lang='lat' dir='ltr'><strong><em>xstat</em></strong></span> <span class='ocrx_word' id='word_1_426' title='bbox 2183 2983 2340 3037; x_wconf 91' lang='lat' dir='ltr'><strong><em>rebus</em></strong></span> <span class='ocrx_word' id='word_1_427' title='bbox 2383 2984 2645 3038; x_wconf 90' lang='lat' dir='ltr'><strong><em>omnibus.</em></strong></span> <span class='ocrx_word' id='word_1_428' title='bbox 2694 2987 2815 3038; x_wconf 82' lang='lat' dir='ltr'><strong><em>Haec</em></strong></span> <span class='ocrx_word' id='word_1_429' title='bbox 2872 3001 3061 3039; x_wconf 89' lang='lat' dir='ltr'><strong><em>nomen</em></strong></span> <span class='ocrx_word' id='word_1_430' title='bbox 3098 2988 3302 3054; x_wconf 89' lang='lat' dir='ltr'><strong><em>populo</em></strong></span> <span class='ocrx_word' id='word_1_431' title='bbox 3350 2989 3606 3050; x_wconf 84' lang='lat' dir='ltr'><strong><em>Romano,</em></strong></span> 
     </span>
    </p>
   </div>
   <div class='ocr_carea' id='block_1_61' title="bbox 139 3073 1803 3144">
    <p class='ocr_par' dir='ltr' id='par_1_61' title="bbox 139 3075 1803 3144">
     <span class='ocr_line' id='line_1_61' title="bbox 139 3075 1803 3144; baseline 0.008 -24"><span class='ocrx_word' id='word_1_432' title='bbox 139 3083 280 3122; x_wconf 89' lang='lat' dir='ltr'><strong><em>omnes</em></strong></span> <span class='ocrx_word' id='word_1_433' title='bbox 312 3086 415 3125; x_wconf 87' lang='lat' dir='ltr'><strong><em>esse</em></strong></span> <span class='ocrx_word' id='word_1_434' title='bbox 443 3075 692 3141; x_wconf 70' lang='lat' dir='ltr'><strong><em>patr-itii.</em></strong></span> <span class='ocrx_word' id='word_1_435' title='bbox 747 3079 805 3128; x_wconf 91' lang='lat' dir='ltr'><strong><em>ut</em></strong></span> <span class='ocrx_word' id='word_1_436' title='bbox 860 3077 1042 3144; x_wconf 82' lang='lat' dir='ltr'><strong><em>inquit</em></strong></span> <span class='ocrx_word' id='word_1_437' title='bbox 1089 3079 1288 3132; x_wconf 90' lang='lat' dir='ltr'><strong><em>Cicero.</em></strong></span> <span class='ocrx_word' id='word_1_438' title='bbox 1347 3079 1444 3132; x_wconf 88' lang='lat' dir='ltr'><strong><em>Ille</em></strong></span> <span class='ocrx_word' id='word_1_439' title='bbox 1493 3094 1616 3133; x_wconf 88' lang='lat' dir='ltr'><strong><em>vero</em></strong></span> <span class='ocrx_word' id='word_1_440' title='bbox 1660 3083 1803 3133; x_wconf 92' lang='lat' dir='ltr'><strong><em>omni</em></strong></span> 
     </span>
    </p>
   </div>
   <div class='ocr_carea' id='block_1_62' title="bbox 1980 3073 3610 3144">
    <p class='ocr_par' dir='ltr' id='par_1_62' title="bbox 1980 3073 3610 3144">
     <span class='ocr_line' id='line_1_62' title="bbox 1980 3073 3610 3144; baseline 0.004 -20"><span class='ocrx_word' id='word_1_441' title='bbox 1980 3087 2019 3124; x_wconf 67' lang='lat' dir='ltr'><strong><em>rc</em></strong></span> <span class='ocrx_word' id='word_1_442' title='bbox 2069 3073 2194 3126; x_wconf 78' lang='lat' dir='ltr'><strong><em>huic</em></strong></span> <span class='ocrx_word' id='word_1_443' title='bbox 2251 3073 2377 3127; x_wconf 90' lang='lat' dir='ltr'><strong><em>urbi</em></strong></span> <span class='ocrx_word' id='word_1_444' title='bbox 2403 3077 2657 3127; x_wconf 78' lang='lat' dir='ltr'><strong><em>aeternam</em></strong></span> <span class='ocrx_word' id='word_1_445' title='bbox 2700 3075 2932 3140; x_wconf 89' lang='lat' dir='ltr'><strong><em>gloriam</em></strong></span> <span class='ocrx_word' id='word_1_446' title='bbox 2975 3078 3203 3144; x_wconf 88' lang='lat' dir='ltr'><strong><em>peperit.</em></strong></span> <span class='ocrx_word' id='word_1_447' title='bbox 3260 3077 3381 3129; x_wconf 75' lang='lat' dir='ltr'><strong><em>ch</em></strong></span> <span class='ocrx_word' id='word_1_448' title='bbox 3429 3077 3610 3130; x_wconf 91' lang='lat' dir='ltr'><strong><em>orbem</em></strong></span> 
     </span>
    </p>
   </div>
   <div class='ocr_carea' id='block_1_63' title="bbox 138 3161 1803 3236">
    <p class='ocr_par' dir='ltr' id='par_1_63' title="bbox 138 3161 1803 3236">
     <span class='ocr_line' id='line_1_63' title="bbox 138 3161 1803 3236; baseline 0.008 -26"><span class='ocrx_word' id='word_1_449' title='bbox 138 3161 549 3216; x_wconf 78' lang='lat' dir='ltr'><strong><em>commendatione</em></strong></span> <span class='ocrx_word' id='word_1_450' title='bbox 574 3162 770 3230; x_wconf 89' lang='lat' dir='ltr'><strong><em>dignus</em></strong></span> <span class='ocrx_word' id='word_1_451' title='bbox 802 3168 898 3230; x_wconf 90' lang='lat' dir='ltr'><strong><em>est,</em></strong></span> <span class='ocrx_word' id='word_1_452' title='bbox 932 3168 1028 3232; x_wconf 91' lang='lat' dir='ltr'><strong><em>qui</em></strong></span> <span class='ocrx_word' id='word_1_453' title='bbox 1056 3181 1156 3219; x_wconf 91' lang='lat' dir='ltr'><strong><em>sua</em></strong></span> <span class='ocrx_word' id='word_1_454' title='bbox 1183 3169 1386 3220; x_wconf 88' lang='lat' dir='ltr'><strong><em>virtute</em></strong></span> <span class='ocrx_word' id='word_1_455' title='bbox 1413 3170 1646 3236; x_wconf 90' lang='lat' dir='ltr'><strong><em>posteris</em></strong></span> <span class='ocrx_word' id='word_1_456' title='bbox 1665 3184 1803 3236; x_wconf 73' lang='lat' dir='ltr'><strong><em>prx-</em></strong></span> 
     </span>
    </p>
   </div>
   <div class='ocr_carea' id='block_1_64' title="bbox 139 3246 1804 3324">
    <p class='ocr_par' dir='ltr' id='par_1_64' title="bbox 139 3246 1804 3324">
     <span class='ocr_line' id='line_1_64' title="bbox 139 3246 1804 3324; baseline 0.008 -26"><span class='ocrx_word' id='word_1_457' title='bbox 139 3246 271 3302; x_wconf 82' lang='lat' dir='ltr'><strong><em>luxit.</em></strong></span> <span class='ocrx_word' id='word_1_458' title='bbox 302 3251 434 3306; x_wconf 82' lang='lat' dir='ltr'><strong><em>Nam</em></strong></span> <span class='ocrx_word' id='word_1_459' title='bbox 464 3253 516 3305; x_wconf 89' lang='lat' dir='ltr'><strong><em>si</em></strong></span> <span class='ocrx_word' id='word_1_460' title='bbox 572 3253 829 3305; x_wconf 89' lang='lat' dir='ltr'><strong><em>nobilitas</em></strong></span> <span class='ocrx_word' id='word_1_461' title='bbox 885 3259 962 3306; x_wconf 91' lang='lat' dir='ltr'><strong><em>est</em></strong></span> <span class='ocrx_word' id='word_1_462' title='bbox 1013 3255 1262 3324; x_wconf 78' lang='lat' dir='ltr'><strong><em>quxdam</em></strong></span> <span class='ocrx_word' id='word_1_463' title='bbox 1315 3257 1434 3309; x_wconf 89' lang='lat' dir='ltr'><strong><em>laus</em></strong></span> <span class='ocrx_word' id='word_1_464' title='bbox 1482 3260 1699 3311; x_wconf 87' lang='lat' dir='ltr'><strong><em>veniens</em></strong></span> <span class='ocrx_word' id='word_1_465' title='bbox 1737 3273 1804 3311; x_wconf 89' lang='lat' dir='ltr'><strong><em>ex</em></strong></span> 
     </span>
    </p>
   </div>
   <div class='ocr_carea' id='block_1_65' title="bbox 140 3341 1802 3409">
    <p class='ocr_par' dir='ltr' id='par_1_65' title="bbox 140 3341 1802 3409">
     <span class='ocr_line' id='line_1_65' title="bbox 140 3341 1802 3409; baseline 0.008 -21"><span class='ocrx_word' id='word_1_466' title='bbox 140 3341 310 3393; x_wconf 85' lang='lat' dir='ltr'><strong><em>meritis</em></strong></span> <span class='ocrx_word' id='word_1_467' title='bbox 350 3346 666 3409; x_wconf 87' lang='lat' dir='ltr'><strong><em>parentum,</em></strong></span> <span class='ocrx_word' id='word_1_468' title='bbox 731 3358 812 3395; x_wconf 88' lang='lat' dir='ltr'><strong><em>me</em></strong></span> <span class='ocrx_word' id='word_1_469' title='bbox 861 3343 1112 3397; x_wconf 86' lang='lat' dir='ltr'><strong><em>hercule!</em></strong></span> <span class='ocrx_word' id='word_1_470' title='bbox 1159 3346 1339 3398; x_wconf 89' lang='lat' dir='ltr'><strong><em>aliena</em></strong></span> <span class='ocrx_word' id='word_1_471' title='bbox 1389 3350 1485 3399; x_wconf 91' lang='lat' dir='ltr'><strong><em>est.</em></strong></span> <span class='ocrx_word' id='word_1_472' title='bbox 1546 3348 1802 3401; x_wconf 88' lang='lat' dir='ltr'><strong><em>Miserum</em></strong></span> 
     </span>
    </p>
   </div>
   <div class='ocr_carea' id='block_1_66' title="bbox 1911 3164 3610 3231">
    <p class='ocr_par' dir='ltr' id='par_1_66' title="bbox 1911 3164 3610 3231">
     <span class='ocr_line' id='line_1_66' title="bbox 1911 3164 3610 3231; baseline 0.004 -18"><span class='ocrx_word' id='word_1_473' title='bbox 1911 3165 2181 3215; x_wconf 85' lang='lat' dir='ltr'><strong><em>terrarum</em></strong></span> <span class='ocrx_word' id='word_1_474' title='bbox 2229 3179 2420 3230; x_wconf 89' lang='lat' dir='ltr'><strong><em>parere</em></strong></span> <span class='ocrx_word' id='word_1_475' title='bbox 2451 3164 2574 3217; x_wconf 90' lang='lat' dir='ltr'><strong><em>huic</em></strong></span> <span class='ocrx_word' id='word_1_476' title='bbox 2604 3166 2830 3231; x_wconf 87' lang='lat' dir='ltr'><strong><em>imperio</em></strong></span> <span class='ocrx_word' id='word_1_477' title='bbox 2857 3165 3045 3229; x_wconf 87' lang='lat' dir='ltr'><strong><em>coegit,</em></strong></span> <span class='ocrx_word' id='word_1_478' title='bbox 3079 3166 3366 3229; x_wconf 86' lang='lat' dir='ltr'><strong><em>omniaque</em></strong></span> <span class='ocrx_word' id='word_1_479' title='bbox 3393 3166 3610 3219; x_wconf 90' lang='lat' dir='ltr'><strong><em>urbana</em></strong></span> 
     </span>
    </p>
   </div>
   <div class='ocr_carea' id='block_1_67' title="bbox 1909 3251 3611 3320">
    <p class='ocr_par' dir='ltr' id='par_1_67' title="bbox 1909 3251 3611 3320">
     <span class='ocr_line' id='line_1_67' title="bbox 1909 3251 3611 3320; baseline 0.002 -16"><span class='ocrx_word' id='word_1_480' title='bbox 1909 3255 2036 3304; x_wconf 89' lang='lat' dir='ltr'><strong><em>sunt</em></strong></span> <span class='ocrx_word' id='word_1_481' title='bbox 2065 3254 2124 3304; x_wconf 91' lang='lat' dir='ltr'><strong><em>in</em></strong></span> <span class='ocrx_word' id='word_1_482' title='bbox 2149 3252 2410 3320; x_wconf 70' lang='lat' dir='ltr'><strong><em>praesidio</em></strong></span> <span class='ocrx_word' id='word_1_483' title='bbox 2439 3257 2489 3306; x_wconf 90' lang='lat' dir='ltr'><strong><em>et</em></strong></span> <span class='ocrx_word' id='word_1_484' title='bbox 2533 3253 2702 3306; x_wconf 88' lang='lat' dir='ltr'><strong><em>tutela</em></strong></span> <span class='ocrx_word' id='word_1_485' title='bbox 2733 3251 2931 3306; x_wconf 74' lang='lat' dir='ltr'><strong><em>bellicx</em></strong></span> <span class='ocrx_word' id='word_1_486' title='bbox 2959 3255 3196 3306; x_wconf 88' lang='lat' dir='ltr'><strong><em>virtutis.</em></strong></span> <span class='ocrx_word' id='word_1_487' title='bbox 3230 3255 3329 3307; x_wconf 87' lang='lat' dir='ltr'><strong><em>Hic</em></strong></span> <span class='ocrx_word' id='word_1_488' title='bbox 3358 3270 3482 3320; x_wconf 91' lang='lat' dir='ltr'><strong><em>ergo</em></strong></span> <span class='ocrx_word' id='word_1_489' title='bbox 3525 3257 3611 3308; x_wconf 87' lang='lat' dir='ltr'><strong><em>in-</em></strong></span> 
     </span>
    </p>
   </div>
   <div class='ocr_carea' id='block_1_68' title="bbox 1911 3340 3609 3410">
    <p class='ocr_par' dir='ltr' id='par_1_68' title="bbox 1911 3340 3609 3410">
     <span class='ocr_line' id='line_1_68' title="bbox 1911 3340 3609 3410; baseline 0.004 -19"><span class='ocrx_word' id='word_1_490' title='bbox 1911 3340 2111 3407; x_wconf 89' lang='lat' dir='ltr'><strong><em>glorios</em></strong></span> <span class='ocrx_word' id='word_1_491' title='bbox 2137 3344 2187 3394; x_wconf 88' lang='lat' dir='ltr'><strong><em>et</em></strong></span> <span class='ocrx_word' id='word_1_492' title='bbox 2213 3343 2330 3394; x_wconf 90' lang='lat' dir='ltr'><strong><em>sine</em></strong></span> <span class='ocrx_word' id='word_1_493' title='bbox 2358 3343 2572 3395; x_wconf 89' lang='lat' dir='ltr'><strong><em>nomine</em></strong></span> <span class='ocrx_word' id='word_1_494' title='bbox 2603 3342 2776 3394; x_wconf 89' lang='lat' dir='ltr'><strong><em>brutis</em></strong></span> <span class='ocrx_word' id='word_1_495' title='bbox 2808 3341 3245 3395; x_wconf 88' lang='lat' dir='ltr'><strong><em>annumerandos</em></strong></span> <span class='ocrx_word' id='word_1_496' title='bbox 3272 3347 3456 3410; x_wconf 88' lang='lat' dir='ltr'><strong><em>putat,</em></strong></span> <span class='ocrx_word' id='word_1_497' title='bbox 3490 3358 3609 3397; x_wconf 89' lang='lat' dir='ltr'><strong><em>cum</em></strong></span> 
     </span>
    </p>
   </div>
   <div class='ocr_carea' id='block_1_69' title="bbox 141 3429 3609 3502">
    <p class='ocr_par' dir='ltr' id='par_1_69' title="bbox 141 3429 3609 3502">
     <span class='ocr_line' id='line_1_69' title="bbox 141 3429 3609 3502; baseline 0.001 -21"><span class='ocrx_word' id='word_1_498' title='bbox 141 3440 237 3479; x_wconf 71' lang='lat' dir='ltr'><strong><em>iero</em></strong></span> <span class='ocrx_word' id='word_1_499' title='bbox 274 3433 362 3494; x_wconf 85' lang='lat' dir='ltr'><strong><em>est,</em></strong></span> <span class='ocrx_word' id='word_1_500' title='bbox 419 3435 477 3484; x_wconf 90' lang='lat' dir='ltr'><strong><em>ut</em></strong></span> <span class='ocrx_word' id='word_1_501' title='bbox 535 3432 621 3483; x_wconf 87' lang='lat' dir='ltr'><strong><em>ait</em></strong></span> <span class='ocrx_word' id='word_1_502' title='bbox 678 3431 790 3496; x_wconf 90' lang='lat' dir='ltr'><strong><em>ille,</em></strong></span> <span class='ocrx_word' id='word_1_503' title='bbox 825 3430 1061 3487; x_wconf 87' lang='lat' dir='ltr'><strong><em>aliorum</em></strong></span> <span class='ocrx_word' id='word_1_504' title='bbox 1094 3434 1397 3488; x_wconf 79' lang='lat' dir='ltr'><strong><em>incumbere</em></strong></span> <span class='ocrx_word' id='word_1_505' title='bbox 1432 3437 1615 3502; x_wconf 65' lang='lat' dir='ltr'><strong><em>famae.</em></strong></span> <span class='ocrx_word' id='word_1_506' title='bbox 1657 3436 1805 3491; x_wconf 78' lang='lat' dir='ltr'><strong><em>Unde</em></strong></span> <span class='ocrx_word' id='word_1_507' title='bbox 1907 3432 2214 3498; x_wconf 70' lang='lat' dir='ltr'><strong><em>praesertim</em></strong></span> <span class='ocrx_word' id='word_1_508' title='bbox 2244 3430 2328 3484; x_wconf 89' lang='lat' dir='ltr'><strong><em>vel</em></strong></span> <span class='ocrx_word' id='word_1_509' title='bbox 2364 3445 2497 3499; x_wconf 90' lang='lat' dir='ltr'><strong><em>pace</em></strong></span> <span class='ocrx_word' id='word_1_510' title='bbox 2527 3430 2609 3483; x_wconf 90' lang='lat' dir='ltr'><strong><em>vel</em></strong></span> <span class='ocrx_word' id='word_1_511' title='bbox 2653 3429 2786 3483; x_wconf 90' lang='lat' dir='ltr'><strong><em>bello</em></strong></span> <span class='ocrx_word' id='word_1_512' title='bbox 2833 3431 3040 3484; x_wconf 89' lang='lat' dir='ltr'><strong><em>clarum</em></strong></span> <span class='ocrx_word' id='word_1_513' title='bbox 3083 3432 3203 3498; x_wconf 82' lang='lat' dir='ltr'><strong><em>ﬁeri</em></strong></span> <span class='ocrx_word' id='word_1_514' title='bbox 3229 3433 3406 3499; x_wconf 88' lang='lat' dir='ltr'><strong><em>liceat,</em></strong></span> <span class='ocrx_word' id='word_1_515' title='bbox 3442 3436 3504 3485; x_wconf 89' lang='lat' dir='ltr'><strong><em>ut</em></strong></span> <span class='ocrx_word' id='word_1_516' title='bbox 3529 3435 3609 3486; x_wconf 90' lang='lat' dir='ltr'><strong><em>ait</em></strong></span> 
     </span>
    </p>
   </div>
   <div class='ocr_carea' id='block_1_70' title="bbox 141 3518 799 3578">
    <p class='ocr_par' dir='ltr' id='par_1_70' title="bbox 141 3518 799 3578">
     <span class='ocr_line' id='line_1_70' title="bbox 141 3518 799 3578; baseline 0.011 -13"><span class='ocrx_word' id='word_1_517' title='bbox 141 3518 342 3578; x_wconf 79' lang='lat' dir='ltr'><strong><em>graviter</em></strong></span> <span class='ocrx_word' id='word_1_518' title='bbox 369 3518 511 3573; x_wconf 85' lang='lat' dir='ltr'><strong><em>dixit</em></strong></span> <span class='ocrx_word' id='word_1_519' title='bbox 544 3520 760 3573; x_wconf 87' lang='lat' dir='ltr'><strong><em>Boetius</em></strong></span> <span class='ocrx_word' id='word_1_520' title='bbox 784 3535 799 3572; x_wconf 88' lang='lat'><strong>:</strong></span> 
     </span>
    </p>
   </div>
   <div class='ocr_carea' id='block_1_71' title="bbox 523 3608 1528 3684">
    <p class='ocr_par' dir='ltr' id='par_1_71' title="bbox 523 3608 1528 3684">
     <span class='ocr_line' id='line_1_71' title="bbox 523 3608 1528 3684; baseline 0.008 -23"><span class='ocrx_word' id='word_1_521' title='bbox 523 3608 675 3673; x_wconf 88' lang='lat' dir='ltr'><strong><em>Quid</em></strong></span> <span class='ocrx_word' id='word_1_522' title='bbox 699 3625 870 3680; x_wconf 81' lang='lat' dir='ltr'><strong><em>genus</em></strong></span> <span class='ocrx_word' id='word_1_523' title='bbox 899 3613 950 3664; x_wconf 92' lang='lat' dir='ltr'><strong><em>et</em></strong></span> <span class='ocrx_word' id='word_1_524' title='bbox 971 3625 1204 3679; x_wconf 89' lang='lat' dir='ltr'><strong><em>proavos</em></strong></span> <span class='ocrx_word' id='word_1_525' title='bbox 1234 3615 1481 3684; x_wconf 89' lang='lat' dir='ltr'><strong><em>strepitis</em></strong></span> <span class='ocrx_word' id='word_1_526' title='bbox 1501 3617 1528 3669; x_wconf 81' lang='lat'><strong><em>?</em></strong></span> 
     </span>
    </p>
   </div>
   <div class='ocr_carea' id='block_1_72' title="bbox 523 3699 1141 3768">
    <p class='ocr_par' dir='ltr' id='par_1_72' title="bbox 523 3699 1141 3768">
     <span class='ocr_line' id='line_1_72' title="bbox 523 3699 1141 3768; baseline 0.003 -14"><span class='ocrx_word' id='word_1_527' title='bbox 523 3699 591 3754; x_wconf 91' lang='lat' dir='ltr'><strong><em>Si</em></strong></span> <span class='ocrx_word' id='word_1_528' title='bbox 615 3699 923 3768; x_wconf 88' lang='lat' dir='ltr'><strong><em>primordia</em></strong></span> <span class='ocrx_word' id='word_1_529' title='bbox 950 3705 1141 3755; x_wconf 90' lang='lat' dir='ltr'><strong><em>nostra</em></strong></span> 
     </span>
    </p>
   </div>
   <div class='ocr_carea' id='block_1_73' title="bbox 523 3789 1375 3862">
    <p class='ocr_par' dir='ltr' id='par_1_73' title="bbox 523 3789 1375 3862">
     <span class='ocr_line' id='line_1_73' title="bbox 523 3789 1375 3862; baseline 0.008 -20"><span class='ocrx_word' id='word_1_530' title='bbox 523 3789 927 3856; x_wconf 84' lang='lat' dir='ltr'><strong><em>Auctoremque</em></strong></span> <span class='ocrx_word' id='word_1_531' title='bbox 958 3794 1125 3845; x_wconf 88' lang='lat' dir='ltr'><strong><em>Deum</em></strong></span> <span class='ocrx_word' id='word_1_532' title='bbox 1155 3797 1375 3862; x_wconf 88' lang='lat' dir='ltr'><strong><em>spectes,</em></strong></span> 
     </span>
    </p>
   </div>
   <div class='ocr_carea' id='block_1_74' title="bbox 525 3879 1216 3949">
    <p class='ocr_par' dir='ltr' id='par_1_74' title="bbox 525 3879 1216 3949">
     <span class='ocr_line' id='line_1_74' title="bbox 525 3879 1216 3949; baseline 0.001 -14"><span class='ocrx_word' id='word_1_533' title='bbox 525 3879 727 3935; x_wconf 89' lang='lat' dir='ltr'><strong><em>Nullus</em></strong></span> <span class='ocrx_word' id='word_1_534' title='bbox 759 3879 988 3948; x_wconf 86' lang='lat' dir='ltr'><strong><em>degener</em></strong></span> <span class='ocrx_word' id='word_1_535' title='bbox 1015 3886 1216 3949; x_wconf 76' lang='lat' dir='ltr'><strong><em>exstat,</em></strong></span> 
     </span>
    </p>
   </div>
   <div class='ocr_carea' id='block_1_75' title="bbox 526 3969 1225 4038">
    <p class='ocr_par' dir='ltr' id='par_1_75' title="bbox 526 3969 1225 4038">
     <span class='ocr_line' id='line_1_75' title="bbox 526 3969 1225 4038; baseline 0.001 -14"><span class='ocrx_word' id='word_1_536' title='bbox 526 3969 603 4024; x_wconf 88' lang='lat' dir='ltr'><strong><em>Ni</em></strong></span> <span class='ocrx_word' id='word_1_537' title='bbox 632 3971 781 4023; x_wconf 87' lang='lat' dir='ltr'><strong><em>vitiis</em></strong></span> <span class='ocrx_word' id='word_1_538' title='bbox 811 3970 1004 4038; x_wconf 89' lang='lat' dir='ltr'><strong><em>pejora</em></strong></span> <span class='ocrx_word' id='word_1_539' title='bbox 1029 3971 1225 4036; x_wconf 86' lang='lat' dir='ltr'><strong><em>fovens.</em></strong></span> 
     </span>
    </p>
   </div>
   <div class='ocr_carea' id='block_1_76' title="bbox 527 4057 1294 4126">
    <p class='ocr_par' dir='ltr' id='par_1_76' title="bbox 527 4057 1294 4126">
     <span class='ocr_line' id='line_1_76' title="bbox 527 4057 1294 4126; baseline 0.005 -16"><span class='ocrx_word' id='word_1_540' title='bbox 527 4057 829 4126; x_wconf 87' lang='lat' dir='ltr'><strong><em>Proprium</em></strong></span> <span class='ocrx_word' id='word_1_541' title='bbox 858 4058 1071 4112; x_wconf 89' lang='lat' dir='ltr'><strong><em>deserat</em></strong></span> <span class='ocrx_word' id='word_1_542' title='bbox 1100 4064 1294 4114; x_wconf 83' lang='lat' dir='ltr'><strong><em>ortum.</em></strong></span> 
     </span>
    </p>
   </div>
   <div class='ocr_carea' id='block_1_77' title="bbox 178 4141 1798 4216">
    <p class='ocr_par' dir='ltr' id='par_1_77' title="bbox 178 4141 1798 4216">
     <span class='ocr_line' id='line_1_77' title="bbox 178 4141 1798 4216; baseline 0.009 -24"><span class='ocrx_word' id='word_1_543' title='bbox 178 4141 340 4197; x_wconf 83' lang='lat' dir='ltr'><strong><em>.Alius</em></strong></span> <span class='ocrx_word' id='word_1_544' title='bbox 385 4146 443 4197; x_wconf 90' lang='lat' dir='ltr'><strong><em>in</em></strong></span> <span class='ocrx_word' id='word_1_545' title='bbox 488 4161 705 4200; x_wconf 90' lang='lat' dir='ltr'><strong><em>summa</em></strong></span> <span class='ocrx_word' id='word_1_546' title='bbox 747 4150 995 4216; x_wconf 89' lang='lat' dir='ltr'><strong><em>potentia</em></strong></span> <span class='ocrx_word' id='word_1_547' title='bbox 1023 4163 1289 4203; x_wconf 76' lang='lat' dir='ltr'><strong><em>summum</em></strong></span> <span class='ocrx_word' id='word_1_548' title='bbox 1329 4148 1523 4205; x_wconf 84' lang='lat' dir='ltr'><strong><em>bonum</em></strong></span> <span class='ocrx_word' id='word_1_549' title='bbox 1560 4151 1798 4206; x_wconf 88' lang='lat' dir='ltr'><strong><em>collocat.</em></strong></span> 
     </span>
    </p>
   </div>
   <div class='ocr_carea' id='block_1_78' title="bbox 147 4228 1798 4305">
    <p class='ocr_par' dir='ltr' id='par_1_78' title="bbox 147 4228 1798 4305">
     <span class='ocr_line' id='line_1_78' title="bbox 147 4228 1798 4305; baseline 0.01 -25"><span class='ocrx_word' id='word_1_550' title='bbox 147 4228 313 4297; x_wconf 87' lang='lat' dir='ltr'><strong><em>Hicque</em></strong></span> <span class='ocrx_word' id='word_1_551' title='bbox 341 4237 430 4287; x_wconf 91' lang='lat' dir='ltr'><strong><em>aut</em></strong></span> <span class='ocrx_word' id='word_1_552' title='bbox 456 4251 688 4304; x_wconf 87' lang='lat' dir='ltr'><strong><em>regnare</em></strong></span> <span class='ocrx_word' id='word_1_553' title='bbox 719 4239 886 4305; x_wconf 86' lang='lat' dir='ltr'><strong><em>cupit,</em></strong></span> <span class='ocrx_word' id='word_1_554' title='bbox 943 4241 1040 4290; x_wconf 91' lang='lat' dir='ltr'><strong><em>aut</em></strong></span> <span class='ocrx_word' id='word_1_555' title='bbox 1086 4235 1304 4305; x_wconf 80' lang='lat' dir='ltr'><strong><em>regibus</em></strong></span> <span class='ocrx_word' id='word_1_556' title='bbox 1351 4238 1660 4295; x_wconf 78' lang='lat' dir='ltr'><strong><em>adhaerere:</em></strong></span> <span class='ocrx_word' id='word_1_557' title='bbox 1715 4256 1798 4297; x_wconf 88' lang='lat' dir='ltr'><strong><em>re-</em></strong></span> 
     </span>
    </p>
   </div>
   <div class='ocr_carea' id='block_1_79' title="bbox 1909 3519 3608 3590">
    <p class='ocr_par' dir='ltr' id='par_1_79' title="bbox 1909 3519 3608 3590">
     <span class='ocr_line' id='line_1_79' title="bbox 1909 3519 3608 3590; baseline 0.002 -18"><span class='ocrx_word' id='word_1_558' title='bbox 1909 3520 2018 3572; x_wconf 91' lang='lat' dir='ltr'><strong><em>ille.</em></strong></span> <span class='ocrx_word' id='word_1_559' title='bbox 2053 3519 2159 3574; x_wconf 90' lang='lat' dir='ltr'><strong><em>Sed</em></strong></span> <span class='ocrx_word' id='word_1_560' title='bbox 2182 3521 2483 3589; x_wconf 84' lang='lat' dir='ltr'><strong><em>complures</em></strong></span> <span class='ocrx_word' id='word_1_561' title='bbox 2507 3521 2669 3574; x_wconf 89' lang='lat' dir='ltr'><strong><em>etiam</em></strong></span> <span class='ocrx_word' id='word_1_562' title='bbox 2690 3523 2776 3573; x_wconf 90' lang='lat' dir='ltr'><strong><em>sui</em></strong></span> <span class='ocrx_word' id='word_1_563' title='bbox 2808 3521 3061 3588; x_wconf 89' lang='lat' dir='ltr'><strong><em>temporis</em></strong></span> <span class='ocrx_word' id='word_1_564' title='bbox 3085 3520 3407 3590; x_wconf 86' lang='lat' dir='ltr'><strong><em>clarissimi,</em></strong></span> <span class='ocrx_word' id='word_1_565' title='bbox 3447 3524 3608 3588; x_wconf 89' lang='lat' dir='ltr'><strong><em>igno-</em></strong></span> 
     </span>
    </p>
   </div>
   <div class='ocr_carea' id='block_1_80' title="bbox 1911 3609 3608 3678">
    <p class='ocr_par' dir='ltr' id='par_1_80' title="bbox 1911 3609 3608 3678">
     <span class='ocr_line' id='line_1_80' title="bbox 1911 3609 3608 3678; baseline 0.002 -17"><span class='ocrx_word' id='word_1_566' title='bbox 1911 3610 1980 3662; x_wconf 92' lang='lat' dir='ltr'><strong><em>tis</em></strong></span> <span class='ocrx_word' id='word_1_567' title='bbox 2017 3614 2197 3663; x_wconf 81' lang='lat' dir='ltr'><strong><em>tamen</em></strong></span> <span class='ocrx_word' id='word_1_568' title='bbox 2225 3609 2488 3663; x_wconf 89' lang='lat' dir='ltr'><strong><em>mort-ibus</em></strong></span> <span class='ocrx_word' id='word_1_569' title='bbox 2516 3610 2815 3678; x_wconf 89' lang='lat' dir='ltr'><strong><em>perierunt,</em></strong></span> <span class='ocrx_word' id='word_1_570' title='bbox 2842 3609 3020 3662; x_wconf 89' lang='lat' dir='ltr'><strong><em>nullos</em></strong></span> <span class='ocrx_word' id='word_1_571' title='bbox 3059 3611 3242 3663; x_wconf 86' lang='lat' dir='ltr'><strong><em>sortiti</em></strong></span> <span class='ocrx_word' id='word_1_572' title='bbox 3270 3625 3452 3663; x_wconf 88' lang='lat' dir='ltr'><strong><em>rerum</em></strong></span> <span class='ocrx_word' id='word_1_573' title='bbox 3480 3625 3608 3664; x_wconf 88' lang='lat' dir='ltr'><strong><em>sua-</em></strong></span> 
     </span>
    </p>
   </div>
   <div class='ocr_carea' id='block_1_81' title="bbox 1909 3698 3607 3768">
    <p class='ocr_par' dir='ltr' id='par_1_81' title="bbox 1909 3698 3607 3768">
     <span class='ocr_line' id='line_1_81' title="bbox 1909 3698 3607 3768; baseline 0.001 -16"><span class='ocrx_word' id='word_1_574' title='bbox 1909 3714 2032 3752; x_wconf 89' lang='lat' dir='ltr'><strong><em>rum</em></strong></span> <span class='ocrx_word' id='word_1_575' title='bbox 2061 3701 2368 3768; x_wconf 88' lang='lat' dir='ltr'><strong><em>scr-iptores.</em></strong></span> <span class='ocrx_word' id='word_1_576' title='bbox 2417 3698 2561 3763; x_wconf 84' lang='lat' dir='ltr'><strong><em>Quid</em></strong></span> <span class='ocrx_word' id='word_1_577' title='bbox 2598 3699 2742 3766; x_wconf 89' lang='lat' dir='ltr'><strong><em>quod</em></strong></span> <span class='ocrx_word' id='word_1_578' title='bbox 2771 3699 2980 3766; x_wconf 90' lang='lat' dir='ltr'><strong><em>scripta</em></strong></span> <span class='ocrx_word' id='word_1_579' title='bbox 3017 3703 3067 3751; x_wconf 90' lang='lat' dir='ltr'><strong><em>et</em></strong></span> <span class='ocrx_word' id='word_1_580' title='bbox 3101 3706 3446 3754; x_wconf 89' lang='lat' dir='ltr'><strong><em>monumenta</em></strong></span> <span class='ocrx_word' id='word_1_581' title='bbox 3478 3703 3607 3754; x_wconf 82' lang='lat' dir='ltr'><strong><em>tem-</em></strong></span> 
     </span>
    </p>
   </div>
   <div class='ocr_carea' id='block_1_82' title="bbox 1906 3786 3260 3856">
    <p class='ocr_par' dir='ltr' id='par_1_82' title="bbox 1906 3786 3260 3856">
     <span class='ocr_line' id='line_1_82' title="bbox 1906 3786 3260 3856; baseline 0.001 -16"><span class='ocrx_word' id='word_1_582' title='bbox 1906 3801 2036 3856; x_wconf 91' lang='lat' dir='ltr'><strong><em>pore</em></strong></span> <span class='ocrx_word' id='word_1_583' title='bbox 2064 3787 2340 3840; x_wconf 90' lang='lat' dir='ltr'><strong><em>tabescunt</em></strong></span> <span class='ocrx_word' id='word_1_584' title='bbox 2371 3790 2421 3839; x_wconf 90' lang='lat' dir='ltr'><strong><em>et</em></strong></span> <span class='ocrx_word' id='word_1_585' title='bbox 2449 3788 2765 3842; x_wconf 87' lang='lat' dir='ltr'><strong><em>intereunt?</em></strong></span> <span class='ocrx_word' id='word_1_586' title='bbox 2796 3786 2946 3840; x_wconf 89' lang='lat' dir='ltr'><strong><em>Unde</em></strong></span> <span class='ocrx_word' id='word_1_587' title='bbox 2974 3786 3115 3840; x_wconf 89' lang='lat' dir='ltr'><strong><em>illud</em></strong></span> <span class='ocrx_word' id='word_1_588' title='bbox 3144 3791 3223 3841; x_wconf 90' lang='lat' dir='ltr'><strong><em>est</em></strong></span> <span class='ocrx_word' id='word_1_589' title='bbox 3246 3801 3260 3843; x_wconf 90' lang='lat'><strong>:</strong></span> 
     </span>
    </p>
   </div>
   <div class='ocr_carea' id='block_1_83' title="bbox 1980 3874 3486 3943">
    <p class='ocr_par' dir='ltr' id='par_1_83' title="bbox 1980 3874 3486 3943">
     <span class='ocr_line' id='line_1_83' title="bbox 1980 3874 3486 3943; baseline 0.003 -14"><span class='ocrx_word' id='word_1_590' title='bbox 1980 3877 2238 3930; x_wconf 83' lang='lat' dir='ltr'><strong><em>Miremur</em></strong></span> <span class='ocrx_word' id='word_1_591' title='bbox 2258 3876 2491 3943; x_wconf 89' lang='lat' dir='ltr'><strong><em>periisse</em></strong></span> <span class='ocrx_word' id='word_1_592' title='bbox 2521 3874 2778 3936; x_wconf 86' lang='lat' dir='ltr'><strong><em>homines,</em></strong></span> <span class='ocrx_word' id='word_1_593' title='bbox 2811 3880 3154 3930; x_wconf 88' lang='lat' dir='ltr'><strong><em>monumenta</em></strong></span> <span class='ocrx_word' id='word_1_594' title='bbox 3184 3877 3486 3943; x_wconf 88' lang='lat' dir='ltr'><strong><em>fatiscunt:</em></strong></span> 
     </span>
    </p>
   </div>
   <div class='ocr_carea' id='block_1_84' title="bbox 2051 3964 3218 4035">
    <p class='ocr_par' dir='ltr' id='par_1_84' title="bbox 2051 3964 3218 4035">
     <span class='ocr_line' id='line_1_84' title="bbox 2051 3964 3218 4035; baseline 0 -16"><span class='ocrx_word' id='word_1_595' title='bbox 2051 3965 2197 4019; x_wconf 87' lang='lat' dir='ltr'><strong><em>Mors</em></strong></span> <span class='ocrx_word' id='word_1_596' title='bbox 2227 3965 2391 4018; x_wconf 91' lang='lat' dir='ltr'><strong><em>etiam</em></strong></span> <span class='ocrx_word' id='word_1_597' title='bbox 2418 3965 2574 4018; x_wconf 88' lang='lat' dir='ltr'><strong><em>saxis</em></strong></span> <span class='ocrx_word' id='word_1_598' title='bbox 2603 3964 3023 4035; x_wconf 87' lang='lat' dir='ltr'><strong><em>nominibusque</em></strong></span> <span class='ocrx_word' id='word_1_599' title='bbox 3052 3965 3218 4019; x_wconf 88' lang='lat' dir='ltr'><strong><em>venit.</em></strong></span> 
     </span>
    </p>
   </div>
   <div class='ocr_carea' id='block_1_85' title="bbox 1909 4052 3600 4124">
    <p class='ocr_par' dir='ltr' id='par_1_85' title="bbox 1909 4052 3600 4124">
     <span class='ocr_line' id='line_1_85' title="bbox 1909 4052 3600 4124; baseline 0.001 -17"><span class='ocrx_word' id='word_1_600' title='bbox 1909 4054 2026 4108; x_wconf 87' lang='lat' dir='ltr'><strong><em>Huc</em></strong></span> <span class='ocrx_word' id='word_1_601' title='bbox 2057 4052 2200 4107; x_wconf 90' lang='lat' dir='ltr'><strong><em>adde</em></strong></span> <span class='ocrx_word' id='word_1_602' title='bbox 2230 4052 2374 4122; x_wconf 87' lang='lat' dir='ltr'><strong><em>quod</em></strong></span> <span class='ocrx_word' id='word_1_603' title='bbox 2403 4055 2453 4106; x_wconf 89' lang='lat' dir='ltr'><strong><em>si</em></strong></span> <span class='ocrx_word' id='word_1_604' title='bbox 2484 4055 2582 4106; x_wconf 90' lang='lat' dir='ltr'><strong><em>toti</em></strong></span> <span class='ocrx_word' id='word_1_605' title='bbox 2613 4054 2923 4106; x_wconf 89' lang='lat' dir='ltr'><strong><em>moriuntur</em></strong></span> <span class='ocrx_word' id='word_1_606' title='bbox 2949 4053 3208 4121; x_wconf 85' lang='lat' dir='ltr'><strong><em>homines,</em></strong></span> <span class='ocrx_word' id='word_1_607' title='bbox 3245 4054 3390 4124; x_wconf 88' lang='lat' dir='ltr'><strong><em>quod</em></strong></span> <span class='ocrx_word' id='word_1_608' title='bbox 3422 4057 3600 4109; x_wconf 90' lang='lat' dir='ltr'><strong><em>tamen</em></strong></span> 
     </span>
    </p>
   </div>
   <div class='ocr_carea' id='block_1_86' title="bbox 1909 4142 3610 4210">
    <p class='ocr_par' dir='ltr' id='par_1_86' title="bbox 1909 4142 3610 4210">
     <span class='ocr_line' id='line_1_86' title="bbox 1909 4142 3610 4210; baseline 0.002 -14"><span class='ocrx_word' id='word_1_609' title='bbox 1909 4144 2162 4197; x_wconf 89' lang='lat' dir='ltr'><strong><em>anostris</em></strong></span> <span class='ocrx_word' id='word_1_610' title='bbox 2190 4144 2462 4196; x_wconf 89' lang='lat' dir='ltr'><strong><em>institutis</em></strong></span> <span class='ocrx_word' id='word_1_611' title='bbox 2494 4145 2546 4196; x_wconf 90' lang='lat' dir='ltr'><strong><em>et</em></strong></span> <span class='ocrx_word' id='word_1_612' title='bbox 2576 4142 2781 4209; x_wconf 89' lang='lat' dir='ltr'><strong><em>legibus</em></strong></span> <span class='ocrx_word' id='word_1_613' title='bbox 2825 4142 2977 4210; x_wconf 90' lang='lat' dir='ltr'><strong><em>longe</em></strong></span> <span class='ocrx_word' id='word_1_614' title='bbox 3033 4142 3309 4208; x_wconf 88' lang='lat' dir='ltr'><strong><em>abhorret,</em></strong></span> <span class='ocrx_word' id='word_1_615' title='bbox 3343 4142 3501 4198; x_wconf 90' lang='lat' dir='ltr'><strong><em>nulla</em></strong></span> <span class='ocrx_word' id='word_1_616' title='bbox 3532 4148 3610 4199; x_wconf 89' lang='lat' dir='ltr'><strong><em>est</em></strong></span> 
     </span>
    </p>
   </div>
   <div class='ocr_carea' id='block_1_87' title="bbox 1909 4232 3611 4300">
    <p class='ocr_par' dir='ltr' id='par_1_87' title="bbox 1909 4232 3611 4300">
     <span class='ocr_line' id='line_1_87' title="bbox 1909 4232 3611 4300; baseline 0.001 -14"><span class='ocrx_word' id='word_1_617' title='bbox 1909 4235 2138 4288; x_wconf 89' lang='lat' dir='ltr'><strong><em>claritas</em></strong></span> <span class='ocrx_word' id='word_1_618' title='bbox 2164 4236 2214 4286; x_wconf 92' lang='lat' dir='ltr'><strong><em>et</em></strong></span> <span class='ocrx_word' id='word_1_619' title='bbox 2243 4233 2439 4300; x_wconf 90' lang='lat' dir='ltr'><strong><em>gloria,</em></strong></span> <span class='ocrx_word' id='word_1_620' title='bbox 2487 4247 2606 4286; x_wconf 89' lang='lat' dir='ltr'><strong><em>cum</em></strong></span> <span class='ocrx_word' id='word_1_621' title='bbox 2637 4235 2685 4286; x_wconf 92' lang='lat' dir='ltr'><strong><em>is</em></strong></span> <span class='ocrx_word' id='word_1_622' title='bbox 2732 4234 2946 4286; x_wconf 91' lang='lat' dir='ltr'><strong><em>omnino</em></strong></span> <span class='ocrx_word' id='word_1_623' title='bbox 3003 4247 3109 4286; x_wconf 89' lang='lat' dir='ltr'><strong><em>non</em></strong></span> <span class='ocrx_word' id='word_1_624' title='bbox 3148 4235 3339 4286; x_wconf 87' lang='lat' dir='ltr'><strong><em>exstet.</em></strong></span> <span class='ocrx_word' id='word_1_625' title='bbox 3386 4232 3451 4286; x_wconf 88' lang='lat' dir='ltr'><strong><em>Si</em></strong></span> <span class='ocrx_word' id='word_1_626' title='bbox 3486 4248 3611 4288; x_wconf 88' lang='lat' dir='ltr'><strong><em>vero</em></strong></span> 
     </span>
    </p>
   </div>
   <div class='ocr_carea' id='block_1_88' title="bbox 144 4320 3608 4400">
    <p class='ocr_par' dir='ltr' id='par_1_88' title="bbox 144 4320 3608 4400">
     <span class='ocr_line' id='line_1_88' title="bbox 144 4320 3608 4400; baseline 0.001 -25"><span class='ocrx_word' id='word_1_627' title='bbox 144 4331 278 4381; x_wconf 80' lang='lat' dir='ltr'><strong><em>gnum</em></strong></span> <span class='ocrx_word' id='word_1_628' title='bbox 327 4338 389 4377; x_wconf 87' lang='lat' dir='ltr'><strong><em>ex</em></strong></span> <span class='ocrx_word' id='word_1_629' title='bbox 426 4327 534 4379; x_wconf 88' lang='lat' dir='ltr'><strong><em>Deo</em></strong></span> <span class='ocrx_word' id='word_1_630' title='bbox 583 4340 713 4396; x_wconf 90' lang='lat' dir='ltr'><strong><em>esse,</em></strong></span> <span class='ocrx_word' id='word_1_631' title='bbox 755 4327 850 4380; x_wconf 91' lang='lat' dir='ltr'><strong><em>hoc</em></strong></span> <span class='ocrx_word' id='word_1_632' title='bbox 892 4328 1168 4381; x_wconf 88' lang='lat' dir='ltr'><strong><em>Homerico</em></strong></span> <span class='ocrx_word' id='word_1_633' title='bbox 1215 4327 1562 4386; x_wconf 87' lang='lat' dir='ltr'><strong><em>admonitus:</em></strong></span> <span class='ocrx_word' id='word_1_634' title='bbox 1608 4331 1791 4400; x_wconf 88' lang='lat' dir='ltr'><strong><em>Neque</em></strong></span> <span class='ocrx_word' id='word_1_635' title='bbox 1830 4331 1874 4386; x_wconf 89' lang='lat' dir='ltr'>D</span> <span class='ocrx_word' id='word_1_636' title='bbox 1907 4321 2033 4376; x_wconf 89' lang='lat' dir='ltr'><strong><em>bene</em></strong></span> <span class='ocrx_word' id='word_1_637' title='bbox 2062 4337 2209 4376; x_wconf 90' lang='lat' dir='ltr'><strong><em>mens</em></strong></span> <span class='ocrx_word' id='word_1_638' title='bbox 2259 4320 2366 4376; x_wconf 90' lang='lat' dir='ltr'><strong><em>sibi</em></strong></span> <span class='ocrx_word' id='word_1_639' title='bbox 2404 4323 2615 4376; x_wconf 90' lang='lat' dir='ltr'><strong><em>conscia</em></strong></span> <span class='ocrx_word' id='word_1_640' title='bbox 2655 4325 2807 4390; x_wconf 91' lang='lat' dir='ltr'><strong><em>recti,</em></strong></span> <span class='ocrx_word' id='word_1_641' title='bbox 2860 4327 3068 4377; x_wconf 90' lang='lat' dir='ltr'><strong><em>terreno</em></strong></span> <span class='ocrx_word' id='word_1_642' title='bbox 3127 4336 3338 4376; x_wconf 88' lang='lat' dir='ltr'><strong><em>carcere</em></strong></span> <span class='ocrx_word' id='word_1_643' title='bbox 3378 4322 3608 4387; x_wconf 83' lang='lat' dir='ltr'><strong><em>reclusa,</em></strong></span> 
     </span>
    </p>
   </div>
   <div class='ocr_carea' id='block_1_89' title="bbox 148 4410 1801 4490">
    <p class='ocr_par' dir='ltr' id='par_1_89' title="bbox 148 4410 1801 4490">
     <span class='ocr_line' id='line_1_89' title="bbox 148 4410 1801 4490; baseline 0.007 -29"><span class='ocrx_word' id='word_1_644' title='bbox 148 4410 208 4473; x_wconf 84' lang='lat' dir='ltr'><strong><em>tu,</em></strong></span> <span class='ocrx_word' id='word_1_645' title='bbox 248 4411 432 4482; x_wconf 88' lang='lat' dir='ltr'><strong><em>Polide,</em></strong></span> <span class='ocrx_word' id='word_1_646' title='bbox 487 4415 624 4469; x_wconf 88' lang='lat' dir='ltr'><strong><em>velis</em></strong></span> <span class='ocrx_word' id='word_1_647' title='bbox 671 4415 986 4470; x_wconf 91' lang='lat' dir='ltr'><strong><em>oontendere</em></strong></span> <span class='ocrx_word' id='word_1_648' title='bbox 1049 4432 1168 4471; x_wconf 90' lang='lat' dir='ltr'><strong><em>cum</em></strong></span> <span class='ocrx_word' id='word_1_649' title='bbox 1217 4433 1362 4485; x_wconf 84' lang='lat' dir='ltr'><strong><em>rege,</em></strong></span> <span class='ocrx_word' id='word_1_650' title='bbox 1421 4419 1511 4472; x_wconf 87' lang='lat' dir='ltr'><strong><em>cui</em></strong></span> <span class='ocrx_word' id='word_1_651' title='bbox 1561 4419 1629 4472; x_wconf 91' lang='lat' dir='ltr'><strong><em>ab</em></strong></span> <span class='ocrx_word' id='word_1_652' title='bbox 1684 4423 1801 4490; x_wconf 89' lang='lat' dir='ltr'><strong><em>ipso</em></strong></span> 
     </span>
    </p>
   </div>
   <div class='ocr_carea' id='block_1_90' title="bbox 145 4495 1801 4574">
    <p class='ocr_par' dir='ltr' id='par_1_90' title="bbox 145 4495 1801 4574">
     <span class='ocr_line' id='line_1_90' title="bbox 145 4495 1801 4574; baseline 0.01 -26"><span class='ocrx_word' id='word_1_653' title='bbox 145 4495 261 4564; x_wconf 79' lang='lat' dir='ltr'><strong><em>Jove,</em></strong></span> <span class='ocrx_word' id='word_1_654' title='bbox 289 4505 456 4571; x_wconf 87' lang='lat' dir='ltr'><strong><em>qualis</em></strong></span> <span class='ocrx_word' id='word_1_655' title='bbox 499 4520 784 4573; x_wconf 88' lang='lat' dir='ltr'><strong><em>nunquam</em></strong></span> <span class='ocrx_word' id='word_1_656' title='bbox 817 4507 1009 4572; x_wconf 88' lang='lat' dir='ltr'><strong><em>alteri,</em></strong></span> <span class='ocrx_word' id='word_1_657' title='bbox 1041 4506 1242 4560; x_wconf 85' lang='lat' dir='ltr'><strong><em>collata</em></strong></span> <span class='ocrx_word' id='word_1_658' title='bbox 1285 4510 1364 4561; x_wconf 90' lang='lat' dir='ltr'><strong><em>est</em></strong></span> <span class='ocrx_word' id='word_1_659' title='bbox 1395 4507 1658 4574; x_wconf 89' lang='lat' dir='ltr'><strong><em>dignitas.</em></strong></span> <span class='ocrx_word' id='word_1_660' title='bbox 1697 4512 1801 4565; x_wconf 90' lang='lat' dir='ltr'><strong><em>Hic</em></strong></span> 
     </span>
    </p>
   </div>
   <div class='ocr_carea' id='block_1_91' title="bbox 148 4586 1803 4667">
    <p class='ocr_par' dir='ltr' id='par_1_91' title="bbox 148 4586 1803 4667">
     <span class='ocr_line' id='line_1_91' title="bbox 148 4586 1803 4667; baseline 0.01 -29"><span class='ocrx_word' id='word_1_661' title='bbox 148 4586 288 4650; x_wconf 82' lang='lat' dir='ltr'><strong><em>igitur</em></strong></span> <span class='ocrx_word' id='word_1_662' title='bbox 310 4596 366 4645; x_wconf 92' lang='lat' dir='ltr'><strong><em>ut</em></strong></span> <span class='ocrx_word' id='word_1_663' title='bbox 410 4593 640 4650; x_wconf 87' lang='lat' dir='ltr'><strong><em>excellat</em></strong></span> <span class='ocrx_word' id='word_1_664' title='bbox 683 4599 733 4648; x_wconf 91' lang='lat' dir='ltr'><strong><em>et</em></strong></span> <span class='ocrx_word' id='word_1_665' title='bbox 774 4597 1022 4664; x_wconf 88' lang='lat' dir='ltr'><strong><em>imperet,</em></strong></span> <span class='ocrx_word' id='word_1_666' title='bbox 1079 4597 1160 4649; x_wconf 87' lang='lat' dir='ltr'><strong><em>nil</em></strong></span> <span class='ocrx_word' id='word_1_667' title='bbox 1218 4596 1562 4665; x_wconf 82' lang='lat' dir='ltr'><strong><em>intentatum,</em></strong></span> <span class='ocrx_word' id='word_1_668' title='bbox 1615 4599 1803 4667; x_wconf 90' lang='lat' dir='ltr'><strong><em>nilque</em></strong></span> 
     </span>
    </p>
   </div>
   <div class='ocr_carea' id='block_1_92' title="bbox 147 4675 1804 4756">
    <p class='ocr_par' dir='ltr' id='par_1_92' title="bbox 147 4675 1804 4756">
     <span class='ocr_line' id='line_1_92' title="bbox 147 4675 1804 4756; baseline 0.009 -29"><span class='ocrx_word' id='word_1_669' title='bbox 147 4675 358 4735; x_wconf 86' lang='lat' dir='ltr'><strong><em>inausum</em></strong></span> <span class='ocrx_word' id='word_1_670' title='bbox 384 4684 655 4753; x_wconf 87' lang='lat' dir='ltr'><strong><em>linquens,</em></strong></span> <span class='ocrx_word' id='word_1_671' title='bbox 684 4701 782 4755; x_wconf 91' lang='lat' dir='ltr'><strong><em>per</em></strong></span> <span class='ocrx_word' id='word_1_672' title='bbox 809 4687 901 4752; x_wconf 90' lang='lat' dir='ltr'><strong><em>fas</em></strong></span> <span class='ocrx_word' id='word_1_673' title='bbox 927 4689 978 4740; x_wconf 87' lang='lat' dir='ltr'><strong><em>et</em></strong></span> <span class='ocrx_word' id='word_1_674' title='bbox 1010 4687 1168 4752; x_wconf 90' lang='lat' dir='ltr'><strong><em>nefas</em></strong></span> <span class='ocrx_word' id='word_1_675' title='bbox 1199 4685 1275 4739; x_wconf 91' lang='lat' dir='ltr'><strong><em>ad</em></strong></span> <span class='ocrx_word' id='word_1_676' title='bbox 1310 4689 1492 4740; x_wconf 84' lang='lat' dir='ltr'><strong><em>votum</em></strong></span> <span class='ocrx_word' id='word_1_677' title='bbox 1523 4688 1804 4756; x_wconf 88' lang='lat' dir='ltr'><strong><em>improbus</em></strong></span> 
     </span>
    </p>
   </div>
   <div class='ocr_carea' id='block_1_93' title="bbox 147 4775 1803 4846">
    <p class='ocr_par' dir='ltr' id='par_1_93' title="bbox 147 4775 1803 4846">
     <span class='ocr_line' id='line_1_93' title="bbox 147 4775 1803 4846; baseline 0.008 -27"><span class='ocrx_word' id='word_1_678' title='bbox 147 4776 380 4838; x_wconf 83' lang='lat' dir='ltr'><strong><em>properat,</em></strong></span> <span class='ocrx_word' id='word_1_679' title='bbox 408 4775 549 4828; x_wconf 89' lang='lat' dir='ltr'><strong><em>illud</em></strong></span> <span class='ocrx_word' id='word_1_680' title='bbox 581 4775 870 4844; x_wconf 87' lang='lat' dir='ltr'><strong><em>Euripidis</em></strong></span> <span class='ocrx_word' id='word_1_681' title='bbox 901 4789 1215 4846; x_wconf 88' lang='lat' dir='ltr'><strong><em>usurpans:</em></strong></span> <span class='ocrx_word' id='word_1_682' title='bbox 1256 4775 1318 4831; x_wconf 93' lang='lat' dir='ltr'><strong><em>Si</em></strong></span> <span class='ocrx_word' id='word_1_683' title='bbox 1347 4775 1663 4831; x_wconf 88' lang='lat' dir='ltr'><strong><em>violandum</em></strong></span> <span class='ocrx_word' id='word_1_684' title='bbox 1704 4777 1803 4846; x_wconf 83' lang='lat' dir='ltr'><strong><em>jus</em></strong></span> 
     </span>
    </p>
   </div>
   <div class='ocr_carea' id='block_1_94' title="bbox 151 4858 1804 4934">
    <p class='ocr_par' dir='ltr' id='par_1_94' title="bbox 151 4858 1804 4934">
     <span class='ocr_line' id='line_1_94' title="bbox 151 4858 1804 4934; baseline 0.007 -25"><span class='ocrx_word' id='word_1_685' title='bbox 151 4858 225 4921; x_wconf 82' lang='lat' dir='ltr'><strong><em>est,</em></strong></span> <span class='ocrx_word' id='word_1_686' title='bbox 250 4863 418 4923; x_wconf 85' lang='lat' dir='ltr'><strong><em>gratia</em></strong></span> <span class='ocrx_word' id='word_1_687' title='bbox 461 4865 682 4932; x_wconf 89' lang='lat' dir='ltr'><strong><em>imperii</em></strong></span> <span class='ocrx_word' id='word_1_688' title='bbox 725 4864 1066 4931; x_wconf 89' lang='lat' dir='ltr'><strong><em>violandum,</em></strong></span> <span class='ocrx_word' id='word_1_689' title='bbox 1107 4867 1313 4919; x_wconf 72' lang='lat' dir='ltr'><strong><em>exteris</em></strong></span> <span class='ocrx_word' id='word_1_690' title='bbox 1344 4864 1504 4919; x_wconf 89' lang='lat' dir='ltr'><strong><em>rebus</em></strong></span> <span class='ocrx_word' id='word_1_691' title='bbox 1540 4868 1804 4934; x_wconf 89' lang='lat' dir='ltr'><strong><em>pietatem</em></strong></span> 
     </span>
    </p>
   </div>
   <div class='ocr_carea' id='block_1_95' title="bbox 153 4943 1804 5022">
    <p class='ocr_par' dir='ltr' id='par_1_95' title="bbox 153 4943 1804 5022">
     <span class='ocr_line' id='line_1_95' title="bbox 153 4943 1804 5022; baseline 0.007 -24"><span class='ocrx_word' id='word_1_692' title='bbox 153 4943 281 4998; x_wconf 83' lang='lat' dir='ltr'><strong><em>colas.</em></strong></span> <span class='ocrx_word' id='word_1_693' title='bbox 311 4949 465 5017; x_wconf 83' lang='lat' dir='ltr'><strong><em>Reges</em></strong></span> <span class='ocrx_word' id='word_1_694' title='bbox 511 4954 654 5007; x_wconf 91' lang='lat' dir='ltr'><strong><em>enim</em></strong></span> <span class='ocrx_word' id='word_1_695' title='bbox 697 4955 939 5022; x_wconf 87' lang='lat' dir='ltr'><strong><em>proximi</em></strong></span> <span class='ocrx_word' id='word_1_696' title='bbox 982 4957 1110 5008; x_wconf 91' lang='lat' dir='ltr'><strong><em>sunt</em></strong></span> <span class='ocrx_word' id='word_1_697' title='bbox 1139 4953 1247 5008; x_wconf 89' lang='lat' dir='ltr'><strong><em>diis</em></strong></span> <span class='ocrx_word' id='word_1_698' title='bbox 1294 4955 1714 5022; x_wconf 90' lang='lat' dir='ltr'><strong><em>immortalibus,</em></strong></span> <span class='ocrx_word' id='word_1_699' title='bbox 1740 4959 1804 5010; x_wconf 89' lang='lat' dir='ltr'><strong><em>ut</em></strong></span> 
     </span>
    </p>
   </div>
   <div class='ocr_carea' id='block_1_96' title="bbox 152 5031 1799 5115">
    <p class='ocr_par' dir='ltr' id='par_1_96' title="bbox 152 5031 1799 5115">
     <span class='ocr_line' id='line_1_96' title="bbox 152 5031 1799 5115; baseline 0.012 -36"><span class='ocrx_word' id='word_1_700' title='bbox 152 5031 214 5082; x_wconf 86' lang='lat' dir='ltr'><strong><em>ait</em></strong></span> <span class='ocrx_word' id='word_1_701' title='bbox 237 5034 410 5092; x_wconf 70' lang='lat' dir='ltr'><strong><em>Casar.</em></strong></span> <span class='ocrx_word' id='word_1_702' title='bbox 440 5042 651 5109; x_wconf 49' lang='lat' dir='ltr'><strong><em>,C‘icero</em></strong></span> <span class='ocrx_word' id='word_1_703' title='bbox 690 5058 900 5112; x_wconf 87' lang='lat' dir='ltr'><strong><em>quoque</em></strong></span> <span class='ocrx_word' id='word_1_704' title='bbox 944 5045 1157 5112; x_wconf 91' lang='lat' dir='ltr'><strong><em>regium</em></strong></span> <span class='ocrx_word' id='word_1_705' title='bbox 1182 5059 1371 5098; x_wconf 90' lang='lat' dir='ltr'><strong><em>nomen</em></strong></span> <span class='ocrx_word' id='word_1_706' title='bbox 1419 5049 1665 5099; x_wconf 91' lang='lat' dir='ltr'><strong><em>sanctum</em></strong></span> <span class='ocrx_word' id='word_1_707' title='bbox 1702 5061 1799 5115; x_wconf 92' lang='lat' dir='ltr'><strong><em>ap-</em></strong></span> 
     </span>
    </p>
   </div>
   <div class='ocr_carea' id='block_1_97' title="bbox 149 5120 1800 5203">
    <p class='ocr_par' dir='ltr' id='par_1_97' title="bbox 149 5120 1800 5203">
     <span class='ocr_line' id='line_1_97' title="bbox 149 5120 1800 5203; baseline 0.01 -32"><span class='ocrx_word' id='word_1_708' title='bbox 149 5120 300 5182; x_wconf 85' lang='lat' dir='ltr'><strong><em>pellat.</em></strong></span> <span class='ocrx_word' id='word_1_709' title='bbox 336 5129 408 5182; x_wconf 81' lang='lat' dir='ltr'><strong><em>At</em></strong></span> <span class='ocrx_word' id='word_1_710' title='bbox 433 5145 544 5199; x_wconf 88' lang='lat' dir='ltr'><strong><em>vos,</em></strong></span> <span class='ocrx_word' id='word_1_711' title='bbox 573 5136 772 5186; x_wconf 87' lang='lat' dir='ltr'><strong><em>terreni</em></strong></span> <span class='ocrx_word' id='word_1_712' title='bbox 804 5133 1061 5202; x_wconf 87' lang='lat' dir='ltr'><strong><em>homines,</em></strong></span> <span class='ocrx_word' id='word_1_713' title='bbox 1091 5149 1264 5188; x_wconf 80' lang='lat' dir='ltr'><strong><em>nonne</em></strong></span> <span class='ocrx_word' id='word_1_714' title='bbox 1285 5134 1639 5189; x_wconf 87' lang='lat' dir='ltr'><strong><em>consideratis</em></strong></span> <span class='ocrx_word' id='word_1_715' title='bbox 1670 5137 1800 5203; x_wconf 89' lang='lat' dir='ltr'><strong><em>qui-</em></strong></span> 
     </span>
    </p>
   </div>
   <div class='ocr_carea' id='block_1_98' title="bbox 155 5204 1803 5279">
    <p class='ocr_par' dir='ltr' id='par_1_98' title="bbox 155 5204 1803 5279">
     <span class='ocr_line' id='line_1_98' title="bbox 155 5204 1803 5279; baseline 0.008 -13"><span class='ocrx_word' id='word_1_716' title='bbox 155 5204 231 5261; x_wconf 67' lang='lat' dir='ltr'><strong><em>bus</em></strong></span> <span class='ocrx_word' id='word_1_717' title='bbox 248 5218 517 5279; x_wconf 70' lang='lat' dir='ltr'><strong><em>praesidere</em></strong></span> <span class='ocrx_word' id='word_1_718' title='bbox 541 5219 884 5276; x_wconf 84' lang='lat' dir='ltr'><strong><em>videamini?</em></strong></span> <span class='ocrx_word' id='word_1_719' title='bbox 918 5224 1053 5279; x_wconf 88' lang='lat' dir='ltr'><strong><em>Num</em></strong></span> <span class='ocrx_word' id='word_1_720' title='bbox 1094 5224 1146 5277; x_wconf 88' lang='lat' dir='ltr'><strong><em>si</em></strong></span> <span class='ocrx_word' id='word_1_721' title='bbox 1172 5225 1314 5277; x_wconf 86' lang='lat' dir='ltr'><strong><em>inter</em></strong></span> <span class='ocrx_word' id='word_1_722' title='bbox 1346 5239 1523 5278; x_wconf 85' lang='lat' dir='ltr'><strong><em>mures</em></strong></span> <span class='ocrx_word' id='word_1_723' title='bbox 1549 5224 1803 5279; x_wconf 89' lang='lat' dir='ltr'><strong><em>videretis</em></strong></span> 
     </span>
    </p>
   </div>
   <div class='ocr_carea' id='block_1_99' title="bbox 156 5296 1466 5381">
    <p class='ocr_par' dir='ltr' id='par_1_99' title="bbox 156 5296 1466 5381">
     <span class='ocr_line' id='line_1_99' title="bbox 156 5296 1466 5381; baseline 0.014 -30"><span class='ocrx_word' id='word_1_724' title='bbox 156 5296 354 5368; x_wconf 83' lang='lat' dir='ltr'><strong><em>aliquem</em></strong></span> <span class='ocrx_word' id='word_1_725' title='bbox 376 5307 466 5375; x_wconf 86' lang='lat' dir='ltr'><strong><em>jus</em></strong></span> <span class='ocrx_word' id='word_1_726' title='bbox 494 5310 601 5363; x_wconf 91' lang='lat' dir='ltr'><strong><em>sibi</em></strong></span> <span class='ocrx_word' id='word_1_727' title='bbox 629 5326 692 5365; x_wconf 89' lang='lat' dir='ltr'><strong><em>ac</em></strong></span> <span class='ocrx_word' id='word_1_728' title='bbox 725 5316 1050 5381; x_wconf 80' lang='lat' dir='ltr'><strong><em>potestatem</em></strong></span> <span class='ocrx_word' id='word_1_729' title='bbox 1079 5313 1466 5380; x_wconf 81' lang='lat' dir='ltr'><strong><em>vindicantem,</em></strong></span> 
     </span>
    </p>
   </div>
   <div class='ocr_carea' id='block_1_100' title="bbox 331 5393 1575 5472">
    <p class='ocr_par' dir='ltr' id='par_1_100' title="bbox 331 5393 1575 5472">
     <span class='ocr_line' id='line_1_100' title="bbox 331 5393 1575 5472; baseline 0.006 -24"><span class='ocrx_word' id='word_1_730' title='bbox 331 5393 629 5472; x_wconf 79' lang='lat' dir='ltr'><strong><em>Spectatum</em></strong></span> <span class='ocrx_word' id='word_1_731' title='bbox 654 5399 886 5455; x_wconf 85' lang='lat' dir='ltr'><strong><em>admissi</em></strong></span> <span class='ocrx_word' id='word_1_732' title='bbox 908 5403 1082 5455; x_wconf 90' lang='lat' dir='ltr'><strong><em>risum</em></strong></span> <span class='ocrx_word' id='word_1_733' title='bbox 1112 5405 1338 5458; x_wconf 82' lang='lat' dir='ltr'><strong><em>teneatis</em></strong></span> <span class='ocrx_word' id='word_1_734' title='bbox 1368 5402 1575 5456; x_wconf 79' lang='lat' dir='ltr'><strong><em>amici?</em></strong></span> 
     </span>
    </p>
   </div>
   <div class='ocr_carea' id='block_1_101' title="bbox 211 5473 1807 5558">
    <p class='ocr_par' dir='ltr' id='par_1_101' title="bbox 211 5473 1807 5558">
     <span class='ocr_line' id='line_1_101' title="bbox 211 5473 1807 5558; baseline 0.011 -30"><span class='ocrx_word' id='word_1_735' title='bbox 211 5473 262 5528; x_wconf 89' lang='lat' dir='ltr'><strong><em>Si</em></strong></span> <span class='ocrx_word' id='word_1_736' title='bbox 291 5493 404 5535; x_wconf 87' lang='lat' dir='ltr'><strong><em>vero</em></strong></span> <span class='ocrx_word' id='word_1_737' title='bbox 450 5499 643 5555; x_wconf 84' lang='lat' dir='ltr'><strong><em>corpus</em></strong></span> <span class='ocrx_word' id='word_1_738' title='bbox 687 5488 920 5543; x_wconf 88' lang='lat' dir='ltr'><strong><em>hominis</em></strong></span> <span class='ocrx_word' id='word_1_739' title='bbox 966 5491 1295 5558; x_wconf 78' lang='lat' dir='ltr'><strong><em>pensitatur,</em></strong></span> <span class='ocrx_word' id='word_1_740' title='bbox 1345 5489 1484 5558; x_wconf 89' lang='lat' dir='ltr'><strong><em>quid</em></strong></span> <span class='ocrx_word' id='word_1_741' title='bbox 1530 5505 1586 5544; x_wconf 95' lang='lat' dir='ltr'><strong><em>eo</em></strong></span> <span class='ocrx_word' id='word_1_742' title='bbox 1642 5489 1807 5544; x_wconf 83' lang='lat' dir='ltr'><strong><em>imbe-</em></strong></span> 
     </span>
    </p>
   </div>
   <div class='ocr_carea' id='block_1_102' title="bbox 159 5561 1808 5651">
    <p class='ocr_par' dir='ltr' id='par_1_102' title="bbox 159 5561 1808 5651">
     <span class='ocr_line' id='line_1_102' title="bbox 159 5561 1808 5651; baseline 0.013 -38"><span class='ocrx_word' id='word_1_743' title='bbox 159 5561 320 5637; x_wconf 86' lang='lat' dir='ltr'><strong><em>cillius,</em></strong></span> <span class='ocrx_word' id='word_1_744' title='bbox 358 5573 488 5639; x_wconf 86' lang='lat' dir='ltr'><strong><em>quid</em></strong></span> <span class='ocrx_word' id='word_1_745' title='bbox 545 5577 830 5649; x_wconf 82' lang='lat' dir='ltr'><strong><em>fragilius,</em></strong></span> <span class='ocrx_word' id='word_1_746' title='bbox 884 5593 1007 5634; x_wconf 89' lang='lat' dir='ltr'><strong><em>cum</em></strong></span> <span class='ocrx_word' id='word_1_747' title='bbox 1073 5579 1436 5651; x_wconf 74' lang='lat' dir='ltr'><strong><em>saepener</em></strong></span> <span class='ocrx_word' id='word_1_748' title='bbox 1489 5582 1539 5634; x_wconf 90' lang='lat' dir='ltr'><strong><em>et</em></strong></span> <span class='ocrx_word' id='word_1_749' title='bbox 1592 5580 1727 5634; x_wconf 88' lang='lat' dir='ltr'><strong><em>hora</em></strong></span> <span class='ocrx_word' id='word_1_750' title='bbox 1757 5582 1808 5634; x_wconf 89' lang='lat' dir='ltr'><strong><em>et</em></strong></span> 
     </span>
    </p>
   </div>
   <div class='ocr_carea' id='block_1_103' title="bbox 467 5672 1013 5745">
    <p class='ocr_par' dir='ltr' id='par_1_103' title="bbox 467 5672 1013 5745">
     <span class='ocr_line' id='line_1_103' title="bbox 467 5672 1013 5745; baseline 0.007 -5"><span class='ocrx_word' id='word_1_751' title='bbox 467 5672 738 5743; x_wconf 79' lang='lat' dir='ltr'><strong><em>PATROL.</em></strong></span> <span class='ocrx_word' id='word_1_752' title='bbox 791 5678 1013 5745; x_wconf 87' lang='lat' dir='ltr'><strong><em>LXIII.</em></strong></span> 
     </span>
    </p>
   </div>
   <div class='ocr_carea' id='block_1_104' title="bbox 1912 4410 3613 4481">
    <p class='ocr_par' dir='ltr' id='par_1_104' title="bbox 1912 4410 3613 4481">
     <span class='ocr_line' id='line_1_104' title="bbox 1912 4410 3613 4481; baseline -0.001 -15"><span class='ocrx_word' id='word_1_753' title='bbox 1912 4413 2097 4466; x_wconf 77' lang='lat' dir='ltr'><strong><em>ccelum</em></strong></span> <span class='ocrx_word' id='word_1_754' title='bbox 2148 4410 2324 4465; x_wconf 89' lang='lat' dir='ltr'><strong><em>libera</em></strong></span> <span class='ocrx_word' id='word_1_755' title='bbox 2375 4415 2531 4481; x_wconf 89' lang='lat' dir='ltr'><strong><em>petit,</em></strong></span> <span class='ocrx_word' id='word_1_756' title='bbox 2579 4426 2751 4465; x_wconf 91' lang='lat' dir='ltr'><strong><em>nonne</em></strong></span> <span class='ocrx_word' id='word_1_757' title='bbox 2813 4426 2963 4465; x_wconf 90' lang='lat' dir='ltr'><strong><em>omne</em></strong></span> <span class='ocrx_word' id='word_1_758' title='bbox 3011 4413 3285 4479; x_wconf 90' lang='lat' dir='ltr'><strong><em>negotium</em></strong></span> <span class='ocrx_word' id='word_1_759' title='bbox 3342 4413 3613 4465; x_wconf 87' lang='lat' dir='ltr'><strong><em>terrenum</em></strong></span> 
     </span>
    </p>
   </div>
   <div class='ocr_carea' id='block_1_105' title="bbox 1910 4498 3612 4572">
    <p class='ocr_par' dir='ltr' id='par_1_105' title="bbox 1910 4498 3612 4572">
     <span class='ocr_line' id='line_1_105' title="bbox 1910 4498 3612 4572; baseline -0.002 -15"><span class='ocrx_word' id='word_1_760' title='bbox 1910 4504 2169 4572; x_wconf 79' lang='lat' dir='ltr'><strong><em>spernet?</em></strong></span> <span class='ocrx_word' id='word_1_761' title='bbox 2201 4508 2249 4556; x_wconf 89' lang='lat' dir='ltr'><strong><em>et</em></strong></span> <span class='ocrx_word' id='word_1_762' title='bbox 2279 4501 2404 4556; x_wconf 80' lang='lat' dir='ltr'><strong><em>cxlo</em></strong></span> <span class='ocrx_word' id='word_1_763' title='bbox 2435 4503 2649 4569; x_wconf 85' lang='lat' dir='ltr'><strong><em>fruens,</em></strong></span> <span class='ocrx_word' id='word_1_764' title='bbox 2688 4500 2948 4570; x_wconf 89' lang='lat' dir='ltr'><strong><em>gaudebit</em></strong></span> <span class='ocrx_word' id='word_1_765' title='bbox 2985 4515 3098 4556; x_wconf 91' lang='lat' dir='ltr'><strong><em>sese</em></strong></span> <span class='ocrx_word' id='word_1_766' title='bbox 3137 4501 3222 4555; x_wconf 89' lang='lat' dir='ltr'><strong><em>his</em></strong></span> <span class='ocrx_word' id='word_1_767' title='bbox 3260 4498 3612 4570; x_wconf 87' lang='lat' dir='ltr'><strong><em>exemptam?</em></strong></span> 
     </span>
    </p>
   </div>
   <div class='ocr_carea' id='block_1_106' title="bbox 1915 4591 2384 4646">
    <p class='ocr_par' dir='ltr' id='par_1_106' title="bbox 1915 4591 2384 4646">
     <span class='ocr_line' id='line_1_106' title="bbox 1915 4591 2384 4646; baseline -0.002 0"><span class='ocrx_word' id='word_1_768' title='bbox 1915 4591 2066 4646; x_wconf 90' lang='lat' dir='ltr'><strong><em>Unde</em></strong></span> <span class='ocrx_word' id='word_1_769' title='bbox 2093 4591 2235 4646; x_wconf 91' lang='lat' dir='ltr'><strong><em>illud</em></strong></span> <span class='ocrx_word' id='word_1_770' title='bbox 2265 4595 2346 4646; x_wconf 90' lang='lat' dir='ltr'><strong><em>est</em></strong></span> <span class='ocrx_word' id='word_1_771' title='bbox 2373 4605 2384 4644; x_wconf 91' lang='lat'>:</span> 
     </span>
    </p>
   </div>
   <div class='ocr_carea' id='block_1_107' title="bbox 2124 4679 3532 4751">
    <p class='ocr_par' dir='ltr' id='par_1_107' title="bbox 2124 4679 3532 4751">
     <span class='ocr_line' id='line_1_107' title="bbox 2124 4679 3532 4751; baseline -0.001 -15"><span class='ocrx_word' id='word_1_772' title='bbox 2124 4683 2230 4738; x_wconf 89' lang='lat' dir='ltr'><strong><em>Nec</em></strong></span> <span class='ocrx_word' id='word_1_773' title='bbox 2249 4681 2393 4735; x_wconf 89' lang='lat' dir='ltr'><strong><em>vixit</em></strong></span> <span class='ocrx_word' id='word_1_774' title='bbox 2421 4681 2578 4745; x_wconf 89' lang='lat' dir='ltr'><strong><em>male,</em></strong></span> <span class='ocrx_word' id='word_1_775' title='bbox 2614 4680 2715 4751; x_wconf 90' lang='lat' dir='ltr'><strong><em>qui</em></strong></span> <span class='ocrx_word' id='word_1_776' title='bbox 2742 4679 2976 4734; x_wconf 91' lang='lat' dir='ltr'><strong><em>moriens</em></strong></span> <span class='ocrx_word' id='word_1_777' title='bbox 3005 4681 3275 4748; x_wconf 89' lang='lat' dir='ltr'><strong><em>natusque</em></strong></span> <span class='ocrx_word' id='word_1_778' title='bbox 3301 4679 3532 4746; x_wconf 89' lang='lat' dir='ltr'><strong><em>fefellit.</em></strong></span> 
     </span>
    </p>
   </div>
   <div class='ocr_carea' id='block_1_108' title="bbox 1913 4753 2603 4822">
    <p class='ocr_par' dir='ltr' id='par_1_108' title="bbox 1913 4753 2603 4822">
     <span class='ocr_line' id='line_1_108' title="bbox 1913 4753 2603 4822; baseline -0.001 -14"><span class='ocrx_word' id='word_1_779' title='bbox 1913 4754 1983 4808; x_wconf 88' lang='lat' dir='ltr'><strong><em>Et</em></strong></span> <span class='ocrx_word' id='word_1_780' title='bbox 2003 4753 2094 4809; x_wconf 89' lang='lat' dir='ltr'><strong><em>ille</em></strong></span> <span class='ocrx_word' id='word_1_781' title='bbox 2127 4753 2479 4822; x_wconf 86' lang='lat' dir='ltr'><strong><em>Vergilianus</em></strong></span> <span class='ocrx_word' id='word_1_782' title='bbox 2503 4756 2603 4818; x_wconf 89' lang='lat' dir='ltr'><strong><em>ait,</em></strong></span> 
     </span>
    </p>
   </div>
   <div class='ocr_carea' id='block_1_109' title="bbox 2515 4838 3221 4909">
    <p class='ocr_par' dir='ltr' id='par_1_109' title="bbox 2515 4838 3221 4909">
     <span class='ocr_line' id='line_1_109' title="bbox 2515 4838 3221 4909; baseline 0 -14"><span class='ocrx_word' id='word_1_783' title='bbox 2515 4880 2552 4895; x_wconf 93' lang='lat'><strong><em>..</em></strong></span> <span class='ocrx_word' id='word_1_784' title='bbox 2564 4838 2951 4895; x_wconf 87' lang='lat' dir='ltr'><strong><em>.Pulcherrima</em></strong></span> <span class='ocrx_word' id='word_1_785' title='bbox 2976 4840 3221 4909; x_wconf 87' lang='lat' dir='ltr'><strong><em>primum</em></strong></span> 
     </span>
    </p>
   </div>
   <div class='ocr_carea' id='block_1_110' title="bbox 2199 4929 3054 5000">
    <p class='ocr_par' dir='ltr' id='par_1_110' title="bbox 2199 4929 3054 5000">
     <span class='ocr_line' id='line_1_110' title="bbox 2199 4929 3054 5000; baseline -0.002 -14"><span class='ocrx_word' id='word_1_786' title='bbox 2199 4932 2290 4986; x_wconf 87' lang='lat' dir='ltr'><strong><em>Dii</em></strong></span> <span class='ocrx_word' id='word_1_787' title='bbox 2319 4945 2596 5000; x_wconf 89' lang='lat' dir='ltr'><strong><em>moresque</em></strong></span> <span class='ocrx_word' id='word_1_788' title='bbox 2626 4929 2835 4983; x_wconf 88' lang='lat' dir='ltr'><strong><em>dabunt</em></strong></span> <span class='ocrx_word' id='word_1_789' title='bbox 2861 4932 3054 4985; x_wconf 86' lang='lat' dir='ltr'><strong><em>vestri.</em></strong></span> 
     </span>
    </p>
   </div>
   <div class='ocr_carea' id='block_1_111' title="bbox 1914 5037 3613 5108">
    <p class='ocr_par' dir='ltr' id='par_1_111' title="bbox 1914 5037 3613 5108">
     <span class='ocr_line' id='line_1_111' title="bbox 1914 5037 3613 5108; baseline -0.001 -14"><span class='ocrx_word' id='word_1_790' title='bbox 1914 5039 2076 5095; x_wconf 89' lang='lat' dir='ltr'><strong><em>Alius</em></strong></span> <span class='ocrx_word' id='word_1_791' title='bbox 2105 5040 2311 5108; x_wconf 91' lang='lat' dir='ltr'><strong><em>gaudio</em></strong></span> <span class='ocrx_word' id='word_1_792' title='bbox 2347 5040 2644 5106; x_wconf 75' lang='lat' dir='ltr'><strong><em>lxtitiaque</em></strong></span> <span class='ocrx_word' id='word_1_793' title='bbox 2683 5038 2876 5091; x_wconf 90' lang='lat' dir='ltr'><strong><em>bonum</em></strong></span> <span class='ocrx_word' id='word_1_794' title='bbox 2918 5037 3160 5093; x_wconf 88' lang='lat' dir='ltr'><strong><em>metitur.</em></strong></span> <span class='ocrx_word' id='word_1_795' title='bbox 3214 5039 3318 5093; x_wconf 90' lang='lat' dir='ltr'><strong><em>Hic</em></strong></span> <span class='ocrx_word' id='word_1_796' title='bbox 3356 5038 3613 5104; x_wconf 88' lang='lat' dir='ltr'><strong><em>felicissi-</em></strong></span> 
     </span>
    </p>
   </div>
   <div class='ocr_carea' id='block_1_112' title="bbox 1910 5127 3615 5199">
    <p class='ocr_par' dir='ltr' id='par_1_112' title="bbox 1910 5127 3615 5199">
     <span class='ocr_line' id='line_1_112' title="bbox 1910 5127 3615 5199; baseline -0.002 -15"><span class='ocrx_word' id='word_1_797' title='bbox 1910 5145 2058 5185; x_wconf 89' lang='lat' dir='ltr'><strong><em>mum</em></strong></span> <span class='ocrx_word' id='word_1_798' title='bbox 2086 5133 2248 5199; x_wconf 89' lang='lat' dir='ltr'><strong><em>putat</em></strong></span> <span class='ocrx_word' id='word_1_799' title='bbox 2276 5130 2554 5197; x_wconf 89' lang='lat' dir='ltr'><strong><em>voluptate</em></strong></span> <span class='ocrx_word' id='word_1_800' title='bbox 2585 5127 2850 5196; x_wconf 85' lang='lat' dir='ltr'><strong><em>difﬂuere,</em></strong></span> <span class='ocrx_word' id='word_1_801' title='bbox 2885 5128 2960 5182; x_wconf 90' lang='lat' dir='ltr'><strong><em>ad</em></strong></span> <span class='ocrx_word' id='word_1_802' title='bbox 2989 5144 3156 5198; x_wconf 88' lang='lat' dir='ltr'><strong><em>quam</em></strong></span> <span class='ocrx_word' id='word_1_803' title='bbox 3194 5141 3292 5183; x_wconf 91' lang='lat' dir='ltr'><strong><em>nos</em></strong></span> <span class='ocrx_word' id='word_1_804' title='bbox 3314 5142 3615 5197; x_wconf 82' lang='lat' dir='ltr'><strong><em>propensos</em></strong></span> 
     </span>
    </p>
   </div>
   <div class='ocr_carea' id='block_1_113' title="bbox 1911 5217 3617 5288">
    <p class='ocr_par' dir='ltr' id='par_1_113' title="bbox 1911 5217 3617 5288">
     <span class='ocr_line' id='line_1_113' title="bbox 1911 5217 3617 5288; baseline -0.003 -14"><span class='ocrx_word' id='word_1_805' title='bbox 1911 5224 2116 5274; x_wconf 89' lang='lat' dir='ltr'><strong><em>natura</em></strong></span> <span class='ocrx_word' id='word_1_806' title='bbox 2145 5219 2397 5288; x_wconf 90' lang='lat' dir='ltr'><strong><em>impellit,</em></strong></span> <span class='ocrx_word' id='word_1_807' title='bbox 2451 5219 2557 5271; x_wconf 92' lang='lat' dir='ltr'><strong><em>imo</em></strong></span> <span class='ocrx_word' id='word_1_808' title='bbox 2591 5219 2899 5286; x_wconf 74' lang='lat' dir='ltr'><strong><em>prxcipites</em></strong></span> <span class='ocrx_word' id='word_1_809' title='bbox 2943 5221 3080 5286; x_wconf 90' lang='lat' dir='ltr'><strong><em>agit.</em></strong></span> <span class='ocrx_word' id='word_1_810' title='bbox 3127 5217 3279 5283; x_wconf 88' lang='lat' dir='ltr'><strong><em>Quod</em></strong></span> <span class='ocrx_word' id='word_1_811' title='bbox 3329 5221 3509 5270; x_wconf 90' lang='lat' dir='ltr'><strong><em>autem</em></strong></span> <span class='ocrx_word' id='word_1_812' title='bbox 3540 5231 3617 5270; x_wconf 91' lang='lat' dir='ltr'><strong><em>se-</em></strong></span> 
     </span>
    </p>
   </div>
   <div class='ocr_carea' id='block_1_114' title="bbox 1911 5307 3617 5375">
    <p class='ocr_par' dir='ltr' id='par_1_114' title="bbox 1911 5307 3617 5375">
     <span class='ocr_line' id='line_1_114' title="bbox 1911 5307 3617 5375; baseline -0.003 -11"><span class='ocrx_word' id='word_1_813' title='bbox 1911 5309 2146 5364; x_wconf 91' lang='lat' dir='ltr'><strong><em>cundum</em></strong></span> <span class='ocrx_word' id='word_1_814' title='bbox 2178 5313 2435 5363; x_wconf 90' lang='lat' dir='ltr'><strong><em>naturam</em></strong></span> <span class='ocrx_word' id='word_1_815' title='bbox 2456 5311 2553 5375; x_wconf 91' lang='lat' dir='ltr'><strong><em>est,</em></strong></span> <span class='ocrx_word' id='word_1_816' title='bbox 2585 5311 2646 5360; x_wconf 86' lang='lat' dir='ltr'><strong><em>ut</em></strong></span> <span class='ocrx_word' id='word_1_817' title='bbox 2675 5308 2757 5367; x_wconf 89' lang='lat' dir='ltr'><strong><em>ait</em></strong></span> <span class='ocrx_word' id='word_1_818' title='bbox 2780 5308 3123 5372; x_wconf 79' lang='lat' dir='ltr'><strong><em>Aristoteles,</em></strong></span> <span class='ocrx_word' id='word_1_819' title='bbox 3150 5307 3212 5360; x_wconf 88' lang='lat' dir='ltr'><strong><em>id</em></strong></span> <span class='ocrx_word' id='word_1_820' title='bbox 3227 5319 3393 5360; x_wconf 90' lang='lat' dir='ltr'><strong><em>suave</em></strong></span> <span class='ocrx_word' id='word_1_821' title='bbox 3413 5309 3617 5360; x_wconf 87' lang='lat' dir='ltr'><strong><em>contin-</em></strong></span> 
     </span>
    </p>
   </div>
   <div class='ocr_carea' id='block_1_115' title="bbox 1911 5397 3618 5468">
    <p class='ocr_par' dir='ltr' id='par_1_115' title="bbox 1911 5397 3618 5468">
     <span class='ocr_line' id='line_1_115' title="bbox 1911 5397 3618 5468; baseline -0.001 -16"><span class='ocrx_word' id='word_1_822' title='bbox 1911 5402 2024 5468; x_wconf 91' lang='lat' dir='ltr'><strong><em>git:</em></strong></span> <span class='ocrx_word' id='word_1_823' title='bbox 2056 5402 2462 5466; x_wconf 85' lang='lat' dir='ltr'><strong><em>sequunturque</em></strong></span> <span class='ocrx_word' id='word_1_824' title='bbox 2487 5397 2672 5450; x_wconf 86' lang='lat' dir='ltr'><strong><em>omnia</em></strong></span> <span class='ocrx_word' id='word_1_825' title='bbox 2707 5398 2975 5451; x_wconf 91' lang='lat' dir='ltr'><strong><em>animalia</em></strong></span> <span class='ocrx_word' id='word_1_826' title='bbox 3003 5412 3118 5450; x_wconf 91' lang='lat' dir='ltr'><strong><em>eam</em></strong></span> <span class='ocrx_word' id='word_1_827' title='bbox 3139 5397 3469 5464; x_wconf 89' lang='lat' dir='ltr'><strong><em>voluptatem</em></strong></span> <span class='ocrx_word' id='word_1_828' title='bbox 3500 5410 3618 5461; x_wconf 65' lang='lat' dir='ltr'><strong><em>qua</em></strong></span> 
     </span>
    </p>
   </div>
   <div class='ocr_carea' id='block_1_116' title="bbox 1913 5483 3620 5555">
    <p class='ocr_par' dir='ltr' id='par_1_116' title="bbox 1913 5483 3620 5555">
     <span class='ocr_line' id='line_1_116' title="bbox 1913 5483 3620 5555; baseline -0.002 -12"><span class='ocrx_word' id='word_1_829' title='bbox 1913 5488 2212 5544; x_wconf 89' lang='lat' dir='ltr'><strong><em>secundum</em></strong></span> <span class='ocrx_word' id='word_1_830' title='bbox 2241 5493 2502 5542; x_wconf 90' lang='lat' dir='ltr'><strong><em>naturam</em></strong></span> <span class='ocrx_word' id='word_1_831' title='bbox 2531 5491 2628 5542; x_wconf 90' lang='lat' dir='ltr'><strong><em>est.</em></strong></span> <span class='ocrx_word' id='word_1_832' title='bbox 2668 5488 2768 5541; x_wconf 89' lang='lat' dir='ltr'><strong><em>Hic</em></strong></span> <span class='ocrx_word' id='word_1_833' title='bbox 2797 5501 2920 5553; x_wconf 91' lang='lat' dir='ltr'><strong><em>ergo</em></strong></span> <span class='ocrx_word' id='word_1_834' title='bbox 2951 5486 3147 5540; x_wconf 88' lang='lat' dir='ltr'><strong><em>asserit</em></strong></span> <span class='ocrx_word' id='word_1_835' title='bbox 3177 5483 3301 5538; x_wconf 89' lang='lat' dir='ltr'><strong><em>deos</em></strong></span> <span class='ocrx_word' id='word_1_836' title='bbox 3327 5488 3620 5555; x_wconf 88' lang='lat' dir='ltr'><strong><em>propterea</em></strong></span> 
     </span>
    </p>
   </div>
   <div class='ocr_carea' id='block_1_117' title="bbox 1916 5574 3620 5651">
    <p class='ocr_par' dir='ltr' id='par_1_117' title="bbox 1916 5574 3620 5651">
     <span class='ocr_line' id='line_1_117' title="bbox 1916 5574 3620 5651; baseline -0.002 -17"><span class='ocrx_word' id='word_1_837' title='bbox 1916 5593 2028 5636; x_wconf 88' lang='lat' dir='ltr'><strong><em>esse</em></strong></span> <span class='ocrx_word' id='word_1_838' title='bbox 2051 5580 2421 5651; x_wconf 85' lang='lat' dir='ltr'><strong><em>sempiternos,</em></strong></span> <span class='ocrx_word' id='word_1_839' title='bbox 2451 5577 2597 5650; x_wconf 90' lang='lat' dir='ltr'><strong><em>quod</em></strong></span> <span class='ocrx_word' id='word_1_840' title='bbox 2625 5579 2804 5634; x_wconf 89' lang='lat' dir='ltr'><strong><em>securi</em></strong></span> <span class='ocrx_word' id='word_1_841' title='bbox 2833 5577 3116 5647; x_wconf 87' lang='lat' dir='ltr'><strong><em>voluptate.</em></strong></span> <span class='ocrx_word' id='word_1_842' title='bbox 3134 5574 3341 5646; x_wconf 79' lang='lat' dir='ltr'><strong><em>jugiter</em></strong></span> <span class='ocrx_word' id='word_1_843' title='bbox 3365 5576 3418 5630; x_wconf 91' lang='lat' dir='ltr'><strong><em>et</em></strong></span> <span class='ocrx_word' id='word_1_844' title='bbox 3447 5577 3620 5631; x_wconf 83' lang='lat' dir='ltr'><strong><em>conti-</em></strong></span> 
     </span>
    </p>
   </div>
   <div class='ocr_carea' id='block_1_118' title="bbox 3144 5680 3231 5741">
    <p class='ocr_par' dir='ltr' id='par_1_118' title="bbox 3144 5680 3231 5741">
     <span class='ocr_line' id='line_1_118' title="bbox 3144 5680 3231 5741; baseline 0.011 -1"><span class='ocrx_word' id='word_1_845' title='bbox 3144 5680 3231 5741; x_wconf 79' lang='lat'><strong><em>28</em></strong></span> 
     </span>
    </p>
   </div>
  </div>
