3982 6182
364 334 466 384 875

358 466 546 518 nenter
623 460 1003 529 perfruantur.
1081 455 1277 508 Libens

360 554 627 622 usurpat:
1180 604 1183 605 ν

860 639 1160 704 Carpamus
1192 632 1412 685 dulcia:
1446 636 1687 683 nostrum
1714 634 1791 680 est

574 728 728 794 Quod
758 730 915 791 vivis,
951 728 1086 778 cinis
1115 728 1165 775 ct
1192 737 1394 785 manes,
1430 725 1476 773 et
1505 719 1695 785 fabula
1728 721 1839 785 fies.

361 822 619 877 Cteterum
650 821 699 871 si
729 818 967 870 homines
1000 815 1305 880 voluptates
1337 811 1591 862 abcuntrs
1632 807 2053 869 considerarint,

356 912 631 976 solamque
658 908 798 973 facti
827 905 1193 973 pwnitentiam
1217 914 1512 967 superesse,
1545 912 1635 949 eas
1677 898 1851 961 magis
1883 895 2053 946 decli-

358 1003 552 1053 narent
583 1002 744 1064 atque
792 994 1112 1061 e/I‘ugarent,
1148 1005 1311 1057 quam
1340 993 1519 1040 nautze
1568 985 1798 1037 blandas
1841 983 2055 1035 Sirenes

359 1094 409 1142 et
442 1101 662 1155 asperas
694 1082 1084 1151 symplegades.
1139 1080 1267 1143 Quis
1299 1080 1438 1129 enim
1483 1090 1587 1127 non
1624 1075 1790 1126 libens
1835 1078 2058 1139 Spernat

360 1182 409 1230 et
441 1178 668 1244 abjiciat
696 1174 972 1226 vilissimae
1001 1169 1478 1235 fragilissiquue
1510 1168 1589 1216 rei
1617 1165 1855 1229 corporis
1887 1166 2055 1213 servi-

362 1268 497 1319 tium
520 1268 547 1318 ?
579 1264 779 1318 Sotitus
815 1265 930 1312 erat
972 1258 1147 1310 dicere
1179 1254 1530 1308 Antisthenes
1576 1253 1882 1306 Socraticus
1910 1267 1920 1302 :
1966 1252 2053 1302 1n-

358 1357 594 1410 sanirem
623 1354 804 1421 potius
837 1365 1000 1417 quam
1040 1347 1352 1399 oblecturer.
1414 1343 1629 1396 Dicebat
1656 1344 1815 1393 etiam
1867 1344 2053 1405 Dioge-

358 1460 487 1499 nes:
512 1444 570 1496 Si
596 1457 701 1494 non
740 1440 876 1493 ebrii
905 1439 1111 1500 essetis,
1164 1435 1372 1489 Socrati
1424 1433 1725 1499 pareretis:
1760 1435 1806 1481 et
1838 1434 1931 1481 aut
1962 1445 2058 1495 per

361 1548 538 1587 omnes
560 1536 742 1584 aetates
757 1528 1099 1581 continth
1119 1524 1428 1587 studeretis,
1456 1526 1549 1572 aut
1570 1520 1856 1586 suspendio
1887 1521 2057 1570 vitam

355 1623 608 1686 ﬁniretis.
643 1621 771 1674 Cato
798 1631 1006 1683 qucque
1036 1618 1090 1665 in
1120 1615 1360 1665 ori’ttione
1391 1610 1627 1677 quadam
1660 1612 1738 1659 ita
1759 1610 1992 1659 homines
2024 1623 2057 1659 ιι

357 1711 635 1777 voluptate
666 1708 893 1758 deterret
922 1720 932 1755 :
967 1703 1026 1756 Si
1049 1718 1157 1768 qua
1179 1716 1278 1768 per
1307 1700 1631 1766 voluptatem
1659 1700 1903 1763 nequiter
1926 1698 2059 1761 fece-

358 1801 502 1863 ritis,
532 1797 779 1863 voluptas
808 1795 911 1846 cito
943 1792 1135 1855 abibit,
1187 1791 1431 1856 nequiter
1474 1788 1684 1847 factum
1723 1786 1863 1838 illud
1911 1786 2059 1853 apud

357 1902 449 1941 vos
481 1901 687 1955 semper
716 1882 969 1936 manebit.
998 1881 1160 1933 Alius
1190 1881 1423 1943 formam
1448 1882 1494 1929 et
1523 1877 1846 1941 dignitatem
1879 1889 2059 1940 corpo-

358 1980 437 2030 ris
465 1975 976 2043 pmstantissimum
1016 1973 1250 2036 putans:
1299 1970 1415 2021 lla’c
1456 1969 1657 2030 inquit,
1692 1966 1786 2017 dos
1834 1969 1911 2015 est
1943 1978 2060 2029 qua:

358 2064 611 2118 conciliat
634 2063 888 2125 homines,
912 2073 1134 2128 quaque
1156 2058 1277 2109 deos
1300 2057 1473 2109 allicit
1508 2060 1557 2107 et
1580 2057 1797 2116 invitat,
1847 2056 2055 2119 impru-

359 2153 489 2207 dens
547 2156 710 2221 atque
743 2153 1035 2212 immemor,
1092 2146 1227 2215 quid
1278 2146 1586 2214 Hippolyto,
1644 2143 1778 2211 quid
1826 2144 2056 2195 Bellero-

353 2243 568 2312 phonti,
601 2240 736 2309 quid
761 2238 1096 2306 Hyacinthe,
1130 2236 1262 2299 quid
1280 2234 1439 2303 Hyla:
1461 2240 1508 2287 et
1537 2234 1662 2285 aliis
1697 2232 1754 2284 id
1787 2247 1952 2299 genus
1975 2247 2059 2283 ac-

358 2331 573 2395 ciderit,
607 2330 801 2397 quibus
832 2330 1029 2396 species
1062 2325 1412 2392 diSpendiosa
1440 2325 1549 2387 fuit
1581 2327 1629 2375 et
1680 2324 1847 2374 nomia
1868 2325 1893 2373 ?
1942 2323 2055 2373 Iluc

359 2420 500 2474 adde
531 2417 672 2483 quod
700 2419 888 2483 formze
920 2418 1065 2468 nitor
1090 2413 1319 2481 rapidus
1350 2416 1491 2464 estet
1522 2410 1697 2477 velox,
1730 2412 2055 2462 vernulium-

359 2524 461 2578 que
484 2510 675 2575 ﬂorum
704 2506 1071 2558 mutabilitate
1090 2504 1361 2567 fugacior.
1390 2500 1538 2553 Unde
1561 2501 1833 2552 Salustius
1868 2502 2056 2565 forma:

356 2598 588 2664 gloriam
615 2598 822 2663 ﬂuxam
850 2599 899 2647 et
926 2592 1183 2658 fragilem
1212 2590 1382 2642 discit:
1419 2594 1468 2642 et
1503 2590 1868 2656 Calphurnius
1892 2607 1908 2642 :

427 2689 633 2740 Donum
663 2686 845 2750 forma
876 2684 1027 2735 breve
1056 2687 1153 2744 est,
1201 2696 1294 2733 nec
1333 2695 1385 2732 se
1425 2679 1524 2731 tibi
1553 2680 2047 2734 commodatannis.

354 2774 710 2840 Quamobrem
770 2774 1013 2841 Spurina
1090 2771 1181 2822 ille
1242 2771 1535 2821 Iletruscus
1586 2784 1691 2820 non
1735 2770 2051 2822 mediocrmz

353 2864 570 2917 laudem
618 2868 698 2916 est
754 2861 905 2930 apud
947 2864 1180 2928 posteros
1214 2863 1510 2919 assecutus,
1547 2858 1688 2922 quod
1718 2873 1838 2911 cum
1878 2862 2051 2927 specie

351 2969 454 3007 sua
485 2954 693 3006 illustri
724 2952 1081 3019 complurium
1114 2952 1489 3001 matronarum
1521 2949 1693 3000 oculos
1708 2948 2045 3015 sollicitaret,

1099 321 1445 375 APPENDIX
1484 320 1573 371 Al)
1618 285 1871 369 l.IBROS
1912 316 2002 368 DE
2045 313 2569 367 (ZONSOLA'I‘IONE
2616 312 2728 364 I’lll
2759 310 3147 364 LOSOPIIHC.
3722 313 3809 361 876

1361 468 1485 518 ergo
1543 451 1683 504 illud
1743 451 2058 502 Persianum
2098 452 2139 498 Λ
2165 462 2362 512 ponam
2391 446 2724 507 discrimine,
2750 451 2808 496 ut
2851 460 2970 497 cum
3001 444 3151 495 Liuio
3200 444 3405 506 loquor.
3451 443 3562 494 Alii
3602 446 3729 495 enim
3767 450 3815 496 in

2162 537 2357 588 litteris
2388 540 2435 586 et
2465 534 2691 601 syllabis
2722 536 2830 585 sint
2864 534 3112 599 occupati
3139 548 3150 584 :
3198 534 3275 584 Tu
3315 529 3596 583 sententias
3644 548 3814 595 mttere,

2166 629 2221 677 ut
2252 627 2333 675 ait
2369 625 2740 689 Hieronymus.
2785 622 2889 674 Est
2929 624 3027 688 qui
3072 620 3412 673 dialecticam
3448 627 3610 687 petat,
3658 622 3818 688 sepla-

2165 718 2339 765 smata
2393 712 2639 780 quaedam
2671 717 2719 763 et
2751 713 3007 778 gryphas,
3056 713 3436 777 captionesque
3467 710 3753 775 labyrintho
3781 718 3819 761 rt

2166 803 2461 854 Menandro
2519 802 2724 853 similes
2777 806 2985 853 tantum
3038 814 3377 869 percurrens,
3441 814 3729 866 semperque
3778 802 3821 851 in

2164 893 2298 955 veri,
2351 896 2398 942 et
2436 891 2572 955 falsi
2616 892 2907 956 quaestione
2954 893 3262 956 occupatus.
3306 887 3459 952 Quod
3515 888 3637 940 dum
3684 890 3821 952 facit,

2168 984 2315 1031 tanto
2345 982 2404 1046 ﬁt
2434 995 2467 1031 α
2509 981 2622 1031 veri
2651 980 2948 1043 coynitione
2983 980 3253 1042 remotior,
3295 983 3502 1046 quanto
3552 977 3823 1029 Simonides

2168 1068 2312 1120 iltca
2349 1070 2443 1119 Dei
2482 1070 2709 1119 scicntia
2756 1066 3130 1133 repellebatar.
3190 1066 3298 1129 Qui
3353 1082 3472 1118 cum
3512 1064 3577 1117 ab
3630 1066 3823 1117 Hierone

2168 1162 2398 1223 tyranno
2431 1161 2705 1221 cogeretur
2738 1158 2931 1207 rimari
2960 1161 3007 1208 ct
3036 1171 3288 1222 quaerere,
3322 1156 3503 1223 qualis
3537 1157 3666 1207 Deus
3694 1160 3821 1212 esset,

2162 1248 2403 1312 primum
2434 1246 2595 1309 diem,
2620 1245 2810 1297 dehinc
2839 1245 3082 1309 biduum,
3122 1250 3311 1312 postea
3352 1248 3558 1313 tempus
3584 1243 3826 1311 duplicari

2160 1334 2493 1401 postulabat.
2532 1335 2681 1398 Quod
2709 1350 2824 1385 cum
2858 1340 3121 1400 tyrannus
3160 1338 3474 1399 miraretur,
3504 1335 3822 1401 philosophus

2165 1424 2307 1477 illud
2341 1424 2654 1491 respondit:
2694 1425 2902 1487 Qumzto
2957 1428 3095 1477 enim
3128 1424 3333 1477 diutius
3366 1423 3661 1481 considero.
3699 1429 3821 1475 tanto

2165 1530 2248 1567 res
2277 1514 2492 1566 videtur
2524 1514 2818 1566 obscurior.
2869 1516 2961 1566 Est
2993 1517 3087 1577 qui
3122 1514 3194 1566 ad
3222 1516 3549 1567 rhetoricam
3595 1513 3822 1579 deﬂectat,

2167 1621 2281 1657 ριιιη
2314 1608 2555 1669 reginam
2590 1620 2769 1656 rerum
2803 1603 3038 1656 omnium
3061 1605 3366 1671 appellans,
3392 1619 3509 1667 qua:
3536 1605 3732 1669 rupices
3755 1604 3824 1654 ho-

2168 1697 2335 1746 mines
2369 1698 2416 1746 ct
2439 1697 2695 1759 tigres-teis
2727 1700 2773 1745 et
2806 1694 3163 1761 dispalanteis
3195 1695 3251 1744 in
3296 1709 3465 1745 unum
3494 1695 3821 1757 congregavit,

2169 1789 2217 1835 et
2248 1783 2319 1835 ad
2346 1784 2523 1836 civilis
2565 1784 2809 1851 obsequii
2838 1784 3062 1849 pellemit
3090 1782 3463 1850 disciplinam,
3501 1789 3549 1835 et
3580 1798 3686 1849 qtae
3702 1784 3822 1845 fora,

2166 1875 2472 1939 gymnasia,
2506 1877 2765 1940 porticus,
2810 1874 3041 1939 theatra,
3078 1877 3187 1924 tam
3217 1873 3448 1925 Athenis
3495 1888 3649 1939 quam
3679 1874 3822 1924 Romae

2163 1978 2262 2029 pro
2294 1963 2524 2015 arbitrio
2560 1962 2765 2014 domuit
2812 1964 3088 2028 ﬂevitque.
3138 1964 3235 2014 llic
3278 1967 3461 2013 tamen
3513 1963 3676 2028 seipse
3722 1974 3821 2011 usus

2160 2054 2391 2118 pessimo
2422 2050 2502 2117 (ut
2541 2051 2763 2119 dicitur)
2796 2057 3140 2118 praeceptore,
3174 2052 3327 2103 nulla
3359 2051 3642 2103 observans
3677 2051 3819 2102 rheto-

2164 2143 2299 2193 rices
2326 2142 2591 2193 catholica
2629 2157 2689 2193 ac
2721 2144 3010 2207 prmcepta,
3033 2146 3214 2193 orator
3244 2141 3361 2192 vult
3386 2141 3668 2209 appellari.
3700 2141 3820 2193 Cum-

2165 2246 2265 2296 que
2296 2235 2418 2283 ante
2448 2233 2623 2284 omnia
2660 2233 2863 2297 apertis
2896 2245 2957 2282 ac
3009 2228 3208 2282 lucidis
3262 2229 3572 2283 nominibus
3601 2232 3667 2281 sit
3695 2234 3818 2281 uten-

2164 2320 2313 2383 dum,
2342 2320 2425 2372 hic
2474 2321 2676 2386 majore
2728 2321 2785 2371 in
2824 2320 3019 2372 litteris
3044 2320 3341 2386 jactantia,
3377 2326 3428 2373 et
3465 2318 3734 2389 σοφιστεία,
3779 2317 3822 2367 ίίί

2163 2414 2241 2463 est
2290 2411 2534 2471 elatione,
2586 2424 2748 2475 quam
2792 2423 2975 2476 opera,
3034 2409 3209 2462 verbis
3244 2408 3370 2476 jam
3415 2408 3621 2477 pridem
3646 2408 3818 2470 desitis,

2163 2498 2430 2562 obsoletis,
2483 2503 2533 2550 et
2575 2502 2790 2566 penitus
2850 2498 3139 2551 reconditis
3190 2499 3466 2561 abutitur,
3507 2498 3817 2552 cacozelarius

2161 2586 2273 2639 dici
2304 2590 2521 2655 cupiens
2548 2593 2596 2640 et
2645 2590 3017 2655 antiqiuzrius,
3054 2593 3351 2640 ostentator
3384 2589 3557 2656 magis
3604 2588 3817 2640 doctrina?

2161 2693 2326 2744 quam
2366 2693 2519 2729 verus
2546 2693 2840 2746 possessor,
2884 2680 2937 2729 in
2966 2694 3119 2745 quem
3147 2682 3395 2731 convenit
3430 2680 3523 2731 illa
3554 2679 3615 2731 de
3644 2683 3814 2731 oratore

2157 2768 2339 2831 faceta.
2374 2767 2612 2833 definitio
2637 2783 2647 2820 :
2681 2768 2877 2821 Orator
2904 2773 2981 2820 est
3010 2770 3097 2820 vir
3118 2769 3293 2821 malus
3317 2769 3534 2822 dicendi
3555 2769 3811 2836 imperitus.

2160 2856 2354 2909 Orator
2386 2859 2530 2907 enim
2554 2857 2828 2922 perfectus
2860 2856 3036 2910 adhuc
3061 2857 3445 2925 ,‘desideratur.
3490 2859 3642 2911 Alius
3668 2858 3737 2924 (ut
3760 2856 3814 2905 au“

2158 2946 2507 3007 mathemata,
2543 2944 2603 2997 id
2629 2950 2725 3010 est,
2760 2945 2832 2997 ad
2853 2947 3071 2999 altiores
3095 2946 3421 3014 disciplinas
3449 2948 3563 2999 vela
3594 2946 3811 3010 dirigam.

348 3044 551 3109 faciem
578 3043 861 3110 propriam
890 3041 1075 3093 multis
1108 3038 1400 3091 inhonestis
1444 3037 1755 3090 vulneribus
1800 3054 1864 3090 ac
1895 3041 2058 3103 f'a'dis
2097 3070 2133 3123 Ε
2168 3034 2239 3085 ad
2290 3036 2641 3100 astrologiam
2682 3035 2970 3101 contendit,
3019 3036 3173 3087 illum
3209 3036 3475 3101 judicans
3515 3036 3583 3087 ad
3627 3049 3810 3099 unguem

348 3131 694 3185 cicatricibus
720 3129 1066 3197 deformavit,
1093 3132 1152 3179 ut
1183 3143 1361 3179 veram
1393 3128 1565 3178 animi
1590 3128 2052 3193 pulchritudinem

345 3223 621 3283 retineret.
660 3221 855 3272 Verum
882 3220 931 3271 si
982 3217 1064 3286 (ut
1095 3218 1275 3282 inquit
1318 3216 1658 3283 Aristoteles)
1696 3218 1894 3284 lynceis
1928 3238 2050 3274 ocu-

346 3310 414 3362 lis
465 3310 701 3361 homines
756 3311 1016 3367 terentur,
1082 3307 1159 3357 sic
1218 3308 1277 3355 ut
1335 3319 1515 3356 eorum
1581 3306 1727 3357 visus
1778 3308 2051 3363 obstantia

347 3399 761 3458 transmitteret,
784 3397 1178 3460 etpenetraret:
1202 3408 1375 3443 nonne
1396 3394 1710 3459 introspecli
1738 3396 2046 3452 Alcibiadis

347 3500 540 3553 corpus
559 3484 842 3551 superﬁcie
860 3480 1307 3548 pulcherrimum,
1335 3482 1617 3547 turpissim
1628 3498 1711 3533 am
1738 3484 2048 3539 videretur?

347 3575 633 3628 Pulchrum
656 3573 795 3624 enim
824 3570 1040 3637 aliquid
1070 3569 1246 3621 videri
1274 3584 1379 3621 non
1411 3584 1512 3621 sua
1553 3575 1772 3637 natura,
1808 3575 1901 3626 sed
1930 3591 2049 3628 ocu-

346 3664 517 3717 lorum
552 3662 913 3729 spectantium
960 3659 1140 3711 reddit
1172 3660 1493 3725 infirmitas.
1550 3660 1708 3711 Alius
1740 3663 1796 3713 in
1846 3666 2048 3717 virtute

341 3767 523 3805 veram
556 3750 729 3802 animi
759 3751 1008 3815 quietem,
1064 3748 1623 3815 tranquillitatemque
1658 3754 1847 3803 mentis
1886 3768 2042 3819 repo-

341 3856 471 3894 nens
502 3839 705 3906 grandi
731 3852 918 3906 passu,
983 3840 1231 3903 omnique
1266 3838 1467 3903 impetu
1519 3837 1591 3889 ad
1622 3854 1736 3890 eam
1778 3839 2041 3906 defertur,

341 3930 644 3983 arbitratus
672 3930 719 3981 ei
745 3929 926 3979 omnia
967 3928 1157 3990 inesse,
1203 3941 1357 3992 quem
1382 3942 1542 3993 penes
1575 3930 1644 3979 sit
1688 3931 1886 3994 virtus,
1931 3947 2040 3983 me-

337 4034 455 4071 mor
480 4018 641 4087 hujus
674 4018 895 4082 hymni:
942 4016 1147 4077 Virtus,
1182 4017 1387 4081 Optima
1419 4017 1629 4067 venatio
1670 4019 1795 4069 vites
1826 4035 1876 4071 es
1906 4035 2042 4071 mor-

340 4109 541 4161 talibus
573 4106 837 4159 omnibus.
870 4105 1047 4157 Talem
1083 4108 1140 4156 tu
1164 4104 1310 4171 jacis
1344 4108 1397 4155 in
1426 4109 1645 4172 pectora
1666 4107 1893 4159 nobilem
1924 4111 2045 4172 fru-

338 4202 501 4261 ctum,
545 4201 801 4264 perpctuo
862 4198 1094 4261 tempore
1142 4196 1240 4261 qui
1288 4198 1487 4245 manet.
1532 4194 1682 4247 Auro
1734 4200 1791 4248 tu
1836 4198 2037 4250 nu'lior.

336 4288 628 4342 Nocturnis
661 4286 744 4337 hic
796 4286 969 4349 igitur
1021 4284 1226 4335 chartis
1254 4283 1543 4349 pallescere
1596 4287 1766 4351 cupit.
1818 4286 2041 4339 Zenonis

2166 3124 2395 3187 beatum,
2436 3139 2709 3191 supraque
2738 3130 2862 3176 vota
2890 3126 3121 3188 felicem,
3164 3127 3261 3191 qui
3288 3130 3560 3178 astrorum
3590 3124 3810 3177 siderum-

2161 3230 2260 3279 que
2292 3218 2517 3277 meatus,
2569 3215 2686 3265 οαέΙί
2744 3216 2938 3265 itinera
2972 3255 2983 3275 ,
3019 3229 3234 3267 occasus
3281 3219 3331 3267 et
3364 3219 3513 3268 ortus
3556 3218 3809 3280 signorum.

2161 3302 2404 3370 deliquia
2435 3303 2562 3356 solis
2588 3318 2647 3354 ac
2680 3304 2820 3355 [ιι-ηερ
2840 3304 3049 3355 calteat.
3079 3306 3283 3370 Hicque
3305 3304 3546 3357 Hercule
3567 3309 3613 3356 ct
3632 3303 3811 3355 Atlante

2159 3394 2413 3455 emeritis,
2442 3392 2666 3459 jamque
2685 3393 2961 3457 fatigatis,
2991 3394 3269 3460 supposito
3299 3396 3511 3460 vertice,
3544 3393 3710 3446 calum
3725 3390 3809 3455 ful-

2158 3482 2266 3531 cire
2299 3482 2465 3547 cupit.
2513 3482 2605 3533 Sic
2671 3482 2814 3534 enim
2862 3484 3067 3548 petitur
3114 3482 3319 3545 cadum,
3364 3488 3426 3534 ut
3480 3485 3559 3535 ait
3608 3478 3807 3535 Ovidius.

2157 3570 2551 3635 Anaxagoram
2595 3572 2737 3634 forte
2789 3568 3109 3631 demiratus,
3170 3572 3268 3636 qui
3313 3570 3550 3637 lapidem
3603 3582 3807 3623 casurum

2156 3672 2180 3709 e
2209 3659 2317 3710 sole
2348 3658 2628 3725 prtedimit.
2672 3660 2868 3711 Verum
2900 3661 3157 3724 quoniam
3188 3661 3487 3713 innmneraa
3516 3664 3632 3712 sunt
3660 3656 3806 3711 stella.

2156 3762 2273 3813 qure
2302 3746 2537 3799 nomium
2570 3750 2626 3798 in
2657 3749 3011 3813 cognitionem
3044 3750 3363 3801 mortalium
3395 3750 3714 3810 devenerunt,
3746 3742 3806 3794 id-

2153 3837 2291 3887 circo
2314 3837 2615 3899 astrologus
2636 3838 2950 3903 plerumque
2984 3837 3223 3901 fallitur,
3256 3841 3305 3889 et
3339 3838 3407 3890 ab
3431 3844 3542 3890 arte
3568 3837 3805 3891 desi‘rilur.

2154 3927 2429 3990 Diogenes,
2463 3926 2524 3978 ob
2557 3927 2669 3979 hoc.
2708 3942 2824 3979 cum
2857 3927 3141 3993 quem/lam
3172 3927 3236 3979 de
3270 3930 3400 3981 solis
3446 3933 3636 3980 natura
3656 3942 3711 3978 ac
3735 3939 3803 3991 po-

2156 4018 2342 4066 testate
2373 4014 2742 4081 disserentcm,
2776 4022 2823 4067 et
2856 4016 3100 4067 omnibus
3146 4017 3556 4083 persuadentem
3603 4014 3803 4067 vidisset.

2152 4103 2388 4169 quando,
2427 4106 2624 4169 inquit,
2654 4103 2717 4155 de
2744 4105 2865 4156 ercto
2888 4104 3213 4157 descendisti
3237 4108 3261 4157 ?
3284 4106 3538 4159 Cazterum
3553 4107 3598 4157 si
3616 4106 3803 4168 reliquos

2154 4193 2402 4244 humana:
2444 4195 2567 4245 vita:
2628 4208 2832 4245 errores
2884 4196 2939 4245 in
2996 4197 3198 4246 creteris
3243 4194 3553 4263 t'liseiplinis
3592 4206 3803 4246 enarrare

2151 4282 2357 4343 velum,
2385 4284 2575 4335 tertius
2593 4284 2825 4347 fortasse
2854 4282 2999 4347 Cato,
3022 4286 3069 4333 et
3092 4287 3308 4335 octavus
3340 4287 3554 4353 sophos,
3577 4293 3797 4346 nonusqzn

336 4375 574 4441 careniplo
606 4373 935 4437 stimulatus,
990 4374 1085 4438 qui
1134 4387 1258 4423 cum
1302 4373 1609 4439 Apollinem
1659 4376 2033 4439 consuluisset,
2080 4374 2118 4425 1)
2152 4372 2409 4435 magister
2440 4386 2647 4423 morum
2680 4372 2903 4435 dicerer,
2938 4377 2985 4423 et
3019 4372 3409 4437 subsannarer,
3431 4376 3657 4441 mihique
3682 4375 3805 4423 satie-

339 4478 442 4529 quo
474 4466 631 4529 pacto
658 4463 857 4527 Optime
882 4462 1058 4511 vivere
1099 4464 1294 4525 posset,
1346 4475 1662 4526 responsum
1697 4466 1939 4529 accepit:
1977 4467 2037 4517 Si

336 4552 565 4601 mortuis
588 4551 757 4601 colore
787 4563 1001 4600 concors
1032 4554 1184 4609 esset,
1218 4547 1313 4599 hoc
1345 4554 1439 4607 est,
1475 4552 1523 4601 si
1546 4550 1617 4601 ad
1653 4551 1899 4613 leg/sudus
1932 4568 2035 4605 an-

337 4638 611 4703 tiquorum
645 4637 809 4690 libros
836 4652 1028 4702 magno
1058 4635 1237 4689 studio
1269 4652 1377 4689 sese
1411 4640 1739 4692 contulisset.
1779 4641 2035 4695 Centerum

336 4739 454 4776 cum
485 4729 654 4779 variae
682 4730 791 4779 sint
824 4732 967 4779 artes
986 4730 1034 4780 et
1060 4726 1381 4793 disciplinaz,
1403 4731 1477 4779 est
1499 4730 1594 4795 qui
1618 4734 2033 4794 grammaticam

334 4817 596 4867 sectetur:
624 4831 743 4883 qua:
775 4831 893 4867 cum
925 4817 981 4867 in
1016 4816 1155 4867 duas
1180 4820 1368 4883 partes
1402 4815 1707 4881 dividatur,
1764 4821 1822 4869 ut
1856 4822 2035 4885 inquit

332 4901 553 4967 Fabius,
589 4905 643 4955 in
694 4904 821 4957 bene
854 4904 1107 4971 loquendi
1136 4908 1417 4958 scientiam
1450 4910 1498 4957 et
1544 4912 1827 4973 poetarum
1867 4923 2034 4959 enar-

333 4989 592 5053 rationes,
648 4989 978 5056 posthabitis
1039 4991 1121 5043 his
1175 4994 1222 5042 et
1250 4992 1480 5053 omissis,
1516 5006 1633 5057 qua:
1679 4991 1753 5042 ad
1803 4991 2034 5043 solidam

330 5080 546 5145 frugem
576 5080 866 5146 pertinent,
900 5081 1037 5133 levia
1064 5086 1112 5133 et
1144 5080 1357 5133 ttulicra
1403 5095 1642 5133 morosus
1694 5086 1742 5132 et
1775 5081 2032 5133 delicatus

330 5171 466 5221 scire
493 5171 693 5236 gestit:
729 5172 962 5237 exempli
992 5186 1175 5224 causa.
1214 5172 1426 5235 Quoties
1462 5186 1532 5223 an
1565 5173 1811 5239 quotiens
1843 5175 1913 5223 sit
1940 5171 2032 5223 di—

330 5259 571 5317 cendam,
605 5258 845 5328 conjuna:
873 5276 943 5311 an
992 5260 1209 5325 conjux,
1244 5264 1291 5311 et
1323 5275 1394 5312 an
1428 5261 1619 5311 amicei
1640 5275 1857 5311 munero
1893 5262 2031 5312 mul-

330 5348 581 5400 titudinis
600 5364 698 5415 per
730 5364 759 5401 ρ
790 5348 876 5402 eti
902 5351 973 5400 sit
992 5348 1351 5411 scribmulum,
1390 5352 1446 5400 ut
1469 5350 1711 5401 censebat
1739 5349 1992 5413 Nigidius
2011 5367 2028 5401 .·

329 5440 379 5487 et
406 5452 477 5487 an
519 5439 681 5489 vireis
712 5442 761 5490 et
808 5439 1006 5491 omneis
1052 5439 1108 5490 in
1144 5438 1352 5505 plurali
1385 5454 1412 5489 e
1444 5442 1706 5503 assumat,
1743 5443 1800 5490 ut
1834 5440 2027 5491 asserit

332 5524 706 5589 Terentianus,
747 5527 963 5594 aliaque
1019 5526 1078 5577 id
1111 5541 1296 5591 genus,
1330 5541 1446 5589 qua:
1494 5529 1549 5578 in
1584 5528 1770 5579 Plauto
1797 5526 2021 5580 subtilis

327 5617 471 5682 ector
500 5614 751 5681 o/fendet.
806 5618 1018 5683 Quippe
1054 5631 1170 5683 qua:
1230 5616 1379 5668 haud
1426 5615 1673 5682 equidem
1705 5619 1759 5669 in
1814 5632 2006 5684 nmgno

2150 4464 2333 4525 tatem,
2368 4460 2516 4512 vobis
2555 4465 2727 4513 autem
2788 4462 3078 4525 fastidium
3128 4479 3189 4516 ac
3236 4479 3493 4517 nauseam
3546 4466 3799 4528 conﬂarem.

2266 4564 2367 4615 quo
2400 4552 2637 4614 referam
2667 4550 2876 4617 pedem,
2906 4556 2954 4603 ct
2984 4552 3057 4604 ad
3088 4552 3411 4606 medicinam
3434 4553 3613 4622 (quam
3638 4566 3705 4602 me.
3734 4546 3801 4598 da-

2150 4640 2334 4689 turum
2360 4640 2603 4704 promisi)
2639 4641 2829 4705 paucis
2858 4656 2939 4692 me
2967 4646 3293 4695 convertam.
3328 4646 3471 4696 Ante
3498 4643 3681 4705 omnia,
3703 4635 3803 4690 emi-

2146 4729 2452 4780 nentissimi
2490 4727 2785 4794 ainlitores,
2838 4745 3042 4783 necesse
3074 4736 3150 4784 est
3198 4732 3291 4785 hoc
3320 4733 3657 4801 prmtendire,
3696 4724 3803 4779 nihil

2146 4815 2297 4883 apud
2328 4818 2493 4869 Deum
2520 4819 2641 4883 ﬁeri
2681 4822 2794 4870 sine
2823 4822 3051 4882 ratione,
3089 4825 3147 4873 ut
3188 4824 3267 4873 ait
3302 4824 3667 4890 Hieronymus.
3698 4820 3803 4869 Deut

2145 4910 2321 4957 autem
2352 4903 2447 4971 qui
2474 4922 2687 4959 summa
2717 4912 2857 4960 ratio
2892 4913 2988 4973 est,
3039 4911 3305 4963 hominem
3336 4913 3434 4965 hac
3463 4914 3563 4978 ﬁne
3594 4910 3799 4977 plasma-

2143 4996 2241 5057 vit,
2279 4998 2335 5045 ut
2370 4999 2637 5061 magistra
2660 5012 2719 5049 ac
2751 4997 2883 5051 duce
2912 5002 3138 5063 ratione,
3182 5004 3347 5053 vitam
3380 5002 3436 5052 in
3472 5000 3620 5052 terris
3654 5002 3798 5061 ageret

2143 5083 2416 5136 cmlestem.
2467 5085 2615 5137 Hanc
2668 5102 2789 5139 vero
2833 5089 2882 5139 si
2928 5091 3211 5155 omitteret,
3247 5091 3301 5141 in
3327 5103 3561 5157 praceps
3603 5082 3781 5138 collabe

2142 5177 2296 5223 retur
2320 5187 2329 5222 :
2368 5171 2507 5223 unde
2525 5175 2796 5241 sapientiu-
2818 5174 2963 5227 ducit
2990 5178 3210 5229 Persius
3232 5194 3249 5230 :

2212 5262 2302 5315 Nil
2337 5262 2437 5313 tibi
2466 5266 2718 5315 concessit
2749 5266 2910 5330 ratio,
2949 5266 3188 5331 digitum
3216 5282 3389 5329 carere,
3422 5277 3616 5333 peccas.

2144 5352 2307 5401 Divus
2340 5366 2549 5420 quoque
2583 5354 2936 5420 Hieronymus
2969 5355 3135 5420 dicit,
3184 5357 3421 5424 corporis
3460 5353 3623 5406 nostri
3647 5356 3797 5402 sensus

2141 5454 2249 5491 esse
2281 5442 2440 5507 quasi
2479 5457 2638 5507 eqzlos
2671 5448 2940 5496 currentes
2968 5447 3084 5497 sine
3114 5450 3333 5509 rectore,
3368 5446 3599 5495 animum
3624 5450 3728 5490 vero
3760 5436 3796 5483 et

2140 5531 2405 5581 rationem
2440 5531 2495 5582 in
2527 5534 2737 5597 auriga:
2779 5533 2998 5586 modum
3030 5536 3258 5587 retinere
3296 5538 3451 5600 frena
3482 5528 3790 5583 currmtimn.

2140 5618 2392 5683 Quisquis
2424 5622 2594 5685 igitur
2627 5621 2755 5675 duce
2776 5626 2986 5677 ratione
3007 5624 3386 5691 ambulaverit,
3420 5625 3472 5675 in
3501 5618 3682 5689 primis
3698 5614 3793 5680 [ω’-
