3972 6182
349 332 454 386 879

1076 319 1428 374 APPENDIX
1468 318 1559 370 AD
1607 313 1853 369 LIBROS
1897 313 1987 368 DE
2030 305 2565 366 CONSOLATIONE
2609 301 3125 360 PHILOSOPHUS.

3711 300 3798 351 880

345 470 442 536 pie
462 465 650 532 refert,
687 456 1006 514 Theoderico
1039 458 1158 523 post
1199 453 1397 506 occisos
1427 450 1663 503 Boetium
1707 450 1756 500 et
1790 445 2035 512 Symma-
2071 445 2117 498 A
2146 456 2287 494 nunc
2313 438 2714 493 desiderantur.
2747 437 2913 489 Per-re
2940 432 3075 486 liber
3107 432 3196 484 ille
3221 433 3317 498 qui
3362 430 3519 495 vulgo
3561 431 3715 482 Boetii
3750 429 3805 482 de

349 559 506 611 chum
537 550 787 615 comanti,
822 561 940 600 cum
970 547 1102 598 esset
1133 545 1299 611 caput
1330 541 1496 608 piscis
1517 538 1778 600 oblatum,
1814 536 2041 588 herren-
2088 585 2091 590 ,

351 647 478 700 dam
508 645 566 696 in
582 641 674 694 illo
691 639 868 691 visam
893 631 1208 702 Symmachi
1235 631 1453 696 faciem,
1473 642 1591 693 quae
1613 625 1762 680 labro
1785 624 2044 690 inferiori

350 732 621 790 mordicus
673 724 1026 797 apprehenso,
1079 721 1197 789 sibi
1254 719 1420 774 torvis
1474 717 1643 770 oculis
1699 717 2040 769 minaretur:

348 838 510 892 eoque
542 821 940 874 consternatum
971 825 1169 880 pavore
1199 824 1375 876 regem
1418 805 1675 860 incidisse
1721 807 1778 858 in
1819 805 2042 871 aegritu-

353 889 555 976 dihem,
615 911 674 962 in
724 921 833 975 qua
890 904 1159 957 levitatem
1205 914 1361 953 suam
1404 897 1682 962 confessus
1720 894 1853 959 fuit,
1903 889 2048 959 quod

354 987 559 1058 scilicet
612 996 918 1067 pontiﬁcem
983 994 1230 1045 sanctum
1285 989 1464 1040 virum
1523 989 1572 1037 et
1628 999 1747 1036 cum
1797 996 1854 1035 ee
1909 979 2050 1034 alios

349 1094 592 1146 illustres
615 1090 902 1150 Romanos,
927 1085 977 1135 et
1003 1086 1129 1134 tunc
1169 1075 1649 1147 praestantissimos
1691 1075 1835 1125 vires
1881 1070 2049 1139 Sym-

352 1180 606 1236 machum
653 1191 715 1229 ac
752 1174 995 1227 Boetium
1033 1168 1115 1222 'ad
1155 1166 1497 1237 perditorum
1545 1164 1818 1216 hominum
1857 1173 2048 1226 sugge-

356 1274 578 1325 stionem
618 1263 836 1328 eccidit,
876 1265 926 1314 et
951 1259 1117 1329 paulo
1145 1260 1269 1326 post
1307 1271 1424 1309 eam
1469 1251 1858 1318 confessionem
1905 1248 2051 1301 illico

357 1359 682 1427 ewspiravit.
712 1351 898 1408 Simile
924 1351 1231 1416 certiusque
1253 1344 1614 1399 testimonium
1635 1337 1827 1394 subitz
1861 1333 2052 1390 mortis

360 1424 576 1518 inflictae
611 1444 730 1511 regi
784 1437 1104 1496 Theoderico
1141 1435 1214 1489 ad
1269 1447 1482 1503 poenam
1521 1428 1834 1498 iniquitatis
1891 1424 2054 1493 affert

357 1513 576 1594 sanctus
629 1532 857 1587 ecclesiis
923 1529 1106 1582 doctor
1180 1523 1468 1588 Gregorius
1529 1522 1588 1572 in
1645 1517 1890 1582 Dialege,
1958 1513 2054 1566 ubi

354 1628 570 1684 scribit:
606 1623 917 1677 solitarium
938 1629 1147 1682 magnae
1172 1613 1396 1665 virtutis
1416 1611 1599 1662 virum
1625 1605 1776 1675 apud
1797 1606 2053 1672 Liparem

359 1716 595 1771 insulam
643 1713 702 1764 in
745 1721 916 1761 eremo
965 1704 1316 1765 habitantem,
1368 1713 1477 1766 qua
1520 1696 1608 1749 die
1651 1694 1937 1760 defunctus
1975 1696 2054 1745 est

360 1810 626 1862 Ravennae
709 1795 1091 1853 Theodericus,
1155 1789 1328 1842 Gethe
1407 1785 1624 1840 cuidam
1700 1783 1872 1836 nobili
1930 1789 2056 1835 tunc

363 1896 591 1957 dixisse,
632 1889 812 1943 visam
843 1901 876 1937 a
919 1899 972 1937 se
1009 1878 1323 1937 Theoderici
1368 1878 1511 1943 regis
1543 1875 1800 1937 animam,
1863 1886 1982 1939 quae
2025 1888 2058 1924 a

361 1984 564 2037 Joanne
623 1980 856 2032 Remane
905 1972 1154 2040 pontiﬁce
1202 1972 1251 2021 et
1309 1963 1647 2034 Symmacho,
1695 1976 1826 2029 quos
1875 1976 1971 2029 per
1998 1958 2060 2013 id

365 2071 620 2140 temporis
665 2063 955 2126 occiderat,
1003 2062 1063 2112 in
1093 2059 1253 2111 ollam
1295 2056 1529 2110 Vulcani
1558 2050 1846 2118 mergenda
1873 2055 2060 2118 perta-

361 2139 531 2216 retur.
566 2157 702 2226 Ejus
743 2156 922 2206 autem
946 2149 1068 2206 lilia
1106 2148 1220 2212 fuit
1249 2143 1702 2206 Amalasiuntha,
1741 2143 1870 2192 teste
1922 2139 2059 2194 Cas—

363 2248 576 2306 siedore
606 2243 928 2313 gravissimo
959 2241 1194 2301 auctore,
1218 2235 1357 2287 inter
1383 2232 1687 2302 primarias
1716 2228 2060 2281 rarissimas-

369 2355 472 2409 que
519 2337 750 2403 feminas
794 2325 1232 2390 annumeranda,
1290 2323 1488 2378 Graecis
1510 2325 1559 2373 et
1591 2319 1808 2373 Latinis
1865 2317 2060 2370 litteris

366 2405 575 2496 egregie
607 2423 836 2483 imbuta,
868 2419 1166 2472 multarum
1193 2411 1504 2476 linguarum
1530 2410 1732 2477 perita,
1768 2421 1933 2474 quam
1970 2405 2061 2457 ille

369 2494 524 2580 dicit,
558 2511 740 2567 videre
759 2505 1147 2567 venerandum,
1178 2501 1372 2555 audire
1401 2501 1720 2563 loquentem,
1750 2497 1923 2560 fuisse
1951 2494 2060 2546 mi-

367 2604 634 2660 raculum.
672 2601 815 2663 Haec,
860 2594 1184 2650 Theodorico
1215 2595 1374 2660 patre
1419 2603 1513 2642 suo
1545 2591 1778 2652 mortue,
1811 2584 1984 2638 Boetii
2013 2585 2062 2636 et

369 2690 682 2762 Symmachi
707 2689 838 2756 ﬁliis
873 2685 1006 2738 bona
1040 2687 1272 2752 paterna
1301 2681 1358 2731 in
1389 2680 1576 2747 ﬁscum
1596 2675 1780 2728 delata
1801 2673 2058 2726 restituit.

371 2785 602 2847 Aliquot
628 2783 804 2832 autem
836 2777 997 2827 annis
1024 2776 1164 2840 post,
1206 2784 1325 2822 cum
1371 2767 1577 2821 Totilas
1623 2764 1921 2817 Gothorum
1966 2776 2063 2814 rem

370 2873 555 2927 urbem
588 2871 810 2923 Romam
836 2865 1079 2932 cepisset,
1114 2863 1370 2914 accusata
1415 2858 1527 2922 fuit
1556 2872 1589 2908 a
1637 2853 1832 2908 Gothis
1874 2852 2062 2906 Rusti-

369 2963 532 3015 ciana
566 2953 738 3011 Boetii
775 2950 1047 3022 quondam
1091 2963 1248 3014 umor,
1301 2945 1448 3018 quod
1493 2949 1705 2998 statuas
1754 2940 2067 2995 Theoderici

367 3052 513 3118 regis
546 3045 818 3112 confringi
847 3041 1118 3107 delerique
1158 3039 1397 3090 curasset
1445 3034 1507 3088 ob
1547 3031 1848 3086 vindictam
1897 3030 2069 3084 Boetii

371 3139 563 3193 mariti
590 3150 653 3188 ac
704 3130 1012 3198 Symmachi
1037 3129 1237 3196 patris,
1272 3140 1403 3194 quos
1438 3121 1796 3177 Theodericus
1839 3120 2070 3183 interﬁci

371 3228 596 3293 fecerat.
637 3219 789 3286 Quod
837 3215 1197 3284 ebjiciebatur
1255 3212 1472 3264 mulieri
1515 3209 1579 3263 de
1625 3209 1846 3272 statuis,
1885 3220 2070 3259 verum

372 3319 546 3381 fuisse
573 3307 913 3380 putabatur:
947 3303 1040 3357 sed
1070 3300 1362 3354 excusabat
1385 3315 1500 3352 eam
1517 3298 1699 3366 justus
1721 3295 1892 3359 dolor,
1926 3293 2072 3363 quod

375 3414 595 3468 magnos
627 3397 747 3449 illos
777 3396 923 3446 viros
967 3391 1169 3458 injuste
1198 3393 1409 3442 necatos
1435 3389 1608 3453 fuisse
1629 3384 1926 3440 constabat.
1952 3383 2071 3446 Qua

372 3492 586 3545 ratione
630 3483 835 3538 Totilas
879 3495 998 3534 eam
1046 3477 1295 3542 absolvit,
1346 3483 1394 3530 et
1427 3477 1494 3528 ab
1535 3477 1737 3545 impetu
1779 3473 2073 3528 Gothorum

375 3584 550 3634 tutam
575 3573 833 3629 servavit.
1157 3559 1160 3562 ’

517 3665 587 3719 Il.
621 3659 804 3716 Boetii
837 3672 1012 3728 opera
1037 3671 1166 3726 qua:
1196 3669 1350 3708 nunc
1376 3655 1598 3706 exstant
1625 3650 1746 3705 haec
1774 3655 1924 3704 sunt.

453 3758 524 3811 In
552 3750 850 3822 Porphyrii
881 3749 1148 3814 Isagegen
1186 3745 1577 3798 Enarratienes
1611 3741 1751 3807 duae,
1795 3743 1975 3810 prima
2021 3741 2072 3792 et

370 3845 625 3905 secunda.

448 3940 520 3992 In
549 3929 860 3990 Aristotelis
895 3923 1334 3995 .Praedicamenta
1388 3923 1887 3976 commentariorum
1945 3915 2075 3972 libri

379 4029 508 4083 duo.

450 4119 515 4171 In
544 4109 783 4181 ejusdem
814 4105 1014 4161 librum
1045 4101 1111 4155 de
1139 4102 1614 4169 {Inter-pretatione
1654 4101 1839 4168 prima
1885 4095 2073 4163 editio,

378 4200 684 4262 etsecunda
725 4199 781 4250 in
803 4210 900 4250 sex
933 4193 1097 4245 libros
1125 4189 1445 4244 distributa.

450 4293 610 4349 Liber
637 4289 702 4341 de
733 4280 1123 4338 Divisionibus.

453 4381 611 4438 Liber
637 4377 702 4431 de
723 4370 1180 4442 Difﬁnitionibus.

449 4466 792 4525 Intreductie
823 4462 896 4514 ad
927 4459 1263 4525 Categerices
1297 4455 1667 4522 Syllegismos.

453 4565 513 4615 In
539 4555 809 4614 Ciceronis
841 4551 1038 4618 Tepiea
1064 4547 1565 4600 commentariorum
1597 4542 1728 4596 libri
1743 4557 1861 4595 sex.

450 4653 522 4703 De
547 4642 879 4714 Differcntiis
904 4640 1095 4707 (opicis
1129 4634 1258 4688 libri
1282 4637 1533 4701 quatuor.

449 4742 524 4791 De
554 4731 872 4801 Syllegismo
894 4727 1190 4794 categorice
1224 4723 1354 4777 libri
1384 4721 1509 4774 duo-

458 4828 526 4878 De
557 4822 881 4889 Syllegisme
914 4816 1253 4884 hypethetice
1281 4812 1411 4864 libri
1439 4810 1562 4863 duo.

455 4914 527 4965 De
557 4909 823 4962 Trinitate
855 4904 982 4956 libri
1014 4903 1138 4955 duo.

456 5005 530 5055 De
559 4993 997 5052 Hebdomadibus
1031 4993 1165 5044 liber
1196 5005 1357 5043 unus.

456 5095 528 5146 De
564 5087 782 5142 Unitate
813 5085 861 5134 et
891 5096 993 5133 uno
1023 5079 1156 5132 liber
1188 5094 1346 5133 unus.

454 5184 525 5235 De
557 5173 776 5232 Duabus
797 5171 1010 5224 naturis
1033 5173 1082 5221 et
1103 5184 1212 5220 una
1237 5183 1466 5236 persona
1482 5166 1718 5237 [Christi
1756 5164 1891 5218 liber
1914 5179 2074 5218 unus.

458 5275 528 5325 De
555 5261 917 5322 Arithmetica
949 5257 1075 5310 libri
1105 5256 1228 5310 duo.

457 5363 529 5414 De
551 5356 765 5412 Musica
794 5349 922 5404 libri
955 5347 1211 5415 quinque.

459 5452 528 5503 De
559 5443 858 5500 Geometria
881 5437 1009 5493 libri
1040 5434 1148 5488 duo
1173 5449 1240 5486 ea:
1269 5434 1491 5488 Euclide
1518 5435 1794 5489 translati.

459 5539 532 5590 De
557 5532 928 5590 Consolatione
955 5523 1333 5596 philosophiae,
1363 5521 1458 5576 hoc
1488 5537 1620 5591 opus
1648 5521 1913 5577 divinum.

459 5625 690 5691 Scripsit
710 5625 759 5674 et
779 5621 892 5673 alia
917 5631 1035 5670 cum
1051 5614 1312 5680 carmine,
1335 5615 1448 5666 tum
1477 5612 1654 5665 soluta
1674 5614 1933 5681 oratione,
1957 5625 2076 5682 quae

2152 530 2455 598 Disciplina
2482 523 2809 580 scholar-ium
2827 523 3166 587 inscribitur,
3198 535 3304 573 non
3331 524 3408 573 est
3434 517 3564 587 ejus,
3595 518 3679 572 sed
3699 518 3805 571 bar-

2155 619 2276 671 bari
2294 618 2470 670 nescio
2512 614 2686 682 cujus,
2741 612 2886 680 quod
2919 626 3038 664 cum
3071 611 3184 662 alia
3221 609 3479 678 pleraque
3519 613 3808 673 coarguunt,

2154 713 2264 761 tum
2294 707 2467 773 stylus
2495 704 2660 769 facile
2696 701 2929 769 indicat,
2977 716 3011 753 a
3038 700 3206 753 Boetii
3253 713 3371 750 cum
3402 697 3687 750 eruditione
3714 703 3810 750 tum

2152 798 2420 864 elegantia
2447 808 2576 848 sane
2605 807 2768 860 quam
2817 791 3053 843 alienus.
3097 789 3214 843 Non
3263 789 3448 852 ignore
3480 791 3650 839 tamen
3677 787 3812 839 Pium

2156 887 2463 954 Baptistam
2511 884 2887 936 Beneniensem
2921 879 3081 931 aliter
3111 878 3326 938 sentire,
3370 875 3465 928 sed
3515 891 3626 928 eum
3676 876 3816 940 facile

2157 976 2296 1029 alias
2325 974 2647 1040 refellemus.
2684 968 2984 1023 Transtulit
3007 969 3132 1020 item
3159 965 3379 1018 Boetius
3402 969 3578 1018 noster
3606 966 3658 1017 in
3684 965 3815 1018 Lati-

2156 1080 2282 1118 nam
2305 1064 2549 1129 linguam
2588 1059 2884 1128 complures
2915 1056 3228 1111 Aristotelis
3272 1054 3458 1122 libres,
3492 1057 3541 1106 et
3565 1054 3817 1106 nonnullos

2157 1154 2398 1209 Platonis
2447 1150 2713 1217 dialogos,
2771 1147 3047 1217 pollicitus
3105 1147 3269 1198 etiam
3319 1146 3603 1211 utriusque
3654 1143 3817 1196 herum

2157 1241 2599 1312 philosophorum
2658 1235 3000 1291 concordiam
3042 1249 3097 1288 se
3152 1235 3486 1302 scripturum
3513 1248 3531 1285 :
3583 1231 3716 1299 quod
3762 1246 3818 1283 an

2157 1332 2497 1402 praestiterit,
2519 1331 2851 1396 compertum
2871 1339 2976 1378 non
3003 1323 3278 1376 habemus.
3311 1325 3384 1377 At
3413 1322 3513 1374 hac
3544 1324 3819 1389 tempestate

2161 1421 2314 1474 nulla
2335 1421 2502 1474 Boetii
2540 1417 2917 1486 interpretatio
2958 1417 3159 1481 exstat,
3211 1417 3271 1465 ut
3301 1412 3428 1465 bene
3457 1415 3679 1465 testatur
3711 1412 3818 1464 Lee-

2160 1509 2389 1564 nardius
2421 1509 2681 1561 Aretinus
2719 1507 2779 1558 in
2811 1507 3005 1572 quarto
3051 1502 3424 1570 Epistolarum
3455 1500 3608 1566 libro,
3646 1504 3818 1568 prater

2163 1614 2326 1664 quam
2371 1596 2669 1665 Porphyrii
2717 1598 2767 1647 et
2822 1591 3389 1655 Praedicamentorum,
3421 1595 3472 1643 et
3526 1593 3637 1662 περὶ
3689 1588 3817 1662 ἑρμη-

2165 1694 2299 1748 νείας
2346 1686 2624 1740 librorum.
2680 1685 2818 1750 Quos
2862 1685 2911 1736 si
2956 1685 3206 1734 accurate
3246 1681 3407 1747 leges,
3464 1679 3667 1732 videbis
3700 1693 3820 1732 sum-

2097 1749 2134 1802 B
2153 1779 2310 1831 Vnum
2341 1777 2496 1829 illum
2536 1749 2713 1828 virum
2748 1775 2862 1826 sine
2891 1772 3020 1824 ullis
3051 1771 3274 1838 ineptiis
3323 1769 3490 1822 libros
3517 1767 3637 1823 illos
3675 1773 3822 1820 trans-

2173 1867 2583 1920 tulisse.Te:etus
2615 1866 2691 1916 est
2721 1861 2931 1914 nitidus
2961 1865 3009 1914 et
3047 1859 3266 1927 planus,
3311 1862 3362 1911 et
3409 1858 3587 1913 Graece
3630 1871 3821 1925 respon-

2171 1955 2320 2009 dens.
2348 1955 2434 2009 Ab
2478 1952 2661 2006 eodem
2687 1949 2964 2005 Leena-rde
2985 1952 3041 2001 in
3075 1950 3262 2013 quinte
3310 1947 3656 2018 epistolarum
3696 1946 3821 1998 velu-

2169 2049 2336 2098 mine.
2376 2045 2590 2097 Boetius
2633 2044 2721 2094 vir
2754 2039 3092 2094 doctissimus
3122 2038 3312 2090 merito
3353 2036 3574 2097 dicitur,
3606 2035 3667 2089 de
3695 2034 3820 2101 cujus

2165 2133 2490 2204 praestantia
2521 2135 2568 2184 et
2599 2131 2836 2183 aliarum
2862 2127 3157 2194 honoriﬁca
3177 2126 3426 2190 quaedam
3449 2127 3733 2180 testimonia
3759 2123 3823 2175 his

2170 2237 2441 2294 apponere
2472 2221 2685 2274 libitum
2705 2223 2801 2272 est.

2705 2322 2957 2394 Baptista
2989 2322 3326 2375 Mantuanus

2242 2419 2493 2486 Baptista
2519 2417 2850 2470 Mantuanus
2878 2413 2934 2465 in
2963 2411 3302 2478 Apolegetico
3353 2412 3594 2465 Boetium
3621 2409 3828 2479 appellat

2167 2508 2552 2574 gravissimum
2569 2504 3078 2568 sanctissimumque
3101 2503 3300 2565 virum,
3334 2505 3386 2552 et
3416 2502 3647 2554 omnium
3675 2500 3816 2552 scien-

2174 2600 2377 2652 tiarum
2393 2595 2793 2665 peritissimum
2812 2607 2874 2644 ac
2892 2590 3410 2659 prastantissimum
3428 2591 3662 2644 veritatis
3680 2586 3824 2655 inqui-

2175 2690 2392 2742 sitorem
2422 2689 2469 2739 et
2487 2687 2832 2738 inventorem.

2713 2787 2963 2858 Angelus
2997 2785 3323 2840 Politianus.

2247 2881 2490 2948 Angelus
2519 2881 2821 2947 Politianus
2859 2879 2917 2930 in
2950 2875 3311 2930 Miscellaneis
3345 2891 3357 2929 :
3411 2877 3546 2932 Nam
3575 2875 3706 2945 quis,
3751 2873 3820 2924 in-

2181 2976 2318 3040 quit,
2353 2972 2530 3024 Beetie
2555 2969 2638 3022 vel
2684 2970 2741 3020 in
2767 2965 3068 3019 dialecticis
3117 2966 3350 3032 acutior,
3400 2965 3484 3018 vel
3518 2964 3742 3018 subtilior
3779 2961 3819 3012 in

2106 3022 2150 3079 δ
2180 3022 2598 3125 mathematicis,
2619 3057 2701 3110 vel
2730 3058 2789 3108 in
2808 3054 3153 3124 philosophia
3181 3022 3514 3122 locupletior,
3543 3055 3622 3107 vel
3639 3057 3687 3106 in
3705 3051 3817 3103 theo-

2181 3151 2324 3217 logia
2356 3147 2672 3203 sublimior?
2703 3147 2873 3209 Quem
2920 3146 3063 3198 tanti
3076 3143 3326 3210 juniores
3359 3146 3520 3198 etiam
3538 3139 3817 3212 philosophi,

2181 3241 2335 3306 longe
2375 3235 2662 3307 (arbitror)
2699 3235 2940 3287 omnium
2987 3235 3452 3302 perspicacissimi
3497 3235 3734 3299 fecerunt,
3774 3230 3818 3280 ut

2180 3331 2514 3397 Aquinatem
2548 3325 2802 3380 Thomam
2818 3323 3004 3376 divum
3033 3324 3315 3387 hominem,
3343 3336 3685 3390 magnumque
3703 3318 3820 3370 illum

2187 3418 2394 3473 Thomae
2449 3419 2831 3484 pracepterem
2858 3412 3038 3482 [(Deus
3085 3410 3214 3464 bene
3257 3427 3394 3475 quos
3439 3411 3629 3478 viros!)
3669 3406 3820 3461 habere

2181 3507 2435 3560 meruerit
2469 3507 2831 3567 enarratores,
2863 3505 2911 3554 et
2942 3501 3009 3554 ab
3042 3502 3213 3568 ipsius
3240 3505 3511 3554 sententia
3541 3515 3601 3553 ne
3641 3500 3704 3552 sit
3735 3494 3819 3548 ulla

2183 3595 2398 3664 quidem
2424 3608 2557 3662 pene
2580 3591 2911 3662 provocatio.

2911 3695 3153 3752 Platina.

2253 3791 2472 3845 Plotina
2506 3791 2565 3842 in
2590 3787 2896 3843 Hermisdw
2929 3785 3205 3856 pontiﬁcis
3245 3789 3480 3840 maximi
3525 3788 3658 3850 Vita,
3698 3783 3814 3836 litte-

2181 3896 2370 3936 rarum
2400 3882 2757 3934 monumentis
2789 3878 2896 3931 haec
2932 3875 3182 3946 prodidit
3212 3895 3226 3930 :
3257 3878 3502 3930 Boetium
3528 3881 3574 3929 et
3597 3875 3814 3945 [Symma-

2183 3972 2341 4026 chum
2389 3968 2745 4024 Theedericus
2785 3967 2848 4020 ob
2887 3967 3245 4034 suSpicionem
3289 3965 3554 4034 aﬁ'ectalw
3592 3958 3812 4016 libertatis

2183 4060 2374 4113 exsilio
2413 4057 2616 4126 primo,
2672 4071 2796 4110 mea:
2830 4071 3046 4110 carcere
3088 4055 3280 4124 afficit.
3315 4057 3389 4109 In
3432 4057 3527 4109 hac
3563 4049 3817 4108 calamitate

2185 4151 2508 4202 constitutus
2532 4148 2764 4210 Boetius,
2791 4145 2964 4198 multa
2990 4146 3210 4212 scripsit
3241 4159 3363 4212 quae
3385 4145 3556 4198 adhuc
3585 4141 3810 4207 leguntur.

2190 4236 2495 4290 Transtulit
2522 4239 2571 4287 et
2595 4234 2857 4303 pleraque
2885 4247 2953 4286 ea:
2975 4231 3288 4298 Aristotele,
3311 4233 3594 4300 eademque
3613 4237 3818 4284 commen-

2188 4329 2332 4378 tatus
2363 4329 2458 4378 est.
2495 4326 2551 4378 In
2581 4322 2974 4377 mathematicis
2992 4320 3330 4375 doctissimus
3365 4326 3440 4376 est
3461 4322 3680 4380 habitus,
3707 4307 3818 4381 quod

2187 4415 2303 4482 ejus
2333 4415 2541 4468 Musica
2583 4416 2632 4466 et
2665 4411 3030 4465 Arithmetica
3074 4410 3383 4464 ostendunt.
3436 4413 3681 4465 Postremo
3722 4411 3815 4454 vero

2187 4518 2308 4556 cum
2326 4501 2645 4571 Symmache
2675 4504 2917 4555 senatore
2941 4499 3256 4554 Theoderici
3279 4501 3443 4569 jussu
3468 4501 3688 4553 necatur.
3713 4489 3818 4545 Sunt

2187 4596 2369 4646 autem
2390 4593 2486 4660 qui
2504 4590 2750 4660 scribunt
2769 4591 3012 4643 Boetium
3033 4588 3607 4658 tantamicalamitatem
3617 4581 3814 4639 subiisse,

2187 4682 2334 4753 quod
2358 4683 2416 4734 in
2446 4682 2685 4735 Arianes
2715 4678 3078 4745 inveheretur,
3107 4677 3182 4732 ad
3220 4694 3350 4747 quos
3397 4674 3722 4732 Theodericus
3742 4665 3816 4718 de-

2187 4773 2505 4825 clinaverat.
2530 4770 2788 4838 Superior
2817 4769 3081 4822 sententia
3101 4769 3238 4822 mihi
3259 4770 3434 4822 verior
3461 4765 3674 4819 videtur.

2401 4874 2656 4945 Raphael
2678 4875 3078 4930 Volaterranus
3108 4875 3166 4928 in
3192 4870 3644 4944 Anthropologia.

2256 4983 2490 5049 Boetius,
2544 4984 2744 5036 Zenone
2801 4985 3118 5052 imperante,
3181 4982 3244 5036 ob
3297 4982 3554 5051 aﬂectatae
3594 4966 3815 5031 libertatis

2186 5080 2543 5145 suSpicienem
2578 5093 2610 5130 a
2658 5077 2978 5132 Theodorico
3007 5094 3130 5146 rege
3167 5079 3356 5133 exsilio
3400 5076 3711 5133 damnatur:
3749 5061 3816 5115 des

2185 5167 2312 5221 inde
2341 5166 2598 5221 custodiae
2619 5168 2880 5234 traditus,
2900 5168 3066 5236 plura
3090 5171 3423 5237 conscripsit.
3454 5161 3667 5220 Tandem
3680 5146 3815 5210 simul

2187 5271 2306 5310 cum
2338 5257 2655 5322 Symmache
2693 5262 2934 5311 senatore
2977 5272 3152 5311 secere
3181 5271 3296 5322 suo,
3341 5258 3565 5324 aliisque
3595 5247 3815 5320 praestan-

2186 5347 2327 5400 tibus
2387 5348 2544 5410 viris,
2576 5348 2920 5415 interﬁcitur.
2982 5347 3118 5414 Ejus
3168 5345 3360 5400 deinde
3390 5349 3589 5398 statuas
3630 5328 3813 5391 Amala-

2185 5435 2406 5489 siuntha
2435 5436 2696 5501 restituit,
2731 5439 2780 5488 et
2833 5434 3135 5489 haeredibus
3173 5435 3552 5504 patrimonium
3591 5421 3808 5479 incolume

2183 5523 2445 5578 reddidit.
2489 5524 2586 5579 Vir
2613 5525 2852 5577 omnium
2873 5538 3033 5591 unus,
3065 5525 3162 5592 qui
3181 5527 3232 5577 et
3270 5521 3610 5582 doctissimus,
3643 5513 3687 5563 et
3715 5505 3810 5559 sine

2185 5613 2344 5680 genio
2366 5613 2536 5679 fuerit
2557 5613 2615 5665 in
2643 5611 2944 5668 scribendo.
3031 5603 3038 5611 ’
