3982 6182
185 303 271 356 88,
1319 293 1533 347 VARIA
1577 293 1757 350 nom

1319 293 1533 347 VARIA
1577 293 2016 350 MONUMENTA
2057 292 2504 348 LITTEHARIA.

243 430 523 485 Mattheus
550 427 866 482 Palmerias
899 425 1255 481 Florentinus
1278 426 1336 480 in
1363 426 1678 481 Chronicis.

244 521 445 574 Boetius
475 518 774 572 senatorius
802 521 909 585 vir,
932 516 994 570 ob
1025 518 1382 585 suspicionem
1401 516 1668 585 affectata
1695 515 1854 570 liber-

179 613 295 662 tatis
318 625 351 662 a
386 607 708 662 Theodorico
739 607 933 660 exsilio
974 605 1287 674 damnatus,
1321 622 1552 676 moxque
1580 609 1639 660 in
1672 621 1854 660 carce-

179 713 277 751 rem
309 702 508 761 trusus,
535 695 701 764 plura
738 694 1049 748 conscribit.

723 783 881 838 Idem
913 783 1086 852 paulo
1121 786 1268 852 post.

237 877 440 931 Boetius
481 874 600 941 jam
637 872 855 942 pridem
894 873 1086 926 exsilio
1133 876 1434 937 revocatus,
1495 876 1544 926 et
1597 874 1851 940 praetorio

171 968 461 1036 praefectus,
505 963 820 1017 Theoderici
838 962 1004 1030 jussu
1023 963 1190 1015 simul
1205 977 1324 1015 cum
1353 961 1670 1025 Symmacho
1698 977 1849 1015 sena-

175 1061 272 1111 tore
296 1059 342 1108 et
372 1069 490 1107 cum
515 1054 642 1106 aliis
675 1051 1066 1122 prxstantibus
1092 1055 1228 1105 viris
1266 1052 1612 1118 interﬁcitur.

236 1145 443 1198 Marcus
520 1142 797 1196 Antonius
880 1140 1192 1195 Sabellicus
1273 1139 1553 1195 Enneadis
1634 1143 1848 1195 octava:

825 1230 969 1284 libro
992 1230 1258 1284 secundo.

237 1323 392 1376 Boetii
419 1325 572 1389 septa
613 1321 823 1387 longius
853 1320 1076 1384 durant,
1121 1323 1393 1389 variaque
1449 1324 1726 1375 versatum
1769 1324 1847 1375 est

172 1413 296 1466 illud
319 1415 591 1480 ingenium
619 1427 716 1480 per
762 1427 939 1465 omnes
979 1412 1342 1481 philosophia:
1394 1417 1580 1481 partes
1623 1417 1734 1466 tam
1764 1428 1846 1466 co-

171 1505 300 1570 piose
318 1507 364 1554 et
386 1503 675 1567 eleganter,
700 1505 759 1554 ut
783 1505 991 1555 nescias
1021 1506 1207 1555 utrum
1230 1502 1454 1556 ultimus
1474 1505 1644 1568 fuerit
1663 1517 1846 1556 eorum

173 1593 256 1659 qui
285 1593 506 1646 Romane
535 1592 699 1644 locuti
729 1594 875 1654 sunt,
912 1606 984 1644 an
1013 1593 1226 1659 primus
1266 1594 1362 1659 qui
1390 1593 1710 1645 inclinatam
1736 1592 1842 1644 elo-

174 1682 424 1745 quentiam
454 1683 514 1733 in
543 1682 812 1746 integrum
841 1682 1126 1734 restituere
1157 1683 1230 1734 sit
1254 1679 1498 1734 adortus.
1529 1681 1766 1748 Scripsit
1784 1682 1843 1734 in

173 1768 354 1822 divinis
383 1769 656 1838 quaedam,
688 1768 782 1822 sed
808 1771 865 1822 in
893 1769 1288 1822 mathematicis
1316 1770 1481 1822 multo
1509 1769 1694 1838 plura.
1729 1770 1843 1823 Ex-

171 1864 300 1913 stant
353 1861 407 1912 in
461 1859 780 1913 dialecticen
839 1863 1228 1925 commentarii,
1283 1864 1463 1914 exstat
1509 1865 1556 1913 et
1606 1875 1840 1913 carmen.

173 1949 404 2002 Caterum
436 1965 558 2002 cum
603 1953 895 2016 utrumque
936 1950 1010 2001 sit
1048 1948 1115 2000 ab
1155 1949 1323 2003 altero
1374 1949 1667 2017 diversum,
1721 1949 1847 2017 jure

174 2037 395 2090 dubitari
421 2040 597 2106 possit
616 2043 798 2091 utrum
818 2039 988 2103 fuerit
1010 2037 1094 2090 illi
1120 2043 1320 2091 natura
1338 2041 1515 2106 magis
1535 2041 1843 2108 proprium.

174 2126 224 2179 In
247 2128 442 2180 cunctis
485 2130 602 2180 tam
651 2131 831 2181 castus
861 2129 910 2180 et
939 2127 1175 2195 elegans,
1202 2132 1263 2180 ut
1296 2142 1416 2181 cum
1449 2127 1684 2195 quolibet
1723 2143 1845 2184 ma-

167 2215 326 2283 jorum
353 2220 536 2270 certet.

231 2305 382 2374 Apud
411 2305 795 2362 Cassiodorum
825 2307 884 2359 in
923 2305 1080 2360 libris
1105 2307 1387 2358 variarum
1429 2319 1607 2358 rerum
1637 2306 1847 2374 aliquot

172 2394 390 2463 eruditae,
411 2400 462 2448 et
499 2410 624 2448 cum
673 2394 891 2464 primis,
943 2394 1249 2463 honoriﬁcx
1296 2393 1611 2448 Theodoriei
1643 2395 1846 2450 Gotho-

172 2500 274 2536 rum
299 2487 437 2551 regis
467 2483 548 2537 ad
578 2485 818 2538 Boetium
847 2484 1086 2552 epistolx
1111 2485 1381 2550 leguntur,
1415 2499 1650 2552 quarum
1681 2500 1847 2538 unam

175 2572 252 2626 hoc
269 2576 606 2641 potissimum
637 2573 745 2627 loco
779 2572 1152 2626 ascribendam
1176 2575 1373 2642 putavi
1396 2588 1409 2626 :

232 2684 256 2710 ‹‹
279 2663 446 2716 Boetio
466 2665 592 2715 viro
604 2662 812 2716 illustri
819 2664 1076 2730 patricio,
1097 2662 1456 2717 Theodoricus
1475 2678 1570 2716 rex
1583 2662 1842 2718 Salutem.

232 2749 535 2818 Spernenda
566 2765 670 2804 non
705 2755 833 2803 sunt
863 2766 981 2819 quae
1024 2767 1059 2803 a
1098 2752 1292 2804 vicinis
1342 2751 1564 2818 regibus
1589 2766 1848 2820 praesum-

174 2841 349 2906 ptionis
370 2841 562 2906 gratia
588 2840 960 2908 postulantur,
1011 2839 1141 2892 dum
1188 2840 1506 2909 plerumque
1544 2855 1635 2894 res
1658 2856 1849 2910 parvae

171 2929 274 2994 plus
291 2930 587 2997 prxvalent
614 2933 874 2998 praestare
904 2944 1068 2997 quam
1113 2944 1324 2996 magnae
1350 2935 1578 2998 possunt
1609 2931 1847 2984 obtinere

174 3017 371 3072 divitiae.
408 3021 740 3086 Frequenter
763 3021 902 3071 enim
934 3017 1078 3085 quod
1115 3033 1273 3071 arma
1303 3020 1517 3086 explere
1557 3023 1843 3088 nequeunt,
1887 3041 1926 3097 ο

174 3107 531 3161 oblectamenta
580 3108 873 3161 suavitatis
925 3108 1225 3175 imponunt.
1289 3108 1373 3162 Sit
1401 3123 1526 3175 ergo
1562 3123 1661 3176 pro
1690 3124 1848 3178 repu—

176 3196 310 3263 blica,
353 3201 400 3251 et
446 3212 572 3251 cum
624 3195 807 3250 ludere
857 3195 1126 3250 videmur.
1177 3199 1315 3252 Nam
1367 3196 1485 3250 ideo
1523 3197 1848 3266 voluptuosa

176 3289 453 3351 quaerimus,
490 3289 557 3339 ut
594 3300 691 3353 per
733 3287 857 3353 ipsa
895 3287 1040 3337 seria
1081 3286 1457 3353 compleamus.
1492 3285 1844 3353 Burgundio-

174 3389 280 3427 num
303 3377 480 3444 itaque
530 3372 784 3428 dominus
815 3389 846 3426 a
877 3373 1028 3426 nobis
1076 3388 1400 3442 magnopere
1444 3375 1751 3452 postulavit
1787 3377 1847 3428 ut

173 3461 493 3530 horologium,
523 3462 674 3527 quod
723 3465 882 3529 aquis
912 3461 1009 3515 sub
1048 3461 1262 3515 modulo
1305 3461 1598 3532 ﬂuentibus
1651 3467 1844 3532 tempe-

173 3555 324 3619 ratur,
351 3557 398 3605 et
427 3552 579 3621 quod
605 3550 736 3605 solis
759 3553 1004 3604 immensi
1041 3551 1419 3621 comprehensa
1451 3553 1849 3606 illuminatione
1889 3575 1903 3586 ο

175 3638 527 3708 distinguitur,
567 3655 685 3694 cum
716 3641 996 3707 magistris
1022 3656 1202 3694 rerum
1232 3642 1280 3694 ei
1307 3643 1672 3695 transmittere
1693 3641 1847 3694 debe-

174 3743 343 3784 remus.
367 3735 635 3796 quatenus
668 3732 972 3798 impetratis
1003 3729 1444 3785 delectationibus
1493 3731 1844 3800 per/ruendo,

176 3819 297 3884 quod
325 3819 470 3873 nobis
500 3818 908 3889 quotidianum,
943 3817 1055 3873 illis
1081 3818 1336 3872 videatur
1363 3834 1474 3874 esse
1503 3820 1844 3874 miraculum.

176 3906 338 3961 Merito
385 3907 661 3977 siquidem
722 3910 988 3976 respicere
1039 3909 1285 3977 cupiunt,
1343 3908 1487 3976 quod
1551 3909 1849 3975 legatorum

175 4009 364 4050 suorum
390 3996 750 4051 relationibus
780 3997 1179 4065 obstupescunt.
1227 3999 1335 4051 Hoc
1379 4001 1427 4051 te
1454 3999 1629 4053 multa
1662 3999 1848 4053 erudi-

178 4086 298 4138 tione
311 4089 622 4152 saginatum
649 4089 727 4138 ita
751 4101 906 4139 nosse
925 4085 1238 4153 didicimus,
1271 4090 1331 4139 ut
1349 4091 1492 4141 artes
1525 4102 1661 4156 quas
1691 4103 1847 4142 exer-

177 4177 273 4225 cent
299 4174 603 4242 vulgariter
644 4175 956 4240 nescientes,
1006 4177 1064 4226 in
1094 4176 1208 4242 ipso
1239 4174 1658 4243 disciplinarum
1683 4176 1849 4246 [fonte

175 4265 435 4326 potaveris.
469 4265 560 4318 Sic
584 4265 724 4316 enim
771 4263 1186 4316 Atheniensium
1215 4264 1425 4317 scholas
1460 4265 1612 4330 longe
1637 4268 1846 4333 positus

3549 296 3655 349 882

1888 428 1932 483 Α
1960 430 2078 481 sent
2109 429 2158 480 et
2187 426 2274 480 illi
2311 440 2444 495 opus
2495 427 2646 480 tuum
2692 426 2977 494 praeferre,
3024 429 3072 479 si
3112 429 3397 496 utramque
3437 427 3656 496 plenius

1965 517 2306 571 didicissent.
2343 517 2423 569 Tu
2444 520 2614 569 artem
2632 515 2954 584 praedictam
2972 531 3039 568 ex
3061 515 3370 585 disciplinis
3389 517 3658 572 nobilibus

1965 611 2151 660 natam
2179 621 2277 674 per
2325 604 2710 673 quadrifarias
2749 605 3006 659 mathesis
3045 605 3252 673 januas
3282 607 3542 660 introisti.
3581 609 3659 660 Tu

1963 696 2114 749 illam
2168 697 2225 749 in
2272 697 2485 748 natum
2544 694 2913 763 penetralibus
2963 695 3321 749 considentem
3379 700 3656 750 auctorum

1963 784 2118 838 libris
2142 785 2526 850 invitantibus,
2560 783 2739 837 cordis
2774 782 2975 837 lumine
2997 785 3308 850 cognovisti.
3352 784 3452 839 Cui
3481 783 3659 837 ardua

1959 890 2112 929 nosse
2143 890 2291 941 usus,
2315 875 2586 928 miracula
2617 879 2917 928 monstrare
2939 876 3276 943 propositum
3305 878 3398 927 est.
3436 873 3659 927 Metitur

1959 965 2262 1028 ostendere,
2303 963 2446 1029 quod
2472 963 2849 1031 obstupescunt
2884 965 3119 1016 homines
3154 978 3208 1016 se
3238 964 3520 1026 invenisse,
3554 963 3658 1016 mi-

1958 1069 2124 1123 ropue
2153 1053 2308 1108 modo
2341 1057 2557 1119 naturis
2597 1053 2862 1106 conversis
2905 1054 3044 1118 facti
3069 1052 3310 1106 detrahit
3334 1051 3513 1120 ﬁdem,
3537 1066 3658 1105 cum

1955 1148 2178 1198 ostentet
2198 1149 2248 1198 et
2277 1143 2445 1197 oculis
2465 1145 2744 1197 visionem.
2779 1139 2936 1196 Facit
2960 1157 3130 1208 aquas
3161 1157 3226 1194 ex
3251 1139 3358 1194 imo
3382 1146 3658 1209 surgentes

1948 1235 2259 1302 prxcipites
2296 1231 2506 1300 cadere,
2555 1233 2754 1298 ignem,
2785 1231 3119 1300 ponderibus
3174 1246 3407 1297 currere,
3450 1245 3659 1298 organa

1955 1324 2231 1376 extraneis
2261 1321 2478 1375 vocibus
2507 1322 2776 1388 insonare,
2823 1325 2873 1373 et
2913 1321 3195 1388 peregrini
3239 1319 3461 1387 ﬂatibus
3509 1319 3659 1372 cala-

1954 1426 2064 1465 mos
2108 1411 2353 1479 complet,
2387 1415 2445 1464 ul
2476 1411 2534 1463 in
2578 1414 2762 1463 anima
2798 1411 3010 1478 possint
3058 1413 3176 1465 arte
3215 1412 3455 1462 cantare.
3494 1408 3657 1464 Vide-

1953 1514 2071 1553 mus
2092 1515 2188 1568 per
2207 1515 2324 1552 eam
2339 1499 2673 1564 defensiones
2697 1499 2816 1566 jam
2831 1499 3143 1551 nutantium
3178 1501 3460 1551 civitatum
3480 1497 3656 1551 subito

1953 1589 2055 1642 tali
2080 1589 2337 1657 ﬁrmitate
2355 1601 2693 1654 consurgere,
2726 1591 2788 1640 ut
2817 1588 3370 1640 machinamentorum
3427 1587 3657 1640 auxiliis

1953 1679 2200 1746 superior
2244 1676 2530 1743 reddatur,
2580 1679 2677 1744 qui
2723 1676 3042 1745 desperatus
3102 1675 3312 1729 viribus
3359 1676 3653 1729 invenitur.

1956 1765 2232 1820 Madentes
2267 1765 2496 1832 fabrica
2523 1767 2582 1818 in
2611 1780 2756 1829 aqua
2785 1767 3004 1818 marina
3019 1767 3311 1818 siccantur.
3345 1766 3495 1817 Dura
3539 1779 3658 1818 cum

1953 1858 2181 1922 fuerint,
2221 1858 2499 1921 ingeniosa
2528 1854 2881 1923 dispositione
2922 1855 3223 1908 solvuntur.
3277 1854 3498 1907 Metalla
3539 1869 3656 1907 mu-

1955 1949 2129 2013 giunt.
2181 1945 2457 2000 Diomedes
2487 1946 2544 1998 in
2582 1960 2685 1998 aere
2714 1945 2939 2012 gravius
2974 1944 3313 2008 buccinatur,
3345 1957 3522 1996 aeneus
3552 1957 3657 1996 an-

1956 2035 2076 2104 guis
2102 2035 2370 2100 insibilat,
2421 2049 2544 2088 aves
2574 2034 2825 2088 simulate
2853 2035 3199 2100 fritinniunt,
3248 2039 3298 2087 et
3321 2047 3443 2101 qux
3484 2046 3660 2086 vocem

1952 2128 2236 2194 propriam
2264 2125 2507 2177 nesciunt
2555 2123 2767 2189 habere,
2800 2123 3135 2177 dulcedinem
3161 2122 3469 2191 probantur
3509 2121 3660 2174 emit-

1958 2221 2066 2268 tere
2089 2214 2386 2267 cantilenae.
2423 2215 2603 2267 Parva
2633 2212 2697 2266 de
2725 2213 2823 2265 illa
2847 2214 3156 2278 referimus,
3193 2213 3281 2265 cui
3311 2211 3496 2264 caelum
3525 2210 3658 2263 imi-

1958 2305 2070 2358 tari
2108 2305 2199 2369 fas
2237 2306 2334 2357 est.
2382 2303 2502 2356 ch
2543 2303 2675 2368 fecit
2704 2300 2995 2354 secundum
3023 2301 3185 2354 solem
3215 2302 3273 2353 in
3310 2297 3658 2353 Archimedis

1956 2393 2173 2462 sphaera
2227 2391 2527 2446 decurrere.
2592 2392 2715 2445 Haec
2773 2391 3005 2444 alterum
3061 2389 3342 2442 zodiacum
3394 2387 3656 2440 circulum

1957 2483 2191 2536 humano
2221 2481 2443 2534 consilio
2471 2479 2795 2546 fabricavit.
2829 2481 2950 2533 Haec
2981 2480 3167 2532 tunam
3192 2477 3403 2544 defectu
3431 2491 3527 2530 suo
3565 2491 3652 2530 re-

1950 2571 2257 2640 parabilem
2306 2571 2444 2623 artis
2493 2569 2889 2628 illuminatione
2931 2569 3274 2633 monstravit,
3318 2579 3659 2636 parvamque

1955 2660 2266 2715 machinam
2295 2658 2585 2726 gravidam
2615 2658 2834 2724 mundo,
2869 2658 3054 2712 caalum
3098 2657 3382 2724 gestabile,
3411 2669 3658 2724 compen-

1957 2751 2110 2804 dium
2136 2764 2334 2816 rerum,
2372 2749 2646 2817 speculum
2686 2752 2899 2802 natura:
2941 2747 3015 2800 ad
3062 2749 3292 2815 speciem
3331 2745 3544 2799 aetheris
3575 2746 3658 2796 in-

1957 2838 2374 2906 deprehensibili
2400 2837 2700 2892 mobilitate
2736 2837 3022 2890 volutavit.
3073 2835 3162 2890 Sic
3203 2837 3377 2900 astra,
3425 2847 3657 2902 quorum

1957 2929 2080 2983 licet
2107 2941 2322 2981 cursum
2353 2929 2607 2993 sciamus,
2639 2925 2961 2993 fallentibus
2993 2929 3172 2978 tamen
3213 2923 3384 2976 oculis
3432 2920 3656 2990 prodire

1957 3031 2061 3070 non
2092 3016 2379 3069 cernimus.
2421 3014 2584 3068 Stans
2628 3013 2854 3082 quidam
2885 3017 2942 3066 in
2988 3013 3098 3066 illis
3149 3013 3411 3064 transitus
3471 3013 3570 3077 est,
3604 3012 3656 3061 et

1953 3120 2117 3175 quam
2140 3105 2392 3157 velociter
2421 3118 2635 3156 currere
2663 3117 2794 3156 vera
2821 3105 3032 3156 ratione
3052 3101 3344 3169 cognoscis,
3372 3113 3427 3152 se
3446 3111 3655 3151 movere

1951 3209 2059 3248 non
2087 3195 2332 3262 respicis.
2380 3193 2544 3257 Quale
2573 3193 2652 3246 est
2685 3193 2780 3246 hoc
2810 3191 3039 3256 homini,
3082 3193 3246 3244 etiam
3275 3191 3478 3254 facere,
3510 3187 3655 3255 quod

1951 3283 2033 3337 vel
2081 3283 2410 3336 intellexisse
2438 3282 2613 3350 potest
2646 3295 2757 3335 esse
2803 3281 3105 3335 mirabile?
3146 3280 3322 3345 Quare
3388 3293 3507 3330 cum
3558 3291 3653 3331 vos

1953 3376 2102 3427 ornet
2131 3372 2326 3424 talium
2355 3385 2536 3424 rerum
2552 3369 2911 3439 praedicanda
2937 3371 3157 3430 notitia,
3186 3367 3465 3434 horologia
3501 3365 3656 3420 nobis

1951 3460 2187 3529 publicis
2218 3461 2466 3527 expensis
2496 3461 2613 3512 sine
2655 3463 2830 3513 vestro
2875 3457 3160 3527 dispendio
3191 3456 3476 3510 destinate.
3531 3457 3654 3510 Pri-

1953 3564 2100 3602 mum
2137 3551 2231 3614 sit,
2261 3548 2354 3602 ubi
2383 3549 2558 3616 stglus
2605 3547 2716 3601 diei
2762 3547 2929 3601 index
2976 3562 3076 3616 per
3104 3547 3354 3600 umbram
3400 3548 3657 3612 exiguam

1955 3639 2118 3692 horas
2163 3639 2436 3691 consuevit
2469 3636 2781 3692 ostendere:
2827 3636 3022 3690 radius
3048 3639 3236 3705 itaque
3282 3634 3573 3689 immobilis
3605 3639 3656 3686 et

1949 3742 2160 3797 parvus
2185 3741 2474 3795 peragens,
2498 3726 2642 3794 quod
2662 3725 2921 3780 miranda
2947 3725 3075 3779 solis
3106 3723 3426 3792 magnitudo
3447 3723 3656 3776 discur-

1954 3819 2050 3882 rit,
2102 3821 2153 3870 et
2185 3818 2380 3882 fugam
2437 3815 2568 3870 solis
2614 3817 2943 3886 xquiparat,
2996 3813 3143 3884 quod
3199 3819 3400 3867 motum
3448 3827 3660 3879 semper

1955 3908 2188 3971 ignorat.
2225 3903 2544 3958 Inviderent
2575 3905 2774 3958 talibus
2809 3907 2860 3959 si
2909 3908 3066 3959 astra
3099 3905 3380 3968 sentirent,
3424 3906 3473 3956 et
3511 3917 3656 3954 mea-

1957 3999 2068 4048 tum
2095 4007 2251 4047 suum
2282 3995 2518 4058 fortasse
2545 3992 2900 4059 deﬂecterent,
2948 4007 3013 4045 ne
3045 3993 3146 4045 tali
3177 3991 3414 4045 ludibrio
3461 3991 3652 4059 subju-

1955 4087 2150 4137 cerent.
2206 4081 2308 4136 Ubi
2363 4086 2439 4135 est
2473 4081 2613 4135 illud
2662 4083 2920 4135 horarum
2952 4081 3016 4134 de
3081 4082 3282 4134 lumine
3327 4083 3656 4132 venientium

1955 4172 2234 4239 singulare
2262 4171 2605 4235 miraculum,
2638 4172 2688 4224 si
2718 4170 2815 4224 has
2846 4173 2897 4223 et
2923 4170 3118 4223 umbra
3139 4169 3521 4222 demonstrat?
3555 4167 3656 4221 Ubi

1955 4261 2327 4331 praedicabilis
2370 4259 2642 4326 indefecta
2668 4261 2890 4326 rotatio,
2913 4261 2964 4313 si
2994 4260 3101 4312 haec
3140 4263 3191 4312 et
3232 4257 3452 4311 metalla
3493 4271 3654 4324 pera-

176 4349 411 4417 introisti,
458 4355 537 4406 sic
581 4353 936 4420 palliatorum
983 4351 1158 4406 choris
1206 4354 1479 4406 miscuisti
1537 4358 1734 4420 togam,
1784 4357 1845 4408 ut
1886 4347 1928 4400 ι)
1955 4355 2112 4418 gunt,
2146 4365 2264 4418 quae
2293 4351 2404 4404 situ
2430 4354 2690 4418 perpetuo
2720 4348 3110 4403 continentur?
3139 4348 3181 4402 Ο
3205 4349 3341 4400 artis
3362 4345 3655 4400 inaestima-

182 4437 452 4494 ercorum
495 4441 754 4508 dogmata
792 4440 1099 4495 doctrinam
1135 4443 1331 4507 feceris
1380 4456 1490 4496 esse
1518 4443 1844 4496 Romanam.

181 4527 405 4583 Didicisti
432 4533 576 4584 enim
607 4545 716 4598 qua
742 4530 1129 4599 profunditate
1149 4545 1267 4584 cum
1296 4533 1412 4585 suis
1439 4533 1698 4600 partibus
1729 4547 1848 4601 spe-

182 4617 388 4671 culativa
408 4622 691 4686 cogitetur,
726 4634 836 4687 qua
857 4623 1065 4673 ratione
1103 4624 1285 4674 activa
1312 4635 1432 4674 cum
1461 4635 1560 4674 sua
1588 4621 1851 4675 divisione

183 4701 416 4772 discatur,
457 4707 727 4762 deducens
770 4708 844 4762 ad
894 4708 1171 4764 Romuleos
1221 4714 1514 4776 senatores,
1570 4709 1851 4778 Quidquid

185 4793 457 4864 Cecropidae
497 4798 699 4852 mundo
751 4799 990 4864 fecerant
1035 4800 1336 4866 singulare.
1383 4800 1850 4854 Translationibus

184 4883 302 4937 enim
326 4887 428 4940 tuis
466 4887 807 4955 Pythagoras
861 4890 1117 4951 musicus,
1163 4888 1476 4942 Ptolemxus
1515 4893 1852 4943 astronomus

186 4968 409 5037 leguntur
453 4977 600 5029 Itali.
653 4977 1006 5030 Nicomachus
1050 4978 1451 5042 arithmeticus,
1502 4980 1852 5044 geometricas

186 5059 406 5117 Euclides
444 5065 747 5118 audiuntur
796 5067 1046 5119 Ausonii.
1092 5067 1246 5120 Plato
1292 5067 1585 5135 theologus,
1634 5068 1852 5122 Aristo-

186 5148 294 5203 teles
328 5151 541 5219 logicus.
599 5155 867 5222 quirinali
917 5170 1040 5208 voce
1104 5155 1431 5226 disceptant.
1482 5156 1854 5210 Mechanicum

189 5239 328 5291 etiam
359 5242 729 5296 Archimedem
760 5245 1027 5296 Latialem
1052 5245 1252 5299 Siculis
1269 5245 1585 5311 reddidisti,
1619 5251 1667 5299 el
1688 5261 1853 5315 quas-

189 5337 372 5394 cunque
396 5331 479 5384 vel
504 5330 823 5400 disciplinas
845 5333 925 5386 vel
947 5337 1091 5386 artes
1114 5333 1351 5399 fecunda
1381 5334 1589 5389 Graecia
1616 5350 1713 5402 per
1739 5337 1855 5388 sin-

191 5414 322 5478 gulos
350 5420 488 5472 viros
521 5419 710 5488 edidit,
736 5425 786 5474 te
814 5436 918 5473 uno
948 5427 1185 5486 auctore,
1215 5427 1396 5491 patrio
1427 5438 1665 5477 sermone
1690 5425 1858 5478 Roma

189 5509 415 5574 suscepit.
485 5510 621 5573 Quos
667 5514 823 5564 tanta
883 5510 1166 5564 verborum
1218 5513 1516 5566 luculentia
1560 5511 1860 5568 reddidisti

193 5590 365 5660 claros,
395 5601 547 5651 tanta
585 5599 778 5666 linguae
818 5603 1153 5670 proprietate
1190 5605 1526 5670 conspicuos,
1565 5606 1625 5655 ut
1639 5604 1859 5671 potuis-

1959 4440 2084 4494 bilis
2113 4441 2311 4503 virtus,
2357 4454 2475 4507 qux
2507 4439 2636 4492 dum
2668 4453 2722 4493 se
2755 4438 2888 4492 dicit
2921 4437 3123 4504 ludere,
3156 4442 3368 4490 naturae
3396 4435 3658 4504 prxvalet

1957 4533 2161 4584 secreta
2188 4529 2433 4596 vulgare.
2479 4528 2789 4584 Secundum
2826 4529 2920 4593 sit,
2953 4527 3044 4581 ubi
3070 4531 3268 4598 prxter
3308 4525 3437 4580 solis
3466 4523 3655 4578 radios

1958 4618 2093 4673 hora
2145 4618 2503 4688 dignoscitur,
2549 4623 2725 4672 noctes
2772 4619 2831 4670 in
2861 4621 3047 4686 partes
3086 4615 3371 4669 dividens:
3415 4613 3559 4682 quod
3596 4616 3657 4666 ut

1958 4709 2101 4763 nihil
2128 4707 2342 4762 deberet
2380 4709 2566 4774 astris,
2600 4709 2866 4761 rationem
2908 4707 3024 4760 cazli
3052 4705 3126 4758 ad
3169 4719 3444 4773 aquarum
3473 4705 3658 4772 potius

1956 4801 2159 4868 ﬂuenta
2189 4801 2483 4852 convertit:
2518 4812 2747 4867 quorum
2795 4795 3025 4850 motibus
3060 4795 3315 4860 ostendit,
3357 4793 3503 4862 quod
3533 4793 3656 4846 calo

1961 4889 2213 4954 volvitur,
2246 4891 2296 4941 et
2325 4886 2526 4941 audaci
2566 4887 2991 4956 praesumptione
3018 4889 3272 4954 concepta
3306 4899 3398 4938 ars
3425 4884 3658 4937 elemen-

1961 4979 2030 5032 tis
2057 4978 2284 5042 confert,
2322 4975 2466 5045 quod
2494 4977 2722 5044 originis
2762 4975 3000 5029 conditio
3039 4975 3344 5043 denegavit.
3397 4975 3660 5028 Universa

1962 5067 2282 5134 disciplina,
2317 5070 2536 5118 cunctus
2592 5065 2944 5134 prudentium
2994 5065 3165 5126 labor,
3220 5069 3431 5118 natu-rx
3468 5067 3656 5130 poten-

1965 5157 2118 5220 tiam,
2151 5160 2210 5208 ut
2244 5160 2454 5208 tantum
2482 5158 2690 5223 possint
2726 5169 2893 5216 nosse,
2926 5157 3272 5223 perquirunt.
3314 5153 3659 5208 Mechanema

1963 5247 2132 5299 solum
2159 5246 2254 5310 est,
2291 5243 2434 5312 quod
2460 5243 2558 5297 illa
2583 5258 2651 5296 ex
2689 5246 2980 5297 contrariis
3008 5245 3218 5312 appetit
3248 5242 3480 5304 imitari,
3510 5242 3559 5290 et
3591 5236 3662 5307 (si

1961 5336 2052 5400 fas
2071 5337 2148 5387 est
2169 5333 2366 5404 dicere)
2389 5335 2447 5387 in
2468 5333 2793 5402 quibusdam
2819 5335 2982 5388 etiam
3002 5335 3200 5386 nititur
3220 5331 3350 5383 velle
3377 5343 3659 5396 superare.

1965 5425 2087 5477 ch
2135 5425 2280 5476 enim
2335 5424 2524 5488 fecisse
2575 5423 2910 5489 dignoscitur
2963 5422 3243 5476 Daedalum
3292 5419 3498 5482 volare,
3555 5419 3664 5471 haec

1966 5515 2202 5578 ferreum
2234 5512 2541 5581 cupidinem
2573 5515 2632 5566 in
2661 5516 2849 5567 Dianae
2879 5511 3071 5580 templo
3111 5513 3225 5564 sine
3256 5509 3447 5576 aliqua
3476 5508 3660 5576 illiga—

1971 5603 2109 5655 tione
2133 5602 2387 5670 pendere.
2440 5605 2558 5658 Haec
2581 5603 2738 5657 hodie
2762 5604 2901 5668 facit
2933 5603 3086 5654 muta
3114 5603 3354 5665 cantare,
3388 5601 3666 5652 insensata
