  <div class='ocr_page' id='page_1' title='image "/cluster/home/n/w/nwhite01/storage/ocr_20150623/63/hvd.32044073498800/447.png"; bbox 0 0 3982 6182; ppageno 0'>
   <div class='ocr_carea' id='block_1_1' title="bbox 315 218 421 272">
    <p class='ocr_par' dir='ltr' id='par_1_1' title="bbox 315 218 421 272">
     <span class='ocr_line' id='line_1_1' title="bbox 315 218 421 272; baseline -0.028 0"><span class='ocrx_word' id='word_1_1' title='bbox 315 218 421 272; x_wconf 84' lang='grc'><em>883</em></span> 
     </span>
    </p>
   </div>
   <div class='ocr_carea' id='block_1_2' title="bbox 322 350 2101 419">
    <p class='ocr_par' dir='ltr' id='par_1_2' title="bbox 322 350 2101 419">
     <span class='ocr_line' id='line_1_2' title="bbox 322 350 2101 419; baseline -0.002 -15"><span class='ocrx_word' id='word_1_2' title='bbox 322 354 513 417; x_wconf 71' lang='lat' dir='ltr'><em>cie-ere,</em></span> <span class='ocrx_word' id='word_1_3' title='bbox 548 350 847 403; x_wconf 76' lang='lat' dir='ltr'><em>immobilia</em></span> <span class='ocrx_word' id='word_1_4' title='bbox 869 352 1084 403; x_wconf 73' lang='lat' dir='ltr'><em>moveri.</em></span> <span class='ocrx_word' id='word_1_5' title='bbox 1118 352 1454 403; x_wconf 86' lang='lat' dir='ltr'><em>Mechanicus</em></span> <span class='ocrx_word' id='word_1_6' title='bbox 1480 352 1545 419; x_wconf 88' lang='lat' dir='ltr'><em>(si</em></span> <span class='ocrx_word' id='word_1_7' title='bbox 1581 352 1670 415; x_wconf 86' lang='lat' dir='ltr'><em>fas</em></span> <span class='ocrx_word' id='word_1_8' title='bbox 1704 355 1778 403; x_wconf 92' lang='lat' dir='ltr'><em>est</em></span> <span class='ocrx_word' id='word_1_9' title='bbox 1819 351 2020 419; x_wconf 77' lang='lat' dir='ltr'><em>dicere)</em></span> <span class='ocrx_word' id='word_1_10' title='bbox 2058 352 2101 401; x_wconf 83' lang='lat' dir='ltr'><strong>A</strong></span> 
     </span>
    </p>
   </div>
   <div class='ocr_carea' id='block_1_3' title="bbox 318 442 2019 508">
    <p class='ocr_par' dir='ltr' id='par_1_3' title="bbox 318 442 2019 508">
     <span class='ocr_line' id='line_1_3' title="bbox 318 442 2019 508; baseline 0.002 -19"><span class='ocrx_word' id='word_1_11' title='bbox 318 456 454 508; x_wconf 81' lang='lat' dir='ltr'><em>pene</em></span> <span class='ocrx_word' id='word_1_12' title='bbox 503 442 679 494; x_wconf 86' lang='lat' dir='ltr'><em>socius</em></span> <span class='ocrx_word' id='word_1_13' title='bbox 739 446 813 492; x_wconf 88' lang='lat' dir='ltr'><em>est</em></span> <span class='ocrx_word' id='word_1_14' title='bbox 852 445 1080 505; x_wconf 66' lang='lat' dir='ltr'><em>naturw,</em></span> <span class='ocrx_word' id='word_1_15' title='bbox 1142 442 1348 492; x_wconf 85' lang='lat' dir='ltr'><em>occulta</em></span> <span class='ocrx_word' id='word_1_16' title='bbox 1400 455 1665 506; x_wconf 77' lang='lat' dir='ltr'><em>reserans,</em></span> <span class='ocrx_word' id='word_1_17' title='bbox 1732 444 2019 505; x_wconf 80' lang='lat' dir='ltr'><em>manifesta</em></span> 
     </span>
    </p>
   </div>
   <div class='ocr_carea' id='block_1_4' title="bbox 324 530 2020 597">
    <p class='ocr_par' dir='ltr' id='par_1_4' title="bbox 324 530 2020 597">
     <span class='ocr_line' id='line_1_4' title="bbox 324 530 2020 597; baseline 0 -15"><span class='ocrx_word' id='word_1_18' title='bbox 324 534 649 593; x_wconf 67' lang='lat' dir='ltr'><em>convertens,</em></span> <span class='ocrx_word' id='word_1_19' title='bbox 702 530 979 582; x_wconf 72' lang='lat' dir='ltr'><em>miraculis</em></span> <span class='ocrx_word' id='word_1_20' title='bbox 1020 530 1229 591; x_wconf 75' lang='lat' dir='ltr'><em>ludens,</em></span> <span class='ocrx_word' id='word_1_21' title='bbox 1283 533 1357 581; x_wconf 85' lang='lat' dir='ltr'><em>ita</em></span> <span class='ocrx_word' id='word_1_22' title='bbox 1390 531 1611 597; x_wconf 85' lang='lat' dir='ltr'><em>pulchre</em></span> <span class='ocrx_word' id='word_1_23' title='bbox 1640 531 1908 589; x_wconf 81' lang='lat' dir='ltr'><em>similans,</em></span> <span class='ocrx_word' id='word_1_24' title='bbox 1962 537 2020 583; x_wconf 89' lang='lat' dir='ltr'><em>ut</em></span> 
     </span>
    </p>
   </div>
   <div class='ocr_carea' id='block_1_5' title="bbox 325 617 2021 685">
    <p class='ocr_par' dir='ltr' id='par_1_5' title="bbox 325 617 2021 685">
     <span class='ocr_line' id='line_1_5' title="bbox 325 617 2021 685; baseline 0.003 -18"><span class='ocrx_word' id='word_1_25' title='bbox 325 617 470 685; x_wconf 87' lang='lat' dir='ltr'><em>quod</em></span> <span class='ocrx_word' id='word_1_26' title='bbox 498 619 851 683; x_wconf 84' lang='lat' dir='ltr'><em>compositum</em></span> <span class='ocrx_word' id='word_1_27' title='bbox 884 632 983 669; x_wconf 86' lang='lat' dir='ltr'><em>non</em></span> <span class='ocrx_word' id='word_1_28' title='bbox 1018 618 1337 683; x_wconf 81' lang='lat' dir='ltr'><em>ambigitur,</em></span> <span class='ocrx_word' id='word_1_29' title='bbox 1370 620 1569 670; x_wconf 71' lang='lat' dir='ltr'><em>veritas</em></span> <span class='ocrx_word' id='word_1_30' title='bbox 1603 621 1914 670; x_wconf 70' lang='lat' dir='ltr'><em>:estimetur.</em></span> <span class='ocrx_word' id='word_1_31' title='bbox 1960 622 2021 673; x_wconf 81' lang='lat' dir='ltr'><em>Et</em></span> 
     </span>
    </p>
   </div>
   <div class='ocr_carea' id='block_1_6' title="bbox 325 704 2020 781">
    <p class='ocr_par' dir='ltr' id='par_1_6' title="bbox 325 704 2020 781">
     <span class='ocr_line' id='line_1_6' title="bbox 325 704 2020 781; baseline 0.002 -26"><span class='ocrx_word' id='word_1_32' title='bbox 325 709 457 774; x_wconf 84' lang='lat' dir='ltr'><em>quia</em></span> <span class='ocrx_word' id='word_1_33' title='bbox 490 710 536 758; x_wconf 89' lang='lat' dir='ltr'><em>te</em></span> <span class='ocrx_word' id='word_1_34' title='bbox 570 704 879 774; x_wconf 58' lang='lat' dir='ltr'><em>,studiosius</em></span> <span class='ocrx_word' id='word_1_35' title='bbox 928 707 1115 771; x_wconf 85' lang='lat' dir='ltr'><em>legisse</em></span> <span class='ocrx_word' id='word_1_36' title='bbox 1162 709 1521 773; x_wconf 72' lang='lat' dir='ltr'><em>cognorimus,</em></span> <span class='ocrx_word' id='word_1_37' title='bbox 1566 708 1829 774; x_wconf 67' lang='lat' dir='ltr'><em>prwdicta</em></span> <span class='ocrx_word' id='word_1_38' title='bbox 1868 709 2020 781; x_wconf 87' lang='lat' dir='ltr'><em>nobis</em></span> 
     </span>
    </p>
   </div>
   <div class='ocr_carea' id='block_1_7' title="bbox 324 795 2019 861">
    <p class='ocr_par' dir='ltr' id='par_1_7' title="bbox 324 795 2019 861">
     <span class='ocr_line' id='line_1_7' title="bbox 324 795 2019 861; baseline 0.001 -16"><span class='ocrx_word' id='word_1_39' title='bbox 324 795 600 861; x_wconf 73' lang='lat' dir='ltr'><em>horologia</em></span> <span class='ocrx_word' id='word_1_40' title='bbox 633 797 779 848; x_wconf 80' lang='lat' dir='ltr'><em>ocius</em></span> <span class='ocrx_word' id='word_1_41' title='bbox 812 797 1181 848; x_wconf 81' lang='lat' dir='ltr'><em>transmittere</em></span> <span class='ocrx_word' id='word_1_42' title='bbox 1212 796 1531 859; x_wconf 84' lang='lat' dir='ltr'><em>maturabis,</em></span> <span class='ocrx_word' id='word_1_43' title='bbox 1577 802 1635 848; x_wconf 91' lang='lat' dir='ltr'><em>ut</em></span> <span class='ocrx_word' id='word_1_44' title='bbox 1664 802 1710 848; x_wconf 84' lang='lat' dir='ltr'><em>te</em></span> <span class='ocrx_word' id='word_1_45' title='bbox 1740 802 1919 848; x_wconf 88' lang='lat' dir='ltr'><em>notum</em></span> <span class='ocrx_word' id='word_1_46' title='bbox 1969 802 2019 847; x_wconf 87' lang='lat' dir='ltr'><em>in</em></span> 
     </span>
    </p>
   </div>
   <div class='ocr_carea' id='block_1_8' title="bbox 324 884 2021 953">
    <p class='ocr_par' dir='ltr' id='par_1_8' title="bbox 324 884 2021 953">
     <span class='ocr_line' id='line_1_8' title="bbox 324 884 2021 953; baseline 0.001 -18"><span class='ocrx_word' id='word_1_47' title='bbox 324 884 423 935; x_wconf 88' lang='lat' dir='ltr'><em>illa</em></span> <span class='ocrx_word' id='word_1_48' title='bbox 454 884 643 935; x_wconf 87' lang='lat' dir='ltr'><em>mundi</em></span> <span class='ocrx_word' id='word_1_49' title='bbox 670 888 828 951; x_wconf 87' lang='lat' dir='ltr'><em>parte</em></span> <span class='ocrx_word' id='word_1_50' title='bbox 855 886 1056 951; x_wconf 87' lang='lat' dir='ltr'><em>facias,</em></span> <span class='ocrx_word' id='word_1_51' title='bbox 1092 900 1193 951; x_wconf 88' lang='lat' dir='ltr'><em>quo</em></span> <span class='ocrx_word' id='word_1_52' title='bbox 1225 885 1384 937; x_wconf 87' lang='lat' dir='ltr'><em>aliter</em></span> <span class='ocrx_word' id='word_1_53' title='bbox 1421 888 1699 952; x_wconf 66' lang='lat' dir='ltr'><em>pervenire</em></span> <span class='ocrx_word' id='word_1_54' title='bbox 1740 902 1844 937; x_wconf 88' lang='lat' dir='ltr'><em>non</em></span> <span class='ocrx_word' id='word_1_55' title='bbox 1873 892 2021 953; x_wconf 86' lang='lat' dir='ltr'><em>pote-</em></span> 
     </span>
    </p>
   </div>
   <div class='ocr_carea' id='block_1_9' title="bbox 322 973 2024 1040">
    <p class='ocr_par' dir='ltr' id='par_1_9' title="bbox 322 973 2024 1040">
     <span class='ocr_line' id='line_1_9' title="bbox 322 973 2024 1040; baseline 0.002 -16"><span class='ocrx_word' id='word_1_56' title='bbox 322 987 432 1024; x_wconf 86' lang='lat' dir='ltr'><em>ras.</em></span> <span class='ocrx_word' id='word_1_57' title='bbox 468 973 780 1039; x_wconf 83' lang='lat' dir='ltr'><em>Agnoscunt</em></span> <span class='ocrx_word' id='word_1_58' title='bbox 812 989 909 1040; x_wconf 88' lang='lat' dir='ltr'><em>per</em></span> <span class='ocrx_word' id='word_1_59' title='bbox 939 980 984 1026; x_wconf 92' lang='lat' dir='ltr'><em>te</em></span> <span class='ocrx_word' id='word_1_60' title='bbox 1016 980 1211 1027; x_wconf 55' lang='lat' dir='ltr'><em>ueteres</em></span> <span class='ocrx_word' id='word_1_61' title='bbox 1256 978 1456 1039; x_wconf 78' lang='lat' dir='ltr'><em>gentes,</em></span> <span class='ocrx_word' id='word_1_62' title='bbox 1512 975 1640 1027; x_wconf 76' lang='lat' dir='ltr'><em>tales</em></span> <span class='ocrx_word' id='word_1_63' title='bbox 1690 991 1782 1026; x_wconf 86' lang='lat' dir='ltr'><em>nos</em></span> <span class='ocrx_word' id='word_1_64' title='bbox 1835 976 2024 1027; x_wconf 74' lang='lat' dir='ltr'><em>habire</em></span> 
     </span>
    </p>
   </div>
   <div class='ocr_carea' id='block_1_10' title="bbox 326 1060 2025 1129">
    <p class='ocr_par' dir='ltr' id='par_1_10' title="bbox 326 1060 2025 1129">
     <span class='ocr_line' id='line_1_10' title="bbox 326 1060 2025 1129; baseline 0.002 -17"><span class='ocrx_word' id='word_1_65' title='bbox 326 1060 544 1124; x_wconf 88' lang='lat' dir='ltr'><em>nobiles,</em></span> <span class='ocrx_word' id='word_1_66' title='bbox 601 1063 784 1128; x_wconf 86' lang='lat' dir='ltr'><em>quales</em></span> <span class='ocrx_word' id='word_1_67' title='bbox 845 1064 1095 1129; x_wconf 80' lang='lat' dir='ltr'><em>leguntur</em></span> <span class='ocrx_word' id='word_1_68' title='bbox 1160 1070 1420 1117; x_wconf 77' lang='lat' dir='ltr'><em>auctores.</em></span> <span class='ocrx_word' id='word_1_69' title='bbox 1490 1064 1704 1128; x_wconf 81' lang='lat' dir='ltr'><em>Quoties</em></span> <span class='ocrx_word' id='word_1_70' title='bbox 1750 1080 1851 1117; x_wconf 89' lang='lat' dir='ltr'><em>non</em></span> <span class='ocrx_word' id='word_1_71' title='bbox 1901 1069 2025 1117; x_wconf 90' lang='lat' dir='ltr'><em>sunt</em></span> 
     </span>
    </p>
   </div>
   <div class='ocr_carea' id='block_1_11' title="bbox 328 1149 2023 1218">
    <p class='ocr_par' dir='ltr' id='par_1_11' title="bbox 328 1149 2023 1218">
     <span class='ocr_line' id='line_1_11' title="bbox 328 1149 2023 1218; baseline 0.003 -17"><span class='ocrx_word' id='word_1_72' title='bbox 328 1149 606 1213; x_wconf 82' lang='lat' dir='ltr'><em>credituri,</em></span> <span class='ocrx_word' id='word_1_73' title='bbox 644 1168 760 1218; x_wconf 67' lang='lat' dir='ltr'><em>quas</em></span> <span class='ocrx_word' id='word_1_74' title='bbox 792 1153 1067 1205; x_wconf 68' lang='lat' dir='ltr'><em>viderint?</em></span> <span class='ocrx_word' id='word_1_75' title='bbox 1101 1156 1315 1218; x_wconf 76' lang='lat' dir='ltr'><em>Quoties</em></span> <span class='ocrx_word' id='word_1_76' title='bbox 1348 1156 1480 1207; x_wconf 91' lang='lat' dir='ltr'><em>hanc</em></span> <span class='ocrx_word' id='word_1_77' title='bbox 1511 1162 1790 1207; x_wconf 70' lang='lat' dir='ltr'><em>l‘t‘t&#39;tltllt’tll</em></span> <span class='ocrx_word' id='word_1_78' title='bbox 1822 1157 2023 1208; x_wconf 87' lang='lat' dir='ltr'><em>lusoria</em></span> 
     </span>
    </p>
   </div>
   <div class='ocr_carea' id='block_1_12' title="bbox 329 1242 2022 1312">
    <p class='ocr_par' dir='ltr' id='par_1_12' title="bbox 329 1242 2022 1312">
     <span class='ocr_line' id='line_1_12' title="bbox 329 1242 2022 1312; baseline 0.002 -21"><span class='ocrx_word' id='word_1_79' title='bbox 329 1243 534 1291; x_wconf 88' lang='lat' dir='ltr'><em>somnia</em></span> <span class='ocrx_word' id='word_1_80' title='bbox 551 1242 931 1307; x_wconf 85' lang='lat' dir='ltr'><em>putabunt?et</em></span> <span class='ocrx_word' id='word_1_81' title='bbox 961 1244 1175 1309; x_wconf 85' lang='lat' dir='ltr'><em>quando</em></span> <span class='ocrx_word' id='word_1_82' title='bbox 1206 1245 1409 1308; x_wconf 85' lang='lat' dir='ltr'><em>fuerint</em></span> <span class='ocrx_word' id='word_1_83' title='bbox 1434 1244 1729 1312; x_wconf 86' lang='lat' dir='ltr'><em>abstupore</em></span> <span class='ocrx_word' id='word_1_84' title='bbox 1762 1248 2022 1307; x_wconf 61' lang='lat' dir='ltr'><em>conversi,</em></span> 
     </span>
    </p>
   </div>
   <div class='ocr_carea' id='block_1_13' title="bbox 329 1329 2024 1403">
    <p class='ocr_par' dir='ltr' id='par_1_13' title="bbox 329 1329 2024 1403">
     <span class='ocr_line' id='line_1_13' title="bbox 329 1329 2024 1403; baseline 0.004 -23"><span class='ocrx_word' id='word_1_85' title='bbox 329 1344 435 1381; x_wconf 84' lang='lat' dir='ltr'><em>non.</em></span> <span class='ocrx_word' id='word_1_86' title='bbox 468 1329 741 1382; x_wconf 86' lang='lat' dir='ltr'><em>audebunt</em></span> <span class='ocrx_word' id='word_1_87' title='bbox 766 1346 819 1382; x_wconf 87' lang='lat' dir='ltr'><em>se</em></span> <span class='ocrx_word' id='word_1_88' title='bbox 846 1333 1077 1399; x_wconf 66' lang='lat' dir='ltr'><em>:equales</em></span> <span class='ocrx_word' id='word_1_89' title='bbox 1105 1334 1253 1384; x_wconf 89' lang='lat' dir='ltr'><em>nobis</em></span> <span class='ocrx_word' id='word_1_90' title='bbox 1282 1332 1476 1393; x_wconf 84' lang='lat' dir='ltr'><em>dicere,</em></span> <span class='ocrx_word' id='word_1_91' title='bbox 1507 1333 1660 1403; x_wconf 86' lang='lat' dir='ltr'><em>apud</em></span> <span class='ocrx_word' id='word_1_92' title='bbox 1689 1350 1818 1401; x_wconf 86' lang='lat' dir='ltr'><em>quos</em></span> <span class='ocrx_word' id='word_1_93' title='bbox 1859 1337 2024 1387; x_wconf 83' lang='lat' dir='ltr'><em>scient</em></span> 
     </span>
    </p>
   </div>
   <div class='ocr_carea' id='block_1_14' title="bbox 330 1420 1299 1487">
    <p class='ocr_par' dir='ltr' id='par_1_14' title="bbox 330 1420 1299 1487">
     <span class='ocr_line' id='line_1_14' title="bbox 330 1420 1299 1487; baseline -0.001 -16"><span class='ocrx_word' id='word_1_94' title='bbox 330 1421 603 1485; x_wconf 82' lang='lat' dir='ltr'><em>sapientes</em></span> <span class='ocrx_word' id='word_1_95' title='bbox 633 1420 767 1473; x_wconf 89' lang='lat' dir='ltr'><em>talia</em></span> <span class='ocrx_word' id='word_1_96' title='bbox 792 1424 1073 1487; x_wconf 75' lang='lat' dir='ltr'><em>cogitasse.</em></span> <span class='ocrx_word' id='word_1_97' title='bbox 1114 1423 1299 1475; x_wconf 75' lang='lat' dir='ltr'><em>Vale.»</em></span> 
     </span>
    </p>
   </div>
   <div class='ocr_carea' id='block_1_15' title="bbox 882 1528 1472 1597">
    <p class='ocr_par' dir='ltr' id='par_1_15' title="bbox 882 1528 1472 1597">
     <span class='ocr_line' id='line_1_15' title="bbox 882 1528 1472 1597; baseline 0.003 -17"><span class='ocrx_word' id='word_1_98' title='bbox 882 1528 976 1581; x_wconf 88' lang='lat' dir='ltr'><em>lll.</em></span> <span class='ocrx_word' id='word_1_99' title='bbox 1014 1529 1212 1597; x_wconf 77' lang='lat' dir='ltr'><em>Operis</em></span> <span class='ocrx_word' id='word_1_100' title='bbox 1247 1529 1472 1583; x_wconf 80' lang='lat' dir='ltr'><em>titulus.</em></span> 
     </span>
    </p>
   </div>
   <div class='ocr_carea' id='block_1_16' title="bbox 410 1632 2108 1704">
    <p class='ocr_par' dir='ltr' id='par_1_16' title="bbox 410 1632 2108 1704">
     <span class='ocr_line' id='line_1_16' title="bbox 410 1632 2108 1704; baseline 0.005 -20"><span class='ocrx_word' id='word_1_101' title='bbox 410 1632 618 1686; x_wconf 74' lang='lat' dir='ltr'><em>Titulus</em></span> <span class='ocrx_word' id='word_1_102' title='bbox 639 1635 814 1701; x_wconf 87' lang='lat' dir='ltr'><em>operis</em></span> <span class='ocrx_word' id='word_1_103' title='bbox 842 1634 927 1685; x_wconf 90' lang='lat' dir='ltr'><em>hic</em></span> <span class='ocrx_word' id='word_1_104' title='bbox 957 1637 1012 1687; x_wconf 83' lang='lat' dir='ltr'><em>in</em></span> <span class='ocrx_word' id='word_1_105' title='bbox 1038 1637 1311 1703; x_wconf 86' lang='lat' dir='ltr'><em>plerisque</em></span> <span class='ocrx_word' id='word_1_106' title='bbox 1342 1637 1738 1704; x_wconf 69' lang='lat' dir='ltr'><em>exemplaribus</em></span> <span class='ocrx_word' id='word_1_107' title='bbox 1768 1638 2024 1693; x_wconf 86' lang='lat' dir='ltr'><em>habetur:</em></span> <span class='ocrx_word' id='word_1_108' title='bbox 2071 1647 2108 1700; x_wconf 85' lang='lat' dir='ltr'><em>B</em></span> 
     </span>
    </p>
   </div>
   <div class='ocr_carea' id='block_1_17' title="bbox 334 1721 2033 1793">
    <p class='ocr_par' dir='ltr' id='par_1_17' title="bbox 334 1721 2033 1793">
     <span class='ocr_line' id='line_1_17' title="bbox 334 1721 2033 1793; baseline 0.004 -20"><span class='ocrx_word' id='word_1_109' title='bbox 334 1721 515 1773; x_wconf 84' lang='lat' dir='ltr'><em>Anitii</em></span> <span class='ocrx_word' id='word_1_110' title='bbox 548 1723 745 1774; x_wconf 81' lang='lat' dir='ltr'><em>Manlii</em></span> <span class='ocrx_word' id='word_1_111' title='bbox 768 1722 1015 1775; x_wconf 73' lang='lat' dir='ltr'><em>Setrerini</em></span> <span class='ocrx_word' id='word_1_112' title='bbox 1046 1723 1217 1777; x_wconf 81' lang='lat' dir='ltr'><em>Boetii</em></span> <span class='ocrx_word' id='word_1_113' title='bbox 1242 1728 1351 1777; x_wconf 70' lang='grc' dir='ltr'><em>υἰνί</em></span> <span class='ocrx_word' id='word_1_114' title='bbox 1385 1726 1676 1778; x_wconf 73' lang='lat' dir='ltr'><em>clarissimi</em></span> <span class='ocrx_word' id='word_1_115' title='bbox 1703 1730 1749 1778; x_wconf 87' lang='lat' dir='ltr'><em>et</em></span> <span class='ocrx_word' id='word_1_116' title='bbox 1780 1728 2033 1793; x_wconf 84' lang='lat' dir='ltr'><em>illustris,</em></span> 
     </span>
    </p>
   </div>
   <div class='ocr_carea' id='block_1_18' title="bbox 335 1810 2038 1884">
    <p class='ocr_par' dir='ltr' id='par_1_18' title="bbox 335 1810 2038 1884">
     <span class='ocr_line' id='line_1_18' title="bbox 335 1810 2038 1884; baseline 0.005 -23"><span class='ocrx_word' id='word_1_117' title='bbox 335 1824 361 1861; x_wconf 87' lang='lat' dir='ltr'><em>e</em></span> <span class='ocrx_word' id='word_1_118' title='bbox 393 1810 666 1862; x_wconf 88' lang='lat' dir='ltr'><em>consulum</em></span> <span class='ocrx_word' id='word_1_119' title='bbox 711 1810 917 1876; x_wconf 85' lang='lat' dir='ltr'><em>ordine,</em></span> <span class='ocrx_word' id='word_1_120' title='bbox 990 1812 1053 1864; x_wconf 83' lang='lat' dir='ltr'><em>de</em></span> <span class='ocrx_word' id='word_1_121' title='bbox 1094 1815 1461 1868; x_wconf 78' lang='lat' dir='ltr'><em>Consolatione</em></span> <span class='ocrx_word' id='word_1_122' title='bbox 1508 1816 1862 1884; x_wconf 77' lang='lat' dir='ltr'><em>philosophize</em></span> <span class='ocrx_word' id='word_1_123' title='bbox 1909 1818 2038 1869; x_wconf 85' lang='lat' dir='ltr'><em>libri</em></span> 
     </span>
    </p>
   </div>
   <div class='ocr_carea' id='block_1_19' title="bbox 340 1899 2037 1970">
    <p class='ocr_par' dir='ltr' id='par_1_19' title="bbox 340 1899 2037 1970">
     <span class='ocr_line' id='line_1_19' title="bbox 340 1899 2037 1970; baseline 0.006 -22"><span class='ocrx_word' id='word_1_124' title='bbox 340 1901 599 1965; x_wconf 84' lang='lat' dir='ltr'><em>quinque.</em></span> <span class='ocrx_word' id='word_1_125' title='bbox 630 1899 857 1951; x_wconf 81' lang='lat' dir='ltr'><em>Anitius</em></span> <span class='ocrx_word' id='word_1_126' title='bbox 888 1902 1130 1954; x_wconf 80' lang='lat' dir='ltr'><em>Manlius</em></span> <span class='ocrx_word' id='word_1_127' title='bbox 1190 1905 1493 1970; x_wconf 87' lang='lat' dir='ltr'><em>Torquatus</em></span> <span class='ocrx_word' id='word_1_128' title='bbox 1524 1909 1571 1955; x_wconf 82' lang='lat' dir='ltr'><em>et</em></span> <span class='ocrx_word' id='word_1_129' title='bbox 1612 1906 1897 1957; x_wconf 67' lang='lat' dir='ltr'><em>Severinus</em></span> <span class='ocrx_word' id='word_1_130' title='bbox 1944 1922 2037 1959; x_wconf 85' lang='lat' dir='ltr'><em>no-</em></span> 
     </span>
    </p>
   </div>
   <div class='ocr_carea' id='block_1_20' title="bbox 338 1989 2037 2061">
    <p class='ocr_par' dir='ltr' id='par_1_20' title="bbox 338 1989 2037 2061">
     <span class='ocr_line' id='line_1_20' title="bbox 338 1989 2037 2061; baseline 0.005 -23"><span class='ocrx_word' id='word_1_131' title='bbox 338 1989 489 2039; x_wconf 86' lang='lat' dir='ltr'><em>mina</em></span> <span class='ocrx_word' id='word_1_132' title='bbox 512 1993 636 2039; x_wconf 86' lang='lat' dir='ltr'><em>sunt</em></span> <span class='ocrx_word' id='word_1_133' title='bbox 670 2004 732 2041; x_wconf 75' lang='lat' dir='ltr'><em>ea:</em></span> <span class='ocrx_word' id='word_1_134' title='bbox 756 1991 975 2053; x_wconf 89' lang='lat' dir='ltr'><em>familia</em></span> <span class='ocrx_word' id='word_1_135' title='bbox 1006 2007 1297 2055; x_wconf 75' lang='lat' dir='ltr'><em>generoque</em></span> <span class='ocrx_word' id='word_1_136' title='bbox 1315 1994 1484 2044; x_wconf 79' lang='lat' dir='ltr'><em>Boetii</em></span> <span class='ocrx_word' id='word_1_137' title='bbox 1510 1993 1817 2061; x_wconf 74' lang='lat' dir='ltr'><em>desumpta.</em></span> <span class='ocrx_word' id='word_1_138' title='bbox 1854 1996 2037 2058; x_wconf 88' lang='lat' dir='ltr'><em>Quan-</em></span> 
     </span>
    </p>
   </div>
   <div class='ocr_carea' id='block_1_21' title="bbox 338 2075 2036 2151">
    <p class='ocr_par' dir='ltr' id='par_1_21' title="bbox 338 2075 2036 2151">
     <span class='ocr_line' id='line_1_21' title="bbox 338 2075 2036 2151; baseline 0.005 -24"><span class='ocrx_word' id='word_1_139' title='bbox 338 2075 625 2143; x_wconf 84' lang='lat' dir='ltr'><em>doquidem</em></span> <span class='ocrx_word' id='word_1_140' title='bbox 658 2076 973 2132; x_wconf 79' lang='lat' dir='ltr'><em>Aniliorum</em></span> <span class='ocrx_word' id='word_1_141' title='bbox 1008 2096 1171 2145; x_wconf 87' lang='lat' dir='ltr'><em>genus</em></span> <span class='ocrx_word' id='word_1_142' title='bbox 1205 2082 1599 2135; x_wconf 86' lang='lat' dir='ltr'><em>nobilissimum</em></span> <span class='ocrx_word' id='word_1_143' title='bbox 1632 2084 1805 2145; x_wconf 84' lang='lat' dir='ltr'><em>fuisse</em></span> <span class='ocrx_word' id='word_1_144' title='bbox 1844 2086 2036 2151; x_wconf 70' lang='lat' dir='ltr'><em>Bonae,</em></span> 
     </span>
    </p>
   </div>
   <div class='ocr_carea' id='block_1_22' title="bbox 341 2166 2041 2238">
    <p class='ocr_par' dir='ltr' id='par_1_22' title="bbox 341 2166 2041 2238">
     <span class='ocr_line' id='line_1_22' title="bbox 341 2166 2041 2238; baseline 0.004 -21"><span class='ocrx_word' id='word_1_145' title='bbox 341 2170 387 2217; x_wconf 89' lang='lat' dir='ltr'><em>et</em></span> <span class='ocrx_word' id='word_1_146' title='bbox 420 2166 576 2218; x_wconf 46' lang='lat' dir='ltr'><em>diuus</em></span> <span class='ocrx_word' id='word_1_147' title='bbox 609 2168 980 2238; x_wconf 79' lang='lat' dir='ltr'><em>Hieronymus</em></span> <span class='ocrx_word' id='word_1_148' title='bbox 1016 2173 1071 2221; x_wconf 86' lang='lat' dir='ltr'><em>in</em></span> <span class='ocrx_word' id='word_1_149' title='bbox 1103 2171 1327 2237; x_wconf 86' lang='lat' dir='ltr'><em>epistola</em></span> <span class='ocrx_word' id='word_1_150' title='bbox 1357 2172 1429 2223; x_wconf 87' lang='lat' dir='ltr'><em>ad</em></span> <span class='ocrx_word' id='word_1_151' title='bbox 1460 2173 1853 2225; x_wconf 70' lang='lat' dir='ltr'><em>Demetriadem</em></span> <span class='ocrx_word' id='word_1_152' title='bbox 1892 2176 2041 2226; x_wconf 86' lang='lat' dir='ltr'><em>testi-</em></span> 
     </span>
    </p>
   </div>
   <div class='ocr_carea' id='block_1_23' title="bbox 339 2253 2048 2322">
    <p class='ocr_par' dir='ltr' id='par_1_23' title="bbox 339 2253 2048 2322">
     <span class='ocr_line' id='line_1_23' title="bbox 339 2253 2048 2322; baseline 0.004 -15"><span class='ocrx_word' id='word_1_153' title='bbox 339 2253 539 2322; x_wconf 75' lang='lat' dir='ltr'><em>ﬁcatur</em></span> <span class='ocrx_word' id='word_1_154' title='bbox 568 2256 649 2308; x_wconf 85' lang='lat' dir='ltr'><em>his</em></span> <span class='ocrx_word' id='word_1_155' title='bbox 681 2258 856 2310; x_wconf 66' lang='lat' dir='ltr'><em>verbis</em></span> <span class='ocrx_word' id='word_1_156' title='bbox 890 2275 900 2310; x_wconf 91' lang='lat'>:</span> <span class='ocrx_word' id='word_1_157' title='bbox 936 2259 1146 2312; x_wconf 81' lang='lat' dir='ltr'><em>Scilicet</em></span> <span class='ocrx_word' id='word_1_158' title='bbox 1177 2275 1318 2312; x_wconf 84' lang='lat' dir='ltr'><em>nunc</em></span> <span class='ocrx_word' id='word_1_159' title='bbox 1353 2262 1485 2312; x_wconf 88' lang='lat' dir='ltr'><em>mihi</em></span> <span class='ocrx_word' id='word_1_160' title='bbox 1514 2262 1808 2314; x_wconf 79' lang='lat' dir='ltr'><em>Proborum</em></span> <span class='ocrx_word' id='word_1_161' title='bbox 1851 2267 1898 2314; x_wconf 84' lang='lat' dir='ltr'><em>et</em></span> <span class='ocrx_word' id='word_1_162' title='bbox 1940 2264 2048 2317; x_wconf 84' lang='lat' dir='ltr'><em>Oli-</em></span> 
     </span>
    </p>
   </div>
   <div class='ocr_carea' id='block_1_24' title="bbox 343 2344 2047 2414">
    <p class='ocr_par' dir='ltr' id='par_1_24' title="bbox 343 2344 2047 2414">
     <span class='ocr_line' id='line_1_24' title="bbox 343 2344 2047 2414; baseline 0.005 -18"><span class='ocrx_word' id='word_1_163' title='bbox 343 2344 549 2397; x_wconf 87' lang='lat' dir='ltr'><em>biorum</em></span> <span class='ocrx_word' id='word_1_164' title='bbox 580 2346 729 2398; x_wconf 88' lang='lat' dir='ltr'><em>clara</em></span> <span class='ocrx_word' id='word_1_165' title='bbox 758 2348 1043 2414; x_wconf 76' lang='lat' dir='ltr'><em>repetenda</em></span> <span class='ocrx_word' id='word_1_166' title='bbox 1079 2354 1207 2401; x_wconf 89' lang='lat' dir='ltr'><em>sunt</em></span> <span class='ocrx_word' id='word_1_167' title='bbox 1238 2352 1478 2413; x_wconf 88' lang='lat' dir='ltr'><em>nomina,</em></span> <span class='ocrx_word' id='word_1_168' title='bbox 1515 2356 1559 2403; x_wconf 87' lang='lat' dir='ltr'><em>et</em></span> <span class='ocrx_word' id='word_1_169' title='bbox 1585 2352 1816 2405; x_wconf 81' lang='lat' dir='ltr'><em>illustris</em></span> <span class='ocrx_word' id='word_1_170' title='bbox 1864 2352 2047 2410; x_wconf 72' lang='lat' dir='ltr'><em>Anitii</em></span> 
     </span>
    </p>
   </div>
   <div class='ocr_carea' id='block_1_25' title="bbox 342 2436 2047 2508">
    <p class='ocr_par' dir='ltr' id='par_1_25' title="bbox 342 2436 2047 2508">
     <span class='ocr_line' id='line_1_25' title="bbox 342 2436 2047 2508; baseline 0.004 -23"><span class='ocrx_word' id='word_1_171' title='bbox 342 2436 635 2499; x_wconf 74' lang='lat' dir='ltr'><em>sanguinis</em></span> <span class='ocrx_word' id='word_1_172' title='bbox 666 2451 854 2501; x_wconf 71' lang='lat' dir='ltr'><em>genus,</em></span> <span class='ocrx_word' id='word_1_173' title='bbox 888 2438 944 2487; x_wconf 86' lang='lat' dir='ltr'><em>in</em></span> <span class='ocrx_word' id='word_1_174' title='bbox 978 2452 1080 2503; x_wconf 87' lang='lat' dir='ltr'><em>quo</em></span> <span class='ocrx_word' id='word_1_175' title='bbox 1112 2443 1207 2490; x_wconf 88' lang='lat' dir='ltr'><em>aut</em></span> <span class='ocrx_word' id='word_1_176' title='bbox 1239 2441 1418 2491; x_wconf 86' lang='lat' dir='ltr'><em>nullus</em></span> <span class='ocrx_word' id='word_1_177' title='bbox 1442 2445 1556 2501; x_wconf 82' lang='lat' dir='ltr'><em>aut</em></span> <span class='ocrx_word' id='word_1_178' title='bbox 1584 2456 1744 2492; x_wconf 82' lang='lat' dir='ltr'><em>rarus</em></span> <span class='ocrx_word' id='word_1_179' title='bbox 1792 2442 1913 2505; x_wconf 80' lang='lat' dir='ltr'><em>erit,</em></span> <span class='ocrx_word' id='word_1_180' title='bbox 1950 2444 2047 2508; x_wconf 85' lang='lat' dir='ltr'><em>qui</em></span> 
     </span>
    </p>
   </div>
   <div class='ocr_carea' id='block_1_26' title="bbox 342 2526 2039 2596">
    <p class='ocr_par' dir='ltr' id='par_1_26' title="bbox 342 2526 2039 2596">
     <span class='ocr_line' id='line_1_26' title="bbox 342 2526 2039 2596; baseline 0.005 -23"><span class='ocrx_word' id='word_1_181' title='bbox 342 2538 447 2574; x_wconf 87' lang='lat' dir='ltr'><em>non</em></span> <span class='ocrx_word' id='word_1_182' title='bbox 477 2526 729 2576; x_wconf 87' lang='lat' dir='ltr'><em>meruerit</em></span> <span class='ocrx_word' id='word_1_183' title='bbox 768 2526 1122 2578; x_wconf 90' lang='lat' dir='ltr'><em>consulatum.</em></span> <span class='ocrx_word' id='word_1_184' title='bbox 1160 2529 1226 2579; x_wconf 81' lang='lat' dir='ltr'><em>Et</em></span> <span class='ocrx_word' id='word_1_185' title='bbox 1264 2528 1597 2581; x_wconf 77' lang='lat' dir='ltr'><em>Prudentius</em></span> <span class='ocrx_word' id='word_1_186' title='bbox 1616 2533 1769 2596; x_wconf 87' lang='lat' dir='ltr'><em>poeta</em></span> <span class='ocrx_word' id='word_1_187' title='bbox 1810 2532 1866 2581; x_wconf 87' lang='lat' dir='ltr'><em>in</em></span> <span class='ocrx_word' id='word_1_188' title='bbox 1903 2531 2039 2583; x_wconf 89' lang='lat' dir='ltr'><em>libro</em></span> 
     </span>
    </p>
   </div>
   <div class='ocr_carea' id='block_1_27' title="bbox 344 2611 2041 2681">
    <p class='ocr_par' dir='ltr' id='par_1_27' title="bbox 344 2611 2041 2681">
     <span class='ocr_line' id='line_1_27' title="bbox 344 2611 2041 2681; baseline 0.006 -20"><span class='ocrx_word' id='word_1_189' title='bbox 344 2611 604 2663; x_wconf 74' lang='lat' dir='ltr'><em>(ulversus</em></span> <span class='ocrx_word' id='word_1_190' title='bbox 655 2613 1035 2679; x_wconf 81' lang='lat' dir='ltr'><em>Symmachum</em></span> <span class='ocrx_word' id='word_1_191' title='bbox 1092 2616 1343 2681; x_wconf 86' lang='lat' dir='ltr'><em>secundo,</em></span> <span class='ocrx_word' id='word_1_192' title='bbox 1400 2619 1535 2669; x_wconf 82' lang='lat' dir='ltr'><em>hunc</em></span> <span class='ocrx_word' id='word_1_193' title='bbox 1585 2620 1640 2669; x_wconf 87' lang='lat' dir='ltr'><em>in</em></span> <span class='ocrx_word' id='word_1_194' title='bbox 1691 2618 1907 2671; x_wconf 87' lang='lat' dir='ltr'><em>modum</em></span> <span class='ocrx_word' id='word_1_195' title='bbox 1960 2635 2041 2671; x_wconf 87' lang='lat' dir='ltr'><em>ce-</em></span> 
     </span>
    </p>
   </div>
   <div class='ocr_carea' id='block_1_28' title="bbox 347 2702 526 2752">
    <p class='ocr_par' dir='ltr' id='par_1_28' title="bbox 347 2702 526 2752">
     <span class='ocr_line' id='line_1_28' title="bbox 347 2702 526 2752; baseline -0.011 -1"><span class='ocrx_word' id='word_1_196' title='bbox 347 2702 477 2752; x_wconf 85' lang='lat' dir='ltr'><em>cinit</em></span> <span class='ocrx_word' id='word_1_197' title='bbox 513 2716 526 2749; x_wconf 93' lang='lat'><strong><em>:</em></strong></span> 
     </span>
    </p>
   </div>
   <div class='ocr_carea' id='block_1_29' title="bbox 485 2809 1913 2878">
    <p class='ocr_par' dir='ltr' id='par_1_29' title="bbox 485 2809 1913 2878">
     <span class='ocr_line' id='line_1_29' title="bbox 485 2809 1913 2878; baseline 0.006 -19"><span class='ocrx_word' id='word_1_198' title='bbox 485 2809 676 2861; x_wconf 85' lang='lat' dir='ltr'><em>Fertur</em></span> <span class='ocrx_word' id='word_1_199' title='bbox 706 2810 845 2862; x_wconf 88' lang='lat' dir='ltr'><em>enim</em></span> <span class='ocrx_word' id='word_1_200' title='bbox 875 2816 998 2863; x_wconf 88' lang='lat' dir='ltr'><em>ante</em></span> <span class='ocrx_word' id='word_1_201' title='bbox 1020 2812 1153 2865; x_wconf 83' lang='lat' dir='ltr'><em>alios</em></span> <span class='ocrx_word' id='word_1_202' title='bbox 1187 2827 1470 2878; x_wconf 87' lang='lat' dir='ltr'><em>generosus</em></span> <span class='ocrx_word' id='word_1_203' title='bbox 1495 2814 1719 2867; x_wconf 79' lang='lat' dir='ltr'><em>Anitius</em></span> <span class='ocrx_word' id='word_1_204' title='bbox 1757 2814 1913 2868; x_wconf 83' lang='lat' dir='ltr'><em>Urbis</em></span> 
     </span>
    </p>
   </div>
   <div class='ocr_carea' id='block_1_30' title="bbox 489 2898 1863 2973">
    <p class='ocr_par' dir='ltr' id='par_1_30' title="bbox 489 2898 1863 2973">
     <span class='ocr_line' id='line_1_30' title="bbox 489 2898 1863 2973; baseline 0.005 -24"><span class='ocrx_word' id='word_1_205' title='bbox 489 2898 798 2953; x_wconf 86' lang='lat' dir='ltr'><em>lt/ustrasse</em></span> <span class='ocrx_word' id='word_1_206' title='bbox 828 2905 989 2968; x_wconf 82' lang='lat' dir='ltr'><em>caput</em></span> <span class='ocrx_word' id='word_1_207' title='bbox 1016 2917 1027 2953; x_wconf 92' lang='lat'><strong>:</strong></span> <span class='ocrx_word' id='word_1_208' title='bbox 1062 2906 1138 2954; x_wconf 89' lang='lat' dir='ltr'><em>sic</em></span> <span class='ocrx_word' id='word_1_209' title='bbox 1168 2917 1222 2955; x_wconf 89' lang='lat' dir='ltr'><em>se</em></span> <span class='ocrx_word' id='word_1_210' title='bbox 1251 2906 1413 2956; x_wconf 77' lang='lat' dir='ltr'><em>Roma</em></span> <span class='ocrx_word' id='word_1_211' title='bbox 1438 2904 1639 2973; x_wconf 77' lang='lat' dir='ltr'><em>inclyta</em></span> <span class='ocrx_word' id='word_1_212' title='bbox 1668 2904 1863 2971; x_wconf 80' lang='lat' dir='ltr'><em>jactat.</em></span> 
     </span>
    </p>
   </div>
   <div class='ocr_carea' id='block_1_31' title="bbox 352 3004 2043 3079">
    <p class='ocr_par' dir='ltr' id='par_1_31' title="bbox 352 3004 2043 3079">
     <span class='ocr_line' id='line_1_31' title="bbox 352 3004 2043 3079; baseline 0.005 -22"><span class='ocrx_word' id='word_1_213' title='bbox 352 3004 580 3057; x_wconf 72' lang='lat' dir='ltr'><em>Videtur</em></span> <span class='ocrx_word' id='word_1_214' title='bbox 600 3007 738 3058; x_wconf 87' lang='lat' dir='ltr'><em>mihi</em></span> <span class='ocrx_word' id='word_1_215' title='bbox 759 3008 865 3060; x_wconf 65' lang='lat' dir='ltr'><em>haec</em></span> <span class='ocrx_word' id='word_1_216' title='bbox 896 3009 1210 3062; x_wconf 85' lang='lat' dir='ltr'><em>Anitiorum</em></span> <span class='ocrx_word' id='word_1_217' title='bbox 1259 3012 1479 3075; x_wconf 85' lang='lat' dir='ltr'><em>familia.</em></span> <span class='ocrx_word' id='word_1_218' title='bbox 1524 3028 1588 3064; x_wconf 61' lang='lat' dir='ltr'><em>ego</em></span> <span class='ocrx_word' id='word_1_219' title='bbox 1635 3014 1841 3065; x_wconf 76' lang='lat' dir='ltr'><em>Manlia</em></span> <span class='ocrx_word' id='word_1_220' title='bbox 1890 3016 2043 3079; x_wconf 86' lang='lat' dir='ltr'><em>gente</em></span> 
     </span>
    </p>
   </div>
   <div class='ocr_carea' id='block_1_32' title="bbox 346 3093 2044 3168">
    <p class='ocr_par' dir='ltr' id='par_1_32' title="bbox 346 3093 2044 3168">
     <span class='ocr_line' id='line_1_32' title="bbox 346 3093 2044 3168; baseline 0.005 -23"><span class='ocrx_word' id='word_1_221' title='bbox 346 3093 567 3147; x_wconf 52' lang='lat' dir='ltr'><em>duxisse</em></span> <span class='ocrx_word' id='word_1_222' title='bbox 598 3098 877 3163; x_wconf 83' lang='lat' dir='ltr'><em>originem,</em></span> <span class='ocrx_word' id='word_1_223' title='bbox 921 3098 1076 3163; x_wconf 73' lang='lat' dir='ltr'><em>cujus</em></span> <span class='ocrx_word' id='word_1_224' title='bbox 1113 3104 1299 3152; x_wconf 90' lang='lat' dir='ltr'><em>auctor</em></span> <span class='ocrx_word' id='word_1_225' title='bbox 1346 3101 1457 3164; x_wconf 88' lang='lat' dir='ltr'><em>fuit</em></span> <span class='ocrx_word' id='word_1_226' title='bbox 1487 3102 1721 3153; x_wconf 75' lang='lat' dir='ltr'><em>Manlius</em></span> <span class='ocrx_word' id='word_1_227' title='bbox 1776 3102 2044 3168; x_wconf 49' lang='lat' dir='ltr'><em>(ilapitoli—</em></span> 
     </span>
    </p>
   </div>
   <div class='ocr_carea' id='block_1_33' title="bbox 345 3187 2046 3251">
    <p class='ocr_par' dir='ltr' id='par_1_33' title="bbox 345 3187 2046 3251">
     <span class='ocr_line' id='line_1_33' title="bbox 345 3187 2046 3251; baseline 0.006 -18"><span class='ocrx_word' id='word_1_228' title='bbox 345 3198 466 3235; x_wconf 87' lang='lat' dir='ltr'><em>nus.</em></span> <span class='ocrx_word' id='word_1_229' title='bbox 504 3187 769 3251; x_wconf 76' lang='lat' dir='ltr'><em>Torquati</em></span> <span class='ocrx_word' id='word_1_230' title='bbox 798 3192 975 3239; x_wconf 88' lang='lat' dir='ltr'><em>autem</em></span> <span class='ocrx_word' id='word_1_231' title='bbox 1014 3203 1295 3251; x_wconf 82' lang='lat' dir='ltr'><em>cognomen</em></span> <span class='ocrx_word' id='word_1_232' title='bbox 1346 3206 1411 3239; x_wconf 53' lang='grc' dir='ltr'><em>(κῃ</em></span> <span class='ocrx_word' id='word_1_233' title='bbox 1457 3191 1566 3240; x_wconf 87' lang='lat' dir='ltr'><em>Titi</em></span> <span class='ocrx_word' id='word_1_234' title='bbox 1610 3192 1804 3242; x_wconf 79' lang='lat' dir='ltr'><em>Manlii</em></span> <span class='ocrx_word' id='word_1_235' title='bbox 1842 3194 2046 3243; x_wconf 76' lang='lat' dir='ltr'><em>rirtutc</em></span> 
     </span>
    </p>
   </div>
   <div class='ocr_carea' id='block_1_34' title="bbox 347 3274 2045 3341">
    <p class='ocr_par' dir='ltr' id='par_1_34' title="bbox 347 3274 2045 3341">
     <span class='ocr_line' id='line_1_34' title="bbox 347 3274 2045 3341; baseline 0.005 -18"><span class='ocrx_word' id='word_1_236' title='bbox 347 3275 585 3338; x_wconf 87' lang='lat' dir='ltr'><em>accessit,</em></span> <span class='ocrx_word' id='word_1_237' title='bbox 611 3276 707 3341; x_wconf 87' lang='lat' dir='ltr'><em>qui</em></span> <span class='ocrx_word' id='word_1_238' title='bbox 736 3274 973 3341; x_wconf 81' lang='lat' dir='ltr'><em>Sulpitio</em></span> <span class='ocrx_word' id='word_1_239' title='bbox 995 3276 1255 3328; x_wconf 80' lang='lat' dir='ltr'><em>dictatore</em></span> <span class='ocrx_word' id='word_1_240' title='bbox 1278 3277 1527 3330; x_wconf 82' lang='lat' dir='ltr'><em>tribunus</em></span> <span class='ocrx_word' id='word_1_241' title='bbox 1560 3279 1791 3331; x_wconf 81' lang='lat' dir='ltr'><em>militum</em></span> <span class='ocrx_word' id='word_1_242' title='bbox 1826 3281 2045 3332; x_wconf 86' lang='lat' dir='ltr'><em>Gallum</em></span> 
     </span>
    </p>
   </div>
   <div class='ocr_carea' id='block_1_35' title="bbox 345 3364 2047 3432">
    <p class='ocr_par' dir='ltr' id='par_1_35' title="bbox 345 3364 2047 3432">
     <span class='ocr_line' id='line_1_35' title="bbox 345 3364 2047 3432; baseline 0.006 -22"><span class='ocrx_word' id='word_1_243' title='bbox 345 3368 745 3426; x_wconf 63' lang='lat' dir='ltr'><em>provocatorem</em></span> <span class='ocrx_word' id='word_1_244' title='bbox 776 3364 989 3427; x_wconf 87' lang='lat' dir='ltr'><em>occidit,</em></span> <span class='ocrx_word' id='word_1_245' title='bbox 1021 3368 1259 3432; x_wconf 81' lang='lat' dir='ltr'><em>torquem</em></span> <span class='ocrx_word' id='word_1_246' title='bbox 1293 3369 1341 3416; x_wconf 90' lang='lat' dir='ltr'><em>ei</em></span> <span class='ocrx_word' id='word_1_247' title='bbox 1376 3365 1673 3419; x_wconf 85' lang='lat' dir='ltr'><em>detractum</em></span> <span class='ocrx_word' id='word_1_248' title='bbox 1705 3370 1898 3420; x_wconf 74' lang='lat' dir='ltr'><em>cervici</em></span> <span class='ocrx_word' id='word_1_249' title='bbox 1936 3384 2047 3421; x_wconf 75' lang='lat' dir='ltr'><em>sua:</em></span> 
     </span>
    </p>
   </div>
   <div class='ocr_carea' id='block_1_36' title="bbox 348 3448 2047 3523">
    <p class='ocr_par' dir='ltr' id='par_1_36' title="bbox 348 3448 2047 3523">
     <span class='ocr_line' id='line_1_36' title="bbox 348 3448 2047 3523; baseline 0.007 -24"><span class='ocrx_word' id='word_1_250' title='bbox 348 3448 578 3501; x_wconf 80' lang='lat' dir='ltr'><em>indidit.</em></span> <span class='ocrx_word' id='word_1_251' title='bbox 607 3449 690 3501; x_wconf 87' lang='lat' dir='ltr'><em>Ab</em></span> <span class='ocrx_word' id='word_1_252' title='bbox 722 3450 901 3503; x_wconf 87' lang='lat' dir='ltr'><em>eodem</em></span> <span class='ocrx_word' id='word_1_253' title='bbox 934 3458 1296 3519; x_wconf 87' lang='lat' dir='ltr'><em>propagatum</em></span> <span class='ocrx_word' id='word_1_254' title='bbox 1330 3460 1405 3506; x_wconf 85' lang='lat' dir='ltr'><em>est</em></span> <span class='ocrx_word' id='word_1_255' title='bbox 1436 3457 1490 3507; x_wconf 82' lang='lat' dir='ltr'><em>in</em></span> <span class='ocrx_word' id='word_1_256' title='bbox 1538 3460 1775 3523; x_wconf 66' lang='lat' dir='ltr'><em>posteros</em></span> <span class='ocrx_word' id='word_1_257' title='bbox 1809 3458 2047 3511; x_wconf 76' lang='lat' dir='ltr'><em>Severini</em></span> 
     </span>
    </p>
   </div>
   <div class='ocr_carea' id='block_1_37' title="bbox 351 3540 2039 3609">
    <p class='ocr_par' dir='ltr' id='par_1_37' title="bbox 351 3540 2039 3609">
     <span class='ocr_line' id='line_1_37' title="bbox 351 3540 2039 3609; baseline 0.007 -22"><span class='ocrx_word' id='word_1_258' title='bbox 351 3542 769 3599; x_wconf 82' lang='lat' dir='ltr'><em>cognomentum.</em></span> <span class='ocrx_word' id='word_1_259' title='bbox 810 3540 934 3591; x_wconf 82' lang='lat' dir='ltr'><em>Fuit</em></span> <span class='ocrx_word' id='word_1_260' title='bbox 963 3542 1102 3591; x_wconf 88' lang='lat' dir='ltr'><em>enim</em></span> <span class='ocrx_word' id='word_1_261' title='bbox 1141 3547 1249 3593; x_wconf 89' lang='lat' dir='ltr'><em>tam</em></span> <span class='ocrx_word' id='word_1_262' title='bbox 1281 3557 1517 3609; x_wconf 79' lang='lat' dir='ltr'><em>severus,</em></span> <span class='ocrx_word' id='word_1_263' title='bbox 1568 3549 1623 3595; x_wconf 88' lang='lat' dir='ltr'><em>ut</em></span> <span class='ocrx_word' id='word_1_264' title='bbox 1658 3545 1791 3597; x_wconf 84' lang='lat' dir='ltr'><em>bello</em></span> <span class='ocrx_word' id='word_1_265' title='bbox 1840 3547 2039 3599; x_wconf 86' lang='lat' dir='ltr'><em>Latino</em></span> 
     </span>
    </p>
   </div>
   <div class='ocr_carea' id='block_1_38' title="bbox 350 3625 2048 3702">
    <p class='ocr_par' dir='ltr' id='par_1_38' title="bbox 350 3625 2048 3702">
     <span class='ocr_line' id='line_1_38' title="bbox 350 3625 2048 3702; baseline 0.008 -28"><span class='ocrx_word' id='word_1_266' title='bbox 350 3625 534 3676; x_wconf 85' lang='lat' dir='ltr'><em>consul</em></span> <span class='ocrx_word' id='word_1_267' title='bbox 572 3628 743 3692; x_wconf 82' lang='lat' dir='ltr'><em>filium</em></span> <span class='ocrx_word' id='word_1_268' title='bbox 786 3642 938 3680; x_wconf 87' lang='lat' dir='ltr'><em>suum</em></span> <span class='ocrx_word' id='word_1_269' title='bbox 979 3630 1120 3695; x_wconf 88' lang='lat' dir='ltr'><em>quod</em></span> <span class='ocrx_word' id='word_1_270' title='bbox 1159 3636 1342 3683; x_wconf 89' lang='lat' dir='ltr'><em>contra</em></span> <span class='ocrx_word' id='word_1_271' title='bbox 1388 3638 1566 3699; x_wconf 86' lang='lat' dir='ltr'><em>patris</em></span> <span class='ocrx_word' id='word_1_272' title='bbox 1608 3637 1890 3701; x_wconf 82' lang='lat' dir='ltr'><em>imperium</em></span> <span class='ocrx_word' id='word_1_273' title='bbox 1950 3652 2048 3702; x_wconf 84' lang='lat' dir='ltr'><em>pu-</em></span> 
     </span>
    </p>
   </div>
   <div class='ocr_carea' id='block_1_39' title="bbox 350 3715 2049 3790">
    <p class='ocr_par' dir='ltr' id='par_1_39' title="bbox 350 3715 2049 3790">
     <span class='ocr_line' id='line_1_39' title="bbox 350 3715 2049 3790; baseline 0.008 -29"><span class='ocrx_word' id='word_1_274' title='bbox 350 3718 583 3779; x_wconf 84' lang='lat' dir='ltr'><em>gnasset,</em></span> <span class='ocrx_word' id='word_1_275' title='bbox 611 3715 729 3767; x_wconf 86' lang='lat' dir='ltr'><em>licet</em></span> <span class='ocrx_word' id='word_1_276' title='bbox 760 3716 930 3769; x_wconf 77' lang='lat' dir='ltr'><em>hostis</em></span> <span class='ocrx_word' id='word_1_277' title='bbox 976 3722 1244 3784; x_wconf 85' lang='lat' dir='ltr'><em>victorem,</em></span> <span class='ocrx_word' id='word_1_278' title='bbox 1295 3723 1470 3773; x_wconf 84' lang='lat' dir='ltr'><em>securi</em></span> <span class='ocrx_word' id='word_1_279' title='bbox 1498 3726 1841 3790; x_wconf 72' lang='lat' dir='ltr'><em>percusserit.</em></span> <span class='ocrx_word' id='word_1_280' title='bbox 1902 3724 2049 3777; x_wconf 77' lang='lat' dir='ltr'><em>Unde</em></span> 
     </span>
    </p>
   </div>
   <div class='ocr_carea' id='block_1_40' title="bbox 360 3802 676 3866">
    <p class='ocr_par' dir='ltr' id='par_1_40' title="bbox 360 3802 676 3866">
     <span class='ocr_line' id='line_1_40' title="bbox 360 3802 676 3866; baseline 0.006 -13"><span class='ocrx_word' id='word_1_281' title='bbox 360 3802 626 3866; x_wconf 82' lang='lat' dir='ltr'><em>Virgilius</em></span> <span class='ocrx_word' id='word_1_282' title='bbox 665 3818 676 3855; x_wconf 93' lang='lat'>:</span> 
     </span>
    </p>
   </div>
   <div class='ocr_carea' id='block_1_41' title="bbox 947 3902 1462 3965">
    <p class='ocr_par' dir='ltr' id='par_1_41' title="bbox 947 3902 1462 3965">
     <span class='ocr_line' id='line_1_41' title="bbox 947 3902 1462 3965; baseline 0.01 -18"><span class='ocrx_word' id='word_1_283' title='bbox 947 3910 1248 3965; x_wconf 71' lang='lat' dir='ltr'><em>servumque</em></span> <span class='ocrx_word' id='word_1_284' title='bbox 1287 3902 1462 3953; x_wconf 86' lang='lat' dir='ltr'><em>securi</em></span> 
     </span>
    </p>
   </div>
   <div class='ocr_carea' id='block_1_42' title="bbox 777 3985 1352 4055">
    <p class='ocr_par' dir='ltr' id='par_1_42' title="bbox 777 3985 1352 4055">
     <span class='ocr_line' id='line_1_42' title="bbox 777 3985 1352 4055; baseline 0.007 -18"><span class='ocrx_word' id='word_1_285' title='bbox 777 3985 978 4053; x_wconf 78' lang='lat' dir='ltr'><em>ASpice</em></span> <span class='ocrx_word' id='word_1_286' title='bbox 1004 3988 1352 4055; x_wconf 86' lang='lat' dir='ltr'><em>Torquatum.</em></span> 
     </span>
    </p>
   </div>
   <div class='ocr_carea' id='block_1_43' title="bbox 350 4089 2050 4164">
    <p class='ocr_par' dir='ltr' id='par_1_43' title="bbox 350 4089 2050 4164">
     <span class='ocr_line' id='line_1_43' title="bbox 350 4089 2050 4164; baseline 0.005 -24"><span class='ocrx_word' id='word_1_287' title='bbox 350 4089 514 4142; x_wconf 80' lang='lat' dir='ltr'><em>Porro</em></span> <span class='ocrx_word' id='word_1_288' title='bbox 541 4092 867 4157; x_wconf 82' lang='lat' dir='ltr'><em>peculiarem</em></span> <span class='ocrx_word' id='word_1_289' title='bbox 887 4099 935 4146; x_wconf 89' lang='lat' dir='ltr'><em>et</em></span> <span class='ocrx_word' id='word_1_290' title='bbox 957 4109 1129 4164; x_wconf 85' lang='lat' dir='ltr'><em>prope</em></span> <span class='ocrx_word' id='word_1_291' title='bbox 1162 4098 1449 4161; x_wconf 78' lang='lat' dir='ltr'><em>genuinam</em></span> <span class='ocrx_word' id='word_1_292' title='bbox 1486 4098 1650 4164; x_wconf 85' lang='lat' dir='ltr'><em>hujus</em></span> <span class='ocrx_word' id='word_1_293' title='bbox 1683 4099 1856 4164; x_wconf 76' lang='lat' dir='ltr'><em>gentis</em></span> <span class='ocrx_word' id='word_1_294' title='bbox 1876 4099 2050 4162; x_wconf 83' lang='lat' dir='ltr'><em>fuisse</em></span> 
     </span>
    </p>
   </div>
   <div class='ocr_carea' id='block_1_44' title="bbox 351 4181 2046 4244">
    <p class='ocr_par' dir='ltr' id='par_1_44' title="bbox 351 4181 2046 4244">
     <span class='ocr_line' id='line_1_44' title="bbox 351 4181 2046 4244; baseline 0.005 -15"><span class='ocrx_word' id='word_1_295' title='bbox 351 4181 706 4244; x_wconf 75' lang='lat' dir='ltr'><em>severitatem,</em></span> <span class='ocrx_word' id='word_1_296' title='bbox 778 4183 1008 4235; x_wconf 79' lang='lat' dir='ltr'><em>ostendit</em></span> <span class='ocrx_word' id='word_1_297' title='bbox 1067 4186 1244 4239; x_wconf 86' lang='lat' dir='ltr'><em>Cicero</em></span> <span class='ocrx_word' id='word_1_298' title='bbox 1296 4188 1347 4237; x_wconf 86' lang='lat' dir='ltr'><em>in</em></span> <span class='ocrx_word' id='word_1_299' title='bbox 1412 4202 1426 4238; x_wconf 91' lang='lat'><strong>1</strong></span> <span class='ocrx_word' id='word_1_300' title='bbox 1493 4186 1555 4238; x_wconf 87' lang='lat' dir='ltr'><em>de</em></span> <span class='ocrx_word' id='word_1_301' title='bbox 1610 4188 1832 4239; x_wconf 84' lang='lat' dir='ltr'><em>Finibus</em></span> <span class='ocrx_word' id='word_1_302' title='bbox 1892 4188 2046 4238; x_wconf 85' lang='lat' dir='ltr'><em>libro.</em></span> 
     </span>
    </p>
   </div>
   <div class='ocr_carea' id='block_1_45' title="bbox 352 4271 2047 4341">
    <p class='ocr_par' dir='ltr' id='par_1_45' title="bbox 352 4271 2047 4341">
     <span class='ocr_line' id='line_1_45' title="bbox 352 4271 2047 4341; baseline 0.001 -18"><span class='ocrx_word' id='word_1_303' title='bbox 352 4271 584 4324; x_wconf 81' lang='lat' dir='ltr'><em>Proinde</em></span> <span class='ocrx_word' id='word_1_304' title='bbox 618 4272 912 4326; x_wconf 84' lang='lat' dir='ltr'><em>ridiculum</em></span> <span class='ocrx_word' id='word_1_305' title='bbox 953 4279 1027 4325; x_wconf 89' lang='lat' dir='ltr'><em>est</em></span> <span class='ocrx_word' id='word_1_306' title='bbox 1080 4274 1223 4341; x_wconf 88' lang='lat' dir='ltr'><em>quod</em></span> <span class='ocrx_word' id='word_1_307' title='bbox 1254 4274 1457 4326; x_wconf 81' lang='lat' dir='ltr'><em>indocti</em></span> <span class='ocrx_word' id='word_1_308' title='bbox 1500 4278 1654 4327; x_wconf 78' lang='lat' dir='ltr'><em>(tiunt</em></span> <span class='ocrx_word' id='word_1_309' title='bbox 1708 4276 1947 4327; x_wconf 77' lang='lat' dir='ltr'><em>Boetium</em></span> <span class='ocrx_word' id='word_1_310' title='bbox 1993 4291 2047 4326; x_wconf 88' lang='lat' dir='ltr'><em>eo</em></span> 
     </span>
    </p>
   </div>
   <div class='ocr_carea' id='block_1_46' title="bbox 354 4360 2045 4431">
    <p class='ocr_par' dir='ltr' id='par_1_46' title="bbox 354 4360 2045 4431">
     <span class='ocr_line' id='line_1_46' title="bbox 354 4360 2045 4431; baseline 0.004 -22"><span class='ocrx_word' id='word_1_311' title='bbox 354 4360 556 4413; x_wconf 82' lang='lat' dir='ltr'><em>dictum</em></span> <span class='ocrx_word' id='word_1_312' title='bbox 589 4362 920 4425; x_wconf 77' lang='lat' dir='ltr'><em>Severinum,</em></span> <span class='ocrx_word' id='word_1_313' title='bbox 949 4363 1091 4429; x_wconf 86' lang='lat' dir='ltr'><em>quod</em></span> <span class='ocrx_word' id='word_1_314' title='bbox 1124 4363 1448 4415; x_wconf 84' lang='lat' dir='ltr'><em>Theodorico</em></span> <span class='ocrx_word' id='word_1_315' title='bbox 1480 4366 1597 4430; x_wconf 82' lang='lat' dir='ltr'><em>regi</em></span> <span class='ocrx_word' id='word_1_316' title='bbox 1620 4378 1672 4415; x_wconf 86' lang='lat' dir='ltr'><em>se</em></span> <span class='ocrx_word' id='word_1_317' title='bbox 1720 4367 2045 4431; x_wconf 54' lang='lat' dir='ltr'><em>tquposnirit.</em></span> 
     </span>
    </p>
   </div>
   <div class='ocr_carea' id='block_1_47' title="bbox 354 4452 2051 4518">
    <p class='ocr_par' dir='ltr' id='par_1_47' title="bbox 354 4452 2051 4518">
     <span class='ocr_line' id='line_1_47' title="bbox 354 4452 2051 4518; baseline -0.001 -15"><span class='ocrx_word' id='word_1_318' title='bbox 354 4452 522 4504; x_wconf 83' lang='lat' dir='ltr'><em>Multo</em></span> <span class='ocrx_word' id='word_1_319' title='bbox 555 4456 731 4504; x_wconf 91' lang='lat' dir='ltr'><em>autem</em></span> <span class='ocrx_word' id='word_1_320' title='bbox 768 4454 940 4518; x_wconf 87' lang='lat' dir='ltr'><em>magis</em></span> <span class='ocrx_word' id='word_1_321' title='bbox 973 4452 1109 4503; x_wconf 85' lang='lat' dir='ltr'><em>illud</em></span> <span class='ocrx_word' id='word_1_322' title='bbox 1142 4453 1284 4518; x_wconf 83' lang='lat' dir='ltr'><em>quod</em></span> <span class='ocrx_word' id='word_1_323' title='bbox 1327 4454 1570 4504; x_wconf 87' lang='lat' dir='ltr'><em>Boetium</em></span> <span class='ocrx_word' id='word_1_324' title='bbox 1613 4453 1835 4505; x_wconf 87' lang='lat' dir='ltr'><em>tradunt</em></span> <span class='ocrx_word' id='word_1_325' title='bbox 1883 4469 1915 4505; x_wconf 92' lang='lat' dir='ltr'><em>a</em></span> <span class='ocrx_word' id='word_1_326' title='bbox 1960 4470 2051 4505; x_wconf 69' lang='lat' dir='ltr'><em>re-</em></span> 
     </span>
    </p>
   </div>
   <div class='ocr_carea' id='block_1_48' title="bbox 352 4541 2051 4608">
    <p class='ocr_par' dir='ltr' id='par_1_48' title="bbox 352 4541 2051 4608">
     <span class='ocr_line' id='line_1_48' title="bbox 352 4541 2051 4608; baseline 0.002 -16"><span class='ocrx_word' id='word_1_327' title='bbox 352 4541 551 4593; x_wconf 82' lang='lat' dir='ltr'><em>scenda</em></span> <span class='ocrx_word' id='word_1_328' title='bbox 575 4541 727 4593; x_wconf 90' lang='lat' dir='ltr'><em>boum</em></span> <span class='ocrx_word' id='word_1_329' title='bbox 754 4556 912 4593; x_wconf 87' lang='lat' dir='ltr'><em>carne</em></span> <span class='ocrx_word' id='word_1_330' title='bbox 939 4542 1112 4605; x_wconf 88' lang='lat' dir='ltr'><em>fuisse</em></span> <span class='ocrx_word' id='word_1_331' title='bbox 1134 4546 1557 4608; x_wconf 75' lang='lat' dir='ltr'><em>agnomiiuztum,</em></span> <span class='ocrx_word' id='word_1_332' title='bbox 1593 4557 1708 4594; x_wconf 87' lang='lat' dir='ltr'><em>cum</em></span> <span class='ocrx_word' id='word_1_333' title='bbox 1727 4543 2051 4601; x_wconf 76' lang='lat' dir='ltr'><em>trialitiores</em></span> 
     </span>
    </p>
   </div>
   <div class='ocr_carea' id='block_1_49' title="bbox 355 4630 2050 4699">
    <p class='ocr_par' dir='ltr' id='par_1_49' title="bbox 355 4630 2050 4699">
     <span class='ocr_line' id='line_1_49' title="bbox 355 4630 2050 4699; baseline 0.002 -17"><span class='ocrx_word' id='word_1_334' title='bbox 355 4647 387 4682; x_wconf 90' lang='lat' dir='ltr'><em>a</em></span> <span class='ocrx_word' id='word_1_335' title='bbox 417 4633 819 4698; x_wconf 86' lang='lat' dir='ltr'><em>nomineprisci</em></span> <span class='ocrx_word' id='word_1_336' title='bbox 848 4630 1134 4699; x_wconf 86' lang='lat' dir='ltr'><em>cujusdam</em></span> <span class='ocrx_word' id='word_1_337' title='bbox 1165 4631 1476 4699; x_wconf 77' lang='lat' dir='ltr'><em>philosophi</em></span> <span class='ocrx_word' id='word_1_338' title='bbox 1506 4630 1649 4698; x_wconf 87' lang='lat' dir='ltr'><em>quod</em></span> <span class='ocrx_word' id='word_1_339' title='bbox 1691 4636 1764 4684; x_wconf 86' lang='lat' dir='ltr'><em>est</em></span> <span class='ocrx_word' id='word_1_340' title='bbox 1813 4634 2050 4697; x_wconf 85' lang='lat' dir='ltr'><em>Boetius,</em></span> 
     </span>
    </p>
   </div>
   <div class='ocr_carea' id='block_1_50' title="bbox 355 4720 2052 4789">
    <p class='ocr_par' dir='ltr' id='par_1_50' title="bbox 355 4720 2052 4789">
     <span class='ocr_line' id='line_1_50' title="bbox 355 4720 2052 4789; baseline 0.002 -20"><span class='ocrx_word' id='word_1_341' title='bbox 355 4724 599 4771; x_wconf 74' lang='lat' dir='ltr'><em>censeant</em></span> <span class='ocrx_word' id='word_1_342' title='bbox 630 4722 867 4773; x_wconf 83' lang='lat' dir='ltr'><em>Boetium</em></span> <span class='ocrx_word' id='word_1_343' title='bbox 897 4723 1069 4785; x_wconf 88' lang='lat' dir='ltr'><em>fuisse</em></span> <span class='ocrx_word' id='word_1_344' title='bbox 1100 4721 1454 4788; x_wconf 86' lang='lat' dir='ltr'><em>appellatum.</em></span> <span class='ocrx_word' id='word_1_345' title='bbox 1492 4720 1641 4787; x_wconf 82' lang='lat' dir='ltr'><em>Quod</em></span> <span class='ocrx_word' id='word_1_346' title='bbox 1663 4724 1710 4773; x_wconf 89' lang='lat' dir='ltr'><em>si</em></span> <span class='ocrx_word' id='word_1_347' title='bbox 1740 4724 1818 4773; x_wconf 88' lang='lat' dir='ltr'><em>ita</em></span> <span class='ocrx_word' id='word_1_348' title='bbox 1850 4727 1927 4774; x_wconf 88' lang='lat' dir='ltr'><em>est</em></span> <span class='ocrx_word' id='word_1_349' title='bbox 1956 4738 2052 4789; x_wconf 87' lang='lat' dir='ltr'><em>per</em></span> 
     </span>
    </p>
   </div>
   <div class='ocr_carea' id='block_1_51' title="bbox 354 4806 2052 4877">
    <p class='ocr_par' dir='ltr' id='par_1_51' title="bbox 354 4806 2052 4877">
     <span class='ocr_line' id='line_1_51' title="bbox 354 4806 2052 4877; baseline 0.003 -20"><span class='ocrx_word' id='word_1_350' title='bbox 354 4806 416 4857; x_wconf 77' lang='lat' dir='ltr'><em>th</em></span> <span class='ocrx_word' id='word_1_351' title='bbox 445 4810 752 4875; x_wconf 86' lang='lat' dir='ltr'><em>aspiratum</em></span> <span class='ocrx_word' id='word_1_352' title='bbox 785 4809 879 4861; x_wconf 92' lang='lat' dir='ltr'><em>hoc</em></span> <span class='ocrx_word' id='word_1_353' title='bbox 908 4825 1094 4862; x_wconf 87' lang='lat' dir='ltr'><em>nomen</em></span> <span class='ocrx_word' id='word_1_354' title='bbox 1136 4809 1475 4861; x_wconf 78' lang='lat' dir='ltr'><em>scribendum</em></span> <span class='ocrx_word' id='word_1_355' title='bbox 1508 4816 1602 4861; x_wconf 87' lang='lat' dir='ltr'><em>est.</em></span> <span class='ocrx_word' id='word_1_356' title='bbox 1646 4810 2052 4877; x_wconf 82' lang='lat' dir='ltr'><em>Interpretatur</em></span> 
     </span>
    </p>
   </div>
   <div class='ocr_carea' id='block_1_52' title="bbox 356 4894 2047 4965">
    <p class='ocr_par' dir='ltr' id='par_1_52' title="bbox 356 4894 2047 4965">
     <span class='ocr_line' id='line_1_52' title="bbox 356 4894 2047 4965; baseline 0.003 -17"><span class='ocrx_word' id='word_1_357' title='bbox 356 4901 530 4949; x_wconf 88' lang='lat' dir='ltr'><em>autem</em></span> <span class='ocrx_word' id='word_1_358' title='bbox 582 4894 784 4962; x_wconf 68' lang='grc' dir='ltr'><em>ϐοηθὸς,</em></span> <span class='ocrx_word' id='word_1_359' title='bbox 845 4900 1053 4962; x_wconf 84' lang='lat' dir='ltr'><em>fautor,</em></span> <span class='ocrx_word' id='word_1_360' title='bbox 1114 4898 1356 4965; x_wconf 72' lang='lat' dir='ltr'><em>adjutor,</em></span> <span class='ocrx_word' id='word_1_361' title='bbox 1422 4900 1740 4954; x_wconf 68' lang='lat' dir='ltr'><em>aureiliator.</em></span> <span class='ocrx_word' id='word_1_362' title='bbox 1788 4900 2047 4953; x_wconf 69' lang='lat' dir='ltr'><em>Ca’terum</em></span> 
     </span>
    </p>
   </div>
   <div class='ocr_carea' id='block_1_53' title="bbox 356 4985 2048 5057">
    <p class='ocr_par' dir='ltr' id='par_1_53' title="bbox 356 4985 2048 5057">
     <span class='ocr_line' id='line_1_53' title="bbox 356 4985 2048 5057; baseline 0.002 -20"><span class='ocrx_word' id='word_1_363' title='bbox 356 4985 499 5052; x_wconf 86' lang='lat' dir='ltr'><em>quod</em></span> <span class='ocrx_word' id='word_1_364' title='bbox 547 4986 640 5038; x_wconf 89' lang='lat' dir='ltr'><em>hoc</em></span> <span class='ocrx_word' id='word_1_365' title='bbox 668 5001 798 5055; x_wconf 88' lang='lat' dir='ltr'><em>opus</em></span> <span class='ocrx_word' id='word_1_366' title='bbox 838 4986 901 5038; x_wconf 89' lang='lat' dir='ltr'><em>de</em></span> <span class='ocrx_word' id='word_1_367' title='bbox 930 4988 1298 5043; x_wconf 85' lang='lat' dir='ltr'><em>Consolatione</em></span> <span class='ocrx_word' id='word_1_368' title='bbox 1322 4989 1677 5057; x_wconf 74' lang='lat' dir='ltr'><em>philosophite</em></span> <span class='ocrx_word' id='word_1_369' title='bbox 1708 4989 2048 5053; x_wconf 88' lang='lat' dir='ltr'><em>inscribitur,</em></span> 
     </span>
    </p>
   </div>
   <div class='ocr_carea' id='block_1_54' title="bbox 354 5076 2049 5146">
    <p class='ocr_par' dir='ltr' id='par_1_54' title="bbox 354 5076 2049 5146">
     <span class='ocr_line' id='line_1_54' title="bbox 354 5076 2049 5146; baseline 0.002 -18"><span class='ocrx_word' id='word_1_370' title='bbox 354 5076 629 5129; x_wconf 86' lang='lat' dir='ltr'><em>sciendum</em></span> <span class='ocrx_word' id='word_1_371' title='bbox 657 5082 733 5129; x_wconf 90' lang='lat' dir='ltr'><em>est</em></span> <span class='ocrx_word' id='word_1_372' title='bbox 761 5080 967 5141; x_wconf 77' lang='lat' dir='ltr'><em>formas</em></span> <span class='ocrx_word' id='word_1_373' title='bbox 1006 5094 1143 5146; x_wconf 73' lang='lat' dir='ltr'><em>saepe</em></span> <span class='ocrx_word' id='word_1_374' title='bbox 1162 5081 1299 5146; x_wconf 84' lang='lat' dir='ltr'><em>ﬁngi</em></span> <span class='ocrx_word' id='word_1_375' title='bbox 1320 5078 1386 5129; x_wconf 86' lang='lat' dir='ltr'><em>ab</em></span> <span class='ocrx_word' id='word_1_376' title='bbox 1410 5077 1711 5131; x_wconf 79' lang='lat' dir='ltr'><em>illustribus</em></span> <span class='ocrx_word' id='word_1_377' title='bbox 1743 5079 2049 5131; x_wconf 86' lang='lat' dir='ltr'><em>auctoribus</em></span> 
     </span>
    </p>
   </div>
   <div class='ocr_carea' id='block_1_55' title="bbox 354 5168 2047 5239">
    <p class='ocr_par' dir='ltr' id='par_1_55' title="bbox 354 5168 2047 5239">
     <span class='ocr_line' id='line_1_55' title="bbox 354 5168 2047 5239; baseline -0.001 -22"><span class='ocrx_word' id='word_1_378' title='bbox 354 5170 403 5218; x_wconf 86' lang='lat' dir='ltr'><em>et</em></span> <span class='ocrx_word' id='word_1_379' title='bbox 426 5182 779 5234; x_wconf 88' lang='lat' dir='ltr'><em>personarum</em></span> <span class='ocrx_word' id='word_1_380' title='bbox 799 5169 919 5234; x_wconf 78' lang='lat' dir='ltr'><em>ﬁeri</em></span> <span class='ocrx_word' id='word_1_381' title='bbox 947 5168 1356 5236; x_wconf 77' lang='lat' dir='ltr'><em>descriptionem</em></span> <span class='ocrx_word' id='word_1_382' title='bbox 1384 5184 1395 5219; x_wconf 88' lang='lat'>:</span> <span class='ocrx_word' id='word_1_383' title='bbox 1423 5184 1591 5236; x_wconf 86' lang='lat' dir='ltr'><em>quare</em></span> <span class='ocrx_word' id='word_1_384' title='bbox 1620 5170 1819 5220; x_wconf 66' lang='lat' dir='ltr'><em>Grteeis</em></span> <span class='ocrx_word' id='word_1_385' title='bbox 1842 5186 2047 5239; x_wconf 64' lang='grc' dir='ltr'><em>προτί.)-</em></span> 
     </span>
    </p>
   </div>
   <div class='ocr_carea' id='block_1_56' title="bbox 356 5256 2052 5329">
    <p class='ocr_par' dir='ltr' id='par_1_56' title="bbox 356 5256 2052 5329">
     <span class='ocr_line' id='line_1_56' title="bbox 356 5256 2052 5329; baseline 0.002 -23"><span class='ocrx_word' id='word_1_386' title='bbox 356 5259 617 5329; x_wconf 62' lang='grc' dir='ltr'><em>πογραφία</em></span> <span class='ocrx_word' id='word_1_387' title='bbox 652 5256 872 5309; x_wconf 81' lang='lat' dir='ltr'><em>dicitur.</em></span> <span class='ocrx_word' id='word_1_388' title='bbox 909 5256 1361 5321; x_wconf 83' lang='lat' dir='ltr'><em>Quemadmodum</em></span> <span class='ocrx_word' id='word_1_389' title='bbox 1386 5257 1642 5309; x_wconf 86' lang='lat' dir='ltr'><em>Prodicus</em></span> <span class='ocrx_word' id='word_1_390' title='bbox 1674 5258 1918 5324; x_wconf 82' lang='lat' dir='ltr'><em>sophista</em></span> <span class='ocrx_word' id='word_1_391' title='bbox 1944 5259 2052 5309; x_wconf 60' lang='grc' dir='ltr'><em>Γίν-</em></span> 
     </span>
    </p>
   </div>
   <div class='ocr_carea' id='block_1_57' title="bbox 359 5346 2050 5414">
    <p class='ocr_par' dir='ltr' id='par_1_57' title="bbox 359 5346 2050 5414">
     <span class='ocr_line' id='line_1_57' title="bbox 359 5346 2050 5414; baseline 0.001 -16"><span class='ocrx_word' id='word_1_392' title='bbox 359 5352 521 5399; x_wconf 83' lang='lat' dir='ltr'><em>tatem</em></span> <span class='ocrx_word' id='word_1_393' title='bbox 554 5348 960 5414; x_wconf 68' lang='lat' dir='ltr'><em>lic-voluptatem</em></span> <span class='ocrx_word' id='word_1_394' title='bbox 982 5346 1131 5413; x_wconf 86' lang='lat' dir='ltr'><em>apud</em></span> <span class='ocrx_word' id='word_1_395' title='bbox 1162 5348 1437 5398; x_wconf 79' lang='lat' dir='ltr'><em>Herculem</em></span> <span class='ocrx_word' id='word_1_396' title='bbox 1473 5351 1610 5399; x_wconf 86' lang='lat' dir='ltr'><em>inter</em></span> <span class='ocrx_word' id='word_1_397' title='bbox 1636 5363 1689 5399; x_wconf 88' lang='lat' dir='ltr'><em>se</em></span> <span class='ocrx_word' id='word_1_398' title='bbox 1722 5348 2050 5400; x_wconf 74' lang='lat' dir='ltr'><em>desertantes</em></span> 
     </span>
    </p>
   </div>
   <div class='ocr_carea' id='block_1_58' title="bbox 357 5435 2048 5501">
    <p class='ocr_par' dir='ltr' id='par_1_58' title="bbox 357 5435 2048 5501">
     <span class='ocr_line' id='line_1_58' title="bbox 357 5435 2048 5501; baseline 0.001 -14"><span class='ocrx_word' id='word_1_399' title='bbox 357 5437 514 5499; x_wconf 83' lang='lat' dir='ltr'><em>facit,</em></span> <span class='ocrx_word' id='word_1_400' title='bbox 566 5440 621 5487; x_wconf 87' lang='lat' dir='ltr'><em>ut</em></span> <span class='ocrx_word' id='word_1_401' title='bbox 669 5439 854 5488; x_wconf 86' lang='lat' dir='ltr'><em>auctor</em></span> <span class='ocrx_word' id='word_1_402' title='bbox 900 5439 975 5487; x_wconf 88' lang='lat' dir='ltr'><em>est</em></span> <span class='ocrx_word' id='word_1_403' title='bbox 1022 5435 1325 5501; x_wconf 72' lang='lat' dir='ltr'><em>Xenophon.</em></span> <span class='ocrx_word' id='word_1_404' title='bbox 1365 5437 1434 5487; x_wconf 87' lang='lat' dir='ltr'><em>Et</em></span> <span class='ocrx_word' id='word_1_405' title='bbox 1486 5440 1705 5488; x_wconf 88' lang='lat' dir='ltr'><em>mortem</em></span> <span class='ocrx_word' id='word_1_406' title='bbox 1749 5451 1812 5488; x_wconf 89' lang='lat' dir='ltr'><em>ac</em></span> <span class='ocrx_word' id='word_1_407' title='bbox 1860 5438 2048 5500; x_wconf 80' lang='lat' dir='ltr'><em>vitam,</em></span> 
     </span>
    </p>
   </div>
   <div class='ocr_carea' id='block_1_59' title="bbox 362 5523 1860 5592">
    <p class='ocr_par' dir='ltr' id='par_1_59' title="bbox 362 5523 1860 5592">
     <span class='ocr_line' id='line_1_59' title="bbox 362 5523 1860 5592; baseline 0.003 -19"><span class='ocrx_word' id='word_1_408' title='bbox 362 5528 492 5576; x_wconf 86' lang='lat' dir='ltr'><em>teste</em></span> <span class='ocrx_word' id='word_1_409' title='bbox 520 5525 705 5592; x_wconf 84' lang='lat' dir='ltr'><em>Fabio,</em></span> <span class='ocrx_word' id='word_1_410' title='bbox 730 5523 1103 5577; x_wconf 84' lang='lat' dir='ltr'><em>contendentes</em></span> <span class='ocrx_word' id='word_1_411' title='bbox 1134 5525 1188 5574; x_wconf 89' lang='lat' dir='ltr'><em>in</em></span> <span class='ocrx_word' id='word_1_412' title='bbox 1214 5529 1403 5587; x_wconf 56' lang='lat' dir='ltr'><em>sati/ra</em></span> <span class='ocrx_word' id='word_1_413' title='bbox 1430 5524 1601 5575; x_wconf 87' lang='lat' dir='ltr'><em>tradit</em></span> <span class='ocrx_word' id='word_1_414' title='bbox 1630 5526 1860 5579; x_wconf 77' lang='lat' dir='ltr'><em>Ennius.</em></span> 
     </span>
    </p>
   </div>
   <div class='ocr_carea' id='block_1_60' title="bbox 1050 216 3102 273">
    <p class='ocr_par' dir='ltr' id='par_1_60' title="bbox 1050 216 3102 273">
     <span class='ocr_line' id='line_1_60' title="bbox 1050 216 3102 273; baseline 0 -3"><span class='ocrx_word' id='word_1_415' title='bbox 1050 219 1395 272; x_wconf 63' lang='lat' dir='ltr'><em>APPENDIX</em></span> <span class='ocrx_word' id='word_1_416' title='bbox 1439 219 1525 270; x_wconf 72' lang='lat' dir='ltr'><em>Al)</em></span> <span class='ocrx_word' id='word_1_417' title='bbox 1576 217 1819 271; x_wconf 73' lang='lat' dir='ltr'><em>LIBROS</em></span> <span class='ocrx_word' id='word_1_418' title='bbox 1878 217 1969 271; x_wconf 78' lang='lat' dir='ltr'><strong>DE</strong></span> <span class='ocrx_word' id='word_1_419' title='bbox 2013 216 2542 271; x_wconf 61' lang='lat' dir='ltr'><em>()ONSOLATIONE</em></span> <span class='ocrx_word' id='word_1_420' title='bbox 2591 217 3102 273; x_wconf 69' lang='lat' dir='ltr'><em>PHILOSOPIIME.</em></span> 
     </span>
    </p>
   </div>
   <div class='ocr_carea' id='block_1_61' title="bbox 3702 224 3792 275">
    <p class='ocr_par' dir='ltr' id='par_1_61' title="bbox 3702 224 3792 275">
     <span class='ocr_line' id='line_1_61' title="bbox 3702 224 3792 275; baseline -0.011 0"><span class='ocrx_word' id='word_1_421' title='bbox 3702 224 3792 275; x_wconf 53' lang='lat'><em>88’»</em></span> 
     </span>
    </p>
   </div>
   <div class='ocr_carea' id='block_1_62' title="bbox 2702 350 3253 420">
    <p class='ocr_par' dir='ltr' id='par_1_62' title="bbox 2702 350 3253 420">
     <span class='ocr_line' id='line_1_62' title="bbox 2702 350 3253 420; baseline 0.004 -20"><span class='ocrx_word' id='word_1_422' title='bbox 2702 350 2785 402; x_wconf 76' lang='lat' dir='ltr'><em>IV.</em></span> <span class='ocrx_word' id='word_1_423' title='bbox 2826 350 2963 419; x_wconf 57' lang='grc' dir='ltr'><em>εἰ)Ίὶ</em></span> <span class='ocrx_word' id='word_1_424' title='bbox 2994 352 3253 420; x_wconf 67' lang='lat' dir='ltr'><em>qualitas.</em></span> 
     </span>
    </p>
   </div>
   <div class='ocr_carea' id='block_1_63' title="bbox 2200 439 3801 513">
    <p class='ocr_par' dir='ltr' id='par_1_63' title="bbox 2200 439 3801 513">
     <span class='ocr_line' id='line_1_63' title="bbox 2200 439 3801 513; baseline 0.007 -24"><span class='ocrx_word' id='word_1_425' title='bbox 2200 440 2318 490; x_wconf 86' lang='lat' dir='ltr'><em>Jam</em></span> <span class='ocrx_word' id='word_1_426' title='bbox 2342 442 2400 490; x_wconf 88' lang='lat' dir='ltr'><em>ut</em></span> <span class='ocrx_word' id='word_1_427' title='bbox 2430 439 2561 505; x_wconf 73' lang='lat' dir='ltr'><em>styli</em></span> <span class='ocrx_word' id='word_1_428' title='bbox 2592 440 2832 505; x_wconf 82' lang='lat' dir='ltr'><em>qualitas</em></span> <span class='ocrx_word' id='word_1_429' title='bbox 2854 444 3165 505; x_wconf 82' lang='lat' dir='ltr'><em>innotescat,</em></span> <span class='ocrx_word' id='word_1_430' title='bbox 3194 441 3417 494; x_wconf 78' lang='lat' dir='ltr'><em>Boetius</em></span> <span class='ocrx_word' id='word_1_431' title='bbox 3454 443 3505 495; x_wconf 87' lang='lat' dir='ltr'><em>in</em></span> <span class='ocrx_word' id='word_1_432' title='bbox 3538 444 3615 498; x_wconf 85' lang='lat' dir='ltr'><em>his</em></span> <span class='ocrx_word' id='word_1_433' title='bbox 3644 447 3801 513; x_wconf 78' lang='lat' dir='ltr'><em>libris,</em></span> 
     </span>
    </p>
   </div>
   <div class='ocr_carea' id='block_1_64' title="bbox 2132 529 3805 601">
    <p class='ocr_par' dir='ltr' id='par_1_64' title="bbox 2132 529 3805 601">
     <span class='ocr_line' id='line_1_64' title="bbox 2132 529 3805 601; baseline 0.005 -22"><span class='ocrx_word' id='word_1_434' title='bbox 2132 532 2241 579; x_wconf 88' lang='lat' dir='ltr'><em>tum</em></span> <span class='ocrx_word' id='word_1_435' title='bbox 2273 529 2517 581; x_wconf 56' lang='lat' dir='ltr'><em>“versibus</em></span> <span class='ocrx_word' id='word_1_436' title='bbox 2569 530 2762 595; x_wconf 88' lang='lat' dir='ltr'><em>utitur,</em></span> <span class='ocrx_word' id='word_1_437' title='bbox 2811 535 2917 581; x_wconf 88' lang='lat' dir='ltr'><em>tum</em></span> <span class='ocrx_word' id='word_1_438' title='bbox 2954 534 3194 583; x_wconf 85' lang='lat' dir='ltr'><em>oratione</em></span> <span class='ocrx_word' id='word_1_439' title='bbox 3227 533 3430 593; x_wconf 82' lang='lat' dir='ltr'><em>soluta,</em></span> <span class='ocrx_word' id='word_1_440' title='bbox 3494 539 3549 584; x_wconf 89' lang='lat' dir='ltr'><em>ut</em></span> <span class='ocrx_word' id='word_1_441' title='bbox 3582 536 3805 601; x_wconf 78' lang='lat' dir='ltr'><em>jucunda</em></span> 
     </span>
    </p>
   </div>
   <div class='ocr_carea' id='block_1_65' title="bbox 2130 615 3805 678">
    <p class='ocr_par' dir='ltr' id='par_1_65' title="bbox 2130 615 3805 678">
     <span class='ocr_line' id='line_1_65' title="bbox 2130 615 3805 678; baseline 0.007 -11"><span class='ocrx_word' id='word_1_442' title='bbox 2130 615 2505 669; x_wconf 60' lang='lat' dir='ltr'><em>vicissitudine</em></span> <span class='ocrx_word' id='word_1_443' title='bbox 2532 618 2739 669; x_wconf 66' lang='lat' dir='ltr'><em>ltCltJI‘lS</em></span> <span class='ocrx_word' id='word_1_444' title='bbox 2772 618 2989 671; x_wconf 56' lang='lat' dir='ltr'><em>ttedium</em></span> <span class='ocrx_word' id='word_1_445' title='bbox 3023 621 3239 672; x_wconf 67' lang='lat' dir='ltr'><em>levetur.</em></span> <span class='ocrx_word' id='word_1_446' title='bbox 3277 623 3537 673; x_wconf 75' lang='lat' dir='ltr'><em>Fecerunt</em></span> <span class='ocrx_word' id='word_1_447' title='bbox 3572 623 3661 676; x_wconf 84' lang='lat' dir='ltr'><em>hoc</em></span> <span class='ocrx_word' id='word_1_448' title='bbox 3700 634 3805 678; x_wconf 79' lang='lat' dir='ltr'><em>ante</em></span> 
     </span>
    </p>
   </div>
   <div class='ocr_carea' id='block_1_66' title="bbox 2131 707 3806 776">
    <p class='ocr_par' dir='ltr' id='par_1_66' title="bbox 2131 707 3806 776">
     <span class='ocr_line' id='line_1_66' title="bbox 2131 707 3806 776; baseline 0.005 -18"><span class='ocrx_word' id='word_1_449' title='bbox 2131 708 2365 759; x_wconf 78' lang='lat' dir='ltr'><em>Boetium</em></span> <span class='ocrx_word' id='word_1_450' title='bbox 2401 722 2517 759; x_wconf 87' lang='lat' dir='ltr'><em>cum</em></span> <span class='ocrx_word' id='word_1_451' title='bbox 2547 707 2666 771; x_wconf 84' lang='lat' dir='ltr'><em>alii,</em></span> <span class='ocrx_word' id='word_1_452' title='bbox 2708 711 2815 759; x_wconf 88' lang='lat' dir='ltr'><em>tum.</em></span> <span class='ocrx_word' id='word_1_453' title='bbox 2856 709 3111 775; x_wconf 55' lang='lat' dir='ltr'><em>pramlare</em></span> <span class='ocrx_word' id='word_1_454' title='bbox 3160 711 3448 762; x_wconf 83' lang='lat' dir='ltr'><em>Petronius</em></span> <span class='ocrx_word' id='word_1_455' title='bbox 3500 712 3727 776; x_wconf 64' lang='lat' dir='ltr'><em>Arbiter,</em></span> <span class='ocrx_word' id='word_1_456' title='bbox 3769 724 3806 766; x_wconf 70' lang='lat' dir='ltr'><em>et</em></span> 
     </span>
    </p>
   </div>
   <div class='ocr_carea' id='block_1_67' title="bbox 2132 797 3808 865">
    <p class='ocr_par' dir='ltr' id='par_1_67' title="bbox 2132 797 3808 865">
     <span class='ocr_line' id='line_1_67' title="bbox 2132 797 3808 865; baseline 0.001 -17"><span class='ocrx_word' id='word_1_457' title='bbox 2132 798 2440 849; x_wconf 83' lang='lat' dir='ltr'><em>Martianus</em></span> <span class='ocrx_word' id='word_1_458' title='bbox 2474 797 2719 863; x_wconf 81' lang='lat' dir='ltr'><em>Capella.</em></span> <span class='ocrx_word' id='word_1_459' title='bbox 2763 798 2903 849; x_wconf 85' lang='lat' dir='ltr'><em>Belle</em></span> <span class='ocrx_word' id='word_1_460' title='bbox 2955 804 3133 850; x_wconf 80' lang='lat' dir='ltr'><em>autem</em></span> <span class='ocrx_word' id='word_1_461' title='bbox 3164 803 3323 865; x_wconf 86' lang='lat' dir='ltr'><em>prius</em></span> <span class='ocrx_word' id='word_1_462' title='bbox 3376 802 3550 851; x_wconf 86' lang='lat' dir='ltr'><em>utitur</em></span> <span class='ocrx_word' id='word_1_463' title='bbox 3599 808 3808 856; x_wconf 69' lang='lat' dir='ltr'><em>carmine</em></span> 
     </span>
    </p>
   </div>
   <div class='ocr_carea' id='block_1_68' title="bbox 2132 885 3808 956">
    <p class='ocr_par' dir='ltr' id='par_1_68' title="bbox 2132 885 3808 956">
     <span class='ocr_line' id='line_1_68' title="bbox 2132 885 3808 956; baseline 0.005 -20"><span class='ocrx_word' id='word_1_464' title='bbox 2132 900 2291 949; x_wconf 84' lang='lat' dir='ltr'><em>quam</em></span> <span class='ocrx_word' id='word_1_465' title='bbox 2334 901 2497 952; x_wconf 81' lang='lat' dir='ltr'><em>prosa</em></span> <span class='ocrx_word' id='word_1_466' title='bbox 2545 902 2561 936; x_wconf 88' lang='lat'><em>:</em></span> <span class='ocrx_word' id='word_1_467' title='bbox 2613 885 2756 952; x_wconf 75' lang='lat' dir='ltr'><em>quod</em></span> <span class='ocrx_word' id='word_1_468' title='bbox 2806 886 3039 953; x_wconf 83' lang='lat' dir='ltr'><em>(auctore</em></span> <span class='ocrx_word' id='word_1_469' title='bbox 3088 888 3374 956; x_wconf 78' lang='lat' dir='ltr'><em>Strabone)</em></span> <span class='ocrx_word' id='word_1_470' title='bbox 3427 893 3661 956; x_wconf 76' lang='lat' dir='ltr'><em>primum</em></span> <span class='ocrx_word' id='word_1_471' title='bbox 3704 900 3808 945; x_wconf 82' lang='lat' dir='ltr'><em>ante</em></span> 
     </span>
    </p>
   </div>
   <div class='ocr_carea' id='block_1_69' title="bbox 2131 976 3809 1044">
    <p class='ocr_par' dir='ltr' id='par_1_69' title="bbox 2131 976 3809 1044">
     <span class='ocr_line' id='line_1_69' title="bbox 2131 976 3809 1044; baseline 0.004 -18"><span class='ocrx_word' id='word_1_472' title='bbox 2131 976 2311 1027; x_wconf 86' lang='lat' dir='ltr'><em>omnia</em></span> <span class='ocrx_word' id='word_1_473' title='bbox 2363 980 2653 1042; x_wconf 80' lang='lat' dir='ltr'><em>apparatio</em></span> <span class='ocrx_word' id='word_1_474' title='bbox 2694 978 2814 1042; x_wconf 85' lang='lat' dir='ltr'><em>ipsa</em></span> <span class='ocrx_word' id='word_1_475' title='bbox 2842 978 3053 1043; x_wconf 87' lang='lat' dir='ltr'><em>poetica</em></span> <span class='ocrx_word' id='word_1_476' title='bbox 3099 980 3365 1044; x_wconf 84' lang='lat' dir='ltr'><em>processit</em></span> <span class='ocrx_word' id='word_1_477' title='bbox 3404 980 3457 1029; x_wconf 86' lang='lat' dir='ltr'><em>in</em></span> <span class='ocrx_word' id='word_1_478' title='bbox 3500 978 3741 1039; x_wconf 77' lang='lat' dir='ltr'><em>medium,</em></span> <span class='ocrx_word' id='word_1_479' title='bbox 3773 993 3809 1032; x_wconf 72' lang='lat' dir='ltr'><em>et</em></span> 
     </span>
    </p>
   </div>
   <div class='ocr_carea' id='block_1_70' title="bbox 2132 1063 3812 1132">
    <p class='ocr_par' dir='ltr' id='par_1_70' title="bbox 2132 1063 3812 1132">
     <span class='ocr_line' id='line_1_70' title="bbox 2132 1063 3812 1132; baseline 0.004 -17"><span class='ocrx_word' id='word_1_480' title='bbox 2132 1063 2437 1131; x_wconf 84' lang='lat' dir='ltr'><em>approbata</em></span> <span class='ocrx_word' id='word_1_481' title='bbox 2513 1066 2855 1132; x_wconf 74' lang='lat' dir='ltr'><em>complacuit.</em></span> <span class='ocrx_word' id='word_1_482' title='bbox 2958 1065 3158 1117; x_wconf 80' lang='lat' dir='ltr'><em>Deinde</em></span> <span class='ocrx_word' id='word_1_483' title='bbox 3246 1072 3479 1119; x_wconf 88' lang='lat' dir='ltr'><em>metrum</em></span> <span class='ocrx_word' id='word_1_484' title='bbox 3568 1070 3812 1121; x_wconf 67' lang='lat' dir='ltr'><em>soluerunt</em></span> 
     </span>
    </p>
   </div>
   <div class='ocr_carea' id='block_1_71' title="bbox 2134 1154 3815 1223">
    <p class='ocr_par' dir='ltr' id='par_1_71' title="bbox 2134 1154 3815 1223">
     <span class='ocr_line' id='line_1_71' title="bbox 2134 1154 3815 1223; baseline -0.001 -16"><span class='ocrx_word' id='word_1_485' title='bbox 2134 1154 2387 1218; x_wconf 84' lang='lat' dir='ltr'><em>Cadmus,</em></span> <span class='ocrx_word' id='word_1_486' title='bbox 2430 1154 2754 1220; x_wconf 69' lang='lat' dir='ltr'><em>Pherecydes</em></span> <span class='ocrx_word' id='word_1_487' title='bbox 2804 1160 2851 1205; x_wconf 87' lang='lat' dir='ltr'><em>et</em></span> <span class='ocrx_word' id='word_1_488' title='bbox 2888 1154 3201 1207; x_wconf 54' lang='lat' dir='ltr'><em>IIlv-t&#39;ttwus.</em></span> <span class='ocrx_word' id='word_1_489' title='bbox 3253 1158 3372 1208; x_wconf 82' lang='lat' dir='ltr'><em>Huc</em></span> <span class='ocrx_word' id='word_1_490' title='bbox 3418 1156 3646 1220; x_wconf 72' lang='lat' dir='ltr'><em>aeerdit,</em></span> <span class='ocrx_word' id='word_1_491' title='bbox 3692 1160 3815 1223; x_wconf 58' lang='lat' dir='ltr'><em>quiut</em></span> 
     </span>
    </p>
   </div>
   <div class='ocr_carea' id='block_1_72' title="bbox 2134 1245 3817 1311">
    <p class='ocr_par' dir='ltr' id='par_1_72' title="bbox 2134 1245 3817 1311">
     <span class='ocr_line' id='line_1_72' title="bbox 2134 1245 3817 1311; baseline 0.002 -16"><span class='ocrx_word' id='word_1_492' title='bbox 2134 1245 2347 1295; x_wconf 82' lang='lat' dir='ltr'><em>Boetius</em></span> <span class='ocrx_word' id='word_1_493' title='bbox 2372 1246 2551 1295; x_wconf 85' lang='lat' dir='ltr'><em>animo</em></span> <span class='ocrx_word' id='word_1_494' title='bbox 2584 1246 2811 1295; x_wconf 85' lang='lat' dir='ltr'><em>nimium</em></span> <span class='ocrx_word' id='word_1_495' title='bbox 2834 1245 3206 1311; x_wconf 48' lang='lat' dir='ltr'><em>iu’rturbatus,</em></span> <span class='ocrx_word' id='word_1_496' title='bbox 3247 1248 3431 1311; x_wconf 79' lang='lat' dir='ltr'><em>Elegis</em></span> <span class='ocrx_word' id='word_1_497' title='bbox 3462 1247 3695 1310; x_wconf 59' lang='lat' dir='ltr'><em>fortunae</em></span> <span class='ocrx_word' id='word_1_498' title='bbox 3723 1264 3817 1299; x_wconf 86' lang='lat' dir='ltr'><em>mu-</em></span> 
     </span>
    </p>
   </div>
   <div class='ocr_carea' id='block_1_73' title="bbox 2137 1332 3815 1401">
    <p class='ocr_par' dir='ltr' id='par_1_73' title="bbox 2137 1332 3815 1401">
     <span class='ocr_line' id='line_1_73' title="bbox 2137 1332 3815 1401; baseline 0.001 -17"><span class='ocrx_word' id='word_1_499' title='bbox 2137 1334 2390 1384; x_wconf 81' lang='lat' dir='ltr'><em>tationem</em></span> <span class='ocrx_word' id='word_1_500' title='bbox 2425 1332 2733 1398; x_wconf 74' lang='lat' dir='ltr'><em>deplorans,</em></span> <span class='ocrx_word' id='word_1_501' title='bbox 2779 1338 2825 1383; x_wconf 89' lang='lat' dir='ltr'><em>et</em></span> <span class='ocrx_word' id='word_1_502' title='bbox 2856 1335 3031 1385; x_wconf 83' lang='lat' dir='ltr'><em>animi</em></span> <span class='ocrx_word' id='word_1_503' title='bbox 3061 1335 3151 1385; x_wconf 88' lang='lat' dir='ltr'><em>sui</em></span> <span class='ocrx_word' id='word_1_504' title='bbox 3175 1338 3517 1401; x_wconf 61' lang='lat' dir='ltr'><em>Iitttltl&#39;ftlt&#39;lttl-S</em></span> <span class='ocrx_word' id='word_1_505' title='bbox 3562 1336 3815 1399; x_wconf 70' lang='lat' dir='ltr'><em>{egritudi-</em></span> 
     </span>
    </p>
   </div>
   <div class='ocr_carea' id='block_1_74' title="bbox 2134 1422 3815 1489">
    <p class='ocr_par' dir='ltr' id='par_1_74' title="bbox 2134 1422 3815 1489">
     <span class='ocr_line' id='line_1_74' title="bbox 2134 1422 3815 1489; baseline 0.002 -17"><span class='ocrx_word' id='word_1_506' title='bbox 2134 1436 2272 1484; x_wconf 84' lang='lat' dir='ltr'><em>nem,</em></span> <span class='ocrx_word' id='word_1_507' title='bbox 2303 1427 2768 1489; x_wconf 58' lang='lat' dir='ltr'><em>peropg&#39;u&#39;n&#39;tunum</em></span> <span class='ocrx_word' id='word_1_508' title='bbox 2792 1422 2860 1489; x_wconf 87' lang='lat' dir='ltr'><em>ph</em></span> <span class='ocrx_word' id='word_1_509' title='bbox 2873 1422 3078 1489; x_wconf 80' lang='lat' dir='ltr'><em>ilosoph</em></span> <span class='ocrx_word' id='word_1_510' title='bbox 3091 1427 3151 1474; x_wconf 68' lang='lat' dir='ltr'><em>iac</em></span> <span class='ocrx_word' id='word_1_511' title='bbox 3178 1425 3231 1473; x_wconf 85' lang='lat' dir='ltr'><em>in</em></span> <span class='ocrx_word' id='word_1_512' title='bbox 3281 1424 3466 1475; x_wconf 87' lang='lat' dir='ltr'><em>soluta</em></span> <span class='ocrx_word' id='word_1_513' title='bbox 3498 1426 3729 1476; x_wconf 84' lang='lat' dir='ltr'><em>oratione</em></span> <span class='ocrx_word' id='word_1_514' title='bbox 3756 1425 3815 1476; x_wconf 82' lang='lat' dir='ltr'><em>ad</em></span> 
     </span>
    </p>
   </div>
   <div class='ocr_carea' id='block_1_75' title="bbox 2135 1511 3819 1579">
    <p class='ocr_par' dir='ltr' id='par_1_75' title="bbox 2135 1511 3819 1579">
     <span class='ocr_line' id='line_1_75' title="bbox 2135 1511 3819 1579; baseline -0.001 -15"><span class='ocrx_word' id='word_1_515' title='bbox 2135 1512 2543 1564; x_wconf 61' lang='lat' dir='ltr'><em>consolatunu’m</em></span> <span class='ocrx_word' id='word_1_516' title='bbox 2586 1511 2897 1564; x_wconf 74' lang='lat' dir='ltr'><em>inducenth</em></span> <span class='ocrx_word' id='word_1_517' title='bbox 2953 1512 3120 1564; x_wconf 87' lang='lat' dir='ltr'><em>locum</em></span> <span class='ocrx_word' id='word_1_518' title='bbox 3144 1517 3333 1579; x_wconf 85' lang='lat' dir='ltr'><em>parat.</em></span> <span class='ocrx_word' id='word_1_519' title='bbox 3388 1512 3677 1565; x_wconf 85' lang='lat' dir='ltr'><em>Sciendum</em></span> <span class='ocrx_word' id='word_1_520' title='bbox 3716 1530 3819 1565; x_wconf 82' lang='lat' dir='ltr'><em>ora-</em></span> 
     </span>
    </p>
   </div>
   <div class='ocr_carea' id='block_1_76' title="bbox 2144 1600 3820 1669">
    <p class='ocr_par' dir='ltr' id='par_1_76' title="bbox 2144 1600 3820 1669">
     <span class='ocr_line' id='line_1_76' title="bbox 2144 1600 3820 1669; baseline 0.001 -16"><span class='ocrx_word' id='word_1_521' title='bbox 2144 1603 2305 1653; x_wconf 86' lang='lat' dir='ltr'><em>tionis</em></span> <span class='ocrx_word' id='word_1_522' title='bbox 2336 1600 2475 1653; x_wconf 85' lang='lat' dir='ltr'><em>duas</em></span> <span class='ocrx_word' id='word_1_523' title='bbox 2500 1615 2608 1653; x_wconf 87' lang='lat' dir='ltr'><em>esse</em></span> <span class='ocrx_word' id='word_1_524' title='bbox 2640 1603 2857 1669; x_wconf 78' lang='lat' dir='ltr'><em>species,</em></span> <span class='ocrx_word' id='word_1_525' title='bbox 2892 1603 3168 1653; x_wconf 79' lang='lat' dir='ltr'><em>metricam</em></span> <span class='ocrx_word' id='word_1_526' title='bbox 3190 1608 3237 1653; x_wconf 87' lang='lat' dir='ltr'><em>et</em></span> <span class='ocrx_word' id='word_1_527' title='bbox 3264 1603 3524 1654; x_wconf 86' lang='lat' dir='ltr'><em>solutam.</em></span> <span class='ocrx_word' id='word_1_528' title='bbox 3562 1604 3820 1655; x_wconf 72' lang='lat' dir='ltr'><em>Metrorum</em></span> 
     </span>
    </p>
   </div>
   <div class='ocr_carea' id='block_1_77' title="bbox 2148 1689 3818 1759">
    <p class='ocr_par' dir='ltr' id='par_1_77' title="bbox 2148 1689 3818 1759">
     <span class='ocr_line' id='line_1_77' title="bbox 2148 1689 3818 1759; baseline 0 -18"><span class='ocrx_word' id='word_1_529' title='bbox 2148 1689 2363 1758; x_wconf 79' lang='lat' dir='ltr'><em>quidem</em></span> <span class='ocrx_word' id='word_1_530' title='bbox 2387 1694 2555 1742; x_wconf 67' lang='lat' dir='ltr'><em>rariis</em></span> <span class='ocrx_word' id='word_1_531' title='bbox 2586 1690 2867 1755; x_wconf 74' lang='lat' dir='ltr'><em>generibus</em></span> <span class='ocrx_word' id='word_1_532' title='bbox 2902 1692 2957 1742; x_wconf 87' lang='lat' dir='ltr'><em>in</em></span> <span class='ocrx_word' id='word_1_533' title='bbox 2989 1691 3080 1742; x_wconf 86' lang='lat' dir='ltr'><em>hoc</em></span> <span class='ocrx_word' id='word_1_534' title='bbox 3112 1706 3264 1758; x_wconf 85' lang='lat' dir='ltr'><em>opere</em></span> <span class='ocrx_word' id='word_1_535' title='bbox 3304 1706 3439 1743; x_wconf 88' lang='lat' dir='ltr'><em>usus</em></span> <span class='ocrx_word' id='word_1_536' title='bbox 3463 1696 3560 1757; x_wconf 85' lang='lat' dir='ltr'><em>est,</em></span> <span class='ocrx_word' id='word_1_537' title='bbox 3594 1708 3703 1759; x_wconf 71' lang='lat' dir='ltr'><em>qua;</em></span> <span class='ocrx_word' id='word_1_538' title='bbox 3730 1692 3818 1744; x_wconf 48' lang='lat' dir='ltr'><em>loci.</em></span> 
     </span>
    </p>
   </div>
   <div class='ocr_carea' id='block_1_78' title="bbox 2147 1779 3820 1847">
    <p class='ocr_par' dir='ltr' id='par_1_78' title="bbox 2147 1779 3820 1847">
     <span class='ocr_line' id='line_1_78' title="bbox 2147 1779 3820 1847; baseline 0 -16"><span class='ocrx_word' id='word_1_539' title='bbox 2147 1794 2240 1831; x_wconf 88' lang='lat' dir='ltr'><em>suo</em></span> <span class='ocrx_word' id='word_1_540' title='bbox 2270 1779 2581 1831; x_wconf 54' lang='lat' dir='ltr'><em>red/lentur.</em></span> <span class='ocrx_word' id='word_1_541' title='bbox 2608 1780 2795 1831; x_wconf 75' lang='lat' dir='ltr'><em>Saluta.</em></span> <span class='ocrx_word' id='word_1_542' title='bbox 2820 1783 2997 1831; x_wconf 85' lang='lat' dir='ltr'><em>autem</em></span> <span class='ocrx_word' id='word_1_543' title='bbox 3027 1783 3201 1831; x_wconf 84' lang='lat' dir='ltr'><em>oratio</em></span> <span class='ocrx_word' id='word_1_544' title='bbox 3233 1795 3404 1847; x_wconf 81' lang='lat' dir='ltr'><em>prosa</em></span> <span class='ocrx_word' id='word_1_545' title='bbox 3438 1780 3659 1846; x_wconf 75' lang='lat' dir='ltr'><em>dicitur,</em></span> <span class='ocrx_word' id='word_1_546' title='bbox 3703 1782 3820 1845; x_wconf 77' lang='lat' dir='ltr'><em>qqu</em></span> 
     </span>
    </p>
   </div>
   <div class='ocr_carea' id='block_1_79' title="bbox 2149 1867 3818 1937">
    <p class='ocr_par' dir='ltr' id='par_1_79' title="bbox 2149 1867 3818 1937">
     <span class='ocr_line' id='line_1_79' title="bbox 2149 1867 3818 1937; baseline 0.001 -18"><span class='ocrx_word' id='word_1_547' title='bbox 2149 1871 2221 1920; x_wconf 85' lang='lat' dir='ltr'><em>sit</em></span> <span class='ocrx_word' id='word_1_548' title='bbox 2251 1872 2414 1931; x_wconf 84' lang='lat' dir='ltr'><em>recta,</em></span> <span class='ocrx_word' id='word_1_549' title='bbox 2456 1874 2503 1919; x_wconf 88' lang='lat' dir='ltr'><em>et</em></span> <span class='ocrx_word' id='word_1_550' title='bbox 2550 1883 2653 1919; x_wconf 81' lang='lat' dir='ltr'><em>non</em></span> <span class='ocrx_word' id='word_1_551' title='bbox 2696 1873 2832 1920; x_wconf 76' lang='lat' dir='ltr'><em>Certo</em></span> <span class='ocrx_word' id='word_1_552' title='bbox 2881 1884 3100 1920; x_wconf 77' lang='lat' dir='ltr'><em>numero</em></span> <span class='ocrx_word' id='word_1_553' title='bbox 3142 1867 3396 1937; x_wconf 72' lang='lat' dir='ltr'><em>reﬂleara.</em></span> <span class='ocrx_word' id='word_1_554' title='bbox 3454 1872 3587 1925; x_wconf 66' lang='lat' dir='ltr'><em>Nam</em></span> <span class='ocrx_word' id='word_1_555' title='bbox 3631 1886 3818 1935; x_wconf 82' lang='lat' dir='ltr'><em>prosum</em></span> 
     </span>
    </p>
   </div>
   <div class='ocr_carea' id='block_1_80' title="bbox 2149 1957 3821 2011">
    <p class='ocr_par' dir='ltr' id='par_1_80' title="bbox 2149 1957 3821 2011">
     <span class='ocr_line' id='line_1_80' title="bbox 2149 1957 3821 2011; baseline -0.001 -1"><span class='ocrx_word' id='word_1_556' title='bbox 2149 1962 2345 2010; x_wconf 54' lang='lat' dir='ltr'><em>peteres</em></span> <span class='ocrx_word' id='word_1_557' title='bbox 2374 1964 2571 2008; x_wconf 83' lang='lat' dir='ltr'><em>rectum</em></span> <span class='ocrx_word' id='word_1_558' title='bbox 2605 1957 2884 2009; x_wconf 65' lang='lat' dir='ltr'><em>dirrrunt.</em></span> <span class='ocrx_word' id='word_1_559' title='bbox 2917 1958 3116 2009; x_wconf 76' lang='lat' dir='ltr'><em>Fabius</em></span> <span class='ocrx_word' id='word_1_560' title='bbox 3148 1974 3163 2009; x_wconf 90' lang='lat'><em>:</em></span> <span class='ocrx_word' id='word_1_561' title='bbox 3210 1959 3458 2010; x_wconf 83' lang='lat' dir='ltr'><em>Facilius</em></span> <span class='ocrx_word' id='word_1_562' title='bbox 3509 1974 3686 2011; x_wconf 68' lang='lat' dir='ltr'><em>rtrsus</em></span> <span class='ocrx_word' id='word_1_563' title='bbox 3729 1958 3821 2009; x_wconf 67' lang='lat' dir='ltr'><em>Clll-</em></span> 
     </span>
    </p>
   </div>
   <div class='ocr_carea' id='block_1_81' title="bbox 2151 2047 3820 2114">
    <p class='ocr_par' dir='ltr' id='par_1_81' title="bbox 2151 2047 3820 2114">
     <span class='ocr_line' id='line_1_81' title="bbox 2151 2047 3820 2114; baseline -0.001 -15"><span class='ocrx_word' id='word_1_564' title='bbox 2151 2047 2366 2106; x_wconf 74' lang='lat' dir='ltr'><em>sciiizzts,</em></span> <span class='ocrx_word' id='word_1_565' title='bbox 2411 2062 2571 2113; x_wconf 85' lang='lat' dir='ltr'><em>quam</em></span> <span class='ocrx_word' id='word_1_566' title='bbox 2635 2061 2848 2113; x_wconf 82' lang='lat' dir='ltr'><em>prosam</em></span> <span class='ocrx_word' id='word_1_567' title='bbox 2926 2048 3238 2099; x_wconf 85' lang='lat' dir='ltr'><em>orationem.</em></span> <span class='ocrx_word' id='word_1_568' title='bbox 3298 2048 3442 2099; x_wconf 80' lang='lat' dir='ltr'><em>Sunt</em></span> <span class='ocrx_word' id='word_1_569' title='bbox 3498 2050 3593 2109; x_wconf 85' lang='lat' dir='ltr'><em>qui</em></span> <span class='ocrx_word' id='word_1_570' title='bbox 3637 2063 3820 2114; x_wconf 77' lang='lat' dir='ltr'><em>prosam</em></span> 
     </span>
    </p>
   </div>
   <div class='ocr_carea' id='block_1_82' title="bbox 2156 2134 3823 2203">
    <p class='ocr_par' dir='ltr' id='par_1_82' title="bbox 2156 2134 3823 2203">
     <span class='ocr_line' id='line_1_82' title="bbox 2156 2134 3823 2203; baseline 0.001 -18"><span class='ocrx_word' id='word_1_571' title='bbox 2156 2135 2355 2187; x_wconf 82' lang='lat' dir='ltr'><em>dictum</em></span> <span class='ocrx_word' id='word_1_572' title='bbox 2389 2136 2572 2199; x_wconf 58' lang='lat' dir='ltr'><em>velint,</em></span> <span class='ocrx_word' id='word_1_573' title='bbox 2602 2135 2669 2201; x_wconf 50' lang='lat' dir='ltr'><em>:eo</em></span> <span class='ocrx_word' id='word_1_574' title='bbox 2701 2134 2844 2201; x_wconf 82' lang='lat' dir='ltr'><em>quod</em></span> <span class='ocrx_word' id='word_1_575' title='bbox 2873 2136 2945 2187; x_wconf 84' lang='lat' dir='ltr'><em>sit</em></span> <span class='ocrx_word' id='word_1_576' title='bbox 2981 2136 3231 2201; x_wconf 87' lang='lat' dir='ltr'><em>profusa,</em></span> <span class='ocrx_word' id='word_1_577' title='bbox 3266 2136 3349 2187; x_wconf 70' lang='lat' dir='ltr'><em>rel</em></span> <span class='ocrx_word' id='word_1_578' title='bbox 3384 2135 3532 2201; x_wconf 90' lang='lat' dir='ltr'><em>quod</em></span> <span class='ocrx_word' id='word_1_579' title='bbox 3565 2138 3823 2203; x_wconf 79' lang='lat' dir='ltr'><em>spatiosius</em></span> 
     </span>
    </p>
   </div>
   <div class='ocr_carea' id='block_1_83' title="bbox 2152 2224 3821 2293">
    <p class='ocr_par' dir='ltr' id='par_1_83' title="bbox 2152 2224 3821 2293">
     <span class='ocr_line' id='line_1_83' title="bbox 2152 2224 3821 2293; baseline -0.001 -18"><span class='ocrx_word' id='word_1_580' title='bbox 2152 2224 2377 2293; x_wconf 82' lang='lat' dir='ltr'><em>prodeat</em></span> <span class='ocrx_word' id='word_1_581' title='bbox 2402 2230 2448 2276; x_wconf 87' lang='lat' dir='ltr'><em>et</em></span> <span class='ocrx_word' id='word_1_582' title='bbox 2481 2229 2749 2285; x_wconf 67' lang='lat' dir='ltr'><em>earcurrat,</em></span> <span class='ocrx_word' id='word_1_583' title='bbox 2785 2224 2928 2275; x_wconf 87' lang='lat' dir='ltr'><em>nullo</em></span> <span class='ocrx_word' id='word_1_584' title='bbox 2955 2224 3059 2275; x_wconf 84' lang='lat' dir='ltr'><em>sibi</em></span> <span class='ocrx_word' id='word_1_585' title='bbox 3082 2225 3307 2275; x_wconf 84' lang='lat' dir='ltr'><em>termino</em></span> <span class='ocrx_word' id='word_1_586' title='bbox 3331 2226 3625 2293; x_wconf 53' lang='lat' dir='ltr'><em>prta/inito.</em></span> <span class='ocrx_word' id='word_1_587' title='bbox 3670 2225 3821 2290; x_wconf 76' lang='lat' dir='ltr'><em>Stglus</em></span> 
     </span>
    </p>
   </div>
   <div class='ocr_carea' id='block_1_84' title="bbox 2156 2312 3821 2381">
    <p class='ocr_par' dir='ltr' id='par_1_84' title="bbox 2156 2312 3821 2381">
     <span class='ocr_line' id='line_1_84' title="bbox 2156 2312 3821 2381; baseline -0.002 -15"><span class='ocrx_word' id='word_1_588' title='bbox 2156 2320 2229 2366; x_wconf 88' lang='lat' dir='ltr'><em>est</em></span> <span class='ocrx_word' id='word_1_589' title='bbox 2264 2314 2567 2375; x_wconf 77' lang='lat' dir='ltr'><em>mediocris,</em></span> <span class='ocrx_word' id='word_1_590' title='bbox 2602 2319 2647 2365; x_wconf 89' lang='lat' dir='ltr'><em>et</em></span> <span class='ocrx_word' id='word_1_591' title='bbox 2684 2312 3086 2379; x_wconf 82' lang='lat' dir='ltr'><em>philosophicas</em></span> <span class='ocrx_word' id='word_1_592' title='bbox 3125 2315 3302 2378; x_wconf 87' lang='lat' dir='ltr'><em>magis</em></span> <span class='ocrx_word' id='word_1_593' title='bbox 3350 2328 3519 2381; x_wconf 85' lang='lat' dir='ltr'><em>quam</em></span> <span class='ocrx_word' id='word_1_594' title='bbox 3568 2316 3821 2376; x_wconf 81' lang='lat' dir='ltr'><em>oratorius,</em></span> 
     </span>
    </p>
   </div>
   <div class='ocr_carea' id='block_1_85' title="bbox 2154 2400 3821 2469">
    <p class='ocr_par' dir='ltr' id='par_1_85' title="bbox 2154 2400 3821 2469">
     <span class='ocr_line' id='line_1_85' title="bbox 2154 2400 3821 2469; baseline -0.002 -15"><span class='ocrx_word' id='word_1_595' title='bbox 2154 2418 2257 2454; x_wconf 89' lang='lat' dir='ltr'><em>non</em></span> <span class='ocrx_word' id='word_1_596' title='bbox 2288 2405 2506 2467; x_wconf 83' lang='lat' dir='ltr'><em>fucatus</em></span> <span class='ocrx_word' id='word_1_597' title='bbox 2558 2402 2773 2469; x_wconf 79' lang='lat' dir='ltr'><em>quidem</em></span> <span class='ocrx_word' id='word_1_598' title='bbox 2819 2406 2913 2452; x_wconf 87' lang='lat' dir='ltr'><em>aut</em></span> <span class='ocrx_word' id='word_1_599' title='bbox 2949 2400 3288 2468; x_wconf 88' lang='lat' dir='ltr'><em>phaleratus,</em></span> <span class='ocrx_word' id='word_1_600' title='bbox 3335 2402 3434 2454; x_wconf 88' lang='lat' dir='ltr'><em>sed</em></span> <span class='ocrx_word' id='word_1_601' title='bbox 3476 2403 3570 2466; x_wconf 84' lang='lat' dir='ltr'><em>qui</em></span> <span class='ocrx_word' id='word_1_602' title='bbox 3614 2404 3821 2454; x_wconf 55' lang='lat' dir='ltr'><em>veritatis</em></span> 
     </span>
    </p>
   </div>
   <div class='ocr_carea' id='block_1_86' title="bbox 2157 2490 3229 2559">
    <p class='ocr_par' dir='ltr' id='par_1_86' title="bbox 2157 2490 3229 2559">
     <span class='ocr_line' id='line_1_86' title="bbox 2157 2490 3229 2559; baseline -0.001 -15"><span class='ocrx_word' id='word_1_603' title='bbox 2157 2494 2474 2558; x_wconf 80' lang='lat' dir='ltr'><em>inquisitori</em></span> <span class='ocrx_word' id='word_1_604' title='bbox 2504 2506 2847 2559; x_wconf 86' lang='lat' dir='ltr'><em>nequaquam</em></span> <span class='ocrx_word' id='word_1_605' title='bbox 2878 2490 3229 2556; x_wconf 64' lang='lat' dir='ltr'><em>iniln&#39;obetur.</em></span> 
     </span>
    </p>
   </div>
   <div class='ocr_carea' id='block_1_87' title="bbox 2664 2578 3359 2631">
    <p class='ocr_par' dir='ltr' id='par_1_87' title="bbox 2664 2578 3359 2631">
     <span class='ocr_line' id='line_1_87' title="bbox 2664 2578 3359 2631; baseline 0.001 -1"><span class='ocrx_word' id='word_1_606' title='bbox 2664 2580 2720 2630; x_wconf 67' lang='grc' dir='ltr'><em>Υ.</em></span> <span class='ocrx_word' id='word_1_607' title='bbox 2759 2578 3066 2631; x_wconf 78' lang='lat' dir='ltr'><em>Scribentis</em></span> <span class='ocrx_word' id='word_1_608' title='bbox 3090 2578 3359 2631; x_wconf 82' lang='lat' dir='ltr'><em>intentio.</em></span> 
     </span>
    </p>
   </div>
   <div class='ocr_carea' id='block_1_88' title="bbox 2227 2668 3821 2736">
    <p class='ocr_par' dir='ltr' id='par_1_88' title="bbox 2227 2668 3821 2736">
     <span class='ocr_line' id='line_1_88' title="bbox 2227 2668 3821 2736; baseline -0.004 -14"><span class='ocrx_word' id='word_1_609' title='bbox 2227 2671 2375 2735; x_wconf 80' lang='lat' dir='ltr'><em>Stglo</em></span> <span class='ocrx_word' id='word_1_610' title='bbox 2406 2668 2568 2736; x_wconf 71' lang='lat' dir='ltr'><em>lngus</em></span> <span class='ocrx_word' id='word_1_611' title='bbox 2615 2670 2789 2735; x_wconf 82' lang='lat' dir='ltr'><em>operis</em></span> <span class='ocrx_word' id='word_1_612' title='bbox 2822 2668 3079 2733; x_wconf 84' lang='lat' dir='ltr'><em>indicato,</em></span> <span class='ocrx_word' id='word_1_613' title='bbox 3130 2682 3268 2720; x_wconf 87' lang='lat' dir='ltr'><em>nunc</em></span> <span class='ocrx_word' id='word_1_614' title='bbox 3320 2670 3561 2721; x_wconf 86' lang='lat' dir='ltr'><em>auctoris</em></span> <span class='ocrx_word' id='word_1_615' title='bbox 3604 2670 3821 2720; x_wconf 84' lang='lat' dir='ltr'><em>intentio-</em></span> 
     </span>
    </p>
   </div>
   <div class='ocr_carea' id='block_1_89' title="bbox 2156 2757 3819 2823">
    <p class='ocr_par' dir='ltr' id='par_1_89' title="bbox 2156 2757 3819 2823">
     <span class='ocr_line' id='line_1_89' title="bbox 2156 2757 3819 2823; baseline -0.004 -12"><span class='ocrx_word' id='word_1_616' title='bbox 2156 2775 2272 2811; x_wconf 85' lang='lat' dir='ltr'><em>nem</em></span> <span class='ocrx_word' id='word_1_617' title='bbox 2297 2764 2363 2823; x_wconf 88' lang='lat' dir='ltr'><em>et,</em></span> <span class='ocrx_word' id='word_1_618' title='bbox 2398 2764 2458 2810; x_wconf 88' lang='lat' dir='ltr'><em>ut</em></span> <span class='ocrx_word' id='word_1_619' title='bbox 2513 2758 2683 2811; x_wconf 67' lang='lat' dir='ltr'><em>Grtcci</em></span> <span class='ocrx_word' id='word_1_620' title='bbox 2725 2758 2931 2821; x_wconf 84' lang='lat' dir='ltr'><em>dicunt,</em></span> <span class='ocrx_word' id='word_1_621' title='bbox 3000 2760 3189 2806; x_wconf 68' lang='lat' dir='ltr'><em>mm</em></span> <span class='ocrx_word' id='word_1_622' title='bbox 3244 2757 3550 2811; x_wconf 69' lang='lat' dir='ltr'><em>rideamus.</em></span> <span class='ocrx_word' id='word_1_623' title='bbox 3594 2758 3819 2821; x_wconf 80' lang='lat' dir='ltr'><em>Quemad-</em></span> 
     </span>
    </p>
   </div>
   <div class='ocr_carea' id='block_1_90' title="bbox 2156 2845 3819 2913">
    <p class='ocr_par' dir='ltr' id='par_1_90' title="bbox 2156 2845 3819 2913">
     <span class='ocr_line' id='line_1_90' title="bbox 2156 2845 3819 2913; baseline -0.002 -15"><span class='ocrx_word' id='word_1_624' title='bbox 2156 2846 2370 2899; x_wconf 85' lang='lat' dir='ltr'><em>modum</em></span> <span class='ocrx_word' id='word_1_625' title='bbox 2419 2848 2491 2899; x_wconf 83' lang='lat' dir='ltr'><em>M.</em></span> <span class='ocrx_word' id='word_1_626' title='bbox 2552 2848 2607 2898; x_wconf 91' lang='grc' dir='ltr'><em>Τ.</em></span> <span class='ocrx_word' id='word_1_627' title='bbox 2658 2846 2838 2900; x_wconf 80' lang='lat' dir='ltr'><em>Cicero</em></span> <span class='ocrx_word' id='word_1_628' title='bbox 2890 2861 2985 2913; x_wconf 87' lang='lat' dir='ltr'><em>per</em></span> <span class='ocrx_word' id='word_1_629' title='bbox 3035 2845 3247 2899; x_wconf 87' lang='lat' dir='ltr'><em>bellicos</em></span> <span class='ocrx_word' id='word_1_630' title='bbox 3288 2848 3557 2899; x_wconf 84' lang='lat' dir='ltr'><em>tumultus</em></span> <span class='ocrx_word' id='word_1_631' title='bbox 3601 2862 3631 2897; x_wconf 80' lang='grc' dir='ltr'>α</span> <span class='ocrx_word' id='word_1_632' title='bbox 3666 2850 3819 2898; x_wconf 78' lang='lat' dir='ltr'><em>senatu</em></span> 
     </span>
    </p>
   </div>
   <div class='ocr_carea' id='block_1_91' title="bbox 2086 2933 3820 3003">
    <p class='ocr_par' dir='ltr' id='par_1_91' title="bbox 2086 2933 3820 3003">
     <span class='ocr_line' id='line_1_91' title="bbox 2086 2933 3820 3003; baseline -0.002 -14"><span class='ocrx_word' id='word_1_633' title='bbox 2086 2946 2125 3001; x_wconf 71' lang='grc' dir='ltr'><strong>ρ</strong></span> <span class='ocrx_word' id='word_1_634' title='bbox 2154 2937 2568 3003; x_wconf 82' lang='lat' dir='ltr'><em>forensibusque</em></span> <span class='ocrx_word' id='word_1_635' title='bbox 2596 2939 2824 3001; x_wconf 84' lang='lat' dir='ltr'><em>negotiis</em></span> <span class='ocrx_word' id='word_1_636' title='bbox 2858 2939 3103 3001; x_wconf 75' lang='lat' dir='ltr'><em>semotus,</em></span> <span class='ocrx_word' id='word_1_637' title='bbox 3135 2940 3298 2987; x_wconf 85' lang='lat' dir='ltr'><em>totum</em></span> <span class='ocrx_word' id='word_1_638' title='bbox 3328 2952 3385 2987; x_wconf 83' lang='lat' dir='ltr'><em>se</em></span> <span class='ocrx_word' id='word_1_639' title='bbox 3417 2936 3491 2987; x_wconf 87' lang='lat' dir='ltr'><em>ad</em></span> <span class='ocrx_word' id='word_1_640' title='bbox 3507 2933 3820 3003; x_wconf 68' lang='lat' dir='ltr'><em>philosophia:</em></span> 
     </span>
    </p>
   </div>
   <div class='ocr_carea' id='block_1_92' title="bbox 2154 3023 3820 3093">
    <p class='ocr_par' dir='ltr' id='par_1_92' title="bbox 2154 3023 3820 3093">
     <span class='ocr_line' id='line_1_92' title="bbox 2154 3023 3820 3093; baseline -0.003 -16"><span class='ocrx_word' id='word_1_641' title='bbox 2154 3024 2358 3091; x_wconf 87' lang='lat' dir='ltr'><em>studia,</em></span> <span class='ocrx_word' id='word_1_642' title='bbox 2391 3025 2754 3091; x_wconf 85' lang='lat' dir='ltr'><em>tibrorumque</em></span> <span class='ocrx_word' id='word_1_643' title='bbox 2782 3024 2996 3093; x_wconf 85' lang='lat' dir='ltr'><em>(quibus</em></span> <span class='ocrx_word' id='word_1_644' title='bbox 3029 3023 3252 3089; x_wconf 78' lang='lat' dir='ltr'><em>juearet</em></span> <span class='ocrx_word' id='word_1_645' title='bbox 3299 3030 3570 3092; x_wconf 86' lang='lat' dir='ltr'><em>posteros)</em></span> <span class='ocrx_word' id='word_1_646' title='bbox 3615 3024 3820 3089; x_wconf 81' lang='lat' dir='ltr'><em>scriptio-</em></span> 
     </span>
    </p>
   </div>
   <div class='ocr_carea' id='block_1_93' title="bbox 2154 3115 3817 3179">
    <p class='ocr_par' dir='ltr' id='par_1_93' title="bbox 2154 3115 3817 3179">
     <span class='ocr_line' id='line_1_93' title="bbox 2154 3115 3817 3179; baseline -0.003 -14"><span class='ocrx_word' id='word_1_647' title='bbox 2154 3130 2267 3166; x_wconf 87' lang='lat' dir='ltr'><em>nem</em></span> <span class='ocrx_word' id='word_1_648' title='bbox 2308 3115 2564 3179; x_wconf 82' lang='lat' dir='ltr'><em>contulit;</em></span> <span class='ocrx_word' id='word_1_649' title='bbox 2599 3116 2680 3165; x_wconf 88' lang='lat' dir='ltr'><em>ita</em></span> <span class='ocrx_word' id='word_1_650' title='bbox 2711 3118 2757 3165; x_wconf 84' lang='lat' dir='ltr'><em>et</em></span> <span class='ocrx_word' id='word_1_651' title='bbox 2789 3115 3001 3165; x_wconf 87' lang='lat' dir='ltr'><em>Boetius</em></span> <span class='ocrx_word' id='word_1_652' title='bbox 3033 3115 3158 3167; x_wconf 81' lang='lat' dir='ltr'><em>e.rul</em></span> <span class='ocrx_word' id='word_1_653' title='bbox 3205 3128 3267 3165; x_wconf 88' lang='lat' dir='ltr'><em>ac</em></span> <span class='ocrx_word' id='word_1_654' title='bbox 3314 3116 3377 3166; x_wconf 83' lang='lat' dir='ltr'><em>in</em></span> <span class='ocrx_word' id='word_1_655' title='bbox 3423 3128 3675 3165; x_wconf 60' lang='lat' dir='ltr'><em>ein-cerea:</em></span> <span class='ocrx_word' id='word_1_656' title='bbox 3716 3125 3817 3162; x_wconf 85' lang='lat' dir='ltr'><em>con-</em></span> 
     </span>
    </p>
   </div>
   <div class='ocr_carea' id='block_1_94' title="bbox 2146 3201 3815 3271">
    <p class='ocr_par' dir='ltr' id='par_1_94' title="bbox 2146 3201 3815 3271">
     <span class='ocr_line' id='line_1_94' title="bbox 2146 3201 3815 3271; baseline -0.004 -16"><span class='ocrx_word' id='word_1_657' title='bbox 2146 3204 2343 3271; x_wconf 79' lang='lat' dir='ltr'><em>jectus,</em></span> <span class='ocrx_word' id='word_1_658' title='bbox 2379 3220 2496 3255; x_wconf 89' lang='lat' dir='ltr'><em>cum</em></span> <span class='ocrx_word' id='word_1_659' title='bbox 2520 3204 2644 3255; x_wconf 87' lang='lat' dir='ltr'><em>bene</em></span> <span class='ocrx_word' id='word_1_660' title='bbox 2672 3202 2990 3256; x_wconf 61' lang='lat' dir='ltr'><em>consulendo</em></span> <span class='ocrx_word' id='word_1_661' title='bbox 3023 3208 3069 3255; x_wconf 84' lang='lat' dir='ltr'><em>et</em></span> <span class='ocrx_word' id='word_1_662' title='bbox 3096 3202 3304 3269; x_wconf 87' lang='lat' dir='ltr'><em>agendo</em></span> <span class='ocrx_word' id='word_1_663' title='bbox 3331 3203 3590 3270; x_wconf 82' lang='lat' dir='ltr'><em>prodesse</em></span> <span class='ocrx_word' id='word_1_664' title='bbox 3630 3201 3815 3252; x_wconf 83' lang='lat' dir='ltr'><em>homini-</em></span> 
     </span>
    </p>
   </div>
   <div class='ocr_carea' id='block_1_95' title="bbox 2156 3290 3814 3360">
    <p class='ocr_par' dir='ltr' id='par_1_95' title="bbox 2156 3290 3814 3360">
     <span class='ocr_line' id='line_1_95' title="bbox 2156 3290 3814 3360; baseline -0.003 -14"><span class='ocrx_word' id='word_1_665' title='bbox 2156 3294 2250 3346; x_wconf 86' lang='lat' dir='ltr'><em>bus</em></span> <span class='ocrx_word' id='word_1_666' title='bbox 2276 3296 2543 3360; x_wconf 63' lang='lat' dir='ltr'><em>nequirit,</em></span> <span class='ocrx_word' id='word_1_667' title='bbox 2566 3298 2623 3345; x_wconf 89' lang='lat' dir='ltr'><em>ut</em></span> <span class='ocrx_word' id='word_1_668' title='bbox 2643 3299 2691 3345; x_wconf 90' lang='lat' dir='ltr'><em>et</em></span> <span class='ocrx_word' id='word_1_669' title='bbox 2711 3295 2917 3360; x_wconf 67' lang='lat' dir='ltr'><em>ipserts</em></span> <span class='ocrx_word' id='word_1_670' title='bbox 2940 3292 3198 3345; x_wconf 71' lang='lat' dir='ltr'><em>adversas</em></span> <span class='ocrx_word' id='word_1_671' title='bbox 3215 3294 3450 3358; x_wconf 67' lang='lat' dir='ltr'><em>cequiori</em></span> <span class='ocrx_word' id='word_1_672' title='bbox 3478 3294 3649 3343; x_wconf 84' lang='lat' dir='ltr'><em>animo</em></span> <span class='ocrx_word' id='word_1_673' title='bbox 3663 3290 3814 3353; x_wconf 66' lang='lat' dir='ltr'><em>ferret.</em></span> 
     </span>
    </p>
   </div>
   <div class='ocr_carea' id='block_1_96' title="bbox 2155 3380 3814 3448">
    <p class='ocr_par' dir='ltr' id='par_1_96' title="bbox 2155 3380 3814 3448">
     <span class='ocr_line' id='line_1_96' title="bbox 2155 3380 3814 3448; baseline -0.005 -14"><span class='ocrx_word' id='word_1_674' title='bbox 2155 3388 2201 3434; x_wconf 89' lang='lat' dir='ltr'><em>et</em></span> <span class='ocrx_word' id='word_1_675' title='bbox 2230 3382 2435 3435; x_wconf 84' lang='lat' dir='ltr'><em>detecta.</em></span> <span class='ocrx_word' id='word_1_676' title='bbox 2472 3385 2707 3447; x_wconf 76' lang='lat' dir='ltr'><em>fortunae</em></span> <span class='ocrx_word' id='word_1_677' title='bbox 2746 3384 3132 3443; x_wconf 62' lang='lat' dir='ltr'><em>incrmstantia,</em></span> <span class='ocrx_word' id='word_1_678' title='bbox 3184 3396 3501 3448; x_wconf 85' lang='lat' dir='ltr'><em>summoque</em></span> <span class='ocrx_word' id='word_1_679' title='bbox 3536 3380 3658 3432; x_wconf 89' lang='lat' dir='ltr'><em>bono</em></span> <span class='ocrx_word' id='word_1_680' title='bbox 3691 3382 3814 3444; x_wconf 76' lang='lat' dir='ltr'><em>pate-</em></span> 
     </span>
    </p>
   </div>
   <div class='ocr_carea' id='block_1_97' title="bbox 2154 3466 3816 3540">
    <p class='ocr_par' dir='ltr' id='par_1_97' title="bbox 2154 3466 3816 3540">
     <span class='ocr_line' id='line_1_97' title="bbox 2154 3466 3816 3540; baseline -0.005 -18"><span class='ocrx_word' id='word_1_681' title='bbox 2154 3474 2302 3536; x_wconf 83' lang='lat' dir='ltr'><em>facto</em></span> <span class='ocrx_word' id='word_1_682' title='bbox 2349 3474 2663 3540; x_wconf 83' lang='lat' dir='ltr'><em>posteritati</em></span> <span class='ocrx_word' id='word_1_683' title='bbox 2718 3471 3033 3535; x_wconf 84' lang='lat' dir='ltr'><em>consuleret,</em></span> <span class='ocrx_word' id='word_1_684' title='bbox 3092 3471 3451 3538; x_wconf 84' lang='lat' dir='ltr'><em>philosophia</em></span> <span class='ocrx_word' id='word_1_685' title='bbox 3521 3466 3816 3521; x_wconf 63' lang='lat' dir='ltr'><em>consolati-tae</em></span> 
     </span>
    </p>
   </div>
   <div class='ocr_carea' id='block_1_98' title="bbox 2156 3559 3816 3627">
    <p class='ocr_par' dir='ltr' id='par_1_98' title="bbox 2156 3559 3816 3627">
     <span class='ocr_line' id='line_1_98' title="bbox 2156 3559 3816 3627; baseline -0.007 -14"><span class='ocrx_word' id='word_1_686' title='bbox 2156 3563 2443 3627; x_wconf 72' lang='lat' dir='ltr'><em>advocata,</em></span> <span class='ocrx_word' id='word_1_687' title='bbox 2487 3562 2733 3613; x_wconf 63' lang='lat' dir='ltr'><em>divinum</em></span> <span class='ocrx_word' id='word_1_688' title='bbox 2776 3560 2867 3612; x_wconf 89' lang='lat' dir='ltr'><em>hoc</em></span> <span class='ocrx_word' id='word_1_689' title='bbox 2900 3574 3033 3627; x_wconf 82' lang='lat' dir='ltr'><em>opus</em></span> <span class='ocrx_word' id='word_1_690' title='bbox 3081 3562 3135 3611; x_wconf 90' lang='lat' dir='ltr'><em>in</em></span> <span class='ocrx_word' id='word_1_691' title='bbox 3169 3559 3384 3627; x_wconf 78' lang='lat' dir='ltr'><em>dialogi</em></span> <span class='ocrx_word' id='word_1_692' title='bbox 3424 3574 3612 3613; x_wconf 75' lang='lat' dir='ltr'><em>morem</em></span> <span class='ocrx_word' id='word_1_693' title='bbox 3654 3568 3816 3621; x_wconf 79' lang='lat' dir='ltr'><em>compo-</em></span> 
     </span>
    </p>
   </div>
   <div class='ocr_carea' id='block_1_99' title="bbox 2155 3653 2289 3703">
    <p class='ocr_par' dir='ltr' id='par_1_99' title="bbox 2155 3653 2289 3703">
     <span class='ocr_line' id='line_1_99' title="bbox 2155 3653 2289 3703; baseline -0.007 0"><span class='ocrx_word' id='word_1_694' title='bbox 2155 3653 2289 3703; x_wconf 90' lang='lat' dir='ltr'><em>suit.</em></span> 
     </span>
    </p>
   </div>
   <div class='ocr_carea' id='block_1_100' title="bbox 2626 3737 3375 3791">
    <p class='ocr_par' dir='ltr' id='par_1_100' title="bbox 2626 3737 3375 3791">
     <span class='ocr_line' id='line_1_100' title="bbox 2626 3737 3375 3791; baseline 0 -2"><span class='ocrx_word' id='word_1_695' title='bbox 2626 3739 2712 3791; x_wconf 76' lang='lat' dir='ltr'><em>Vl.</em></span> <span class='ocrx_word' id='word_1_696' title='bbox 2748 3737 3044 3790; x_wconf 81' lang='lat' dir='ltr'><em>Librorum</em></span> <span class='ocrx_word' id='word_1_697' title='bbox 3080 3752 3375 3789; x_wconf 77' lang='lat' dir='ltr'><em>numerus.</em></span> 
     </span>
    </p>
   </div>
   <div class='ocr_carea' id='block_1_101' title="bbox 2227 3822 3813 3895">
    <p class='ocr_par' dir='ltr' id='par_1_101' title="bbox 2227 3822 3813 3895">
     <span class='ocr_line' id='line_1_101' title="bbox 2227 3822 3813 3895; baseline -0.005 -14"><span class='ocrx_word' id='word_1_698' title='bbox 2227 3830 2324 3882; x_wconf 87' lang='lat' dir='ltr'><em>Est</em></span> <span class='ocrx_word' id='word_1_699' title='bbox 2356 3833 2534 3881; x_wconf 78' lang='lat' dir='ltr'><em>autem</em></span> <span class='ocrx_word' id='word_1_700' title='bbox 2566 3828 2624 3880; x_wconf 89' lang='lat' dir='ltr'><em>id</em></span> <span class='ocrx_word' id='word_1_701' title='bbox 2656 3830 2711 3880; x_wconf 86' lang='lat' dir='ltr'><em>in</em></span> <span class='ocrx_word' id='word_1_702' title='bbox 2746 3830 2985 3895; x_wconf 87' lang='lat' dir='ltr'><em>quinque</em></span> <span class='ocrx_word' id='word_1_703' title='bbox 3025 3827 3301 3878; x_wconf 77' lang='lat' dir='ltr'><em>volumina</em></span> <span class='ocrx_word' id='word_1_704' title='bbox 3332 3826 3411 3878; x_wconf 83' lang='lat' dir='ltr'><em>ad</em></span> <span class='ocrx_word' id='word_1_705' title='bbox 3447 3823 3712 3880; x_wconf 72' lang='lat' dir='ltr'><em>Ciceronis.</em></span> <span class='ocrx_word' id='word_1_706' title='bbox 3740 3822 3813 3884; x_wconf 71' lang='lat' dir='ltr'><em>qut</em></span> 
     </span>
    </p>
   </div>
   <div class='ocr_carea' id='block_1_102' title="bbox 2160 3909 3813 3984">
    <p class='ocr_par' dir='ltr' id='par_1_102' title="bbox 2160 3909 3813 3984">
     <span class='ocr_line' id='line_1_102' title="bbox 2160 3909 3813 3984; baseline -0.007 -15"><span class='ocrx_word' id='word_1_707' title='bbox 2160 3917 2321 3970; x_wconf 87' lang='lat' dir='ltr'><em>libros</em></span> <span class='ocrx_word' id='word_1_708' title='bbox 2350 3919 2585 3984; x_wconf 89' lang='lat' dir='ltr'><em>quinque</em></span> <span class='ocrx_word' id='word_1_709' title='bbox 2616 3917 2678 3969; x_wconf 90' lang='lat' dir='ltr'><em>de</em></span> <span class='ocrx_word' id='word_1_710' title='bbox 2726 3917 2949 3969; x_wconf 81' lang='lat' dir='ltr'><em>Finibus</em></span> <span class='ocrx_word' id='word_1_711' title='bbox 3000 3915 3257 3967; x_wconf 87' lang='lat' dir='ltr'><em>bonorum</em></span> <span class='ocrx_word' id='word_1_712' title='bbox 3310 3920 3358 3967; x_wconf 87' lang='lat' dir='ltr'><em>et</em></span> <span class='ocrx_word' id='word_1_713' title='bbox 3406 3916 3673 3970; x_wconf 83' lang='lat' dir='ltr'><em>malorum,</em></span> <span class='ocrx_word' id='word_1_714' title='bbox 3720 3909 3813 3960; x_wconf 72' lang='lat' dir='ltr'><em>toti-</em></span> 
     </span>
    </p>
   </div>
   <div class='ocr_carea' id='block_1_103' title="bbox 2159 3996 3812 4072">
    <p class='ocr_par' dir='ltr' id='par_1_103' title="bbox 2159 3996 3812 4072">
     <span class='ocr_line' id='line_1_103' title="bbox 2159 3996 3812 4072; baseline -0.007 -13"><span class='ocrx_word' id='word_1_715' title='bbox 2159 4007 2277 4059; x_wconf 83' lang='lat' dir='ltr'><em>dem</em></span> <span class='ocrx_word' id='word_1_716' title='bbox 2309 4007 2734 4059; x_wconf 87' lang='lat' dir='ltr'><em>Tusculanarum</em></span> <span class='ocrx_word' id='word_1_717' title='bbox 2765 4005 3218 4072; x_wconf 84' lang='lat' dir='ltr'><em>disputationum,</em></span> <span class='ocrx_word' id='word_1_718' title='bbox 3264 4018 3369 4055; x_wconf 85' lang='lat' dir='ltr'><em>non</em></span> <span class='ocrx_word' id='word_1_719' title='bbox 3414 4001 3689 4055; x_wconf 88' lang='lat' dir='ltr'><em>admodum</em></span> <span class='ocrx_word' id='word_1_720' title='bbox 3725 3996 3812 4047; x_wconf 78' lang='lat' dir='ltr'><em>dis-</em></span> 
     </span>
    </p>
   </div>
   <div class='ocr_carea' id='block_1_104' title="bbox 2158 4090 3812 4162">
    <p class='ocr_par' dir='ltr' id='par_1_104' title="bbox 2158 4090 3812 4162">
     <span class='ocr_line' id='line_1_104' title="bbox 2158 4090 3812 4162; baseline -0.008 -15"><span class='ocrx_word' id='word_1_721' title='bbox 2158 4097 2334 4148; x_wconf 87' lang='lat' dir='ltr'><em>simili</em></span> <span class='ocrx_word' id='word_1_722' title='bbox 2387 4100 2701 4162; x_wconf 88' lang='lat' dir='ltr'><em>argumento</em></span> <span class='ocrx_word' id='word_1_723' title='bbox 2780 4096 3075 4161; x_wconf 84' lang='lat' dir='ltr'><em>composuit</em></span> <span class='ocrx_word' id='word_1_724' title='bbox 3141 4095 3219 4160; x_wconf 84' lang='lat' dir='ltr'><em>(ni</em></span> <span class='ocrx_word' id='word_1_725' title='bbox 3265 4092 3457 4158; x_wconf 70' lang='lat' dir='ltr'><em>fallor)</em></span> <span class='ocrx_word' id='word_1_726' title='bbox 3513 4090 3812 4142; x_wconf 82' lang='lat' dir='ltr'><em>imitationem</em></span> 
     </span>
    </p>
   </div>
   <div class='ocr_carea' id='block_1_105' title="bbox 2165 4175 3813 4253">
    <p class='ocr_par' dir='ltr' id='par_1_105' title="bbox 2165 4175 3813 4253">
     <span class='ocr_line' id='line_1_105' title="bbox 2165 4175 3813 4253; baseline -0.008 -16"><span class='ocrx_word' id='word_1_727' title='bbox 2165 4185 2536 4238; x_wconf 84' lang='lat' dir='ltr'><em>distributum.</em></span> <span class='ocrx_word' id='word_1_728' title='bbox 2597 4186 2829 4253; x_wconf 81' lang='lat' dir='ltr'><em>Quorum</em></span> <span class='ocrx_word' id='word_1_729' title='bbox 2891 4186 3067 4250; x_wconf 82' lang='lat' dir='ltr'><em>primo</em></span> <span class='ocrx_word' id='word_1_730' title='bbox 3126 4184 3338 4235; x_wconf 83' lang='lat' dir='ltr'><em>Boetius</em></span> <span class='ocrx_word' id='word_1_731' title='bbox 3372 4178 3711 4246; x_wconf 75' lang='lat' dir='ltr'><em>Philosophia:</em></span> <span class='ocrx_word' id='word_1_732' title='bbox 3749 4175 3813 4225; x_wconf 83' lang='lat' dir='ltr'><em>la-</em></span> 
     </span>
    </p>
   </div>
   <div class='ocr_carea' id='block_1_106' title="bbox 2166 4268 3811 4339">
    <p class='ocr_par' dir='ltr' id='par_1_106' title="bbox 2166 4268 3811 4339">
     <span class='ocr_line' id='line_1_106' title="bbox 2166 4268 3811 4339; baseline -0.009 -12"><span class='ocrx_word' id='word_1_733' title='bbox 2166 4276 2512 4327; x_wconf 68' lang='lat' dir='ltr'><em>nurntationis</em></span> <span class='ocrx_word' id='word_1_734' title='bbox 2542 4279 2588 4325; x_wconf 81' lang='lat' dir='ltr'><em>et</em></span> <span class='ocrx_word' id='word_1_735' title='bbox 2620 4272 2971 4339; x_wconf 53' lang='lat' dir='ltr'><em>agritudinis</em></span> <span class='ocrx_word' id='word_1_736' title='bbox 3011 4288 3119 4325; x_wconf 59' lang='lat' dir='ltr'><em>sua?</em></span> <span class='ocrx_word' id='word_1_737' title='bbox 3171 4286 3362 4324; x_wconf 88' lang='lat' dir='ltr'><em>causas</em></span> <span class='ocrx_word' id='word_1_738' title='bbox 3393 4272 3624 4338; x_wconf 62' lang='lat' dir='ltr'><em>conponit.</em></span> <span class='ocrx_word' id='word_1_739' title='bbox 3676 4268 3725 4318; x_wconf 80' lang='lat' dir='ltr'><em>In</em></span> <span class='ocrx_word' id='word_1_740' title='bbox 3750 4278 3811 4313; x_wconf 73' lang='lat' dir='ltr'><em>se-</em></span> 
     </span>
    </p>
   </div>
   <div class='ocr_carea' id='block_1_107' title="bbox 2160 4354 3811 4430">
    <p class='ocr_par' dir='ltr' id='par_1_107' title="bbox 2160 4354 3811 4430">
     <span class='ocr_line' id='line_1_107' title="bbox 2160 4354 3811 4430; baseline -0.005 -13"><span class='ocrx_word' id='word_1_741' title='bbox 2160 4365 2352 4429; x_wconf 86' lang='lat' dir='ltr'><em>cundo,</em></span> <span class='ocrx_word' id='word_1_742' title='bbox 2432 4364 2779 4430; x_wconf 81' lang='lat' dir='ltr'><em>l’hilosOphia</em></span> <span class='ocrx_word' id='word_1_743' title='bbox 2838 4364 3017 4415; x_wconf 69' lang='lat' dir='ltr'><em>Boetio</em></span> <span class='ocrx_word' id='word_1_744' title='bbox 3080 4363 3281 4413; x_wconf 60' lang='lat' dir='ltr'><em>tei‘it‘n-a</em></span> <span class='ocrx_word' id='word_1_745' title='bbox 3331 4360 3576 4427; x_wconf 69' lang='lat' dir='ltr'><em>quaedam</em></span> <span class='ocrx_word' id='word_1_746' title='bbox 3619 4354 3811 4421; x_wconf 63' lang='lat' dir='ltr'><em>fomenta</em></span> 
     </span>
    </p>
   </div>
   <div class='ocr_carea' id='block_1_108' title="bbox 2158 4442 3812 4520">
    <p class='ocr_par' dir='ltr' id='par_1_108' title="bbox 2158 4442 3812 4520">
     <span class='ocr_line' id='line_1_108' title="bbox 2158 4442 3812 4520; baseline -0.008 -15"><span class='ocrx_word' id='word_1_747' title='bbox 2158 4454 2455 4520; x_wconf 77' lang='lat' dir='ltr'><em>prudenter</em></span> <span class='ocrx_word' id='word_1_748' title='bbox 2482 4453 2741 4519; x_wconf 83' lang='lat' dir='ltr'><em>applicat,</em></span> <span class='ocrx_word' id='word_1_749' title='bbox 2777 4466 2999 4516; x_wconf 86' lang='lat' dir='ltr'><em>eumque</em></span> <span class='ocrx_word' id='word_1_750' title='bbox 3025 4450 3255 4502; x_wconf 87' lang='lat' dir='ltr'><em>molliter</em></span> <span class='ocrx_word' id='word_1_751' title='bbox 3299 4448 3617 4509; x_wconf 82' lang='lat' dir='ltr'><em>consolatur,</em></span> <span class='ocrx_word' id='word_1_752' title='bbox 3661 4442 3812 4493; x_wconf 73' lang='lat' dir='ltr'><em>docens</em></span> 
     </span>
    </p>
   </div>
   <div class='ocr_carea' id='block_1_109' title="bbox 2160 4526 3805 4603">
    <p class='ocr_par' dir='ltr' id='par_1_109' title="bbox 2160 4526 3805 4603">
     <span class='ocr_line' id='line_1_109' title="bbox 2160 4526 3805 4603; baseline -0.01 -8"><span class='ocrx_word' id='word_1_753' title='bbox 2160 4545 2392 4603; x_wconf 73' lang='lat' dir='ltr'><em>fortuna;</em></span> <span class='ocrx_word' id='word_1_754' title='bbox 2447 4542 2581 4594; x_wconf 89' lang='lat' dir='ltr'><em>bona</em></span> <span class='ocrx_word' id='word_1_755' title='bbox 2638 4556 2743 4593; x_wconf 87' lang='lat' dir='ltr'><em>non</em></span> <span class='ocrx_word' id='word_1_756' title='bbox 2790 4556 2897 4592; x_wconf 86' lang='lat' dir='ltr'><em>esse</em></span> <span class='ocrx_word' id='word_1_757' title='bbox 2944 4542 2999 4591; x_wconf 90' lang='lat' dir='ltr'><em>in.</em></span> <span class='ocrx_word' id='word_1_758' title='bbox 3052 4539 3199 4590; x_wconf 81' lang='lat' dir='ltr'><em>bonis</em></span> <span class='ocrx_word' id='word_1_759' title='bbox 3249 4539 3452 4589; x_wconf 84' lang='lat' dir='ltr'><em>nostris</em></span> <span class='ocrx_word' id='word_1_760' title='bbox 3500 4526 3805 4586; x_wconf 77' lang='lat' dir='ltr'><em>numerando.</em></span> 
     </span>
    </p>
   </div>
   <div class='ocr_carea' id='block_1_110' title="bbox 2166 4618 3809 4691">
    <p class='ocr_par' dir='ltr' id='par_1_110' title="bbox 2166 4618 3809 4691">
     <span class='ocr_line' id='line_1_110' title="bbox 2166 4618 3809 4691; baseline -0.01 -7"><span class='ocrx_word' id='word_1_761' title='bbox 2166 4635 2374 4684; x_wconf 82' lang='lat' dir='ltr'><em>Tertius</em></span> <span class='ocrx_word' id='word_1_762' title='bbox 2408 4632 2538 4683; x_wconf 85' lang='lat' dir='ltr'><em>liber</em></span> <span class='ocrx_word' id='word_1_763' title='bbox 2580 4633 2793 4683; x_wconf 88' lang='lat' dir='ltr'><em>acriora</em></span> <span class='ocrx_word' id='word_1_764' title='bbox 2832 4632 3060 4682; x_wconf 82' lang='lat' dir='ltr'><em>continet</em></span> <span class='ocrx_word' id='word_1_765' title='bbox 3092 4627 3347 4685; x_wconf 84' lang='lat' dir='ltr'><em>remedia,</em></span> <span class='ocrx_word' id='word_1_766' title='bbox 3384 4627 3634 4691; x_wconf 69' lang='lat' dir='ltr'><em>falszeque</em></span> <span class='ocrx_word' id='word_1_767' title='bbox 3666 4618 3809 4684; x_wconf 77' lang='lat' dir='ltr'><em>felici-</em></span> 
     </span>
    </p>
   </div>
   <div class='ocr_carea' id='block_1_111' title="bbox 2162 4705 3802 4787">
    <p class='ocr_par' dir='ltr' id='par_1_111' title="bbox 2162 4705 3802 4787">
     <span class='ocr_line' id='line_1_111' title="bbox 2162 4705 3802 4787; baseline -0.009 -15"><span class='ocrx_word' id='word_1_768' title='bbox 2162 4723 2289 4772; x_wconf 86' lang='lat' dir='ltr'><em>tatis</em></span> <span class='ocrx_word' id='word_1_769' title='bbox 2335 4722 2505 4787; x_wconf 81' lang='lat' dir='ltr'><em>Specie</em></span> <span class='ocrx_word' id='word_1_770' title='bbox 2571 4720 2790 4785; x_wconf 81' lang='lat' dir='ltr'><em>rejecta,</em></span> <span class='ocrx_word' id='word_1_771' title='bbox 2878 4733 3058 4770; x_wconf 71' lang='lat' dir='ltr'><em>&#39;eeram</em></span> <span class='ocrx_word' id='word_1_772' title='bbox 3143 4717 3526 4770; x_wconf 84' lang='lat' dir='ltr'><em>beatitudinem</em></span> <span class='ocrx_word' id='word_1_773' title='bbox 3596 4705 3802 4764; x_wconf 68' lang='lat' dir='ltr'><em>ostendit.</em></span> 
     </span>
    </p>
   </div>
   <div class='ocr_carea' id='block_1_112' title="bbox 2162 4798 3805 4875">
    <p class='ocr_par' dir='ltr' id='par_1_112' title="bbox 2162 4798 3805 4875">
     <span class='ocr_line' id='line_1_112' title="bbox 2162 4798 3805 4875; baseline -0.007 -16"><span class='ocrx_word' id='word_1_774' title='bbox 2162 4811 2355 4873; x_wconf 70' lang='lat' dir='ltr'><em>Quc‘trti</em></span> <span class='ocrx_word' id='word_1_775' title='bbox 2418 4807 2719 4875; x_wconf 84' lang='lat' dir='ltr'><em>disputatio</em></span> <span class='ocrx_word' id='word_1_776' title='bbox 2781 4807 2887 4860; x_wconf 71' lang='lat' dir='ltr'><em>haec</em></span> <span class='ocrx_word' id='word_1_777' title='bbox 2928 4813 3023 4873; x_wconf 87' lang='lat' dir='ltr'><em>est,</em></span> <span class='ocrx_word' id='word_1_778' title='bbox 3076 4822 3251 4859; x_wconf 87' lang='lat' dir='ltr'><em>omnes</em></span> <span class='ocrx_word' id='word_1_779' title='bbox 3300 4808 3467 4859; x_wconf 89' lang='lat' dir='ltr'><em>malos</em></span> <span class='ocrx_word' id='word_1_780' title='bbox 3516 4802 3729 4866; x_wconf 67' lang='lat' dir='ltr'><em>infelices</em></span> <span class='ocrx_word' id='word_1_781' title='bbox 3770 4798 3805 4843; x_wconf 55' lang='lat' dir='ltr'><em>at</em></span> 
     </span>
    </p>
   </div>
   <div class='ocr_carea' id='block_1_113' title="bbox 2158 4896 3796 4967">
    <p class='ocr_par' dir='ltr' id='par_1_113' title="bbox 2158 4896 3796 4967">
     <span class='ocr_line' id='line_1_113' title="bbox 2158 4896 3796 4967; baseline 0 -18"><span class='ocrx_word' id='word_1_782' title='bbox 2158 4902 2472 4967; x_wconf 77' lang='lat' dir='ltr'><em>impotentes</em></span> <span class='ocrx_word' id='word_1_783' title='bbox 2504 4912 2631 4961; x_wconf 84' lang='lat' dir='ltr'><em>esse,</em></span> <span class='ocrx_word' id='word_1_784' title='bbox 2667 4897 2821 4950; x_wconf 84' lang='lat' dir='ltr'><em>bonos</em></span> <span class='ocrx_word' id='word_1_785' title='bbox 2857 4912 2973 4948; x_wconf 73' lang='lat' dir='ltr'><em>vero</em></span> <span class='ocrx_word' id='word_1_786' title='bbox 3019 4902 3205 4948; x_wconf 86' lang='lat' dir='ltr'><em>contra</em></span> <span class='ocrx_word' id='word_1_787' title='bbox 3247 4896 3450 4959; x_wconf 84' lang='lat' dir='ltr'><em>felices,</em></span> <span class='ocrx_word' id='word_1_788' title='bbox 3497 4897 3796 4949; x_wconf 59' lang='lat' dir='ltr'><em>totot&#39;ttm’l’”</em></span> 
     </span>
    </p>
   </div>
   <div class='ocr_carea' id='block_1_114' title="bbox 2159 4976 3803 5053">
    <p class='ocr_par' dir='ltr' id='par_1_114' title="bbox 2159 4976 3803 5053">
     <span class='ocr_line' id='line_1_114' title="bbox 2159 4976 3803 5053; baseline -0.014 -13"><span class='ocrx_word' id='word_1_789' title='bbox 2159 4992 2391 5040; x_wconf 86' lang='lat' dir='ltr'><em>omnium</em></span> <span class='ocrx_word' id='word_1_790' title='bbox 2425 5003 2642 5040; x_wconf 82' lang='lat' dir='ltr'><em>suorum</em></span> <span class='ocrx_word' id='word_1_791' title='bbox 2682 4992 2961 5053; x_wconf 82' lang='lat' dir='ltr'><em>compotes.</em></span> <span class='ocrx_word' id='word_1_792' title='bbox 2996 4986 3191 5050; x_wconf 79' lang='lat' dir='ltr'><em>Quinto</em></span> <span class='ocrx_word' id='word_1_793' title='bbox 3224 4985 3451 5051; x_wconf 80' lang='lat' dir='ltr'><em>denique</em></span> <span class='ocrx_word' id='word_1_794' title='bbox 3476 4976 3681 5033; x_wconf 76' lang='lat' dir='ltr'><em>disserit</em></span> <span class='ocrx_word' id='word_1_795' title='bbox 3704 4986 3803 5024; x_wconf 76' lang='lat' dir='ltr'><em>acu-</em></span> 
     </span>
    </p>
   </div>
   <div class='ocr_carea' id='block_1_115' title="bbox 2160 5060 3801 5142">
    <p class='ocr_par' dir='ltr' id='par_1_115' title="bbox 2160 5060 3801 5142">
     <span class='ocr_line' id='line_1_115' title="bbox 2160 5060 3801 5142; baseline -0.014 -12"><span class='ocrx_word' id='word_1_796' title='bbox 2160 5080 2365 5130; x_wconf 82' lang='lat' dir='ltr'><em>tissime</em></span> <span class='ocrx_word' id='word_1_797' title='bbox 2395 5076 2460 5128; x_wconf 78' lang='lat' dir='ltr'><em>de</em></span> <span class='ocrx_word' id='word_1_798' title='bbox 2492 5092 2638 5142; x_wconf 87' lang='lat' dir='ltr'><em>casu,</em></span> <span class='ocrx_word' id='word_1_799' title='bbox 2666 5076 2932 5141; x_wconf 85' lang='lat' dir='ltr'><em>liberoque</em></span> <span class='ocrx_word' id='word_1_800' title='bbox 2965 5077 3195 5127; x_wconf 85' lang='lat' dir='ltr'><em>hominis</em></span> <span class='ocrx_word' id='word_1_801' title='bbox 3217 5073 3444 5125; x_wconf 88' lang='lat' dir='ltr'><em>arbitrio</em></span> <span class='ocrx_word' id='word_1_802' title='bbox 3475 5085 3533 5123; x_wconf 82' lang='lat' dir='ltr'><em>ac</em></span> <span class='ocrx_word' id='word_1_803' title='bbox 3559 5060 3801 5141; x_wconf 59' lang='lat' dir='ltr'><em>prociden-</em></span> 
     </span>
    </p>
   </div>
   <div class='ocr_carea' id='block_1_116' title="bbox 2163 5168 2478 5220">
    <p class='ocr_par' dir='ltr' id='par_1_116' title="bbox 2163 5168 2478 5220">
     <span class='ocr_line' id='line_1_116' title="bbox 2163 5168 2478 5220; baseline -0.006 -1"><span class='ocrx_word' id='word_1_804' title='bbox 2163 5169 2235 5219; x_wconf 77' lang='lat' dir='ltr'><em>tia</em></span> <span class='ocrx_word' id='word_1_805' title='bbox 2266 5168 2478 5220; x_wconf 64' lang='lat' dir='ltr'><em>dicina.</em></span> 
     </span>
    </p>
   </div>
   <div class='ocr_carea' id='block_1_117' title="bbox 2090 4234 2131 4285">
    <p class='ocr_par' dir='ltr' id='par_1_117' title="bbox 2090 4234 2131 4285">
     <span class='ocr_line' id='line_1_117' title="bbox 2090 4234 2131 4285; baseline 0 0"><span class='ocrx_word' id='word_1_806' title='bbox 2090 4234 2131 4285; x_wconf 77' lang='grc' dir='ltr'><em>Ι)</em></span> 
     </span>
    </p>
   </div>
   <div class='ocr_carea' id='block_1_118' title="bbox 2580 5247 3433 5319">
    <p class='ocr_par' dir='ltr' id='par_1_118' title="bbox 2580 5247 3433 5319">
     <span class='ocr_line' id='line_1_118' title="bbox 2580 5247 3433 5319; baseline -0.006 -16"><span class='ocrx_word' id='word_1_807' title='bbox 2580 5252 2848 5313; x_wconf 57' lang='lat' dir='ltr'><em>“1.01m</em></span> <span class='ocrx_word' id='word_1_808' title='bbox 2879 5250 2950 5302; x_wconf 76' lang='lat' dir='ltr'><em>sit</em></span> <span class='ocrx_word' id='word_1_809' title='bbox 2982 5248 3169 5319; x_wconf 77' lang='lat' dir='ltr'><em>operis</em></span> <span class='ocrx_word' id='word_1_810' title='bbox 3202 5247 3433 5300; x_wconf 74' lang='lat' dir='ltr'><em>utilitas.</em></span> 
     </span>
    </p>
   </div>
   <div class='ocr_carea' id='block_1_119' title="bbox 2232 5330 3799 5409">
    <p class='ocr_par' dir='ltr' id='par_1_119' title="bbox 2232 5330 3799 5409">
     <span class='ocr_line' id='line_1_119' title="bbox 2232 5330 3799 5409; baseline -0.009 -14"><span class='ocrx_word' id='word_1_811' title='bbox 2232 5345 2395 5396; x_wconf 82' lang='lat' dir='ltr'><em>Porro</em></span> <span class='ocrx_word' id='word_1_812' title='bbox 2422 5358 2538 5409; x_wconf 78' lang='lat' dir='ltr'><em>quae</em></span> <span class='ocrx_word' id='word_1_813' title='bbox 2566 5344 2635 5392; x_wconf 82' lang='lat' dir='ltr'><em>sit</em></span> <span class='ocrx_word' id='word_1_814' title='bbox 2669 5341 2857 5392; x_wconf 88' lang='lat' dir='ltr'><em>horum</em></span> <span class='ocrx_word' id='word_1_815' title='bbox 2890 5341 3221 5392; x_wconf 70' lang='lat' dir='ltr'><em>roluminum</em></span> <span class='ocrx_word' id='word_1_816' title='bbox 3256 5338 3485 5399; x_wconf 76' lang='lat' dir='ltr'><em>utilitas,</em></span> <span class='ocrx_word' id='word_1_817' title='bbox 3520 5348 3580 5385; x_wconf 70' lang='lat' dir='ltr'><em>ea:</em></span> <span class='ocrx_word' id='word_1_818' title='bbox 3612 5330 3682 5382; x_wconf 83' lang='lat' dir='ltr'><em>his</em></span> <span class='ocrx_word' id='word_1_819' title='bbox 3708 5336 3799 5390; x_wconf 65' lang='lat' dir='ltr'><em>qlléf</em></span> 
     </span>
    </p>
   </div>
   <div class='ocr_carea' id='block_1_120' title="bbox 2155 5414 3796 5503">
    <p class='ocr_par' dir='ltr' id='par_1_120' title="bbox 2155 5414 3796 5503">
     <span class='ocr_line' id='line_1_120' title="bbox 2155 5414 3796 5503; baseline -0.013 -18"><span class='ocrx_word' id='word_1_820' title='bbox 2155 5434 2273 5503; x_wconf 86' lang='lat' dir='ltr'><em>jam</em></span> <span class='ocrx_word' id='word_1_821' title='bbox 2305 5433 2449 5485; x_wconf 86' lang='lat' dir='ltr'><em>dicta</em></span> <span class='ocrx_word' id='word_1_822' title='bbox 2472 5435 2598 5484; x_wconf 87' lang='lat' dir='ltr'><em>sunt</em></span> <span class='ocrx_word' id='word_1_823' title='bbox 2624 5431 2788 5495; x_wconf 75' lang='lat' dir='ltr'><em>fac-de</em></span> <span class='ocrx_word' id='word_1_824' title='bbox 2816 5429 3061 5498; x_wconf 83' lang='lat' dir='ltr'><em>perspici</em></span> <span class='ocrx_word' id='word_1_825' title='bbox 3080 5444 3237 5497; x_wconf 77' lang='lat' dir='ltr'><em>posse</em></span> <span class='ocrx_word' id='word_1_826' title='bbox 3267 5428 3463 5480; x_wconf 85' lang='lat' dir='ltr'><em>nemini</em></span> <span class='ocrx_word' id='word_1_827' title='bbox 3489 5422 3686 5476; x_wconf 84' lang='lat' dir='ltr'><em>dubium</em></span> <span class='ocrx_word' id='word_1_828' title='bbox 3721 5414 3796 5472; x_wconf 80' lang='lat' dir='ltr'><em>est,</em></span> 
     </span>
    </p>
   </div>
   <div class='ocr_carea' id='block_1_121' title="bbox 2164 5504 3794 5589">
    <p class='ocr_par' dir='ltr' id='par_1_121' title="bbox 2164 5504 3794 5589">
     <span class='ocr_line' id='line_1_121' title="bbox 2164 5504 3794 5589; baseline -0.006 -13"><span class='ocrx_word' id='word_1_829' title='bbox 2164 5540 2280 5577; x_wconf 86' lang='lat' dir='ltr'><em>cum</em></span> <span class='ocrx_word' id='word_1_830' title='bbox 2302 5540 2361 5576; x_wconf 88' lang='lat' dir='ltr'><em>ea</em></span> <span class='ocrx_word' id='word_1_831' title='bbox 2396 5538 2497 5575; x_wconf 89' lang='lat' dir='ltr'><em>non</em></span> <span class='ocrx_word' id='word_1_832' title='bbox 2522 5522 2731 5589; x_wconf 85' lang='lat' dir='ltr'><em>possint</em></span> <span class='ocrx_word' id='word_1_833' title='bbox 2759 5534 2861 5572; x_wconf 89' lang='lat' dir='ltr'><em>non</em></span> <span class='ocrx_word' id='word_1_834' title='bbox 2896 5535 3003 5572; x_wconf 88' lang='lat' dir='ltr'><em>esse</em></span> <span class='ocrx_word' id='word_1_835' title='bbox 3037 5521 3185 5585; x_wconf 87' lang='lat' dir='ltr'><em>longe</em></span> <span class='ocrx_word' id='word_1_836' title='bbox 3210 5519 3518 5579; x_wconf 84' lang='lat' dir='ltr'><em>utilissima,</em></span> <span class='ocrx_word' id='word_1_837' title='bbox 3549 5526 3606 5563; x_wconf 66' lang='lat' dir='ltr'><em>ex</em></span> <span class='ocrx_word' id='word_1_838' title='bbox 3635 5504 3794 5573; x_wconf 56' lang='lat' dir='ltr'><em>ullle</em></span> 
     </span>
    </p>
   </div>
  </div>
