3982 6182
357 248 464 302 887

432 374 564 449 Has]
599 376 912 431 Camoenas.

434 466 659 536 Saltem]
682 465 852 530 Quasi
892 464 1061 532 dicat,
1114 464 1358 519 Tametsi
1402 468 1608 520 caetera
1654 481 1747 520 me
1791 465 2051 521 deserue-

364 557 500 622 rint,
533 558 702 610 Musa:
727 562 920 609 tamen
950 556 1108 609 nullo
1141 560 1354 609 terrore
1377 572 1408 609 a
1432 571 1523 609 me
1556 554 1809 609 abstrahi
1839 560 2049 626 potue-

365 652 516 699 runt.
551 647 641 701 Sic
671 646 827 700 Ovid.
861 646 918 698 in
942 662 991 698 1v
1023 644 1294 698 'I‘ristium
1329 662 1341 699 :

455 755 533 802 Me
562 767 769 816 quoque
799 754 940 801 Musa
972 752 1109 800 levat
1145 752 1296 823 Ponti
1322 752 1437 823 loca
1461 752 1609 861 1jussa
1642 754 1925 814 petentem.

520 818 642 861 Sola
662 829 838 861 comes
869 824 1060 861 nostrm
1092 819 1316 861 perstitit
1344 815 1434 861 illa
1485 828 1615 861 nam.

520 814 642 865 Sola
662 829 838 863 comes
869 824 1060 863 nostra:
1092 815 1316 876 perstitit
1344 814 1434 862 illa
1461 814 1615 876 fugas.

489 880 609 927 Sola
645 892 741 926 nec
766 879 983 925 insidias
1013 878 1165 931 inter,
1196 891 1291 925 nec
1322 877 1501 925 militis
1522 889 1721 933 ensem,

518 944 619 990 Nec
646 954 808 995 mare,
840 955 936 988 nee
968 942 1167 998 vetitos,
1208 940 1613 1001 Barbariamque
1644 939 1809 987 timet.

365 1040 679 1109 Subditque
710 1056 825 1093 non
858 1039 1039 1091 multo
1070 1042 1237 1108 post:

456 1147 581 1195 Jure
612 1146 734 1192 dcas
756 1146 915 1206 igitur
948 1157 1173 1191 veneror
1195 1143 1333 1191 mala
1363 1145 1545 1191 nostra
1574 1142 1821 1203 levantes,

554 1208 813 1257 Sollicitas
845 1207 1060 1254 comites
1092 1221 1156 1254 ex
1186 1206 1431 1254 Helicone
1461 1207 1615 1267 fugae,

486 1270 1035 1335 Etipartiumpelngo,
1068 1270 1295 1335 partium
1320 1268 1540 1329 vestigia
1570 1273 1739 1335 terra},

520 1330 612 1381 vel
639 1338 748 1381 rate
779 1330 1041 1394 dignatas,
1073 1331 1153 1379 vol
1190 1331 1320 1393 pede
1352 1336 1533 1379 nostra
1560 1330 1730 1392 sequi.

434 1431 644 1503 Gloria]
691 1434 1003 1502 Repetatur
1044 1430 1429 1485 nominativus
1459 1428 1698 1500 pluralis
1739 1428 2052 1494 Camoenaz,

366 1527 427 1575 ut
467 1522 536 1575 sit
564 1521 869 1591 appositio,
914 1520 1195 1574 Cami'ena}
1227 1520 1412 1590 gloria
1441 1518 1625 1572 felicis
1656 1522 1711 1571 et
1742 1517 1938 1570 viridis
1961 1519 2055 1587 ju-

366 1617 547 1665 venta:
588 1611 746 1675 olim,
783 1610 1054 1664 Solantur
1100 1625 1251 1662 nunc
1297 1624 1425 1662 mea
1470 1608 1585 1661 fata
1626 1608 1811 1661 moesti
1860 1607 2051 1660 senis:

1106 243 1461 300 APPENOIX
1500 244 1593 298 AD
1635 244 1884 301 LIBROS
1925 244 2017 303 DE
2060 245 2591 304 CONSOLATIONE
2627 244 3132 313 PHILOSOPHIAE.

2095 380 2141 432 A
2167 378 2407 449 Cynicus
2438 382 2671 448 rogatus
2719 375 2993 447 quidnam
3024 376 3176 447 apud
3205 376 3463 432 homines
3496 383 3642 435 esset
3696 378 3821 435 bea-

2160 466 2271 521 tius
2305 484 2317 521 :
2355 466 2619 532 Felicem,
2655 465 2863 537 inquit,
2897 464 3065 519 mori.
3268 466 3271 467 ⁷

3726 251 3821 305 888

2232 554 2507 627 Dulcibus]
2540 554 2880 608 Fortunatis.

2230 646 2445 714 Inserit]
2479 643 2760 710 Immittit,
2805 642 3030 711 ingerit.

2230 733 2454 803 Mwstis]
2509 733 2592 787 Ab
2645 733 2976 787 hominibus
3034 732 3269 799 mosstis,
3330 732 3387 786 id
3433 736 3519 787 est
3567 733 3826 789 tristibus.

2160 822 2593 877 Maximinianus
2624 838 2737 875 non
2766 822 3000 875 omnino
3035 822 3490 876 contemnendus
3522 827 3694 893 poeta
3723 840 3737 877 :

2288 912 2327 959 Ο
2348 925 2515 1022 lquam
2546 912 2675 959 dura
2703 911 2894 973 premit
2926 910 3146 959 miseros
3176 910 3410 959 conditio
3443 911 3585 960 vitae.

2394 988 2451 1022 ec
2482 987 2625 1022 mors
2650 974 2884 1021 humano
2915 974 3152 1022 subiacet
3181 974 3417 1022 imperio.

2394 988 2451 1022 ec
2482 987 2625 1022 mors
2650 974 2884 1021 humano
2915 974 3152 1036 subjacet
3181 974 3417 1036 imperio.

2287 1036 2447 1086 Dulce
2482 1038 2615 1085 mori
2642 1036 2865 1090 miseris,
2903 1040 2956 1085 at
2986 1050 3127 1083 more
3152 1041 3329 1099 optata
3359 1037 3576 1095 recedit,

2350 1101 2413 1147 At
2436 1114 2557 1147 cum
2588 1100 2749 1147 tristis
2775 1098 2890 1158 erit,
2918 1098 3241 1162 praecipitata
3258 1100 3417 1147 venit.

2165 1180 2358 1233 Obiter
2402 1180 2489 1233 his
2549 1180 2606 1233 in
2644 1180 2897 1234 versibus
2949 1181 3197 1233 notanda
3246 1180 3511 1247 secunda,
3593 1179 3837 1233 dictionis

2164 1269 2434 1335 conditio,
2478 1269 2709 1339 syllaba,
2773 1285 2901 1339 quae
2944 1269 3184 1323 licenter
3223 1269 3501 1338 producta
3552 1274 3659 1323 est.
3693 1269 3841 1321 Miror

2166 1363 2355 1412 autem
2392 1359 2592 1411 sciolos
2641 1358 2919 1429 quosdam
2971 1358 3129 1413 Gallo
3179 1363 3360 1429 poetae
3398 1357 3626 1429 Virgilii
3675 1359 3837 1410 amico

2166 1449 2393 1519 clegias,
2433 1464 2560 1518 qua:
2595 1447 2979 1503 Maximiniani
3024 1452 3176 1514 sunt,
3213 1448 3286 1501 ob
3334 1448 3639 1501 leviculam
3672 1450 3835 1518 suspi-

2166 1538 2389 1591 cionem
2419 1538 2690 1591 tribuere.
2723 1537 2931 1590 Verum
2962 1537 3030 1590 de
3058 1537 3162 1590 hoc
3196 1537 3335 1591 alias
3372 1537 3562 1590 latius.

2238 1630 2352 1680 Heu
2384 1628 2483 1680 hcu
2513 1642 2675 1694 quam
2707 1625 2903 1698 sm'da]
2957 1628 3075 1680 Heu
3103 1627 3350 1680 dolentis
3397 1632 3480 1679 est
3512 1625 3839 1695 interjectio,

366 1702 472 1756 hoc
504 1706 604 1766 θεῖ,
635 1701 801 1753 M0533
831 1715 958 1769 (tum
982 1698 1122 1751 mihi
1157 1699 1295 1751 Olim
1336 1714 1451 1751 non
1483 1697 1759 1750 mediocri
1790 1701 1844 1750 et
1882 1713 2057 1751 oma‘
2100 1686 2138 1739 Β
2166 1716 2312 1769 sicut
2340 1716 2729 1785 probatissimi
2772 1715 3132 1785 grammatici
3179 1716 3403 1769 docent.
3456 1715 3619 1769 Eheu
3669 1716 3841 1769 Latina

365 1795 557 1845 mento
603 1795 659 1843 et
694 1788 886 1842 decori
926 1788 1181 1851 fuerunt,
1214 1786 1430 1855 pariter
1462 1791 1583 1838 tum
1626 1786 1880 1855 juventa,
1933 1793 2055 1840 tum

366 1881 507 1936 laetis
538 1881 783 1933 fortuna:
810 1876 1160 1930 successibus
1186 1875 1436 1941 ﬂorenti,
1472 1891 1626 1928 nunc
1666 1875 1833 1929 rebus
1864 1876 2060 1928 adver-

365 1971 440 2023 sis
488 1968 843 2040 perturbato,
869 1966 1098 2032 afﬂicto,
1138 1970 1194 2018 et
1232 1970 1363 2017 ante
1436 1964 1761 2033 legitimum
1828 1969 2058 2035 tempus

367 2057 560 2111 dolore
620 2051 1065 2118 consenescenti,
1139 2052 1588 2106 consolationem
1663 2052 1927 2107 afferunt.
1989 2055 2056 2109 M.

362 2146 578 2201 Tullius
605 2146 665 2200 in
695 2144 953 2199 oratione
993 2158 1096 2211 pro
1126 2142 1333 2195 Archia
1366 2157 1379 2195 ε
1417 2160 1445 2193 ς(
1481 2142 1622 2195 Nam
1670 2146 1907 2210 caeteras,
1962 2142 2049 2196 in-

368 2236 511 2307 quit,
556 2252 645 2289 res
676 2250 862 2305 neque
893 2236 1220 2300 temporum
1253 2234 1407 2298 sunt,
1438 2246 1626 2300 neque
1671 2236 1903 2284 aetatum
1937 2247 2061 2285 om-

368 2325 551 2391 nium,
606 2339 793 2391 neque
858 2323 1133 2375 locorum.
1202 2321 1330 2373 Ilaze
1380 2318 1567 2373 studia
1622 2319 2062 2375 adolescentiam

370 2419 567 2480 agunt,
622 2416 975 2464 senectutem
1025 2408 1336 2473 oblectant,
1390 2408 1667 2461 secundas
1705 2425 1791 2461 res
1834 2414 2059 2476 ornant,

371 2502 620 2554 adversis
658 2500 992 2570 perfugiunt
1025 2515 1088 2551 ac
1130 2498 1398 2570 solatium
1452 2498 1731 2568 praabcnt,
1780 2498 2064 2552 delectant

372 2592 546 2654 domi,
598 2606 713 2643 non
782 2589 1105 2659 impediunt
1147 2568 1293 2641 toris
1350 2593 1687 2658 pernoctant
1740 2588 2061 2656 nobiscum,

369 2678 836 2750 peregrinantur,
894 2677 1258 2730 rusticantur.
1290 2698 1317 2725 »

442 2772 559 2823 Mm
586 2771 709 2834 fata
742 2769 918 2821 maesti
948 2765 1106 2838 senis]
1148 2766 1452 2820 Laurentio
1482 2765 1748 2833 Vallensi,
1784 2766 1881 2837 qui
1915 2784 2062 2821 unus

371 2859 628 2912 omnium
661 2857 728 2909 de
765 2856 961 2909 Latina
986 2855 1182 2925 lingua
1223 2857 1404 2910 multo
1435 2855 1670 2908 meritus
1698 2861 1781 2910 est
1825 2858 2061 2926 optime,

371 2948 492 3001 haec
528 2945 704 2999 Boetii
750 2946 960 2998 locutio
1006 2945 1097 2997 vix
1144 2944 1458 2997 tolerabilis
1510 2943 1751 3008 videtur,
1808 2962 1874 2997 eo
1911 2948 2061 3015 quod

372 3036 735 3106 participium
783 3034 929 3088 desit
978 3050 991 3087 :
1043 3034 1195 3104 quod
1243 3039 1435 3087 tamen
1483 3051 1610 3087 meo
1652 3034 2065 3105 judiciolhaud

372 3125 675 3178 difliculter
705 3124 1066 3189 subauditur,
1100 3129 1237 3193 puta
1268 3122 1415 3186 facti,
1452 3128 1513 3177 ut
1544 3124 1614 3177 sit
1642 3141 1858 3177 sensus.
1896 3125 2065 3178 Musae

374 3214 628 3267 solantur
659 3230 807 3266 nunc
841 3229 965 3265 mea
990 3212 1126 3279 fata,
1161 3212 1259 3282 qui
1292 3213 1364 3265 ob
1407 3213 1649 3266 fortunae
1699 3213 2065 3283 iniquitatem

372 3302 551 3354 factus
600 3319 723 3354 sum
758 3307 992 3355 moestus
1023 3317 1209 3354 senex.
1256 3302 1323 3354 Et
1356 3301 1460 3354 1100
1498 3307 1583 3355 est
1630 3303 1785 3372 quod
1816 3302 2063 3373 subjicit.

446 3388 709 3461 Inopina]
742 3393 803 3443 Id
831 3396 936 3456 est,
986 3390 1284 3458 inopinata
1326 3395 1604 3459 senectus,
1648 3397 1705 3445 et
1730 3393 1876 3463 {quae
1907 3393 2064 3446 clan-

376 3481 567 3533 culum
604 3480 743 3532 mihi
776 3479 1046 3549 opinione
1068 3479 1237 3531 citius
1269 3480 1540 3548 obrepsit.

454 3570 611 3621 Venit
643 3570 962 3638 properata]
990 3570 1101 3622 Hoc
1135 3572 1238 3637 est,
1279 3584 1521 3638 propere
1545 3573 1599 3622 et
1624 3568 1959 3624 festinanter
1984 3570 2070 3625 in-

375 3658 561 3711 ducta.

446 3747 630 3817 Maiis]
668 3747 781 3799 Hoc
826 3750 928 3813 est,
981 3745 1054 3799 ob
1097 3746 1249 3799 mala
1291 3750 1346 3799 et
1376 3746 1623 3801 fortuna:
1672 3747 2065 3804 adversitates.

374 3838 473 3889 Est
531 3836 684 3888 enim
730 3834 958 3905 septimi
1006 3851 1184 3888 casus.
1231 3836 1394 3904 Apud
1438 3838 1732 3891 Erasmum
1774 3838 2067 3908 singulare

375 3915 557 3969 nostri
603 3915 794 3968 saeculi
849 3914 1040 3979 decus,
1084 3915 1450 3985 proverbium
1495 3922 1600 3983 est,
1650 3917 1793 3971 Mala
1841 3920 2068 3973 senium

377 4006 710 4067 accelerant,
746 4005 1117 4073 desumptum
1150 4021 1213 4057 ex
1245 4004 1342 4057 illo
1384 4006 1679 4059 Homerico
1712 4007 1762 4060 9

502 4093 703 4155 Quippe
725 4096 937 4155 repente
960 4092 1204 4140 homines
1227 4093 1469 4155 eurisque
1486 4094 1743 4157 malisque
1765 4098 2065 4144 senescunt.

376 4173 609 4227 Ovidius
640 4174 698 4226 in
730 4173 919 4243 primo
952 4174 1019 4227 de
1052 4175 1229 4226 Ponto
1263 4189 1274 4227 :

438 4263 517 4310 Me
548 4275 757 4323 quoque
787 4262 1024 4311 debilitat
1054 4263 1213 4310 series
1248 4262 1505 4310 immensa
1534 4262 1794 4323 laborum,

469 4324 602 4373 Ante
632 4338 809 4372 meum
854 4328 1063 4387 tempus
1092 4338 1253 4387 cogor
1285 4329 1338 4373 et
1376 4338 1489 4373 esse
1521 4339 1702 4374 senex.

447 4408 681 4460 zEtatem
709 4406 885 4474 suam]
922 4405 1302 4459 Senectutem.
1358 4407 1427 4459 Ut
1475 4406 1629 4459 enim
1656 4408 1896 4477 juventa
1925 4408 2065 4462 laeti-

376 4494 490 4559 tize,
523 4495 601 4547 sic
635 4493 849 4548 doloris
890 4498 1051 4547 restas
1092 4499 1175 4547 est
1202 4499 1479 4548 senectus.

446 4584 840 4655 Intempestivi]
868 4588 1008 4638 Ante
1030 4583 1251 4653 justum
1284 4588 1510 4652 tempus
1541 4583 1678 4638 nati.

454 4673 686 4741 Vertico]
722 4675 828 4726 Per
852 4672 1142 4738 verticem,
1173 4672 1232 4725 in
1261 4672 1467 4741 capite.

453 4760 613 4832 Cani]
647 4762 849 4830 Capilli
875 4761 1021 4815 cani.
1048 4762 1300 4814 Valerius
1332 4761 1551 4815 Maxim.
1596 4761 1693 4815 lib.
1728 4778 1765 4815 u
1806 4778 1813 4816 :
1850 4763 2067 4819 Puber-

375 4853 463 4904 tas
489 4851 644 4903 canis
674 4866 841 4903 suum
864 4851 1139 4905 honorem
1171 4851 1462 4905 reddebat.

454 4937 682 5009 E/fecto]
716 4939 938 4994 Viribus
970 4940 1268 5007 exhausto,
1300 4945 1358 4996 et
1387 4940 1458 4995 ob
1491 4940 1667 4995 animi
1696 4941 1954 4998 dolorem
1978 4943 2073 4998 de-

384 5026 630 5083 bilitato.

452 5118 609 5172 Mors
644 5117 917 5172 hominum
962 5117 1125 5191 feliw]
1181 5121 1248 5174 Ut
1285 5118 1463 5174 animi
1489 5118 1824 5189 'perturbati
1874 5120 2069 5189 homo,

378 5211 534 5261 totus
566 5223 630 5261 ex
661 5207 889 5261 fortuna
918 5209 1151 5277 pendet,
1191 5208 1331 5262 citra
1364 5210 1523 5279 cujus
1551 5224 1872 5263 successum
1917 5225 2071 5263 mor-

378 5301 495 5351 tem
528 5297 710 5368 magis
743 5313 914 5368 quam
949 5297 1122 5351 vitam
1155 5302 1327 5367 optat.

447 5389 592 5441 Mors
631 5387 909 5442 hominum
953 5386 1111 5456 felin]
1149 5385 1399 5441 Subaudi
1440 5390 1539 5441 est.
1578 5388 1805 5454 Felices,
1854 5388 2064 5459 inquit,

379 5480 514 5529 sunt
541 5476 805 5532 homines
836 5476 1044 5549 quibus
1078 5491 1209 5529 cum
1239 5476 1468 5529 fortuna
1498 5482 1796 5547 permanet
1840 5482 1895 5531 et
1934 5477 2067 5544 vita,

384 5563 597 5636 illaque
643 5567 965 5634 recedente,
1023 5565 1239 5637 pariter
1281 5564 1498 5622 ﬁnitur.
1550 5567 1914 5622 Antisthenes
1971 5567 2067 5621 ille

2115 2438 2122 2446 ι
2171 2415 2321 2464 recte
2370 2410 2481 2481 legi
2524 2427 2534 2463 :

2108 4262 2150 4316 D

2163 1805 2333 1859 dictio
2362 1820 2477 1858 non
2522 1810 2605 1857 est
2655 1821 2667 1857 :

2159 1893 2329 1965 jectio
2366 1909 2662 1964 nunquam
2694 1894 3075 1963 componitur,
3118 1895 3215 1947 sed
3264 1894 3660 1964 geminatione
3710 1895 3840 1948 facta

2720 1805 2874 1874 quod
2905 1805 3021 1857 sola
3069 1806 3319 1875 partium
3364 1804 3643 1858 orationis
3680 1805 3841 1858 inter-

2169 1983 2494 2048 dicendum,
2524 1982 2636 2036 heu
2668 1983 2797 2036 heu.
2832 1983 3087 2036 Tibullus
3123 1999 3134 2035 :

2294 2071 2406 2118 Heu
2435 2069 2539 2118 heu
2574 2070 2829 2118 divitibus
2859 2070 3030 2129 video,
3060 2069 3290 2133 gaudere
3324 2071 3518 2134 puella.

2171 2151 2329 2205 Idem
2361 2168 2373 2205 :

2356 2241 2575 2289 Ferreus
2601 2243 2696 2299 est,
2728 2239 2831 2288 heu
2860 2240 2982 2301 heu,
3011 2240 3249 2303 quisquis
3284 2241 3338 2289 in
3365 2242 3491 2290 urbe
3522 2245 3723 2290 manet.

2172 2322 2467 2376 Invenitur
2494 2325 2547 2375 et
2577 2322 2786 2385 heheu,
2820 2326 2963 2375 teste
2985 2324 3233 2376 Perotto.
3273 2324 3465 2376 Potest
3496 2323 3545 2375 si
3574 2338 3764 2376 versus
3779 2322 3843 2374 sic

2587 2412 2705 2464 Heu
2760 2426 2932 2481 quam
2980 2411 3167 2465 surda.
3223 2412 3450 2466 Servius
3498 2412 3557 2465 in
3613 2411 3842 2465 secundo

2172 2500 2432 2554 Aineidos
2470 2499 2883 2553 commentario
2917 2516 2929 2552 :
2981 2501 3099 2553 Heu
3145 2501 3314 2554 modo
3365 2506 3449 2553 est
3481 2518 3595 2555 una
3625 2502 3840 2571 syllaba,

2174 2590 2271 2643 sed
2303 2590 2591 2643 interdum
2628 2594 2863 2659 propter
2892 2595 3137 2643 metrum
3169 2590 3296 2643 duae
3329 2590 3495 2657 ﬁunt,
3529 2596 3594 2643 ut
3632 2596 3732 2655 est,

2298 2679 2408 2726 Heu
2440 2692 2595 2741 quam
2624 2677 2804 2741 pingui
2835 2692 3009 2728 macer
3037 2683 3116 2728 est
3145 2680 3275 2727 mihi
3307 2684 3491 2729 taurus
3526 2680 3581 2727 in
3612 2692 3751 2728 arvo.

2244 2758 2546 2830 Avertitur]
2566 2759 2814 2829 Spernit,
2830 2764 3124 2813 aversatur
3136 2777 3290 2814 mors
3303 2774 3335 2813 a
3350 2760 3570 2813 miseris
3584 2760 3838 2813 invocata.

2244 2851 2313 2902 Et
2342 2852 2522 2915 [lentes
2553 2851 2745 2916 oculos]
2791 2850 3002 2905 Ordina
3034 2850 3133 2916 sic,
3186 2850 3253 2903 Et
3285 2866 3432 2903 saeva
3481 2865 3638 2903 mors
3668 2853 3838 2918 negat,

2174 2937 2280 2990 hoc
2331 2941 2434 3001 est,
2487 2953 2603 2990 non
2651 2939 2951 3007 permittit,
3002 2940 3240 2992 miseros
3289 2938 3553 3005 subaudi,
3602 2938 3838 2991 claudere

2176 3026 2377 3080 ﬁentes
2409 3028 2621 3079 oculos.
2652 3030 2763 3080 Aut
2802 3028 2953 3080 hunc
2998 3030 3055 3080 in
3085 3028 3343 3092 modum,
3376 3027 3537 3081 Saeva
3579 3043 3726 3081 mors
3755 3042 3837 3079 ne-

2176 3118 2273 3185 gat
2312 3116 2532 3182 ﬁentes,
2567 3116 2671 3169 hoc
2716 3120 2817 3182 est,
2851 3116 3112 3169 homines
3160 3116 3230 3169 ob
3259 3116 3429 3186 hujus
3461 3118 3593 3171 vitae
3626 3115 3839 3170 calami-

2176 3208 2353 3257 tatem
2408 3205 2804 3275 lacrymantes,
2862 3206 3123 3259 claudere
3182 3206 3398 3271 oculos,
3444 3205 3502 3258 id
3553 3210 3637 3258 est
3690 3204 3837 3257 mori.

2175 3294 2390 3347 Alludit
2417 3300 2607 3347 autem
2628 3297 2697 3348 ad
2725 3299 2981 3347 veterum
3013 3310 3253 3362 morem,
3273 3310 3387 3364 quo
3418 3294 3837 3363 propinquiores

2177 3388 2538 3436 mortuorum
2570 3384 2762 3437 oculos
2779 3383 3043 3437 claudere
3072 3383 3354 3437 solebant.
3385 3384 3451 3437 In
3478 3383 3626 3436 libro
3656 3381 3835 3443 Tobim,

2177 3468 2362 3537 capite
2404 3469 2627 3534 ultimo,
2651 3469 2772 3522 haec
2810 3469 3021 3539 scripta
3050 3474 3183 3521 sunt
3212 3485 3223 3522 :
3260 3470 3393 3523 Post
3416 3468 3639 3521 obitum
3671 3465 3838 3519 matris

2177 3575 2293 3612 suae
2345 3560 2548 3613 Tobias
2594 3560 2860 3613 abscessit
2891 3576 2957 3613 ex
3017 3559 3218 3612 Ninive
3270 3575 3401 3614 cum
3434 3575 3611 3613 uxore
3643 3574 3757 3623 sua,
3782 3562 3827 3609 et

2176 3648 2331 3715 ﬁliis,
2358 3653 2413 3701 et
2441 3648 2693 3702 ﬁliorum
2716 3648 2871 3716 ﬁliis,
2894 3654 2951 3702 et
2981 3664 3242 3702 reversus
3264 3652 3349 3702 est
3375 3649 3441 3701 ad
3466 3664 3689 3701 soceros
3707 3662 3839 3709 suos,

2177 3737 2511 3809 invenitque
2542 3754 2639 3791 eos
2659 3738 2975 3791 incolumes
2997 3738 3055 3791 in
3078 3741 3366 3791 senectute
3387 3738 3558 3791 bona:
3590 3741 3645 3790 et
3673 3750 3836 3789 curam

2178 3843 2376 3881 eorum
2408 3828 2599 3898 gessit,
2626 3832 2682 3881 et
2712 3827 2833 3898 ipse
2855 3827 3055 3882 clausit
3075 3828 3267 3881 oculos
3300 3843 3523 3895 eorum,
3558 3832 3613 3880 et
3636 3839 3834 3879 omnem

2176 3917 2575 3972 haereditatem
2604 3918 2809 3972 domus
2846 3917 3114 3987 Raguelis
3147 3917 3266 3987 ipse
3302 3916 3578 3987 percepit.
3613 3914 3835 3968 Valerius

2179 4008 2452 4060 Maximus
2498 4007 2566 4059 de
2610 4006 2855 4060 muliere
2901 4008 3158 4060 Assana:
3222 4006 3491 4059 Filiarum
3542 4020 3737 4059 manus
3779 4001 3833 4053 ad

2178 4111 2511 4164 supremum
2544 4095 3057 4166 opprimendorum
3091 4095 3386 4148 oculorum
3410 4094 3663 4148 ofﬁcium
3690 4092 3833 4146 advo-

2178 4182 2340 4237 cavit.
2377 4184 2545 4238 Silius
2575 4184 2803 4238 Italicus
2834 4184 2893 4237 in
2928 4198 3080 4237 nono
3119 4198 3131 4236 :

2892 4291 3068 4353 Atque
3097 4290 3152 4338 in
3180 4288 3283 4338 ﬁne
3312 4288 3553 4338 laborum

2368 4356 2473 4403 Hac
2503 4353 2699 4403 condas
2725 4354 2906 4403 oculos
2941 4354 3125 4402 dextra
3154 4366 3355 4416 precor.

2182 4455 2411 4511 Ovidius
2440 4454 2499 4508 in
2526 4453 2696 4507 tertio
2728 4454 2797 4508 de
2818 4453 3099 4507 Tristibus
3143 4468 3155 4507 :

2333 4543 2443 4591 Nec
2474 4542 2723 4591 mandata
2755 4542 2908 4605 dabo,
2940 4555 3037 4605 nec
3067 4554 3187 4605 cum
3218 4540 3447 4590 clamore
3477 4553 3716 4605 supremo

2369 4606 2625 4655 Labentes
2654 4604 2835 4653 oculos
2866 4604 3057 4653 condet
3087 4604 3255 4652 amica
3289 4617 3500 4652 manus.

2251 4689 2503 4757 Levibus]
2526 4686 2911 4751 Mutabilibus,
2945 4684 3135 4743 ﬂuxis,
3169 4684 3417 4738 caducis.

2250 4776 2529 4849 Maleﬁda]
2567 4776 2764 4843 lnﬁda,
2794 4776 3143 4828 inconstans.

2251 4868 2500 4937 Faue-ret]
2522 4868 2685 4920 Deest
2715 4864 2876 4918 mihi.

2251 4960 2389 5015 Nam
2422 4956 2628 5012 levibus
2661 4952 2834 5025 bonis]
2868 4951 3156 5023 Septimus
3187 4966 3349 5004 casus
3376 4954 3479 5005 est.

2252 5050 2390 5103 Pone
2432 5050 2595 5115 caput
2623 5042 2819 5114 tristis]
2846 5043 2905 5095 Id
2934 5047 3035 5109 est,
3073 5056 3216 5111 pene
3248 5045 3509 5094 mortuus
3530 5055 3700 5094 eram.

2252 5136 2474 5204 Nubila]
2507 5134 2755 5189 Obscura
2782 5137 2838 5185 et
2875 5131 3129 5185 adversa.
3162 5130 3251 5184 Sic
3281 5129 3551 5184 Ovidius:

2273 5226 2529 5286 Tempora
2557 5223 2599 5270 si
2628 5221 2825 5271 fuerint
2851 5220 3051 5280 nubila,
3086 5218 3232 5267 solus
3268 5218 3390 5267 eris.

2252 5305 2529 5377 Ingratus]
2565 5303 2946 5375 Injucundas:
2984 5300 3445 5355 snbaudiendum
3476 5298 3639 5353 mihi.

2254 5397 2433 5466 Impia
2462 5394 2600 5467 vita]
2629 5391 2883 5449 Crudelis
2926 5392 2985 5445 in
3017 5407 3106 5445 me
3138 5388 3413 5443 miserum
3450 5388 3598 5443 mori
3623 5384 3841 5457 cupien-

2180 5490 2317 5541 tem.
2362 5484 2591 5540 Publius
2621 5481 3046 5553 Mimographus
3080 5495 3092 5533 :

2308 5576 2347 5624 0
2377 5574 2485 5624 vita
2512 5573 2704 5633 misep
2738 5571 2916 5633 longa,
2940 5568 3184 5619 felicibus
3214 5566 3409 5617 brevis.
