3982 6182
135 297 223 351 889

132 430 317 484 Seneca
348 426 408 481 in
438 427 673 481 Hercule
707 426 959 495 OEtheo;

416 535 517 600 Par
534 533 619 582 illc
650 535 868 600 superis,
903 537 987 584 cui
1012 538 1206 600 pariter
1234 538 1345 589 dies

408 596 471 644 Et
496 597 706 645 fortuna
722 596 848 653 fuit,
883 596 1065 648 mortis
1088 600 1246 650 habet
1264 603 1423 659 vices,

410 660 566 707 Lente
592 672 712 707 cum
739 660 965 710 trahitur
994 662 1101 712 vita
1124 667 1476 725 gementibus.

134 759 264 813 Idem
294 761 348 811 in
378 757 577 811 eodem
602 774 615 811 :

380 845 574 895 Felices
598 848 836 910 sequeris
865 862 1026 907 mors,
1055 852 1274 901 miseros
1298 852 1455 917 fugis.

191 926 325 992 Quid
372 942 452 981 me
502 928 731 997 felicem]
767 930 862 984 llis
921 932 1175 986 versibus
1214 936 1469 989 ostendit
1520 953 1638 992 non
1671 955 1791 993 esse

131 1016 324 1070 felicem
347 1016 749 1085 appellandum
778 1033 911 1072 eum
941 1021 1103 1090 cujus
1134 1022 1523 1078 conditionem
1566 1026 1794 1081 fortuna

133 1112 322 1159 mutare
370 1110 577 1174 potest.
654 1107 795 1161 Vera
854 1124 1104 1180 namque
1162 1111 1399 1166 felicitas
1444 1114 1621 1169 linem
1676 1133 1793 1170 non

132 1195 293 1248 habet.

194 1284 339 1353 Quid]
390 1285 624 1354 Propter
681 1284 843 1356 quid,
889 1287 961 1341 ad
1018 1288 1174 1359 quid,
1208 1306 1326 1344 cur.
1368 1292 1658 1347 Convertit
1692 1310 1791 1349 au-

138 1377 227 1426 tem
256 1389 375 1426 cum
403 1372 652 1443 quadam
702 1374 881 1427 animi
935 1376 1336 1446 indignatione
1378 1396 1700 1437 sermonem
1725 1384 1791 1437 ad

135 1463 333 1516 amicos.

188 1549 443 1622 Jactastis]
484 1552 801 1606 Insolenter
831 1560 886 1608 et
915 1571 1044 1608 cum
1068 1556 1314 1626 quadam
1338 1560 1583 1630 superba
1600 1566 1791 1615 osten-

136 1642 315 1695 tatione
342 1640 712 1710 prmdicastis.

190 1730 278 1795 Qui
303 1729 508 1801 cecidit]
544 1731 851 1785 Verissima
895 1732 1017 1787 haec
1069 1739 1155 1788 est
1187 1737 1492 1803 sententia,
1527 1744 1581 1793 et
1614 1756 1681 1793 ex
1726 1724 1791 1795 eo

140 1819 265 1888 quod
286 1821 634 1873 contrarium
669 1826 771 1887 est,
814 1820 980 1875 facile
1016 1821 1095 1875 sic
1126 1825 1489 1880 ostenditur:
1535 1827 1642 1890 Qui
1672 1832 1791 1880 sta-

136 1905 215 1959 bili
235 1907 399 1976 gradu
434 1913 537 1973 est,
569 1908 620 1961 is
650 1909 850 1963 cadere
878 1926 995 1963 non
1030 1917 1234 1980 potest.

599 2015 670 2068 IN
706 2016 979 2071 PROSAM
1004 2018 1289 2073 ΡΒΙΜΑΜ.

193 2119 288 2173 Hac
304 2136 467 2191 prosa
485 2124 765 2193 tanquam
789 2125 1066 2193 prommio
1086 2125 1263 2179 totius
1281 2127 1468 2198 operis
1491 2144 1793 2199 argumen-

137 2213 235 2263 tum
261 2210 450 2280 aperit,
490 2227 633 2264 sane
665 2227 835 2282 quam
858 2214 1096 2284 pulchra
1133 2213 1513 2286 descriptione
1544 2218 1791 2288 philoso-

138 2300 299 2368 phiam
336 2300 615 2355 inducens
647 2301 756 2355 sibi
808 2303 1160 2373 apparuisse,
1210 2306 1437 2359 tametsi
1492 2307 1563 2360 ob
1615 2308 1793 2361 animi

137 2390 551 2458 perturbationes
616 2391 809 2445 minus
859 2398 1072 2459 notam,
1136 2394 1443 2466 ejectisque
1488 2396 1791 2450 levioribus

137 2479 298 2547 musis,
324 2496 534 2549 agrum
588 2479 713 2549 ejus
761 2481 1018 2536 animum
1051 2483 1166 2536 suis
1196 2484 1672 2556 gravioribusque
1697 2502 1790 2539 cu-

139 2569 340 2621 randum
379 2586 439 2622 ac
482 2570 806 2624 sanandum
860 2573 1194 2641 suscepisse.
1231 2572 1534 2628 Sciendum
1597 2580 1791 2628 autem

140 2658 311 2711 esthoc
341 2674 482 2729 opus
507 2658 740 2729 dialogo
772 2661 1153 2730 compositum
1196 2662 1348 2716 inter
1369 2662 1791 2734 phi1050phiam

139 2762 401 2817 perquam
430 2752 580 2803 recta
632 2750 777 2802 ratio
838 2750 1137 2821 accipitur,
1186 2756 1243 2805 et
1282 2753 1563 2821 Boetium,
1612 2754 1794 2808 homi-

141 2852 244 2889 nem
268 2836 496 2892 fortunze
524 2838 969 2893 adversitatibus
1010 2839 1305 2907 afﬂictum,
1344 2842 1630 2913 variisque
1662 2860 1788 2914 per-

140 2925 509 2980 turbationibus
534 2927 875 2982 obnoxium.
902 2930 1167 2998 Dialogus
1191 2935 1275 2984 est
1296 2932 1383 2999 (ut
1421 2932 1640 2986 Laertio
1669 2933 1791 3004 pla-

142 3013 223 3083 cet)
250 3030 308 3068 ex
333 3015 782 3087 interrogatione
813 3023 870 3072 et
907 3020 1276 3089 responsione
1325 3021 1675 3092 compositus
1726 3024 1795 3077 de
1834 3023 1874 3078 C

142 3117 192 3154 ea
206 3119 273 3169 re,
295 3120 413 3174 quae
446 3107 531 3160 vel
563 3104 1015 3177 philosophiam,
1040 3110 1126 3164 vel
1147 3109 1479 3179 reipublicae
1498 3115 1686 3182 partes
1709 3115 1792 3164 at-

141 3191 304 3261 tingat,
338 3210 461 3249 cum
508 3196 736 3250 decenti
787 3203 838 3250 et
893 3214 1150 3269 congrua
1208 3202 1566 3271 expressione
1612 3219 1795 3273 perso-

144 3296 308 3335 narum
334 3300 455 3355 qua:
505 3291 900 3353 assumuntur,
952 3294 1327 3361 accurateque
1378 3292 1793 3362 compositione

143 3371 420 3426 verborum.

196 3459 313 3533 Haec]
338 3462 516 3533 Elegis
543 3465 667 3531 jam
700 3463 1002 3535 descripta.

199 3550 406 3621 Tacitus]
438 3553 677 3606 Tacens.

194 3640 503 3713 Reputarem]
537 3641 867 3696 Meditarer.

199 3727 631 3801 Lacrymabilem]
661 3732 743 3785 Ad
775 3732 1209 3803 lacrymandum
1241 3738 1454 3805 aptam.

199 3817 363 3884 Ofﬁcio
388 3821 538 3891 styli]
570 3821 915 3893 Scriptione,
953 3823 1272 3878 litterarum
1303 3824 1647 3881 exaratione.

202 3905 535 3979 Designarem]
569 3910 985 3964 Describerem.

197 3992 353 4061 Supra
379 3997 647 4069 verticem]
687 4000 869 4069 Supra
899 4004 1087 4070 caput.

199 4082 384 4156 Mulier]
446 4090 589 4157 Apte
637 4088 1002 4160 philosophia
1051 4090 1258 4144 mulier
1306 4090 1615 4157 inducitur,
1662 4107 1793 4146 cum

143 4166 199 4220 sit
226 4173 427 4239 generis
468 4174 753 4243 feminini,
787 4182 842 4230 et
883 4178 1081 4231 formae
1126 4194 1372 4231 nomen:
1423 4179 1793 4249 quemadmo-

144 4256 246 4311 dum
275 4262 434 4316 virtus
476 4269 531 4318 et
568 4265 834 4334 voluptas
885 4283 915 4319 a
957 4266 1194 4320 Prodico
1230 4267 1479 4338 sophista
1522 4268 1793 4323 mulieres

146 4345 417 4419 tinguntur,
452 4370 569 4407 non
621 4354 747 4407 viri.
785 4355 985 4409 Mulier
1025 4361 1142 4410 tam
1193 4357 1351 4427 virgo
1410 4374 1583 4428 quam
1616 4362 1795 4429 nupta

146 4434 332 4504 dicitur,
365 4448 589 4497 auctore
634 4443 827 4499 Servio
867 4445 926 4498 in
964 4462 1018 4498 ix
1058 4446 1322 4501 IEneidos
1354 4448 1790 4514 commentario,

147 4525 275 4592 cujus
316 4529 424 4584 haec
477 4538 613 4587 sunt
656 4533 863 4587 verba:
918 4535 1061 4589 Usus
1096 4535 1364 4601 obtinuit,
1398 4543 1460 4591 ut
1501 4537 1792 4608 innuptas,

147 4611 382 4683 Virgines:
417 4626 643 4691 nuptas,
699 4623 969 4677 mulieres
998 4640 1283 4678 vocemus.
1323 4626 1463 4681 Nam
1495 4627 1647 4696 apud
1678 4643 1795 4680 ma-

146 4698 269 4766 jores
297 4705 583 4765 indiscrete
610 4712 773 4781 virgo
797 4712 1093 4767 dicebatur
1123 4718 1176 4768 et
1207 4714 1435 4769 mulier.
1473 4716 1793 4786 Utrumque

150 4789 271 4845 enim
293 4810 477 4851 sexum
502 4804 727 4854 tantum
759 4800 1135 4870 signiﬁcabat.

205 4881 485 4959 Reverendi]
533 4889 904 4943 Venerabilis.
958 4889 1252 4961 Quidquid
1307 4890 1462 4945 enim
1512 4890 1795 4961 sapientia

150 4971 405 5032 praditum
445 4981 545 5044 est,
587 4977 871 5048 imprimis
899 4982 985 5033 est
1010 4979 1331 5034 reverentia
1362 4982 1415 5033 et
1459 4980 1675 5035 honore
1708 4980 1792 5034 di-

155 5068 315 5121 gnum.

210 5148 535 5227 Ardeatibus]
569 5157 740 5226 Ignea
769 5156 823 5209 vi
855 5156 1127 5225 praeditis,
1166 5160 1220 5211 et
1254 5157 1720 5229 penetrabilibus.

216 5235 513 5315 Valentiam]
554 5245 919 5299 Facultatem.
955 5246 1211 5300 Valentia
1268 5250 1353 5300 est
1392 5252 1663 5317 potestas,
1712 5265 1798 5301 ro-

162 5319 262 5389 bur,
289 5328 440 5385 vires.
487 5333 803 5390 Titinnius:
864 5335 1155 5405 Sapientia
1211 5336 1566 5405 gubernator
1595 5352 1797 5392 navem

160 5411 370 5484 torquet,
389 5436 500 5474 non
522 5423 783 5477 valentia.

214 5504 601 5582 Perspicacibus]
656 5513 867 5567 Acutis.
930 5513 1247 5585 Perspicax,
1305 5514 1405 5587 qui
1466 5514 1618 5569 visus
1666 5532 1793 5570 acu-

163 5589 285 5645 mine
311 5610 392 5650 res
442 5601 777 5673 perspicere,
834 5603 1197 5675 perfecteque
1250 5604 1534 5676 inspicere
1588 5607 1793 5676 potest.

1819 439 1868 496 A

1832 1723 1871 1775 Β

1831 4310 1875 4363 D

1099 298 1489 358 MURMELLII
1532 304 1617 359 ET
1658 304 2034 362 AGRICOL/E
2074 302 2598 360 COMMENTARIA.

3492 292 3598 345 890

1899 439 2281 510 Philosophia
2324 435 2481 507 ignei
2511 436 2643 488 sunt
2686 431 2855 498 oculi,
2907 434 2961 484 et
3009 443 3179 499 supra
3234 441 3598 481 communem

1902 526 2234 581 mortalium
2291 522 2597 577 valentium
2653 518 3046 591 perspicaces:
3109 515 3243 584 quia
3301 512 3596 583 sapientia:

1901 617 2155 670 studium
2185 615 2507 668 intellectus
2531 608 2710 664 oculis
2742 607 2944 661 intima
2967 620 3208 676 quasque
3233 606 3511 672 penetrat,
3545 606 3601 656 et

1900 723 1989 761 res
2014 707 2182 775 vulgo
2205 720 2435 776 prorsus
2465 702 2691 770 ignotas
2735 695 3032 751 latentium
3076 706 3377 748 causarum
3414 691 3596 745 inves-

1903 794 2177 866 tigatione
2208 796 2615 864 perscrutatur.

1974 886 2154 941 Colore
2186 880 2390 949 vivido]
2422 877 2674 933 Naturali
2703 880 2760 930 et
2789 876 3089 928 sanitatem
3130 872 3417 941 roburque
3450 886 3594 940 prae-

1902 973 2128 1027 ferenti.
2166 969 2533 1039 Philosophia
2560 967 2713 1021 enim
2737 981 2867 1019 cum
2904 964 2977 1016 sit
3012 963 3228 1032 optime
3261 960 3593 1024 constituta,

1902 1063 2075 1116 vividi
2104 1061 2377 1115 nimirum
2428 1058 2630 1112 coloris
2663 1071 2783 1110 esse
2837 1053 3064 1117 dicitur,
3095 1056 3150 1104 et
3175 1050 3419 1121 egregiae
3463 1049 3596 1120 pul-

1904 1151 2264 1205 chritudinis.

1973 1237 2321 1309 Inemhausti]
2354 1236 2587 1302 Inﬁniti,
2622 1248 2917 1303 nunquam
2950 1228 3284 1285 deﬁcientis.

1974 1329 2129 1402 xEvi]
2167 1329 2381 1402 (litatis.

1980 1400 2171 1489 Plena]
2201 1400 2537 1472 Abundans.

1975 1511 2185 1564 Nostrae
2255 1506 2454 1574 aetatis]
2517 1503 2719 1559 Saeculi
2775 1500 2988 1565 nostri;
3059 1496 3319 1569 quamvis
3367 1493 3598 1566 (inquit)

1905 1596 2271 1669 philosophia
2302 1595 2380 1648 ita
2409 1596 2555 1647 esset
2599 1608 2834 1651 annosa,
2866 1594 2930 1643 ut
2960 1589 3142 1642 multo
3194 1590 3322 1639 ante
3344 1588 3599 1638 nostram
3634 1640 3638 1649 ,

1906 1692 2135 1741 aetatem
2161 1684 2422 1739 ﬂoruisse
2456 1682 2800 1753 crederetur,
2834 1682 2955 1731 erat
2977 1683 3169 1730 tamen
3199 1674 3409 1745 vigoris
3436 1675 3595 1726 inex-

1901 1776 2112 1839 hausti,
2140 1774 2493 1842 minimeque
2525 1768 2873 1837 consumpti.
2902 1763 3192 1835 Sapientia
3241 1762 3395 1815 enim
3448 1774 3596 1812 nun-

1902 1880 2075 1935 quam
2098 1862 2356 1929 senescit,
2391 1875 2689 1929 nunquam
2745 1856 2859 1910 vim
2913 1869 3075 1909 suam
3116 1850 3344 1905 amittit.
3380 1850 3446 1902 Et
3484 1863 3598 1918 quo

1901 1954 2066 2023 plura
2094 1953 2218 2022 ejus
2247 1950 2435 2005 studio
2463 1951 2798 2002 consecutus
2829 1943 3024 2008 fueris,
3082 1957 3149 1995 eo
3184 1941 3347 2011 plura
3395 1952 3594 2006 super-

1903 2060 2022 2099 esse
2052 2041 2453 2112 cognoscenda
2500 2036 2910 2109 deprehendes.
2961 2032 3165 2087 Priscis
3214 2029 3470 2101 profecto
3503 2042 3601 2079 see-

1902 2130 2044 2185 culis
2098 2131 2251 2200 apud
2320 2129 2603 2192 Hebraeos,
2664 2124 2977 2195 Egyptios,
3048 2122 3289 2185 Graacos,
3348 2117 3596 2184 Latinos,

1900 2220 2153 2290 aliasque
2184 2222 2383 2290 gentes
2412 2215 2742 2287 philosophi
2786 2212 3146 2277 exstiterunt,
3194 2208 3436 2277 aliisque
3476 2220 3597 2258 suc-

1901 2312 2193 2363 cesserunt
2222 2307 2337 2373 alii,
2370 2323 2560 2377 neque
2591 2306 2705 2359 vim
2738 2300 3117 2375 philosophiae
3149 2299 3463 2368 potuerunt
3492 2309 3599 2391 un-

1902 2413 2077 2468 quam
2127 2394 2452 2461 exhaurire,
2510 2409 2615 2447 nec
2668 2392 2738 2447 ad
2776 2392 2950 2445 tinem
2982 2385 3234 2442 discendi
3278 2385 3597 2455 pervenire.

1902 2487 2283 2556 Hieronymus
2316 2484 2383 2537 ad
2426 2482 2841 2553 Nepotianum:
2889 2478 3258 2548 Amplexetur
3303 2489 3394 2527 me
3426 2472 3599 2525 modo

1902 2575 2203 2646 sapientia,
2239 2579 2295 2627 et
2324 2573 2536 2643 Abisag
2582 2577 2796 2638 nostra,
2826 2585 2954 2640 quae
2996 2580 3295 2636 nunquam
3336 2561 3597 2629 senescit,

1902 2665 1962 2719 in
1994 2682 2119 2718 meo
2149 2663 2469 2734 requiescat
2521 2661 2650 2715 sinu
2710 2661 2826 2725 (III
2867 2660 2996 2723 Reg.
3031 2656 3089 2725 1).
3139 2653 3447 2723 Impolluta
3493 2654 3597 2717 est,

1901 2753 2358 2824 virginitatisque
2412 2756 2729 2822 perpetuae,
2779 2753 2837 2803 et
2891 2762 3021 2818 quas
3052 2745 3110 2798 in
3159 2740 3599 2796 similitudinem

1901 2844 2088 2898 Marias
2120 2858 2250 2896 cum
2293 2840 2546 2911 quotidie
2593 2842 2849 2910 generet,
2902 2848 3242 2905 semperque
3296 2828 3597 2901 parturiat,

1903 2933 2232 3002 incorrupta
2265 2936 2366 2984 est.

1970 3022 2199 3077 Statura
2252 3020 2591 3074 discretionis
2631 3013 2917 3084 ambiguae]
2952 3012 3147 3069 Mulier
3184 3007 3420 3080 (inquit)
3471 3020 3601 3076 quae

1903 3110 2044 3164 mihi
2092 3109 2377 3180 apparuit,
2429 3113 2552 3162 erat
2604 3110 2819 3159 statura
2873 3099 3233 3157 discretionis
3289 3096 3595 3164 ambiguae,

1901 3201 2011 3255 hoc
2040 3204 2144 3267 est,
2169 3215 2295 3253 eam
2318 3201 2594 3253 staturam
2628 3194 2988 3267 praeferebat,
3020 3205 3193 3262 quam
3227 3202 3394 3241 nemo
3435 3184 3599 3238 facile

1902 3293 2056 3343 certa
2087 3288 2425 3342 discretione
2470 3288 2858 3357 cognosceret.
2903 3281 3075 3351 Cujus
3121 3276 3207 3332 rei
3238 3277 3383 3329 hanc
3427 3271 3602 3342 subji-

1902 3378 1980 3431 cit
1998 3392 2263 3431 causam:
2298 3378 2461 3443 gNam
2492 3391 2647 3429 nunc
2699 3373 2931 3444 quidem
2959 3369 3030 3424 ad
3078 3378 3447 3421 communem
3479 3375 3600 3415 sese

1905 3467 2212 3521 hominum
2262 3480 2591 3521 mensuram
2649 3461 2968 3525 cohibebat,
3031 3457 3090 3511 id
3139 3460 3225 3510 est
3289 3449 3599 3523 aliquando

1902 3572 2020 3610 non
2051 3555 2360 3609 excedebat
2406 3568 2772 3608 communem
2803 3549 3109 3604 hominum
3155 3548 3451 3597 staturam.
3488 3539 3603 3593 Hoc

1902 3650 2096 3701 autem
2153 3645 2361 3699 dicitur
2417 3644 2488 3698 ob
2542 3659 2635 3696 eas
2669 3638 3047 3711 philosophiae
3076 3638 3265 3706 partes
3290 3632 3349 3685 in
3391 3628 3601 3700 quibus

1902 3737 1972 3791 de
2002 3735 2070 3788 iis
2102 3734 2271 3788 rebus
2301 3732 2509 3802 agitur,
2538 3746 2783 3801 quarum
2811 3744 2989 3798 capax
3037 3730 3123 3779 est
3159 3723 3479 3776 humanum
3510 3717 3600 3770 in-

1901 3820 2160 3895 genium,
2194 3828 2250 3875 et
2282 3836 2422 3891 quas
2464 3820 2785 3872 intellectus
2828 3816 3136 3870 hominum
3170 3809 3337 3865 certis
3363 3805 3601 3906 rationi-

1901 3914 2006 3967 bus
2038 3911 2263 3981 assequi
2289 3912 2493 3979 potest.
2524 3906 2859 3978 Cujusmodi
2907 3908 3041 3959 sunt
3065 3909 3175 3957 tres
3215 3897 3600 3971 philocophiaa

1902 3999 2197 4055 rationalis
2228 4002 2437 4069 partes,
2478 3996 2873 4067 grammatica,
2927 3991 3241 4055 dialectica,
3292 3985 3598 4048 rhetorica,

1904 4094 1961 4144 et
2017 4089 2438 4144 mathematicae
2505 4086 2820 4156 disciplinae
2898 4086 3109 4153 praeter
3167 4075 3598 4137 astronomiam,

1902 4179 2041 4234 item
2074 4178 2308 4250 physica
2344 4176 2550 4249 majori
2582 4192 2652 4230 ex
2685 4178 2867 4245 parte,
2902 4176 2959 4226 et
2987 4173 3106 4224 tota
3136 4164 3370 4221 moralis
3402 4161 3598 4234 philo-

1902 4269 2123 4340 sophia.
3184 4347 3216 4351 Α
3257 4347 3266 4351 Α
3526 4340 3536 4351 ⁸

1973 4360 2127 4416 Nunc
2171 4372 2294 4411 vero
2338 4358 2562 4427 pulsare
2605 4355 2789 4409 caelum
2838 4350 3037 4406 summi
3077 4347 3293 4401 verticis
3326 4347 3602 4396 cacumine

1902 4444 2215 4517 uidebatur]
2272 4447 2384 4501 Hoc
2437 4445 2653 4499 dictum
2698 4443 2919 4497 videtur
2967 4438 3039 4493 ob
3082 4431 3514 4494 astronomiam,
3547 4431 3602 4517 et

1904 4552 2031 4590 eam
2088 4516 2352 4607 physicas
2410 4538 2651 4607 partem,
2708 4532 2767 4585 in
2812 4545 2926 4601 qua
2974 4529 3042 4581 de
3090 4524 3228 4579 coelo
3281 4526 3336 4575 et
3380 4516 3601 4573 mundo

1907 4625 2111 4696 agitur.
3129 4702 3135 4704 Α
3301 4697 3353 4704 __
3463 4694 3472 4704 .
3565 4693 3576 4704 _

1974 4714 2101 4780 Quae
2129 4730 2249 4770 cum
2298 4717 2463 4784 caput
2508 4713 2675 4767 altius
2731 4703 3035 4773 erctulisset]
3077 4702 3171 4757 His
3202 4697 3388 4754 verbis
3431 4697 3604 4766 signi

1902 4803 2033 4859 licat
2081 4805 2330 4875 primam
2374 4800 2819 4874 philosophiam,
2872 4795 3034 4866 cujus
3065 4788 3377 4863 speculatio
3418 4800 3606 4839 versa-

1908 4897 2003 4947 tur
2024 4893 2171 4947 circa
2198 4910 2290 4947 res
2312 4891 2531 4947 divinas
2561 4896 2617 4945 et
2643 4904 2839 4943 causas
2861 4883 3186 4948 altissimas,
3207 4891 3454 4950 quarum
3485 4890 3603 4971 non

1901 4980 2069 5036 facile
2098 4998 2272 5052 capax
2306 4986 2393 5035 est
2438 4979 2768 5034 mortalium
2821 4974 3162 5035 intellectus,
3198 4969 3420 5023 dicente
3473 4964 3603 5034 phi-

1904 5070 2180 5140 losopho:
2219 5070 2360 5124 Nam
2406 5073 2467 5123 ut
2495 5067 2966 5139 vespertilionum
3009 5061 3162 5118 oculi
3219 5073 3339 5113 sese
3389 5053 3609 5109 habent

1906 5157 1977 5212 ad
2004 5157 2190 5210 lucem
2235 5156 2349 5211 diei
2380 5157 2460 5210 sic
2506 5162 2563 5211 et
2609 5160 2813 5209 nostrae
2842 5154 3051 5208 animae
3080 5163 3243 5206 mens
3290 5145 3362 5200 ad
3392 5158 3458 5197 ea
3478 5154 3600 5194 sese

1906 5246 2099 5315 habet,
2123 5262 2251 5317 quae
2278 5244 2743 5300 manifestissima
2769 5243 3030 5298 omnium
3056 5246 3189 5296 sunt
3215 5241 3434 5293 natura.

1978 5335 2417 5406 Respicientium]
2443 5336 2637 5390 Visum
2668 5338 2982 5387 retrorsum
3006 5328 3382 5386 ﬂectentium.
3509 5408 3519 5418 Π

1986 5427 2167 5480 Vestes
2224 5429 2379 5478 erant
2437 5424 2767 5478 tenuissimis
2797 5422 2931 5493 ﬁlis]
2992 5423 3098 5475 Per
3161 5420 3341 5470 vestes
3408 5423 3599 5479 accipe

1912 5515 2238 5570 divinarum
2269 5514 2771 5586 humanarumque
2804 5526 2997 5566 rerum
3029 5508 3325 5571 tractatus,
3348 5500 3603 5599 disputa-

1910 5604 2212 5676 tionesque
2243 5620 2306 5659 ac
2346 5609 2633 5677 praecepta
2686 5600 3182 5675 philosophorum.
3242 5596 3349 5649 Per
3389 5595 3602 5647 tenuis-
