3982 6182
419 260 511 311 89l

1145 213 1494 312 APPENDIX
1536 260 1625 310 AD
1667 257 1910 312 LIBROS
1953 257 2044 310 DE
2085 255 2621 312 CONSOIATIONE
2662 255 3181 311 PHILOSOPHl/E.
3764 263 3849 316 892

412 398 555 451 sima
589 397 703 460 ﬁla,
747 413 911 450 voces
945 397 1232 466 simplices
1282 402 1337 449 et
1388 396 1952 464 argumentationum
1997 395 2106 447 ele-
2142 398 2188 449 Α
2286 394 2544 448 Emndem
2577 397 2752 447 tamen
2799 392 3019 463 vestem]
3068 392 3511 464 Disputationem
3546 395 3852 467 philosophi-

413 491 622 539 menta.
677 488 783 538 Per
827 486 1031 538 subtile
1082 486 1408 552 artiﬁcium,
1469 488 1734 539 solertem
1787 484 2103 538 disserendi

412 581 612 640 artem,
647 591 770 644 qua:
807 575 1097 628 dialectice
1150 582 1532 645 nuncupatur.
1589 577 1692 628 Per
1727 574 2104 627 indissolubi-

411 664 520 716 lem
582 664 903 728 materiam,
984 664 1241 732 intelligo
1302 681 1562 718 verarum
1622 664 2101 734 propositionum,

411 755 889 822 assumptionum,
924 754 1474 824 conclusronumque
1507 754 1945 822 congruitatem,
1981 754 2104 823 qui—

409 842 514 894 bus
544 842 953 911 philosophicae
1001 843 1416 911 disputationes
1449 844 1755 896 colimrent.
1791 844 1916 895 llaec
1948 842 2099 895 enim

409 932 651 986 materia
681 930 1091 984 indissolubilis
1120 938 1219 983 est.
1275 933 1410 984 Nam
1445 932 1490 984 si
1521 932 1866 993 dissolveris,
1904 936 1958 983 et
1988 931 2099 982 dis-

409 1020 742 1090 putationis,
777 1021 833 1072 in
863 1027 1164 1090 utramque
1204 1026 1424 1090 partem
1458 1021 1619 1073 factm
1653 1020 1985 1088 particulam
2020 1036 2103 1072 ar-

408 1110 672 1179 ripueris,
705 1110 908 1162 falsum
966 1110 1200 1162 fortasse
1261 1127 1363 1179 pro
1414 1126 1544 1162 vero
1604 1110 1908 1162 credideris
1955 1109 2098 1160 afﬁr-

408 1199 780 1268 maverisque.
817 1200 977 1262 Quod
1035 1215 1164 1250 cum
1208 1200 1330 1251 aliis
1374 1199 1675 1268 pern'iultis
1714 1198 1939 1254 accidit,
1979 1203 2100 1250 tum

405 1289 692 1358 imprimis
724 1287 1030 1357 Aristippo,
1071 1289 1325 1358 quicum
1375 1288 1675 1341 audivisset
1725 1287 1968 1342 Socratis
2007 1303 2099 1339 su-

406 1394 508 1448 per
538 1377 790 1447 corporis
821 1378 1112 1446 voluptate
1172 1377 1640 1448 disputationem,
1694 1376 1905 1430 relictis
1934 1376 2098 1440 veris,

407 1466 786 1537 apprehendit
833 1466 1004 1520 falsa:
1057 1466 1164 1519 hoc
1211 1471 1313 1534 est,
1349 1482 1414 1518 ea
1445 1471 1806 1535 argumenta,
1843 1481 1970 1535 quae
2002 1482 2099 1517 vo-

404 1556 682 1627 luptatem
727 1556 980 1625 corporis
1021 1573 1155 1609 esse
1202 1571 1492 1609 summum
1544 1556 1757 1608 bonum
1801 1554 2098 1608 ostendere

405 1644 762 1698 videbantur.

481 1737 567 1788 Uti
594 1738 715 1802 post
763 1733 946 1786 eadem
973 1733 1236 1802 prodente
1295 1733 1536 1803 cognovi]
1583 1731 1944 1786 Parenthesis
1989 1737 2092 1787 est.

479 1822 584 1894 Uti]
625 1822 1143 1885 Quemadmodum.

474 1913 623 1984 Post]
652 1914 863 1966 Postea.

482 2001 715 2072 Eadem]
737 1999 1133 2069 Philosophia.

472 2089 753 2159 Prodente]
799 2089 1109 2144 ludicante.
1164 2090 1279 2142 Hoc
1330 2086 1616 2141 videbitur
1673 2087 1731 2140 in
1761 2087 1934 2158 hujus
1962 2084 2096 2139 libri

404 2194 569 2248 prosa
587 2179 770 2233 tertia.

473 2269 596 2320 Suis
627 2266 894 2338 manibus]
926 2265 1378 2335 Cogitationibus
1412 2271 1467 2319 et
1513 2265 1930 2320 elocutionibus
1967 2264 2096 2335 phi-

399 2355 728 2425 losophicis.
753 2355 946 2408 Manus
976 2355 1355 2424 philosophiae
1379 2361 1510 2408 sunt
1542 2370 1733 2408 rerum
1766 2355 2094 2408 divinarum

401 2448 456 2495 et
483 2444 865 2497 humanarum
917 2443 1330 2506 meditationes,
1375 2460 1437 2496 ac
1468 2444 1839 2509 elocutiones,
1887 2444 2094 2513 quibus

402 2519 782 2600 pllilOSOphiEB
811 2533 979 2584 vestis
1035 2533 1374 2599 contexitur,
1435 2533 1542 2586 hoc
1598 2537 1701 2599 est,
1761 2533 2091 2602 disputatio,

402 2619 539 2674 falsa
558 2621 889 2690 reprobans,
920 2626 975 2674 et
996 2622 1322 2692 approbans
1354 2638 1502 2688 vera,
1529 2622 1913 2692 componitur.

475 2711 736 2780 Quarum]
777 2711 1049 2772 Vestium.

472 2801 728 2870 Speciem]
761 2803 1044 2854 Formam.

481 2891 657 2944 Veluti
683 2892 925 2955 fumosos
948 2893 1210 2957 imagines
1253 2887 1402 2960 solet]
1440 2889 1802 2943 Parenthesis
1831 2893 1928 2942 est.

472 2980 753 3049 Fumosas]
809 2981 985 3033 Fumo
1031 2980 1323 3034 obductas.
1374 2981 1620 3033 Seneca:
1682 2981 1804 3032 Non
1835 2979 1967 3033 facit
2001 2996 2098 3033 no—
2136 2981 2175 3034 C

399 3068 594 3134 bilem,
631 3070 840 3122 atrium
873 3071 1106 3139 plenum
1141 3069 1376 3122 fumosis
1404 3069 1770 3140 imaginibus.

470 3158 630 3229 Solet]
685 3159 938 3212 Subaudi
987 3159 1169 3229 caligo
1226 3160 1500 3228 neglecta:
1561 3159 1857 3213 vetustatis
1907 3158 2090 3212 obdu-

400 3265 544 3301 cere.

472 3334 678 3406 Caligo]
714 3335 1060 3388 Obscuritas.

485 3422 823 3492 Obdumerat]
868 3424 1189 3477 Obtexerat.
1227 3424 1320 3478 llis
1363 3424 1549 3478 verbis
1579 3425 1930 3495 signiﬁcatur
1965 3425 2092 3494 phi-

399 3511 671 3580 losophiae
725 3511 973 3563 studium
1026 3511 1126 3564 diu
1170 3513 1494 3581 neglectum
1540 3514 1785 3583 jacuisse
1835 3514 1894 3566 in
1932 3518 2091 3568 tene-

400 3600 534 3653 bris.

470 3688 714 3751 Harum]
731 3687 997 3742 Vestium.

470 3780 530 3830 In
553 3784 787 3831 ext-remo
821 3775 1086 3850 margine]
1117 3780 1179 3831 In
1213 3778 1328 3831 ima
1352 3779 1731 3832 extremitate.

476 3867 535 3933 ll]
571 3868 676 3920 Per
723 3868 828 3920 hoc
882 3867 1156 3937 accipitur
1209 3872 1491 3940 Ηρακτικὴ,
1549 3867 1605 3922 id
1639 3872 1721 3922 est
1753 3867 1932 3922 activa
1963 3868 2087 3940 phi-

397 3955 672 4025 losophia.

471 4047 528 4097 In
556 4047 818 4113 supremo]
846 4045 1101 4099 Subaudi
1132 4045 1413 4116 margine.

476 4133 539 4205 ei]
583 4136 688 4187 Per
719 4135 825 4188 hoc
877 4136 1230 4204 signiﬁcatur
1282 4138 1590 4209 θεωρητικὴ,
1627 4135 1683 4189 id
1716 4142 1800 4189 est
1843 4140 2093 4188 contem-

398 4225 626 4292 plativa.
659 4225 804 4277 Sunt
834 4229 986 4277 enim
1023 4225 1148 4278 duae
1181 4225 1558 4294 philosophiae
1593 4231 1802 4294 partes,
1837 4231 2089 4277 contem-

398 4313 628 4380 plativa,
663 4319 718 4366 et
764 4314 978 4367 activa:
1027 4315 1178 4384 quod
1214 4315 1385 4367 homo
1435 4314 1504 4367 ad
1558 4315 1697 4367 duas
1742 4313 2085 4381 potissimm.

396 4417 486 4453 res
521 4407 683 4454 natus
714 4408 814 4467 est,
849 4409 988 4472 puta
1027 4404 1097 4456 ad
1146 4404 1431 4472 agendum
1479 4408 1534 4455 et
1586 4403 2090 4472 contemplandum

393 4492 718 4546 Aristoteles
766 4493 1014 4546 secundo
1048 4493 1190 4545 libro
1237 4493 1438 4562 prima:
1484 4491 1897 4561 philosophiae:
1953 4493 2107 4568 Nam.

396 4581 524 4632 ﬁnis
550 4583 782 4651 quidem
822 4582 1280 4652 contemplativa:
1314 4583 1519 4635 veritas
1537 4587 1639 4649 est,
1675 4582 1864 4634 activae
1898 4588 2089 4635 autem

397 4685 558 4737 opus.

465 4760 612 4811 Inter
642 4764 901 4827 utrasque
930 4761 1128 4828 litteas]
1163 4767 1204 4811 Π
1239 4764 1293 4814 et
1323 4767 1391 4816 Θ.

465 4847 676 4912 Insigni
682 4850 723 4899 ti
731 4848 744 4916 ]
780 4848 981 4900 Notati.

471 4934 698 5006 Quibus]
736 4936 1028 4990 Gradibus.

465 5024 557 5076 Ab
581 5026 857 5091 inferiore]
897 5028 1186 5080 Elemento
1217 5035 1259 5078 Π

469 5114 559 5168 Ad
585 5117 838 5185 superius
882 5118 1213 5186 elementum]
1247 5126 1291 5167 (ἑ)
1336 5118 1415 5170 Ex
1466 5115 1756 5170 Platonica
1790 5116 2090 5187 disciplina

396 5204 502 5258 hoc
528 5209 818 5274 sumptum
853 5211 955 5271 est,
1016 5213 1076 5259 ut
1123 5213 1353 5260 centum
1400 5207 1511 5259 alia
1568 5205 1774 5258 Boetii.
1811 5207 2090 5260 Platonici

396 5294 550 5347 enim
596 5293 803 5347 docent
842 5295 1022 5347 tribus
1067 5296 1336 5362 gradibus
1383 5298 1643 5352 animum
1678 5297 1928 5352 hominis
1961 5315 2089 5369 per-

397 5397 588 5434 venire
639 5383 710 5436 ad
765 5383 1022 5436 divinum
1082 5384 1481 5452 intellectum;
1545 5389 1850 5442 virtutibus
1899 5389 2087 5458 primo

396 5471 676 5540 civilibus,
705 5473 956 5526 secundo
981 5474 1350 5542 purgatoriis,
1389 5477 1554 5530 tertio
1589 5480 1765 5532 animi
1799 5479 1917 5548 jam
1946 5495 2089 5548 pur~

395 5559 531 5626 gati.

2219 500 2342 537 cam
2367 484 2589 553 integra
2609 482 2846 536 veritate
2870 483 3279 537 colimrentein.

2293 576 2652 629 Violentorum
2702 571 3084 644 quorumdam]
3135 573 3529 641 Epicureorum
3581 579 3632 626 et
3682 574 3852 628 Stoico-

2215 678 2363 728 rum,
2395 662 2493 730 qui
2522 663 2607 731 (ut
2638 661 2696 714 in
2729 663 2894 714 tertia
2930 662 3098 730 hujus
3145 662 3272 715 libri
3304 678 3472 732 prosa
3501 663 3723 730 dicetur);
3750 671 3857 733 post

2215 752 2456 805 Socratis
2488 755 2732 804 mortem
2780 751 3154 820 philosophia
3186 751 3299 802 vim
3340 751 3648 803 intulerunt
3674 757 3851 806 etcum

2213 845 2392 893 totam
2424 840 2910 910 comprehendere
2943 856 3054 892 non
3085 839 3421 909 potuissent,
3452 840 3736 893 dilacerata
3758 844 3854 910 ejus

2213 935 2384 997 veste,
2421 931 2725 999 particulas
2757 945 2897 1000 quas
2955 929 3197 999 quisque
3248 929 3454 997 potuit,
3511 931 3846 983 abstulerunt.

2213 1020 2536 1073 Lactantius
2569 1019 2626 1071 in
2658 1019 2803 1071 libro
2836 1018 2904 1071 de
2926 1018 3116 1070 divino
3148 1018 3407 1087 praemio,
3450 1020 3621 1087 capite
3648 1020 3850 1087 septimo

2211 1111 2394 1175 docet,
2431 1126 2606 1180 quare
2650 1107 2977 1178 philosophi
3013 1109 3370 1178 nequiverint
3412 1109 3849 1178 comprehendere

2211 1201 2505 1254 veritatem
2551 1203 2791 1267 integre,
2837 1213 3007 1266 quam
3064 1202 3252 1250 tamen
3305 1198 3680 1267 particulatim
3729 1213 3850 1249 com-

2210 1289 2653 1360 prehenderunt.

2283 1378 2529 1445 Libellos]
2577 1379 2684 1430 Pcr
2715 1376 2817 1429 hos
2849 1373 3392 1444 contemplationem
3425 1373 3713 1441 signiﬁcat,
3742 1389 3850 1442 quos

2209 1472 2361 1520 recte
2400 1466 2459 1518 in
2520 1466 2715 1518 dextra
2756 1465 3014 1529 collocat,
3065 1464 3212 1533 quod
3261 1462 3619 1532 philosophia
3647 1467 3851 1514 contem-

2209 1558 2419 1627 plativa
2449 1556 2617 1624 longe
2666 1553 3034 1624 praistantior
3064 1557 3150 1604 est
3205 1551 3404 1615 activa,
3438 1558 3505 1603 ut
3549 1551 3701 1604 docet
3738 1551 3852 1602 Aris-

2207 1646 2407 1699 toteles
2439 1645 2495 1697 in
2529 1644 2775 1696 secundo
2811 1642 2955 1696 libro
2987 1641 3187 1710 primae
3224 1639 3626 1710 Philosophiae.

2303 1734 2604 1803 Sceptrum]
2638 1735 2741 1785 Per
2774 1732 2882 1785 hoc
2911 1731 3100 1800 accipe
3161 1729 3494 1800 reipublicae
3533 1728 3850 1783 administra-

2203 1824 2420 1877 tionem
2448 1831 2502 1875 et
2531 1821 2826 1891 politicam
2859 1819 3364 1892 gubernationem.

2269 1911 2393 1973 Ubi]
2429 1913 2734 1975 Postquam.

2283 2001 2572 2068 chtantes‘;
2605 2000 3010 2069 Suggerentes.

2278 2092 2586 2158 Puulispm]
2615 2091 2792 2142 Parvo
2825 2093 3102 2157 tempore.
3150 2086 3276 2139 Non
3316 2084 3471 2139 enim
3503 2083 3684 2137 decuit
3711 2081 3848 2153 philo-

2206 2180 2467 2250 sophiam
2492 2179 2590 2232 diu
2621 2179 2706 2231 ira
2730 2176 3100 2243 commoveri,
3137 2176 3360 2229 dicente
3395 2173 3651 2228 Horatio:

2361 2269 2440 2316 Ira
2470 2268 2616 2315 furor
2650 2268 2823 2315 brevis
2853 2270 2948 2321 est,
2980 2267 3218 2314 animum
3239 2278 3384 2325 rege.

2277 2355 2582 2428 Paulisper]
2615 2359 2944 2426 Parumper,
2994 2357 3292 2423 tantisper,
3327 2352 3674 2424 quantisper,
3707 2354 3752 2402 et
3777 2349 3847 2401 ali-

2204 2449 2538 2519 quantisper
2567 2446 2894 2515 compositae
2928 2446 3131 2514 ﬁgurae
3162 2449 3311 2508 sunt,
3355 2449 3420 2495 ut
3446 2443 3525 2495 ait
3558 2441 3843 2498 Priscianus,

2203 2545 2259 2590 et
2290 2536 2564 2605 temporis
2596 2550 2922 2589 mensuram
2945 2533 3286 2602 signiﬁcant.
3313 2533 3680 2602 Exponuntur
3695 2534 3844 2580 autem

2203 2626 2282 2680 sic
2306 2643 2316 2680 :
2343 2626 2653 2694 Paulisper,
2677 2640 2777 2694 per
2804 2624 3104 2693 paululum
3127 2622 3425 2692 temporis.
3461 2620 3751 2688 Tantisper,
3770 2631 3846 2685 per

2204 2722 2428 2769 tantum
2471 2713 2762 2784 temporis.
2827 2712 3178 2781 Pomponius
3237 2712 3297 2763 in
3373 2712 3606 2764 Dotata:
3658 2710 3845 2761 Possum

2203 2821 2433 2859 exorare
2468 2809 2540 2869 te,
2576 2808 2637 2856 ut
2678 2802 2918 2856 decedas
2953 2818 2985 2855 a
3035 2817 3124 2854 me
3156 2800 3453 2871 paulisper
3497 2798 3672 2864 modo,
3701 2811 3841 2866 quan-

2204 2897 2381 2965 tisper
2413 2899 2496 2946 sat
2527 2898 2610 2945 est
2626 2893 2652 2945 ?

2282 2981 2502 3054 Torvus]
2542 2981 2934 3035 Terribilibus.

2275 3071 2611 3140 Luminibus]
2647 3071 2854 3135 Oculis,
2882 3069 3112 3124 Ovidius
3135 3085 3147 3122 :

2448 3161 2562 3208 Jam
2593 3160 2802 3220 morior,
2825 3173 2944 3206 cara
2975 3159 3177 3206 lumina
3201 3157 3374 3210 conde
3399 3169 3576 3204 manu.

2265 3254 2376 3304 Has
2411 3255 2644 3303 scenicos
2685 3247 3077 3319 meretriculas]
3109 3249 3290 3300 Musas
3322 3247 3590 3316 poeticas,
3621 3244 3674 3296 in
3703 3239 3838 3294 scenis

2203 3344 2258 3392 et
2284 3339 2516 3392 theatris
2558 3339 2699 3391 lucri
2732 3337 2912 3406 gratia
2942 3343 3195 3407 prostare
3229 3337 3445 3389 solitas.
3485 3336 3651 3388 Scena
3676 3347 3730 3384 ex
3757 3342 3835 3381 usu

2203 3429 2385 3498 magis
2416 3444 2588 3498 quam
2610 3428 2828 3480 ratione
2851 3427 3274 3496 diphthongum
3299 3426 3475 3479 habet
3498 3442 3510 3478 :
3534 3426 3705 3478 Greece
3721 3432 3838 3471 nam-

2202 3536 2311 3589 que
2375 3519 2534 3574 σκηνὴ
2594 3518 2924 3583 tentorium,
2984 3517 3160 3580 fraus,
3215 3515 3643 3568 tabernaculum
3702 3510 3838 3560 inter-

2201 3612 2485 3678 pretatur.
2525 3607 2813 3677 Accipitur
2841 3622 2944 3676 pro
2976 3622 3040 3658 ea
3073 3610 3232 3675 parte
3278 3604 3492 3658 theatri
3524 3619 3641 3673 quae
3669 3599 3726 3652 ab
3751 3610 3835 3649 uno

2203 3698 2322 3765 ejus
2369 3712 2544 3749 cornu
2577 3697 2644 3749 ad
2699 3697 2941 3748 alterum
2990 3695 3305 3747 ducebatur
3357 3695 3420 3747 in
3453 3688 3726 3760 hemicycli
3757 3686 3839 3738 lor-

2201 3801 2374 3838 mam.
2411 3786 2472 3838 In
2504 3801 2616 3854 qua
2659 3784 2809 3838 binis
2840 3784 3172 3854 pluribusve
3211 3780 3722 3853 contignationibus
3746 3789 3837 3828 con-

2201 3880 2396 3939 strata,
2449 3874 2670 3927 fabulas
2729 3874 2976 3943 poeticas
3021 3873 3323 3926 histriones
3371 3872 3691 3927 recitabant.
3734 3863 3838 3917 Hinc

2200 3965 2263 4016 ﬁt
2284 3967 2543 4028 see-uicus,
2577 3980 2629 4027 a,
2664 3980 2773 4018 um.
2812 3963 2969 4017 Unde
3000 3979 3153 4016 nunc
3176 3979 3366 4015 musas
3396 3956 3734 4032 philosophia
3754 3967 3837 4004 sce-

2200 4053 2376 4118 nicas,
2425 4053 2836 4119 meretriculas,
2870 4052 3249 4121 ignominiose
3288 4058 3472 4104 vocat.
3511 4048 3664 4102 Dedit
3688 4051 3834 4097 autem

2200 4142 2291 4196 hic
2320 4142 2479 4195 locus
2511 4142 2797 4211 plerisque
2830 4143 3020 4194 minus
3053 4140 3292 4194 eruditis
3347 4137 3654 4193 insectandi
3685 4135 3833 4204 poetas

2204 4248 2401 4284 ansam
2430 4275 2444 4297 ,
2481 4247 2595 4283 non
2641 4230 3223 4283 animadvertentibus
3269 4230 3384 4281 duo
3417 4246 3536 4281 esse
3562 4240 3736 4279 eorum
3764 4235 3833 4288 ge-

2151 4287 2171 4336 )
2206 4335 2360 4386 nera,
2395 4335 2639 4390 quorum
2686 4321 2928 4373 alterum
2974 4320 3206 4388 quidem
3233 4319 3363 4387 jure
3401 4313 3735 4388 philosophia
3763 4323 3833 4360 cx-

2198 4409 2384 4480 plodit
2422 4415 2476 4462 et
2503 4409 2781 4470 eliminat,
2843 4409 3084 4461 alterum
3132 4424 3263 4461 vero
3316 4407 3500 4460 libi-ns
3529 4400 3835 4471 amplectitur

2201 4513 2486 4567 suumque
2543 4498 2813 4566 agnoscit.
2876 4499 2965 4550 Est
3015 4497 3168 4549 enim
3205 4497 3342 4549 illud
3387 4497 3527 4559 leve,
3561 4490 3833 4562 graeculum.

2203 4587 2372 4640 meris
2404 4587 2570 4651 nugis
2602 4587 2896 4652 refertum,
2933 4595 2986 4640 et
3020 4591 3243 4638 tantum
3277 4585 3343 4638 ad
3376 4585 3597 4637 aurium
3628 4584 3833 4649 spectans

2199 4677 2571 4744 voluptatem.
2608 4676 2766 4739 Quod
2800 4692 2980 4744 genus
3009 4677 3270 4744 vulgares
3318 4681 3450 4728 sunt
3482 4670 3833 4726 versxﬁcatores

2200 4765 2379 4818 animi
2428 4764 2954 4834 perturbationibus
2983 4764 3440 4828 succumbentes,
3485 4758 3734 4815 amatoria
3760 4755 3834 4805 im-

2199 4854 2522 4924 pudicaque
2569 4854 2824 4906 carmina
2868 4853 3242 4907 meditantes:
3279 4869 3526 4922 quorum
3556 4857 3613 4903 ut
3639 4848 3753 4906 vita,
3778 4839 3833 4891 sic

2199 4949 2253 4997 et
2280 4959 2480 4996 versus
2512 4960 2541 4996 a
2570 4943 2932 5013 philosophia
2963 4947 3096 4995 sunt
3125 4942 3321 5005 alieni,
3354 4946 3409 4993 et
3440 4941 3520 5006 (ut
3552 4942 3686 4990 recte
3715 4932 3830 4985 Flac-

2198 5048 2294 5084 cus
2325 5033 2425 5098 ait)
2460 5031 2656 5101 inopes
2708 5049 2898 5084 rerum
2945 5048 3228 5100 nugaeque
3260 5047 3504 5082 canorze.
3556 5029 3624 5080 De
3676 5021 3830 5086 hujus-

2199 5122 2353 5176 modi
2376 5122 2597 5192 poetica
2623 5121 2762 5174 dixit
2799 5122 2930 5175 Cato
2962 5122 3019 5173 in
3052 5121 3302 5173 carmine
3327 5121 3395 5172 de
3437 5116 3697 5172 Moribus:
3730 5110 3831 5162 Poe-

2198 5212 2319 5265 ticae.
2346 5212 2482 5264 artis
2530 5213 2708 5264 bonos
2757 5229 2869 5264 non
2902 5215 3041 5275 erat,
3080 5210 3126 5261 si
3160 5210 3286 5279 quis
3322 5210 3377 5261 in
3414 5225 3477 5260 ea
3511 5222 3564 5258 re
3599 5198 3828 5255 studebat,

2197 5306 2296 5356 aut
2326 5318 2444 5354 sese
2505 5299 2575 5353 ad
2631 5300 2889 5352 convivia
2945 5300 3286 5368 applicabat.
3339 5286 3829 5356 Grassatorvocgba-

2195 5395 2308 5443 tur.
2353 5392 2416 5442 Et
2446 5389 2606 5442 divus
2652 5389 3028 5458 Hieronymus
3061 5389 3128 5442 de
3162 5390 3278 5441 ﬁlio
3313 5387 3547 5458 prodigo
3578 5383 3638 5436 ad
3675 5381 3827 5431 [lania—

2199 5498 2322 5533 sum
2356 5480 2643 5533 scribens:
2678 5481 3035 5545 Daunonum,
3082 5480 3290 5549 inquit,
3332 5479 3486 5533 cibus
3517 5480 3590 5528 est
3620 5465 3826 5523 carmina

2201 5577 2520 5639 poetarum,
2555 5569 2842 5622 saecularis
2891 5569 3193 5639 sapientia,
3229 5567 3625 5622 rhetoricorum
3655 5567 3824 5630 pompa
