3982 6182
104 279 186 332 893

1049 268 1435 323 MURMELLII
1481 269 1564 323 ET
1604 267 1977 323 AGRICOL/E
2017 268 2544 324 COMMENTARIA.

3437 272 3542 324 894

100 408 382 462 verborum.
430 405 554 458 Haec
579 419 678 456 sua
719 418 916 456 omnes
975 403 1250 456 suavitate
1309 401 1612 468 delectant,
1674 406 1730 456 et
1770 406 1815 457 Î‘
1845 403 2114 458 Martialis
2153 403 2446 473 eleganter
2484 403 2710 457 Sirenas
2758 408 2921 456 vocat
2961 402 3204 456 hilarem
3263 403 3533 473 navigan-

96 501 206 552 dum
247 511 399 548 aures
445 493 696 546 versibus
747 491 899 545 dulci
940 491 1331 545 modulatione
1389 492 1749 546 currentibus

99 587 319 656 capiunt,
379 583 883 650 animumqueque
937 584 1259 651 penetrant,
1298 585 1350 633 et
1395 581 1638 650 pectoris
1669 583 1750 634 in-

97 683 229 729 terna
281 673 596 726 devincuut.
651 672 856 724 Verum
910 671 1007 724 ubi
1043 687 1173 725 cum
1251 688 1474 725 summo
1560 671 1747 724 studio

96 765 277 820 fuerint
305 779 363 814 ac
404 762 594 814 labore
653 760 920 830 perlecta,
971 759 1108 812 nihil
1151 760 1312 814 'aliud
1350 760 1458 813 nisi
1517 761 1748 813 inanem

93 870 267 907 sonum
309 858 354 904 et
411 852 709 920 strepitum
756 850 874 904 suis
907 851 1210 902 lectoribus
1243 851 1524 904 tribuunt.
1585 850 1750 903 Nulla

98 944 158 996 ibi
179 942 434 995 saturitas
458 940 729 1004 veritatis,
788 939 944 992 nulla
986 939 1214 992 refectio
1245 939 1481 1008 justitiz'e
1531 939 1745 1008 reperi-

94 1039 170 1086 tur
198 1049 208 1083 :
240 1029 469 1082 studiosi
495 1044 690 1081 earum
723 1029 780 1081 in
813 1026 961 1082 fame
984 1029 1121 1093 veri,
1163 1035 1218 1081 et
1249 1031 1521 1082 virtutum
1562 1046 1744 1098 penu-

91 1123 159 1173 ria
210 1124 586 1188 perseverant.
643 1119 926 1170 llactenus
995 1119 1390 1187 Hieronymus.
1442 1118 1561 1170 lloc
1615 1135 1746 1172 vero

90 1216 354 1279 poetarum
387 1224 566 1276 genus
597 1224 786 1276 grave,
821 1207 1302 1277 philosophicum,
1351 1213 1407 1260 et
1460 1213 1738 1277 sanctum,

91 1316 138 1350 ex
167 1297 368 1350 intimis
402 1296 782 1364 philosophiae
818 1297 1133 1348 secretariis
1166 1296 1309 1349 bene
1343 1297 1568 1350 vivendi
1601 1314 1748 1367 pra:-

90 1392 220 1456 cepta
250 1386 555 1453 depromit,
616 1383 873 1437 homines
924 1402 952 1436 a
1003 1385 1152 1437 vitiis
1196 1386 1398 1438 acriter
1431 1387 1746 1450 deterrcns,

88 1475 204 1527 etad
246 1475 481 1527 virtutes
531 1473 830 1542 diligenter
871 1473 1115 1526 incitans
1151 1491 1161 1526 :
1207 1475 1358 1544 quod
1401 1475 1615 1528 honore
1662 1477 1749 1529 di-

90 1580 240 1634 gnum
270 1568 349 1616 est
375 1562 648 1628 maximo,
686 1569 985 1615 utsacrum
1009 1568 1061 1616 et
1097 1563 1479 1633 Philosophize
1513 1565 1744 1634 penitus

89 1654 324 1717 amicum,
358 1668 488 1722 qua!
521 1653 578 1704 in
611 1651 716 1705 hoc
757 1667 927 1720 opere
989 1652 1316 1721 Euripidem
1355 1659 1408 1705 et
1455 1654 1745 1707 Lucanum

91 1742 366 1794 familiares
397 1758 532 1794 suos
564 1741 831 1810 appellat.
888 1742 1135 1810 Baptista
1163 1742 1502 1795 Mantuanus
1533 1743 1591 1796 in
1626 1743 1746 1812 epi~

92 1831 209 1883 stola
235 1831 477 1901 quadam
511 1831 578 1883 ad
603 1831 876 1883 Joannem
909 1831 1266 1884 Franciscum
1318 1831 1513 1884 Picum
1542 1850 1552 1885 :
1611 1836 1748 1886 Poe-

94 1927 232 1985 mata,
259 1920 464 1990 inquit,
496 1919 740 1972 obscena
767 1925 822 1972 et
849 1919 1142 1988 impudica
1173 1927 1324 1987 sunt,
1360 1921 1579 1990 judicio
1621 1938 1748 1975 meo

93 2009 212 2062 inter
249 2025 370 2062 vera
423 2014 706 2079 poemata,
769 2009 966 2079 quales
1011 2009 1159 2062 inter
1197 2010 1402 2079 probas
1461 2015 1750 2066 matronas

93 2099 370 2151 fornicariae
405 2100 757 2150 meretrices.
808 2099 920 2166 Ego
981 2098 1135 2150 enim
1187 2115 1392 2167 poema
1436 2116 1653 2167 verum,
1700 2100 1751 2154 ei

94 2188 215 2256 quod
246 2203 408 2240 omne
442 2193 720 2256 punctum
754 2187 899 2240 ferre
925 2186 1121 2256 possit,
1157 2204 1279 2240 esse
1315 2205 1429 2241 non
1456 2193 1610 2258 puto,
1643 2189 1750 2243 nisi

95 2279 149 2329 sit
175 2293 349 2346 grave,
377 2283 603 2330 castum
634 2293 694 2330 ac
734 2283 996 2330 sanctum
1037 2278 1218 2348 :quod
1244 2279 1508 2332 Horatius
1541 2278 1746 2333 innuit.

96 2365 256 2418 dicens
287 2383 298 2418 :

193 2456 304 2502 Item
330 2454 423 2503 tibi
447 2454 729 2503 Socraticae
758 2457 1006 2516 poterunt
1027 2454 1302 2503 ostendere
1334 2454 1567 2515 charta",

150 2537 486 2600 lii/ructuosis
517 2534 714 2603 spinis]
751 2535 1066 2588 Translatio
1098 2539 1181 2587 est
1205 2535 1272 2588 ab
1304 2551 1366 2588 re
1389 2536 1629 2590 'rnstica.

152 2623 442 2695 Pro/anum]
478 2623 663 2677 Sacris
703 2624 909 2676 nostris
950 2640 1065 2676 non
1097 2624 1407 2677 initiatum.

156 2715 228 2766 Uti
251 2717 404 2779 vulgo
429 2715 672 2778 solitum}
711 2713 1069 2766 Parenthesis
1093 2718 1195 2766 est.

154 2802 202 2855 In
229 2801 294 2873 co]
324 2803 382 2855 In
417 2819 484 2855 ea
519 2818 601 2866 re,
635 2802 692 2853 in
721 2801 1073 2854 detrahendo
1107 2801 1367 2872 profano.

154 2894 332 2944 Nostra:
368 2890 566 2960 operas]
601 2890 844 2943 Labores
873 2889 1070 2942 nostri.

155 2980 306 3052 Hunc]
336 2981 615 3035 Boetium.

153 3071 375 3124 Etcaticis
405 3068 636 3136 studiis]
679 3067 1012 3122 Dialecticis.
1044 3069 1192 3134 Elea,
1220 3069 1360 3122 urbs
1406 3071 1632 3124 Grzecias
1691 3071 1750 3125 in

103 3159 269 3212 .lSolica
294 3161 548 3228 regione,
583 3159 678 3210 ubi
746 3163 913 3210 natus
945 3163 1023 3211 est
1059 3161 1227 3227 Zeno,
1291 3160 1612 3215 dialectices
1669 3163 1752 3216 in-

103 3254 277 3301 ventor.
311 3250 443 3302 [line
471 3249 722 3300 Eleatica
752 3246 935 3299 studia
967 3247 1234 3301 dicuntur
1271 3249 1581 3303 dialectica.
1615 3251 1754 3304 Atti-

103 3353 175 3387 cus
204 3338 505 3392 Platonicus
531 3338 590 3390 in
617 3354 684 3390 eo
717 3335 859 3388 libro
892 3352 1063 3406 quem
1096 3338 1364 3391 adversus
1387 3354 1482 3390 eos
1507 3339 1752 3408 scripsit,

104 3427 177 3492 qui
222 3429 630 3481 Aristotelicam
683 3424 957 3481 habentes
1013 3427 1334 3492 scientiam,
1398 3428 1754 3481 Platonicam

107 3515 311 3580 profiteri
336 3535 444 3570 non
487 3518 726 3571 audent.
753 3521 898 3571 Zeno
941 3520 1134 3569 autem
1171 3520 1224 3568 et
1269 3533 1466 3569 omnes
1510 3517 1756 3570 Eleatica

107 3603 358 3674 disciplina
387 3608 589 3676 logicae
620 3606 985 3660 solummodo
1018 3605 1378 3659 studuerunt.

158 3695 484 3766 Academicis]
520 3695 849 3748 Platonicis.
886 3695 1192 3748 Academia
1224 3696 1376 3748 locus
1429 3695 1535 3749 fuit
1559 3713 1752 3750 nemo-

110 3794 252 3850 rosus,
295 3783 362 3837 ab
416 3784 658 3837 Athenis
694 3785 852 3837 inille
896 3784 1155 3853 passibus
1204 3784 1439 3850 distans,
1505 3786 1756 3838 Platonis

108 3874 356 3935 gymnasio
391 3873 623 3927 nobilis.
661 3874 800 3926 Hinc
829 3873 1150 3927 Academici
1192 3872 1344 3939 dicti,
1395 3873 1516 3942 ejus
1548 3880 1756 3928 sectam

107 3960 338 4013 tenentes.

160 4049 461 4122 Enutritum]
521 4050 854 4115 Educatum,
899 4051 1242 4121 saginatum,
1277 4051 1582 4105 excultum.
1657 4053 1756 4106 llic

109 4141 261 4190 autem
283 4140 669 4209 subintellige,
701 4147 902 4193 vestrae
933 4140 1225 4193 blanditiae
1257 4141 1420 4193 nobis
1459 4141 1755 4195 detrahere

108 4233 359 4292 conantur,
391 4233 490 4281 aut
531 4229 720 4282 simile
767 4230 1060 4300 quidpiam
1099 4246 1109 4282 :

109 4311 269 4382 figura,
315 4319 686 4370 vehementer
736 4318 892 4371 irata:
952 4318 1332 4388 philosophim
1390 4318 1753 4382 conveniens,

108 4416 243 4467 quam
270 4405 455 4460 Cicero
485 4406 871 4473 reticentiam,
928 4407 1121 4459 Celsus
1168 4407 1556 4471 obticentiam,
1621 4422 1757 4458 non-

110 4493 219 4542 uulli
244 4494 729 4566 interruptionem,
764 4496 860 4548 alii
888 4496 1277 4566 praecisionem
1307 4497 1617 4567 appellant.
1672 4495 1760 4548 Sic

112 4581 228 4646 apud
261 4584 554 4653 Virgilium
598 4586 866 4656 loquente
913 4586 1056 4639 irato
1107 4587 1211 4639 deo
1250 4603 1261 4639 :

208 4672 332 4726 Quos
362 4689 517 4735 ego...
545 4675 633 4722 sed
667 4680 838 4723 motos
865 4679 1076 4737 praastat
1107 4688 1420 4737 componere
1458 4675 1663 4729 ï¬‚uctus.

113 4745 502 4820 Deestpuniam,
538 4757 624 4807 vel
657 4756 840 4808 simile
877 4756 1132 4809 verbum.

163 4839 413 4915 Serlabite]
477 4844 732 4896 Graviter
783 4843 1083 4913 increpans
1135 4860 1325 4898 musas
1375 4843 1534 4914 ejicit
1583 4844 1758 4898 animi

112 4929 594 4988 perturbationibus
625 4931 954 4984 servientes.

163 5015 364 5087 Sirenes]
428 5022 625 5073 Graece
685 5021 951 5073 scribitur
1002 5024 1190 5094 Î£ÎµÎ¹Ïá½´Î½.
1249 5022 1542 5075 Falluntur
1586 5022 1762 5092 igitur

112 5103 187 5169 "illi
213 5121 297 5174 per
327 5128 352 5156 Î½
378 5110 651 5163 scribunt.
688 5111 797 5163 Nec
845 5128 875 5163 a
909 5111 1048 5183 Ïƒá½»ÏÏ‰
1083 5112 1134 5163 id
1167 5117 1252 5164 est
1301 5111 1483 5176 traho,
1523 5112 1617 5163 sed
1677 5113 1760 5164 vel

114 5204 135 5238 a
161 5201 260 5241 ÏƒÎµá½·Ï‰
316 5197 396 5250 vel
455 5200 622 5268 (quod
656 5199 836 5267 magis
883 5200 1145 5269 probant)
1181 5201 1280 5249 Î±Ï€á½¸
1312 5208 1402 5259 Ï„á¿†Ï‚
1436 5206 1608 5272 ÏƒÎµÎ¹Ïá½±Ï‚
1665 5200 1759 5253 de-

119 5278 310 5336 rivatur.
373 5288 445 5339 De
491 5288 782 5341 Sirenihus
824 5290 1014 5342 fabula
1077 5289 1375 5341 notissima
1452 5297 1555 5355 est,
1621 5306 1762 5360 quas

121 5378 264 5433 poeta:
297 5378 521 5430 tradunt
559 5379 831 5432 suavitate
868 5383 1064 5431 cantus
1090 5379 1385 5448 pellexisse
1427 5379 1762 5448 navigantes

122 5474 162 5510 1n
181 5465 486 5528 perniciem.
524 5467 754 5520 Ovidius
789 5485 800 5520 :

217 5551 434 5618 Monstra
462 5556 615 5603 maris
640 5556 847 5604 Sirenes
870 5559 1035 5612 erant,
1069 5570 1185 5618 Qua:-
1217 5570 1342 5605 voce
1371 5569 1564 5604 canora

273 5617 530 5670 Quaslibet
559 5619 807 5668 admissas
839 5619 1068 5668 detinere
1089 5617 1249 5667 rates.

1166 4235 1220 4282 et
1267 4234 1350 4282 est
1383 4229 1660 4285 á¼€Ï€Î¿ÏƒÎ¹á½¼Ï€Î·
1672 4247 1752 4287 Ï„Î¹Ï‚

1859 493 1998 546 tium
2032 511 2281 563 pinnam,
2342 501 2396 546 et
2454 494 2681 546 crudele
2723 493 3018 561 gaudium.
3071 492 3211 546 Dino
3273 493 3541 546 Clitarchi

1858 590 2017 654 pater
2047 585 2295 636 aftirmat
2326 583 2384 635 in
2417 583 2576 635 ludia
2607 583 2830 635 Sirenas
2861 599 2980 635 esse
3010 584 3282 648 volucres,
3328 584 3548 636 mulce-

1859 674 2021 743 rique
2077 689 2274 726 earum
2331 677 2520 736 cantu,
2575 688 2715 742 quos
2771 677 2977 724 stratos
3044 688 3242 725 somno
3276 675 3544 726 lacerant.

1860 765 2043 816 Poetae
2073 763 2402 815 fabulantur
2447 766 2560 814 tres
2615 761 2841 814 Sirenes
2890 762 3081 823 fuisse,
3135 777 3379 832 quarum
3437 779 3551 815 una

1858 869 2008 916 voce,
2041 851 2195 905 tibiis
2230 853 2424 917 altera,
2461 851 2630 904 tertia
2671 851 2794 921 lyra
2833 851 3176 905 concineret.
3209 853 3536 904 Secundum

1861 940 2152 993 veritatem
2213 945 2401 992 autem
2453 939 2778 992 meretrices
2831 940 2999 993 fuisse
3057 940 3381 998 creduntur.
3419 956 3548 1008 qua:

1859 1035 2234 1095 transeuntes,
2270 1029 2541 1099 quoniam
2559 1029 2625 1082 ad
2643 1034 2950 1098 egestatem
2982 1029 3358 1096 deducebant,
3380 1031 3544 1090 fictae,

1859 1127 1992 1174 sunt
2024 1121 2136 1172 illis
2168 1121 2378 1173 inferre
2403 1119 2723 1188 naufragia.

1933 1213 2105 1278 Lis/me
2132 1213 2189 1264 in
2218 1213 2446 1263 exitium
2470 1208 2670 1278 dulces]
2703 1206 2895 1261 Simile
2927 1206 3032 1260 hoc
3050 1211 3133 1260 est
3169 1207 3279 1260 illis
3313 1223 3543 1276 prover-

1859 1301 1983 1354 biis.
2022 1301 2248 1354 Letliale
2279 1299 2558 1370 :mulsum,
2601 1299 2757 1351 Melle
2799 1297 2932 1350 litus
2981 1297 3222 1365 gladius,
3259 1302 3315 1348 et
3373 1297 3548 1349 Melli-

1858 1396 1979 1444 tum
2013 1406 2294 1442 venenum
2339 1405 2350 1442 :
2387 1406 2510 1458 qua:
2545 1388 2813 1440 dicuntur
2841 1387 2908 1439 de
2935 1403 3000 1439 eo
3037 1386 3190 1456 quod
3225 1386 3299 1439 ita
3339 1387 3548 1455 jucun-

1859 1480 1995 1534 dum
2029 1483 2131 1544 est,
2161 1485 2217 1531 nt
2247 1479 2397 1531 idem
2433 1478 2503 1530 sit
2536 1477 2942 1547 perniciosum.

1929 1573 2060 1624 Meis
2084 1566 2276 1638 musis]
2311 1567 2743 1636 Philosophicis,
2780 1565 3047 1635 gravibus
3081 1570 3137 1619 et
3193 1564 3400 1618 sanctis
3435 1579 3551 1617 car-

1861 1659 2128 1713 minibus.
2185 1659 2340 1720 Vide,
2384 1657 2627 1726 diligens
2681 1658 2876 1720 lector,
2943 1660 3006 1708 ut
3071 1653 3437 1724 philosophia
3495 1658 3552 1707 et

1858 1769 1986 1804 suas
2019 1751 2201 1803 Musas
2233 1747 2456 1800 habeat.
2503 1747 2743 1799 Taceant
2774 1745 2950 1814 igitur
2980 1743 3136 1797 scioli
3169 1743 3547 1812 theologistaz,

1860 1840 2113 1911 quicum
2183 1837 2296 1890 sint
2327 1853 2358 1889 a
2403 1835 2570 1889 Musis
2628 1835 2980 1899 alienissimi,
3023 1849 3221 1887 earum
3265 1833 3550 1886 studiosos

1859 1928 2164 1984 temerario
2197 1943 2334 1980 ausu
2372 1929 2574 1977 vocant
2598 1925 2912 1977 haereticos.

1931 2021 2026 2072 Ille
2055 2017 2267 2084 chorus]
2301 2016 2585 2068 Musarum
2637 2013 3076 2083 impudicorum,
3126 2015 3181 2064 et
3212 2027 3414 2082 pravos
3467 2009 3550 2065 af-

1860 2109 2038 2163 fectus
2067 2104 2456 2159 excitantium.

1932 2197 2131 2264 Dejecit
2156 2194 2385 2260 vultum]
2421 2191 2508 2245 Sic
2542 2191 2690 2244 Maro
2721 2189 2778 2242 in
2812 2188 2977 2242 tertio
2999 2187 3216 2243 Aineid.
3250 2205 3262 2242 :

1987 2284 2186 2346 Dejecit
2215 2281 2441 2338 vultum,
2469 2282 2520 2327 et
2545 2278 2770 2326 demissa
2792 2289 2916 2325 voce
2951 2276 3126 2324 locuta
3151 2279 3247 2331 est.

1933 2363 2118 2434 Humi]
2154 2367 2383 2418 Terram
2417 2377 2631 2414 versus.

1930 2452 2190 2523 Maestior]
2235 2452 2403 2505 Valde
2436 2455 2688 2516 moestus,
2727 2453 2824 2501 aut
2856 2447 3108 2501 maestior
3139 2462 3312 2518 quam
3344 2450 3546 2500 antea:

1860 2546 1967 2600 fuit
1997 2544 2148 2596 enim
2182 2549 2236 2596 et
2269 2541 2335 2594 ab
2364 2541 2526 2593 initio
2550 2537 2948 2592 moistusnnde
2980 2536 3143 2600 illud,

1984 2634 2187 2681 Lacerze
2217 2631 2417 2678 dictant
2460 2626 2734 2676 scribenda
2763 2626 3046 2674 Caninium.

1936 2719 2070 2769 Tam
2117 2712 2436 2780 imperiosae]
2493 2708 2838 2778 Imperiosus
2877 2707 3086 2760 dicitur
3140 2704 3310 2758 nimis
3361 2720 3552 2758 severe

1860 2805 2168 2874 imperans,
2203 2801 2431 2864 crudus,
2466 2797 2700 2868 ctquasi
2732 2801 3044 2850 ostentator
3078 2795 3327 2865 imperii.

1933 2888 2318 2960 Auctoritatis]
2371 2889 2688 2942 Auctoritas
2736 2892 2819 2939 est
2876 2902 2939 2938 ex
3005 2884 3214 2938 mentis
3287 2883 3450 2936 bonis
3497 2888 3553 2935 et

1791 3001 1830 3055 Ï
1862 2982 2116 3051 corporis
2147 2980 2410 3050 quaedam
2440 2978 2699 3043 ,contlata
2731 2975 3000 3044 dignitas,
3035 2989 3162 3044 quae
3215 2971 3384 3025 eflicit
3423 2987 3551 3022 cum

1863 3089 1964 3126 sua
1994 3069 2315 3142 praesentia,
2362 3073 2484 3120 tum
2531 3066 2701 3119 etiam
2735 3064 3010 3128 oratione,
3085 3070 3142 3114 ut
3174 3061 3362 3114 caeteri
3444 3059 3552 3130 ipsi

1860 3159 2238 3214 reverentiam
2274 3160 2547 3226 pra-stent
2581 3161 2635 3207 et
2662 3158 2974 3223 sequantur
3007 3151 3352 3220 exemplum.

1931 3253 1997 3304 In
2036 3254 2275 3301 czrtrcma
2325 3247 2506 3298 lectuli
2562 3247 2666 3297 mei
2722 3244 2898 3311 parte]
2946 3242 3292 3295 Medicorum
3328 3253 3548 3290 morem

1864 3340 2139 3408 expressit
2173 3340 2386 3405 aegroto
2419 3334 2815 3388 assidentium.

2458 3425 2526 3476 Î™Î
2564 3422 2851 3477 MliTltUM
2887 3422 2954 3474 ll.

1936 3519 2176 3571 Carmen
2212 3515 2318 3568 hoc
2344 3514 2550 3567 dicitur
2583 3513 2949 3574 Alcmunium,
2982 3508 3344 3578 dactylicnm,
3382 3511 3554 3558 tetra-

1864 3613 2131 3672 metrum,
2169 3604 2708 3674 hypercatalectum.
2738 3599 3118 3663 Alcmauium,
3179 3597 3247 3650 ab
3280 3598 3551 3650 Alcmene

1866 3698 2182 3760 inventore,
2250 3692 2473 3762 Î‘Î»ÎºÎ¼á½±Î½
2536 3697 2702 3760 poeta
2769 3689 2995 3758 lyricus,
3076 3687 3384 3740 Laconicus
3437 3686 3554 3737 sive

1867 3785 2194 3844 Messenius,
2229 3783 2494 3834 inventor
2516 3779 2782 3832 amatorii
2808 3776 3095 3843 carminis,
3121 3776 3556 3846 scripsitlingua

1868 3871 2086 3923 Dorica.
2125 3871 2198 3922 De
2249 3869 2352 3922 hoc
2375 3869 2644 3936 Papinius
2675 3868 2733 3919 in
2762 3867 2924 3920 Silvis
2953 3882 2965 3918 :

1989 3958 2218 4016 Olisitus,
2247 3961 2299 4004 et
2323 3957 2518 4005 tetricis
2544 3956 2760 4004 Alcman
2787 3959 3028 4003 cantatus
3057 3953 3318 4022 Amyclis.â€˜

1867 4039 2158 4092 Ridiculus
2218 4039 2396 4106 igitur
2442 4047 2522 4092 est
2571 4053 2773 4089 eorum
2807 4052 2965 4088 error
3011 4035 3274 4104 aquibus
3316 4032 3552 4086 Alcinan

1865 4127 2044 4180 tribus
2088 4126 2315 4196 syllabis
2356 4125 2658 4196 profertur.
2699 4125 3067 4194 Dactylicum,
3111 4139 3141 4174 a
3172 4121 3313 4190 pede
3347 4120 3554 4190 princi-

1864 4215 1978 4285 pali
2021 4232 2033 4269 :
2062 4220 2479 4281 tetrametrum,
2515 4231 2544 4266 a
2566 4230 2806 4266 numero
2840 4213 3049 4281 pedum
3083 4227 3096 4263 :
3156 4209 3555 4278 hypercatale-

1800 4299 1840 4351 D
1869 4312 2023 4358 ctum
2048 4306 2274 4371 dicitur,
2311 4305 2458 4374 quod
2483 4303 2695 4374 syllaba
2725 4309 2852 4372 post
2882 4301 3025 4354 duos
3057 4300 3275 4368 priores
3299 4297 3473 4368 pedes
3497 4296 3555 4348 in

1869 4397 2056 4448 medio
2083 4401 2357 4465 superest.
2386 4396 2615 4447 Constat
2641 4408 2854 4445 caesura
2869 4388 3277 4461 semiquinaria
3302 4387 3552 4451 heroica,

1868 4490 1921 4538 et
1956 4485 2179 4554 dactylo
2204 4501 2266 4537 ac
2296 4484 2568 4554 spondeo.
2606 4483 2800 4537 Simile
2825 4479 3165 4550 estilliquod
3183 4477 3558 4532 Terentianus

1867 4575 2032 4628 affert
2062 4591 2125 4627 ex
2153 4590 2318 4626 versu
2353 4572 2573 4642 Virgilii
2607 4571 2833 4624 conciso
2870 4587 2880 4624 :

1993 4663 2056 4710 At
2089 4663 2269 4724 regina
2293 4663 2439 4723 gravi
2471 4660 2647 4709 saucia
2670 4673 2810 4707 cura.

1869 4721 2168 4795 Ejusmodi
2195 4731 2276 4778 est
2299 4721 2362 4777 et
2391 4725 2541 4794 apud
2575 4721 3080 4793 hymnographum
3114 4737 3126 4773 :

1993 4815 2032 4861 ÎŸ
2064 4827 2220 4876 quam
2251 4813 2480 4873 gloriï¬ca
2509 4813 2623 4860 luce
2654 4824 2915 4858 coruscas.

1872 4894 2108 4964 lndigne
2127 4895 2232 4947 fert
2255 4893 2618 4963 Philosophia
2656 4891 2980 4945 mortalium
3004 4888 3212 4942 animis
3242 4892 3457 4940 tantam
3485 4903 3550 4938 ex

1871 4983 2322 5052 perturbatione,
2382 4982 2492 5034 veri
2549 4982 2968 5049 ignorationem
3001 4979 3275 5042 accidere,
3315 4981 3376 5030 ut
3430 4992 3562 5028 con-

1868 5072 2259 5141 templationis
2290 5088 2484 5124 rerum
2506 5070 2817 5123 euzlestium
2862 5070 2978 5121 luce
3019 5069 3231 5132 relicta,
3273 5073 3328 5120 et
3386 5066 3562 5117 hone-

1870 5161 2248 5213 stissimarum
2276 5161 2485 5213 artium
2543 5160 2915 5212 meditatione
2947 5156 3281 5228 posthabita,
3332 5160 3447 5209 toto
3507 5153 3565 5203 in

1872 5265 1958 5303 res
1981 5257 2235 5303 terrenas
2259 5250 2514 5302 ferantur
2547 5249 2824 5318 appetitu.

1945 5342 2057 5392 Heu
2084 5356 2245 5408 quam
2276 5341 2740 5407 praecipitimersa
2767 5337 3060 5405 profundo]
3093 5335 3304 5388 Ordina
3335 5333 3485 5385 hunc
3506 5331 3562 5382 in

1873 5430 2107 5482 modum
2137 5446 2147 5482 :
2181 5433 2295 5482 Heu
2322 5445 2506 5497 quam,
2543 5429 2594 5482 id
2628 5433 2708 5481 est
2733 5433 3013 5498 quantum
3041 5446 3054 5491 ;
3079 5439 3220 5476 mens
3252 5437 3426 5474 mersa
3458 5421 3560 5472 lior-

1874 5527 1956 5574 est
1989 5521 2212 5586 obruta,
2248 5520 2563 5590 pramipiti;
2596 5520 2889 5588 profundo,
2923 5515 3306 5588 profunditate
3341 5517 3562 5582 pertur-

1874 5609 2196 5676 bationum,
2254 5610 2402 5664 unde
2432 5626 2544 5663 non
2598 5610 2671 5662 sit
2718 5609 2881 5661 facile
2932 5616 3248 5673 cmergere.
3292 5605 3404 5654 Aut
3465 5601 3563 5666 sic,
