  <div class='ocr_page' id='page_1' title='image "/cluster/home/n/w/nwhite01/storage/ocr_20150623/63/hvd.32044073498800/453.png"; bbox 0 0 3982 6182; ppageno 0'>
   <div class='ocr_carea' id='block_1_1' title="bbox 460 292 564 345">
    <p class='ocr_par' dir='ltr' id='par_1_1' title="bbox 460 292 564 345">
     <span class='ocr_line' id='line_1_1' title="bbox 460 292 564 345; baseline -0.019 0"><span class='ocrx_word' id='word_1_1' title='bbox 460 292 564 345; x_wconf 84' lang='grc'>895</span> 
     </span>
    </p>
   </div>
   <div class='ocr_carea' id='block_1_2' title="bbox 1197 289 2111 347">
    <p class='ocr_par' dir='ltr' id='par_1_2' title="bbox 1197 289 2105 345">
     <span class='ocr_line' id='line_1_2' title="bbox 1197 289 2105 345; baseline 0.002 -2"><span class='ocrx_word' id='word_1_2' title='bbox 1197 290 1543 345; x_wconf 81' lang='grc' dir='ltr'>ΑΡΡΕΝΟΙΧ</span> <span class='ocrx_word' id='word_1_3' title='bbox 1583 290 1674 343; x_wconf 83' lang='lat' dir='ltr'>AD</span> <span class='ocrx_word' id='word_1_4' title='bbox 1716 289 1973 345; x_wconf 79' lang='lat' dir='ltr'>LIBROS</span> <span class='ocrx_word' id='word_1_5' title='bbox 2015 290 2105 345; x_wconf 87' lang='lat' dir='ltr'>DE</span> 
     </span>
    </p>
   </div>
   <div class='ocr_carea' id='block_1_3' title="bbox 2256 289 3224 347">
    <p class='ocr_par' dir='ltr' id='par_1_3' title="bbox 2256 289 3224 347">
     <span class='ocr_line' id='line_1_3' title="bbox 2256 289 3224 347; baseline -0.004 -2"><span class='ocrx_word' id='word_1_6' title='bbox 2256 290 2673 347; x_wconf 57' lang='lat' dir='ltr'>iSOLATlONE</span> <span class='ocrx_word' id='word_1_7' title='bbox 2714 289 3224 346; x_wconf 62' lang='lat' dir='ltr'>PHILOSOPHUS.</span> 
     </span>
    </p>
   </div>
   <div class='ocr_carea' id='block_1_4' title="bbox 3790 296 3873 349">
    <p class='ocr_par' dir='ltr' id='par_1_4' title="bbox 3790 296 3873 349">
     <span class='ocr_line' id='line_1_4' title="bbox 3790 296 3873 349; baseline 0.024 -2"><span class='ocrx_word' id='word_1_8' title='bbox 3790 296 3873 349; x_wconf 77' lang='lat'>896</span> 
     </span>
    </p>
   </div>
   <div class='ocr_carea' id='block_1_5' title="bbox 455 422 2835 495">
    <p class='ocr_par' dir='ltr' id='par_1_5' title="bbox 455 422 2835 495">
     <span class='ocr_line' id='line_1_5' title="bbox 455 422 2835 495; baseline -0.001 -16"><span class='ocrx_word' id='word_1_9' title='bbox 455 426 655 489; x_wconf 83' lang='lat' dir='ltr'>Mersa,</span> <span class='ocrx_word' id='word_1_10' title='bbox 679 424 984 489; x_wconf 84' lang='lat' dir='ltr'>immersa;</span> <span class='ocrx_word' id='word_1_11' title='bbox 1014 424 1287 492; x_wconf 78' lang='lat' dir='ltr'>praecipiti</span> <span class='ocrx_word' id='word_1_12' title='bbox 1323 424 1624 492; x_wconf 79' lang='lat' dir='ltr'>profundo,</span> <span class='ocrx_word' id='word_1_13' title='bbox 1665 422 1722 477; x_wconf 98' lang='lat' dir='ltr'>id</span> <span class='ocrx_word' id='word_1_14' title='bbox 1755 427 1840 477; x_wconf 91' lang='lat' dir='ltr'>est</span> <span class='ocrx_word' id='word_1_15' title='bbox 1886 438 2140 495; x_wconf 69' lang='lat' dir='ltr'>praeceps</span> <span class='ocrx_word' id='word_1_16' title='bbox 2180 424 2225 476; x_wconf 83' lang='grc' dir='ltr'><strong>Α</strong></span> <span class='ocrx_word' id='word_1_17' title='bbox 2326 422 2540 494; x_wconf 83' lang='lat' dir='ltr'>Sidera]</span> <span class='ocrx_word' id='word_1_18' title='bbox 2576 422 2835 477; x_wconf 89' lang='lat' dir='ltr'>Lumina.</span> 
     </span>
    </p>
   </div>
   <div class='ocr_carea' id='block_1_6' title="bbox 451 512 822 582">
    <p class='ocr_par' dir='ltr' id='par_1_6' title="bbox 451 512 822 582">
     <span class='ocr_line' id='line_1_6' title="bbox 451 512 822 582; baseline 0 -17"><span class='ocrx_word' id='word_1_19' title='bbox 451 512 822 582; x_wconf 90' lang='lat' dir='ltr'>profundum.</span> 
     </span>
    </p>
   </div>
   <div class='ocr_carea' id='block_1_7' title="bbox 526 598 2143 672">
    <p class='ocr_par' dir='ltr' id='par_1_7' title="bbox 526 598 2143 672">
     <span class='ocr_line' id='line_1_7' title="bbox 526 598 2143 672; baseline 0.001 -19"><span class='ocrx_word' id='word_1_20' title='bbox 526 601 723 665; x_wconf 85' lang='lat' dir='ltr'>Quam,</span> <span class='ocrx_word' id='word_1_21' title='bbox 754 600 992 672; x_wconf 89' lang='lat' dir='ltr'>inquam</span> <span class='ocrx_word' id='word_1_22' title='bbox 1022 598 1190 671; x_wconf 81' lang='lat' dir='ltr'>hebet]</span> <span class='ocrx_word' id='word_1_23' title='bbox 1214 600 1424 654; x_wconf 83' lang='lat' dir='ltr'>Obtusa</span> <span class='ocrx_word' id='word_1_24' title='bbox 1458 604 1565 668; x_wconf 88' lang='lat' dir='ltr'>est,</span> <span class='ocrx_word' id='word_1_25' title='bbox 1606 604 1661 654; x_wconf 90' lang='lat' dir='ltr'>et</span> <span class='ocrx_word' id='word_1_26' title='bbox 1704 616 1850 654; x_wconf 86' lang='lat' dir='ltr'>verae</span> <span class='ocrx_word' id='word_1_27' title='bbox 1916 600 2143 671; x_wconf 88' lang='lat' dir='ltr'>sapien-</span> 
     </span>
    </p>
   </div>
   <div class='ocr_carea' id='block_1_8' title="bbox 450 691 780 746">
    <p class='ocr_par' dir='ltr' id='par_1_8' title="bbox 450 691 780 746">
     <span class='ocr_line' id='line_1_8' title="bbox 450 691 780 746; baseline 0.003 -1"><span class='ocrx_word' id='word_1_28' title='bbox 450 691 546 745; x_wconf 72' lang='lat' dir='ltr'>tiae</span> <span class='ocrx_word' id='word_1_29' title='bbox 583 691 780 746; x_wconf 88' lang='lat' dir='ltr'>oblita.</span> 
     </span>
    </p>
   </div>
   <div class='ocr_carea' id='block_1_9' title="bbox 524 778 2143 851">
    <p class='ocr_par' dir='ltr' id='par_1_9' title="bbox 524 778 2143 851">
     <span class='ocr_line' id='line_1_9' title="bbox 524 778 2143 851; baseline 0 -17"><span class='ocrx_word' id='word_1_30' title='bbox 524 784 591 835; x_wconf 88' lang='lat' dir='ltr'>Et</span> <span class='ocrx_word' id='word_1_31' title='bbox 627 782 864 850; x_wconf 86' lang='lat' dir='ltr'>propria</span> <span class='ocrx_word' id='word_1_32' title='bbox 896 778 1024 851; x_wconf 86' lang='lat' dir='ltr'>luce]</span> <span class='ocrx_word' id='word_1_33' title='bbox 1067 781 1126 834; x_wconf 87' lang='lat' dir='ltr'>id</span> <span class='ocrx_word' id='word_1_34' title='bbox 1154 785 1237 833; x_wconf 90' lang='lat' dir='ltr'>est</span> <span class='ocrx_word' id='word_1_35' title='bbox 1268 780 1506 834; x_wconf 82' lang='lat' dir='ltr'>rationis</span> <span class='ocrx_word' id='word_1_36' title='bbox 1538 796 1666 848; x_wconf 91' lang='lat' dir='ltr'>usu,</span> <span class='ocrx_word' id='word_1_37' title='bbox 1700 785 1755 835; x_wconf 90' lang='lat' dir='ltr'>et</span> <span class='ocrx_word' id='word_1_38' title='bbox 1786 781 2017 851; x_wconf 89' lang='lat' dir='ltr'>gemina</span> <span class='ocrx_word' id='word_1_39' title='bbox 2037 780 2143 835; x_wconf 88' lang='lat' dir='ltr'>sibi</span> 
     </span>
    </p>
   </div>
   <div class='ocr_carea' id='block_1_10' title="bbox 450 869 1391 939">
    <p class='ocr_par' dir='ltr' id='par_1_10' title="bbox 450 869 1391 939">
     <span class='ocr_line' id='line_1_10' title="bbox 450 869 1391 939; baseline 0 -16"><span class='ocrx_word' id='word_1_40' title='bbox 450 869 707 923; x_wconf 72' lang='lat' dir='ltr'>veritatis</span> <span class='ocrx_word' id='word_1_41' title='bbox 746 869 1138 939; x_wconf 83' lang='lat' dir='ltr'>speculatione</span> <span class='ocrx_word' id='word_1_42' title='bbox 1181 869 1391 924; x_wconf 88' lang='lat' dir='ltr'>relicta.</span> 
     </span>
    </p>
   </div>
   <div class='ocr_carea' id='block_1_11' title="bbox 526 967 1608 1037">
    <p class='ocr_par' dir='ltr' id='par_1_11' title="bbox 526 967 1608 1037">
     <span class='ocr_line' id='line_1_11' title="bbox 526 967 1608 1037; baseline 0 -16"><span class='ocrx_word' id='word_1_43' title='bbox 526 967 734 1037; x_wconf 84' lang='lat' dir='ltr'>Tendit]</span> <span class='ocrx_word' id='word_1_44' title='bbox 770 967 831 1021; x_wconf 87' lang='lat' dir='ltr'>Id</span> <span class='ocrx_word' id='word_1_45' title='bbox 860 972 943 1020; x_wconf 91' lang='lat' dir='ltr'>est</span> <span class='ocrx_word' id='word_1_46' title='bbox 972 968 1260 1021; x_wconf 90' lang='lat' dir='ltr'>contendit</span> <span class='ocrx_word' id='word_1_47' title='bbox 1296 972 1351 1021; x_wconf 90' lang='lat' dir='ltr'>et</span> <span class='ocrx_word' id='word_1_48' title='bbox 1382 967 1608 1021; x_wconf 83' lang='lat' dir='ltr'>nititur.</span> 
     </span>
    </p>
   </div>
   <div class='ocr_carea' id='block_1_12' title="bbox 519 1055 836 1126">
    <p class='ocr_par' dir='ltr' id='par_1_12' title="bbox 519 1055 836 1126">
     <span class='ocr_line' id='line_1_12' title="bbox 519 1055 836 1126; baseline 0.003 -18"><span class='ocrx_word' id='word_1_49' title='bbox 519 1055 626 1126; x_wconf 88' lang='lat' dir='ltr'>Ire]</span> <span class='ocrx_word' id='word_1_50' title='bbox 664 1056 836 1110; x_wconf 82' lang='lat' dir='ltr'>Ferri.</span> 
     </span>
    </p>
   </div>
   <div class='ocr_carea' id='block_1_13' title="bbox 523 1144 2142 1219">
    <p class='ocr_par' dir='ltr' id='par_1_13' title="bbox 523 1144 2142 1219">
     <span class='ocr_line' id='line_1_13' title="bbox 523 1144 2142 1219; baseline 0.002 -20"><span class='ocrx_word' id='word_1_51' title='bbox 523 1149 583 1199; x_wconf 86' lang='lat' dir='ltr'>In</span> <span class='ocrx_word' id='word_1_52' title='bbox 613 1150 867 1199; x_wconf 70' lang='lat' dir='ltr'>externas</span> <span class='ocrx_word' id='word_1_53' title='bbox 910 1144 1172 1217; x_wconf 83' lang='lat' dir='ltr'>tenebras]</span> <span class='ocrx_word' id='word_1_54' title='bbox 1210 1147 1270 1199; x_wconf 91' lang='lat' dir='ltr'>ln</span> <span class='ocrx_word' id='word_1_55' title='bbox 1318 1162 1408 1199; x_wconf 88' lang='lat' dir='ltr'>res</span> <span class='ocrx_word' id='word_1_56' title='bbox 1435 1150 1691 1200; x_wconf 84' lang='lat' dir='ltr'>terrenas</span> <span class='ocrx_word' id='word_1_57' title='bbox 1748 1164 1809 1200; x_wconf 91' lang='lat' dir='ltr'>ac</span> <span class='ocrx_word' id='word_1_58' title='bbox 1843 1163 2142 1219; x_wconf 91' lang='lat' dir='ltr'>corporeas</span> 
     </span>
    </p>
   </div>
   <div class='ocr_carea' id='block_1_14' title="bbox 448 1234 2017 1306">
    <p class='ocr_par' dir='ltr' id='par_1_14' title="bbox 448 1234 2017 1306">
     <span class='ocr_line' id='line_1_14' title="bbox 448 1234 2017 1306; baseline 0.002 -18"><span class='ocrx_word' id='word_1_59' title='bbox 448 1234 745 1289; x_wconf 85' lang='lat' dir='ltr'>illecebras</span> <span class='ocrx_word' id='word_1_60' title='bbox 775 1234 1042 1304; x_wconf 86' lang='lat' dir='ltr'>spiritum</span> <span class='ocrx_word' id='word_1_61' title='bbox 1062 1252 1161 1289; x_wconf 91' lang='lat' dir='ltr'>sua</span> <span class='ocrx_word' id='word_1_62' title='bbox 1192 1236 1532 1306; x_wconf 80' lang='lat' dir='ltr'>contagione</span> <span class='ocrx_word' id='word_1_63' title='bbox 1562 1236 2017 1291; x_wconf 87' lang='lat' dir='ltr'>obtenebrantes.</span> 
     </span>
    </p>
   </div>
   <div class='ocr_carea' id='block_1_15' title="bbox 522 1322 1263 1393">
    <p class='ocr_par' dir='ltr' id='par_1_15' title="bbox 522 1322 1263 1393">
     <span class='ocr_line' id='line_1_15' title="bbox 522 1322 1263 1393; baseline -0.004 -16"><span class='ocrx_word' id='word_1_64' title='bbox 522 1324 760 1393; x_wconf 76' lang='lat' dir='ltr'>Quoties]</span> <span class='ocrx_word' id='word_1_65' title='bbox 783 1322 1263 1393; x_wconf 86' lang='lat' dir='ltr'>Quotiescunque.</span> 
     </span>
    </p>
   </div>
   <div class='ocr_carea' id='block_1_16' title="bbox 522 1410 1683 1483">
    <p class='ocr_par' dir='ltr' id='par_1_16' title="bbox 522 1410 1683 1483">
     <span class='ocr_line' id='line_1_16' title="bbox 522 1410 1683 1483; baseline 0.002 -18"><span class='ocrx_word' id='word_1_66' title='bbox 522 1410 704 1483; x_wconf 85' lang='lat' dir='ltr'>Cura]</span> <span class='ocrx_word' id='word_1_67' title='bbox 746 1412 1039 1481; x_wconf 82' lang='lat' dir='ltr'>Cupiditas</span> <span class='ocrx_word' id='word_1_68' title='bbox 1072 1429 1264 1466; x_wconf 89' lang='lat' dir='ltr'>rerum</span> <span class='ocrx_word' id='word_1_69' title='bbox 1297 1417 1683 1467; x_wconf 87' lang='lat' dir='ltr'>externarum.</span> 
     </span>
    </p>
   </div>
   <div class='ocr_carea' id='block_1_17' title="bbox 520 1500 2030 1573">
    <p class='ocr_par' dir='ltr' id='par_1_17' title="bbox 520 1500 2030 1573">
     <span class='ocr_line' id='line_1_17' title="bbox 520 1500 2030 1573; baseline -0.001 -14"><span class='ocrx_word' id='word_1_70' title='bbox 520 1500 731 1573; x_wconf 69' lang='lat' dir='ltr'>Nomia]</span> <span class='ocrx_word' id='word_1_71' title='bbox 762 1502 1158 1572; x_wconf 72' lang='lat' dir='ltr'>lntelligentize</span> <span class='ocrx_word' id='word_1_72' title='bbox 1194 1518 1423 1569; x_wconf 87' lang='lat' dir='ltr'>nocens,</span> <span class='ocrx_word' id='word_1_73' title='bbox 1454 1519 1696 1573; x_wconf 84' lang='lat' dir='ltr'>eamque</span> <span class='ocrx_word' id='word_1_74' title='bbox 1718 1504 2030 1558; x_wconf 88' lang='lat' dir='ltr'>retardans.</span> 
     </span>
    </p>
   </div>
   <div class='ocr_carea' id='block_1_18' title="bbox 523 1591 982 1660">
    <p class='ocr_par' dir='ltr' id='par_1_18' title="bbox 523 1591 982 1660">
     <span class='ocr_line' id='line_1_18' title="bbox 523 1591 982 1660; baseline -0.002 -15"><span class='ocrx_word' id='word_1_75' title='bbox 523 1591 683 1660; x_wconf 88' lang='lat' dir='ltr'>Acta]</span> <span class='ocrx_word' id='word_1_76' title='bbox 715 1591 982 1645; x_wconf 79' lang='lat' dir='ltr'>Excitata.</span> 
     </span>
    </p>
   </div>
   <div class='ocr_carea' id='block_1_19' title="bbox 520 1680 2141 1749">
    <p class='ocr_par' dir='ltr' id='par_1_19' title="bbox 520 1680 2141 1749">
     <span class='ocr_line' id='line_1_19' title="bbox 520 1680 2141 1749; baseline 0.001 -14"><span class='ocrx_word' id='word_1_77' title='bbox 520 1681 771 1735; x_wconf 79' lang='lat' dir='ltr'>Flatibus</span> <span class='ocrx_word' id='word_1_78' title='bbox 806 1680 1052 1749; x_wconf 82' lang='lat' dir='ltr'>terrenis]</span> <span class='ocrx_word' id='word_1_79' title='bbox 1091 1680 1359 1734; x_wconf 82' lang='lat' dir='ltr'>Fortuitis</span> <span class='ocrx_word' id='word_1_80' title='bbox 1418 1680 1661 1747; x_wconf 87' lang='lat' dir='ltr'>casibus,</span> <span class='ocrx_word' id='word_1_81' title='bbox 1703 1686 1760 1736; x_wconf 91' lang='lat' dir='ltr'>et</span> <span class='ocrx_word' id='word_1_82' title='bbox 1815 1681 2141 1737; x_wconf 89' lang='lat' dir='ltr'>divitiarum</span> 
     </span>
    </p>
   </div>
   <div class='ocr_carea' id='block_1_20' title="bbox 451 1769 755 1823">
    <p class='ocr_par' dir='ltr' id='par_1_20' title="bbox 451 1769 755 1823">
     <span class='ocr_line' id='line_1_20' title="bbox 451 1769 755 1823; baseline -0.01 0"><span class='ocrx_word' id='word_1_83' title='bbox 451 1769 755 1823; x_wconf 89' lang='lat' dir='ltr'>illecebris.</span> 
     </span>
    </p>
   </div>
   <div class='ocr_carea' id='block_1_21' title="bbox 522 1858 1043 1927">
    <p class='ocr_par' dir='ltr' id='par_1_21' title="bbox 522 1858 1043 1927">
     <span class='ocr_line' id='line_1_21' title="bbox 522 1858 1043 1927; baseline 0.002 -14"><span class='ocrx_word' id='word_1_84' title='bbox 522 1858 741 1927; x_wconf 81' lang='lat' dir='ltr'>Crescit]</span> <span class='ocrx_word' id='word_1_85' title='bbox 768 1861 1043 1927; x_wconf 84' lang='lat' dir='ltr'>Augetur.</span> 
     </span>
    </p>
   </div>
   <div class='ocr_carea' id='block_1_22' title="bbox 522 1945 2141 2019">
    <p class='ocr_par' dir='ltr' id='par_1_22' title="bbox 522 1945 2141 2019">
     <span class='ocr_line' id='line_1_22' title="bbox 522 1945 2141 2019; baseline 0.001 -18"><span class='ocrx_word' id='word_1_86' title='bbox 522 1950 584 2002; x_wconf 88' lang='lat' dir='ltr'>1n</span> <span class='ocrx_word' id='word_1_87' title='bbox 610 1945 941 2019; x_wconf 83' lang='lat' dir='ltr'>immensum]</span> <span class='ocrx_word' id='word_1_88' title='bbox 1001 1948 1157 2001; x_wconf 89' lang='lat' dir='ltr'>Ultra</span> <span class='ocrx_word' id='word_1_89' title='bbox 1208 1949 1465 2003; x_wconf 89' lang='lat' dir='ltr'>modum.</span> <span class='ocrx_word' id='word_1_90' title='bbox 1501 1948 1809 2003; x_wconf 87' lang='lat' dir='ltr'>Sciendum</span> <span class='ocrx_word' id='word_1_91' title='bbox 1842 1954 1927 2003; x_wconf 93' lang='lat' dir='ltr'>est</span> <span class='ocrx_word' id='word_1_92' title='bbox 1955 1949 2141 2003; x_wconf 82' lang='lat' dir='ltr'>homi-</span> 
     </span>
    </p>
   </div>
   <div class='ocr_carea' id='block_1_23' title="bbox 449 2036 2147 2110">
    <p class='ocr_par' dir='ltr' id='par_1_23' title="bbox 449 2036 2147 2110">
     <span class='ocr_line' id='line_1_23' title="bbox 449 2036 2147 2110; baseline 0.002 -21"><span class='ocrx_word' id='word_1_93' title='bbox 449 2051 584 2089; x_wconf 90' lang='lat' dir='ltr'>nem</span> <span class='ocrx_word' id='word_1_94' title='bbox 613 2036 974 2104; x_wconf 89' lang='lat' dir='ltr'>interiorem,</span> <span class='ocrx_word' id='word_1_95' title='bbox 1008 2037 1114 2091; x_wconf 93' lang='lat' dir='ltr'>hoc</span> <span class='ocrx_word' id='word_1_96' title='bbox 1145 2042 1250 2104; x_wconf 87' lang='lat' dir='ltr'>est,</span> <span class='ocrx_word' id='word_1_97' title='bbox 1271 2039 1539 2107; x_wconf 89' lang='lat' dir='ltr'>spiritum</span> <span class='ocrx_word' id='word_1_98' title='bbox 1570 2044 1768 2110; x_wconf 89' lang='lat' dir='ltr'>suapte</span> <span class='ocrx_word' id='word_1_99' title='bbox 1802 2044 2006 2092; x_wconf 89' lang='lat' dir='ltr'>natura</span> <span class='ocrx_word' id='word_1_100' title='bbox 2044 2055 2147 2109; x_wconf 89' lang='lat' dir='ltr'>per</span> 
     </span>
    </p>
   </div>
   <div class='ocr_carea' id='block_1_24' title="bbox 450 2125 2144 2198">
    <p class='ocr_par' dir='ltr' id='par_1_24' title="bbox 450 2125 2144 2198">
     <span class='ocr_line' id='line_1_24' title="bbox 450 2125 2144 2198; baseline 0.001 -20"><span class='ocrx_word' id='word_1_101' title='bbox 450 2125 550 2178; x_wconf 91' lang='lat' dir='ltr'>Dei</span> <span class='ocrx_word' id='word_1_102' title='bbox 573 2126 817 2195; x_wconf 83' lang='lat' dir='ltr'>gratiam</span> <span class='ocrx_word' id='word_1_103' title='bbox 848 2126 983 2179; x_wconf 92' lang='lat' dir='ltr'>ferri</span> <span class='ocrx_word' id='word_1_104' title='bbox 1011 2126 1067 2178; x_wconf 93' lang='lat' dir='ltr'>in</span> <span class='ocrx_word' id='word_1_105' title='bbox 1105 2143 1295 2180; x_wconf 87' lang='lat' dir='ltr'>rerum</span> <span class='ocrx_word' id='word_1_106' title='bbox 1329 2128 1646 2181; x_wconf 68' lang='lat' dir='ltr'>caelestium</span> <span class='ocrx_word' id='word_1_107' title='bbox 1688 2128 2144 2198; x_wconf 87' lang='lat' dir='ltr'>comtemplatio-</span> 
     </span>
    </p>
   </div>
   <div class='ocr_carea' id='block_1_25' title="bbox 449 2217 2148 2287">
    <p class='ocr_par' dir='ltr' id='par_1_25' title="bbox 449 2217 2148 2287">
     <span class='ocr_line' id='line_1_25' title="bbox 449 2217 2148 2287; baseline 0.001 -18"><span class='ocrx_word' id='word_1_108' title='bbox 449 2230 583 2269; x_wconf 90' lang='lat' dir='ltr'>nem</span> <span class='ocrx_word' id='word_1_109' title='bbox 620 2231 632 2268; x_wconf 89' lang='lat'><strong>:</strong></span> <span class='ocrx_word' id='word_1_110' title='bbox 655 2231 854 2269; x_wconf 88' lang='lat' dir='ltr'>verum</span> <span class='ocrx_word' id='word_1_111' title='bbox 878 2231 946 2269; x_wconf 90' lang='lat' dir='ltr'>ex</span> <span class='ocrx_word' id='word_1_112' title='bbox 976 2219 1189 2269; x_wconf 90' lang='lat' dir='ltr'>terreni</span> <span class='ocrx_word' id='word_1_113' title='bbox 1208 2218 1464 2287; x_wconf 91' lang='lat' dir='ltr'>corporis</span> <span class='ocrx_word' id='word_1_114' title='bbox 1482 2217 1841 2287; x_wconf 80' lang='lat' dir='ltr'>contagione,</span> <span class='ocrx_word' id='word_1_115' title='bbox 1858 2223 1914 2270; x_wconf 91' lang='lat' dir='ltr'>et</span> <span class='ocrx_word' id='word_1_116' title='bbox 1933 2223 2148 2287; x_wconf 83' lang='lat' dir='ltr'>tempo-</span> 
     </span>
    </p>
   </div>
   <div class='ocr_carea' id='block_1_26' title="bbox 449 2303 2143 2377">
    <p class='ocr_par' dir='ltr' id='par_1_26' title="bbox 449 2303 2143 2377">
     <span class='ocr_line' id='line_1_26' title="bbox 449 2303 2143 2377; baseline 0.001 -20"><span class='ocrx_word' id='word_1_117' title='bbox 449 2303 659 2357; x_wconf 88' lang='lat' dir='ltr'>ralium</span> <span class='ocrx_word' id='word_1_118' title='bbox 701 2320 894 2357; x_wconf 90' lang='lat' dir='ltr'>rerum</span> <span class='ocrx_word' id='word_1_119' title='bbox 927 2305 1208 2374; x_wconf 87' lang='lat' dir='ltr'>appetitu,</span> <span class='ocrx_word' id='word_1_120' title='bbox 1227 2306 1397 2359; x_wconf 89' lang='lat' dir='ltr'>variis</span> <span class='ocrx_word' id='word_1_121' title='bbox 1422 2306 1953 2377; x_wconf 82' lang='lat' dir='ltr'>perturbationibus</span> <span class='ocrx_word' id='word_1_122' title='bbox 1973 2305 2143 2372; x_wconf 83' lang='lat' dir='ltr'>afﬁci,</span> 
     </span>
    </p>
   </div>
   <div class='ocr_carea' id='block_1_27' title="bbox 450 2392 2143 2465">
    <p class='ocr_par' dir='ltr' id='par_1_27' title="bbox 450 2392 2143 2465">
     <span class='ocr_line' id='line_1_27' title="bbox 450 2392 2143 2465; baseline 0.002 -20"><span class='ocrx_word' id='word_1_123' title='bbox 450 2396 507 2446; x_wconf 89' lang='lat' dir='ltr'>et</span> <span class='ocrx_word' id='word_1_124' title='bbox 534 2392 603 2445; x_wconf 90' lang='lat' dir='ltr'>ab</span> <span class='ocrx_word' id='word_1_125' title='bbox 637 2392 829 2445; x_wconf 85' lang='lat' dir='ltr'>ofﬁcio</span> <span class='ocrx_word' id='word_1_126' title='bbox 861 2410 961 2445; x_wconf 92' lang='lat' dir='ltr'>suo</span> <span class='ocrx_word' id='word_1_127' title='bbox 984 2393 1282 2447; x_wconf 89' lang='lat' dir='ltr'>retardari.</span> <span class='ocrx_word' id='word_1_128' title='bbox 1300 2394 1546 2463; x_wconf 82' lang='lat' dir='ltr'>Spiritus</span> <span class='ocrx_word' id='word_1_129' title='bbox 1565 2396 1798 2464; x_wconf 86' lang='lat' dir='ltr'>quidem</span> <span class='ocrx_word' id='word_1_130' title='bbox 1824 2401 2143 2465; x_wconf 85' lang='lat' dir='ltr'>promptus,</span> 
     </span>
    </p>
   </div>
   <div class='ocr_carea' id='block_1_28' title="bbox 452 2482 2148 2553">
    <p class='ocr_par' dir='ltr' id='par_1_28' title="bbox 452 2482 2148 2553">
     <span class='ocr_line' id='line_1_28' title="bbox 452 2482 2148 2553; baseline 0.002 -19"><span class='ocrx_word' id='word_1_131' title='bbox 452 2485 553 2547; x_wconf 90' lang='lat' dir='ltr'>est,</span> <span class='ocrx_word' id='word_1_132' title='bbox 578 2497 709 2534; x_wconf 92' lang='lat' dir='ltr'>caro</span> <span class='ocrx_word' id='word_1_133' title='bbox 774 2484 967 2534; x_wconf 89' lang='lat' dir='ltr'>autem</span> <span class='ocrx_word' id='word_1_134' title='bbox 999 2482 1229 2535; x_wconf 86' lang='lat' dir='ltr'>infirma</span> <span class='ocrx_word' id='word_1_135' title='bbox 1290 2483 1506 2552; x_wconf 84' lang='lat' dir='ltr'>(Matth.</span> <span class='ocrx_word' id='word_1_136' title='bbox 1559 2484 1687 2552; x_wconf 79' lang='lat' dir='ltr'>xvr).</span> <span class='ocrx_word' id='word_1_137' title='bbox 1723 2484 1917 2538; x_wconf 89' lang='lat' dir='ltr'>Danda</span> <span class='ocrx_word' id='word_1_138' title='bbox 1972 2483 2148 2553; x_wconf 87' lang='lat' dir='ltr'>igitur</span> 
     </span>
    </p>
   </div>
   <div class='ocr_carea' id='block_1_29' title="bbox 450 2567 2146 2643">
    <p class='ocr_par' dir='ltr' id='par_1_29' title="bbox 450 2567 2146 2643">
     <span class='ocr_line' id='line_1_29' title="bbox 450 2567 2146 2643; baseline 0.002 -21"><span class='ocrx_word' id='word_1_139' title='bbox 450 2567 737 2639; x_wconf 86' lang='lat' dir='ltr'>imprimis</span> <span class='ocrx_word' id='word_1_140' title='bbox 776 2568 1002 2623; x_wconf 89' lang='lat' dir='ltr'>homini</span> <span class='ocrx_word' id='word_1_141' title='bbox 1050 2575 1135 2624; x_wconf 89' lang='lat' dir='ltr'>est</span> <span class='ocrx_word' id='word_1_142' title='bbox 1195 2587 1389 2641; x_wconf 89' lang='lat' dir='ltr'>opera,</span> <span class='ocrx_word' id='word_1_143' title='bbox 1432 2577 1496 2625; x_wconf 90' lang='lat' dir='ltr'>ut</span> <span class='ocrx_word' id='word_1_144' title='bbox 1549 2572 1800 2643; x_wconf 87' lang='lat' dir='ltr'>depulsis</span> <span class='ocrx_word' id='word_1_145' title='bbox 1840 2589 2146 2643; x_wconf 88' lang='lat' dir='ltr'>pravarum</span> 
     </span>
    </p>
   </div>
   <div class='ocr_carea' id='block_1_30' title="bbox 452 2657 2149 2731">
    <p class='ocr_par' dir='ltr' id='par_1_30' title="bbox 452 2657 2149 2731">
     <span class='ocr_line' id='line_1_30' title="bbox 452 2657 2149 2731; baseline 0.002 -20"><span class='ocrx_word' id='word_1_146' title='bbox 452 2657 815 2712; x_wconf 84' lang='lat' dir='ltr'>affectionum</span> <span class='ocrx_word' id='word_1_147' title='bbox 864 2658 1133 2726; x_wconf 90' lang='lat' dir='ltr'>nubibus,</span> <span class='ocrx_word' id='word_1_148' title='bbox 1192 2659 1717 2730; x_wconf 62' lang='lat' dir='ltr'>spiritualellumen</span> <span class='ocrx_word' id='word_1_149' title='bbox 1762 2661 2051 2731; x_wconf 75' lang='lat' dir='ltr'>eﬁulgeat,</span> <span class='ocrx_word' id='word_1_150' title='bbox 2092 2665 2149 2715; x_wconf 92' lang='lat' dir='ltr'>et</span> 
     </span>
    </p>
   </div>
   <div class='ocr_carea' id='block_1_31' title="bbox 451 2746 2148 2821">
    <p class='ocr_par' dir='ltr' id='par_1_31' title="bbox 451 2746 2148 2821">
     <span class='ocr_line' id='line_1_31' title="bbox 451 2746 2148 2821; baseline 0.002 -20"><span class='ocrx_word' id='word_1_151' title='bbox 451 2746 989 2818; x_wconf 88' lang='lat' dir='ltr'>appetitusjugiter,</span> <span class='ocrx_word' id='word_1_152' title='bbox 1014 2753 1177 2803; x_wconf 72' lang='lat' dir='ltr'>rectm</span> <span class='ocrx_word' id='word_1_153' title='bbox 1199 2750 1407 2803; x_wconf 90' lang='lat' dir='ltr'>rationi</span> <span class='ocrx_word' id='word_1_154' title='bbox 1429 2750 1786 2821; x_wconf 86' lang='lat' dir='ltr'>subjugetur.</span> <span class='ocrx_word' id='word_1_155' title='bbox 1814 2752 1929 2805; x_wconf 88' lang='lat' dir='ltr'>Hoc</span> <span class='ocrx_word' id='word_1_156' title='bbox 1954 2754 2148 2805; x_wconf 88' lang='lat' dir='ltr'>autem</span> 
     </span>
    </p>
   </div>
   <div class='ocr_carea' id='block_1_32' title="bbox 451 2837 2145 2908">
    <p class='ocr_par' dir='ltr' id='par_1_32' title="bbox 451 2837 2145 2908">
     <span class='ocr_line' id='line_1_32' title="bbox 451 2837 2145 2908; baseline 0.002 -19"><span class='ocrx_word' id='word_1_157' title='bbox 451 2841 535 2890; x_wconf 92' lang='lat' dir='ltr'>est</span> <span class='ocrx_word' id='word_1_158' title='bbox 565 2837 719 2904; x_wconf 87' lang='lat' dir='ltr'>quod</span> <span class='ocrx_word' id='word_1_159' title='bbox 754 2852 907 2891; x_wconf 92' lang='lat' dir='ltr'>nunc</span> <span class='ocrx_word' id='word_1_160' title='bbox 963 2837 1330 2908; x_wconf 85' lang='lat' dir='ltr'>philosophia</span> <span class='ocrx_word' id='word_1_161' title='bbox 1380 2839 1431 2893; x_wconf 88' lang='lat' dir='ltr'>ie</span> <span class='ocrx_word' id='word_1_162' title='bbox 1467 2841 1647 2894; x_wconf 90' lang='lat' dir='ltr'>Boetii</span> <span class='ocrx_word' id='word_1_163' title='bbox 1697 2840 2145 2895; x_wconf 85' lang='lat' dir='ltr'>consolationem</span> 
     </span>
    </p>
   </div>
   <div class='ocr_carea' id='block_1_33' title="bbox 451 2924 2143 2999">
    <p class='ocr_par' dir='ltr' id='par_1_33' title="bbox 451 2924 2143 2999">
     <span class='ocr_line' id='line_1_33' title="bbox 451 2924 2143 2999; baseline 0.003 -22"><span class='ocrx_word' id='word_1_164' title='bbox 451 2924 716 2979; x_wconf 87' lang='lat' dir='ltr'>instituit.</span> <span class='ocrx_word' id='word_1_165' title='bbox 746 2928 1004 2996; x_wconf 63' lang='lat' dir='ltr'>Praeceps</span> <span class='ocrx_word' id='word_1_166' title='bbox 1034 2928 1411 2997; x_wconf 91' lang='lat' dir='ltr'>compositum</span> <span class='ocrx_word' id='word_1_167' title='bbox 1453 2934 1557 2997; x_wconf 90' lang='lat' dir='ltr'>est,</span> <span class='ocrx_word' id='word_1_168' title='bbox 1595 2946 1661 2983; x_wconf 91' lang='lat' dir='ltr'>ex</span> <span class='ocrx_word' id='word_1_169' title='bbox 1692 2946 1810 2999; x_wconf 70' lang='lat' dir='ltr'>pra:</span> <span class='ocrx_word' id='word_1_170' title='bbox 1843 2935 1898 2983; x_wconf 90' lang='lat' dir='ltr'>et</span> <span class='ocrx_word' id='word_1_171' title='bbox 1954 2932 2143 2999; x_wconf 90' lang='lat' dir='ltr'>caput.</span> 
     </span>
    </p>
   </div>
   <div class='ocr_carea' id='block_1_34' title="bbox 452 3016 2147 3089">
    <p class='ocr_par' dir='ltr' id='par_1_34' title="bbox 452 3016 2147 3089">
     <span class='ocr_line' id='line_1_34' title="bbox 452 3016 2147 3089; baseline 0.001 -20"><span class='ocrx_word' id='word_1_172' title='bbox 452 3016 686 3085; x_wconf 89' lang='lat' dir='ltr'>Proprie</span> <span class='ocrx_word' id='word_1_173' title='bbox 718 3017 872 3070; x_wconf 91' lang='lat' dir='ltr'>enim</span> <span class='ocrx_word' id='word_1_174' title='bbox 904 3018 1525 3089; x_wconf 64' lang='lat' dir='ltr'>praecepsdicitur,&#39;qui</span> <span class='ocrx_word' id='word_1_175' title='bbox 1545 3020 1625 3073; x_wconf 86' lang='lat' dir='ltr'>ita</span> <span class='ocrx_word' id='word_1_176' title='bbox 1655 3020 1827 3083; x_wconf 87' lang='lat' dir='ltr'>cadit,</span> <span class='ocrx_word' id='word_1_177' title='bbox 1860 3024 1957 3073; x_wconf 89' lang='lat' dir='ltr'>aut</span> <span class='ocrx_word' id='word_1_178' title='bbox 1987 3019 2147 3073; x_wconf 90' lang='lat' dir='ltr'>deor-</span> 
     </span>
    </p>
   </div>
   <div class='ocr_carea' id='block_1_35' title="bbox 452 3103 2144 3176">
    <p class='ocr_par' dir='ltr' id='par_1_35' title="bbox 452 3103 2144 3176">
     <span class='ocr_line' id='line_1_35' title="bbox 452 3103 2144 3176; baseline 0.004 -22"><span class='ocrx_word' id='word_1_179' title='bbox 452 3119 575 3156; x_wconf 89' lang='lat' dir='ltr'>sum</span> <span class='ocrx_word' id='word_1_180' title='bbox 614 3103 1141 3176; x_wconf 89' lang='lat' dir='ltr'>mittitur,utcaput</span> <span class='ocrx_word' id='word_1_181' title='bbox 1175 3107 1479 3175; x_wconf 63' lang='lat' dir='ltr'>praecedat.</span> <span class='ocrx_word' id='word_1_182' title='bbox 1517 3108 1660 3161; x_wconf 82' lang='lat' dir='ltr'>Hinc</span> <span class='ocrx_word' id='word_1_183' title='bbox 1691 3112 1748 3161; x_wconf 91' lang='lat' dir='ltr'>et</span> <span class='ocrx_word' id='word_1_184' title='bbox 1773 3108 1931 3161; x_wconf 91' lang='lat' dir='ltr'>locus</span> <span class='ocrx_word' id='word_1_185' title='bbox 1975 3107 2144 3161; x_wconf 88' lang='lat' dir='ltr'>altius</span> 
     </span>
    </p>
   </div>
   <div class='ocr_carea' id='block_1_36' title="bbox 453 3191 2147 3266">
    <p class='ocr_par' dir='ltr' id='par_1_36' title="bbox 453 3191 2147 3266">
     <span class='ocr_line' id='line_1_36' title="bbox 453 3191 2147 3266; baseline 0.004 -22"><span class='ocrx_word' id='word_1_186' title='bbox 453 3191 661 3245; x_wconf 92' lang='lat' dir='ltr'>dicitur</span> <span class='ocrx_word' id='word_1_187' title='bbox 686 3208 961 3263; x_wconf 65' lang='lat' dir='ltr'>princeps,</span> <span class='ocrx_word' id='word_1_188' title='bbox 998 3195 1299 3265; x_wconf 90' lang='lat' dir='ltr'>quodinde</span> <span class='ocrx_word' id='word_1_189' title='bbox 1330 3196 1457 3266; x_wconf 86' lang='lat' dir='ltr'>quis</span> <span class='ocrx_word' id='word_1_190' title='bbox 1490 3196 1654 3250; x_wconf 85' lang='lat' dir='ltr'>facile</span> <span class='ocrx_word' id='word_1_191' title='bbox 1678 3197 2024 3266; x_wconf 68' lang='lat' dir='ltr'>praecipitari</span> <span class='ocrx_word' id='word_1_192' title='bbox 2047 3213 2147 3266; x_wconf 91' lang='lat' dir='ltr'>po-</span> 
     </span>
    </p>
   </div>
   <div class='ocr_carea' id='block_1_37' title="bbox 453 3282 2142 3356">
    <p class='ocr_par' dir='ltr' id='par_1_37' title="bbox 453 3282 2142 3356">
     <span class='ocr_line' id='line_1_37' title="bbox 453 3282 2142 3356; baseline 0.003 -23"><span class='ocrx_word' id='word_1_193' title='bbox 453 3284 596 3334; x_wconf 89' lang='lat' dir='ltr'>test:</span> <span class='ocrx_word' id='word_1_194' title='bbox 632 3284 687 3334; x_wconf 91' lang='lat' dir='ltr'>et</span> <span class='ocrx_word' id='word_1_195' title='bbox 715 3297 913 3335; x_wconf 89' lang='lat' dir='ltr'>rursus</span> <span class='ocrx_word' id='word_1_196' title='bbox 944 3282 1001 3335; x_wconf 93' lang='lat' dir='ltr'>id</span> <span class='ocrx_word' id='word_1_197' title='bbox 1027 3283 1181 3353; x_wconf 91' lang='lat' dir='ltr'>quod</span> <span class='ocrx_word' id='word_1_198' title='bbox 1217 3284 1569 3353; x_wconf 88' lang='lat' dir='ltr'>profundum</span> <span class='ocrx_word' id='word_1_199' title='bbox 1611 3290 1710 3352; x_wconf 85' lang='lat' dir='ltr'>est,</span> <span class='ocrx_word' id='word_1_200' title='bbox 1758 3301 2011 3356; x_wconf 75' lang='lat' dir='ltr'>praeceps</span> <span class='ocrx_word' id='word_1_201' title='bbox 2058 3284 2142 3339; x_wconf 89' lang='lat' dir='ltr'>di-</span> 
     </span>
    </p>
   </div>
   <div class='ocr_carea' id='block_1_38' title="bbox 454 3366 2144 3445">
    <p class='ocr_par' dir='ltr' id='par_1_38' title="bbox 454 3366 2144 3445">
     <span class='ocr_line' id='line_1_38' title="bbox 454 3366 2144 3445; baseline 0.004 -24"><span class='ocrx_word' id='word_1_202' title='bbox 454 3366 622 3434; x_wconf 84' lang='lat' dir='ltr'>citur,</span> <span class='ocrx_word' id='word_1_203' title='bbox 657 3369 812 3437; x_wconf 89' lang='lat' dir='ltr'>quod</span> <span class='ocrx_word' id='word_1_204' title='bbox 839 3369 896 3423; x_wconf 93' lang='lat' dir='ltr'>in</span> <span class='ocrx_word' id='word_1_205' title='bbox 920 3369 978 3423; x_wconf 91' lang='lat' dir='ltr'>id</span> <span class='ocrx_word' id='word_1_206' title='bbox 1008 3377 1200 3439; x_wconf 86' lang='lat' dir='ltr'>potest</span> <span class='ocrx_word' id='word_1_207' title='bbox 1229 3372 1368 3442; x_wconf 90' lang='lat' dir='ltr'>quid</span> <span class='ocrx_word' id='word_1_208' title='bbox 1401 3373 1767 3445; x_wconf 66' lang='lat' dir='ltr'>praecipitari.</span> <span class='ocrx_word' id='word_1_209' title='bbox 1802 3374 2144 3444; x_wconf 89' lang='lat' dir='ltr'>Virgiliusin</span> 
     </span>
    </p>
   </div>
   <div class='ocr_carea' id='block_1_39' title="bbox 454 3455 790 3509">
    <p class='ocr_par' dir='ltr' id='par_1_39' title="bbox 454 3455 790 3509">
     <span class='ocr_line' id='line_1_39' title="bbox 454 3455 790 3509; baseline 0.003 -1"><span class='ocrx_word' id='word_1_210' title='bbox 454 3455 790 3509; x_wconf 89' lang='lat' dir='ltr'>undecimo:</span> 
     </span>
    </p>
   </div>
   <div class='ocr_carea' id='block_1_40' title="bbox 576 3544 1757 3656">
    <p class='ocr_par' dir='ltr' id='par_1_40' title="bbox 576 3544 1757 3656">
     <span class='ocr_line' id='line_1_40' title="bbox 576 3544 1757 3656; baseline 0.008 -66"><span class='ocrx_word' id='word_1_211' title='bbox 576 3544 1117 3656; x_wconf 46' lang='lat' dir='ltr'>ggisiitplrpraacipites</span> <span class='ocrx_word' id='word_1_212' title='bbox 1147 3547 1313 3597; x_wconf 82' lang='lat' dir='ltr'>fossas</span> <span class='ocrx_word' id='word_1_213' title='bbox 1346 3553 1564 3613; x_wconf 81' lang='lat' dir='ltr'>urgente</span> <span class='ocrx_word' id='word_1_214' title='bbox 1585 3549 1757 3608; x_wconf 89' lang='lat' dir='ltr'>ruina,</span> 
     </span>
     <span class='ocr_line' id='line_1_41' title="bbox 680 3620 834 3656; baseline 0.019 -3"><span class='ocrx_word' id='word_1_215' title='bbox 680 3620 708 3653; x_wconf 88' lang='lat' dir='ltr'>v</span> <span class='ocrx_word' id='word_1_216' title='bbox 822 3648 834 3656; x_wconf 85' lang='lat'>.</span> 
     </span>
    </p>
   </div>
   <div class='ocr_carea' id='block_1_41' title="bbox 680 3620 834 3663">
    <p class='ocr_par' dir='ltr' id='par_1_41' title="bbox 680 3620 834 3663">
     <span class='ocr_line' id='line_1_42' title="bbox 680 3620 834 3663; baseline 0.019 -10"><span class='ocrx_word' id='word_1_217' title='bbox 680 3620 834 3663; x_wconf 73' lang='lat' dir='ltr'>Vlllll‘.</span> 
     </span>
    </p>
   </div>
   <div class='ocr_carea' id='block_1_42' title="bbox 452 3686 2143 3764">
    <p class='ocr_par' dir='ltr' id='par_1_42' title="bbox 452 3686 2143 3764">
     <span class='ocr_line' id='line_1_43' title="bbox 452 3686 2143 3764; baseline 0.006 -26"><span class='ocrx_word' id='word_1_218' title='bbox 452 3686 519 3739; x_wconf 87' lang='lat' dir='ltr'>Et</span> <span class='ocrx_word' id='word_1_219' title='bbox 546 3686 625 3740; x_wconf 91' lang='lat' dir='ltr'>sic</span> <span class='ocrx_word' id='word_1_220' title='bbox 655 3687 869 3743; x_wconf 90' lang='lat' dir='ltr'>dictum</span> <span class='ocrx_word' id='word_1_221' title='bbox 900 3689 1112 3760; x_wconf 90' lang='lat' dir='ltr'>accipe,</span> <span class='ocrx_word' id='word_1_222' title='bbox 1144 3691 1423 3762; x_wconf 69' lang='lat' dir='ltr'>praecipiti</span> <span class='ocrx_word' id='word_1_223' title='bbox 1455 3692 1757 3763; x_wconf 88' lang='lat' dir='ltr'>profundo.</span> <span class='ocrx_word' id='word_1_224' title='bbox 1809 3695 1952 3748; x_wconf 91' lang='lat' dir='ltr'>Item</span> <span class='ocrx_word' id='word_1_225' title='bbox 1989 3709 2143 3764; x_wconf 66' lang='lat' dir='ltr'>pras-</span> 
     </span>
    </p>
   </div>
   <div class='ocr_carea' id='block_1_43' title="bbox 452 3776 2145 3853">
    <p class='ocr_par' dir='ltr' id='par_1_43' title="bbox 452 3776 2145 3853">
     <span class='ocr_line' id='line_1_44' title="bbox 452 3776 2145 3853; baseline 0.006 -25"><span class='ocrx_word' id='word_1_226' title='bbox 452 3790 602 3846; x_wconf 87' lang='lat' dir='ltr'>ceps,</span> <span class='ocrx_word' id='word_1_227' title='bbox 646 3776 903 3845; x_wconf 89' lang='lat' dir='ltr'>festinus,</span> <span class='ocrx_word' id='word_1_228' title='bbox 956 3780 1330 3849; x_wconf 91' lang='lat' dir='ltr'>inconsultus,</span> <span class='ocrx_word' id='word_1_229' title='bbox 1378 3783 1735 3837; x_wconf 88' lang='lat' dir='ltr'>temerarius.</span> <span class='ocrx_word' id='word_1_230' title='bbox 1768 3784 1875 3839; x_wconf 91' lang='lat' dir='ltr'>Sed</span> <span class='ocrx_word' id='word_1_231' title='bbox 1932 3784 1999 3838; x_wconf 90' lang='lat' dir='ltr'>de</span> <span class='ocrx_word' id='word_1_232' title='bbox 2021 3785 2145 3853; x_wconf 37' lang='lat' dir='ltr'>.hoc</span> 
     </span>
    </p>
   </div>
   <div class='ocr_carea' id='block_1_44' title="bbox 454 3864 780 3919">
    <p class='ocr_par' dir='ltr' id='par_1_44' title="bbox 454 3864 780 3919">
     <span class='ocr_line' id='line_1_45' title="bbox 454 3864 780 3919; baseline 0.009 -3"><span class='ocrx_word' id='word_1_233' title='bbox 454 3878 605 3917; x_wconf 91' lang='lat' dir='ltr'>nunc</span> <span class='ocrx_word' id='word_1_234' title='bbox 627 3864 780 3919; x_wconf 87' lang='lat' dir='ltr'>satis.</span> 
     </span>
    </p>
   </div>
   <div class='ocr_carea' id='block_1_45' title="bbox 526 3953 2144 4034">
    <p class='ocr_par' dir='ltr' id='par_1_45' title="bbox 526 3953 2144 4034">
     <span class='ocr_line' id='line_1_46' title="bbox 526 3953 2144 4034; baseline 0.006 -27"><span class='ocrx_word' id='word_1_235' title='bbox 526 3953 668 4008; x_wconf 87' lang='lat' dir='ltr'>Cura</span> <span class='ocrx_word' id='word_1_236' title='bbox 717 3958 939 4009; x_wconf 78' lang='lat' dir='ltr'>terrenis</span> <span class='ocrx_word' id='word_1_237' title='bbox 985 3959 1208 4025; x_wconf 85' lang='lat' dir='ltr'>ﬂatibus</span> <span class='ocrx_word' id='word_1_238' title='bbox 1257 3958 1402 4033; x_wconf 89' lang='lat' dir='ltr'>acta]</span> <span class='ocrx_word' id='word_1_239' title='bbox 1466 3962 1612 4017; x_wconf 90' lang='lat' dir='ltr'>Sane</span> <span class='ocrx_word' id='word_1_240' title='bbox 1670 3978 1843 4034; x_wconf 86' lang='lat' dir='ltr'>quam</span> <span class='ocrx_word' id='word_1_241' title='bbox 1896 3961 2144 4033; x_wconf 82' lang='lat' dir='ltr'>eleganti</span> 
     </span>
    </p>
   </div>
   <div class='ocr_carea' id='block_1_46' title="bbox 452 4043 2142 4123">
    <p class='ocr_par' dir='ltr' id='par_1_46' title="bbox 452 4043 2142 4123">
     <span class='ocr_line' id='line_1_47' title="bbox 452 4043 2142 4123; baseline 0.006 -29"><span class='ocrx_word' id='word_1_242' title='bbox 452 4043 787 4113; x_wconf 87' lang='lat' dir='ltr'>metaphora</span> <span class='ocrx_word' id='word_1_243' title='bbox 809 4044 1025 4099; x_wconf 89' lang='lat' dir='ltr'>dictum</span> <span class='ocrx_word' id='word_1_244' title='bbox 1048 4047 1153 4101; x_wconf 89' lang='lat' dir='ltr'>hoc</span> <span class='ocrx_word' id='word_1_245' title='bbox 1182 4054 1284 4103; x_wconf 90' lang='lat' dir='ltr'>est.</span> <span class='ocrx_word' id='word_1_246' title='bbox 1309 4050 1448 4104; x_wconf 90' lang='lat' dir='ltr'>Cum</span> <span class='ocrx_word' id='word_1_247' title='bbox 1470 4052 1624 4105; x_wconf 90' lang='lat' dir='ltr'>enim</span> <span class='ocrx_word' id='word_1_248' title='bbox 1646 4068 1782 4106; x_wconf 89' lang='lat' dir='ltr'>cura</span> <span class='ocrx_word' id='word_1_249' title='bbox 1806 4053 1968 4122; x_wconf 87' lang='lat' dir='ltr'>quasi</span> <span class='ocrx_word' id='word_1_250' title='bbox 1995 4052 2142 4123; x_wconf 86' lang='lat' dir='ltr'>ignis</span> 
     </span>
    </p>
   </div>
   <div class='ocr_carea' id='block_1_47' title="bbox 453 4131 2142 4213">
    <p class='ocr_par' dir='ltr' id='par_1_47' title="bbox 453 4131 2142 4213">
     <span class='ocr_line' id='line_1_48' title="bbox 453 4131 2142 4213; baseline 0.006 -30"><span class='ocrx_word' id='word_1_251' title='bbox 453 4131 543 4197; x_wconf 85' lang='lat' dir='ltr'>sit,</span> <span class='ocrx_word' id='word_1_252' title='bbox 576 4148 673 4186; x_wconf 88' lang='lat' dir='ltr'>cor</span> <span class='ocrx_word' id='word_1_253' title='bbox 694 4149 886 4198; x_wconf 90' lang='lat' dir='ltr'>urens,</span> <span class='ocrx_word' id='word_1_254' title='bbox 928 4140 1079 4189; x_wconf 90' lang='lat' dir='ltr'>recte</span> <span class='ocrx_word' id='word_1_255' title='bbox 1111 4140 1353 4192; x_wconf 89' lang='lat' dir='ltr'>terrenis</span> <span class='ocrx_word' id='word_1_256' title='bbox 1385 4140 1616 4195; x_wconf 84' lang='lat' dir='ltr'>flatibus</span> <span class='ocrx_word' id='word_1_257' title='bbox 1672 4142 1766 4213; x_wconf 89' lang='lat' dir='ltr'>agi</span> <span class='ocrx_word' id='word_1_258' title='bbox 1802 4141 2142 4212; x_wconf 87' lang='lat' dir='ltr'>incitarique</span> 
     </span>
    </p>
   </div>
   <div class='ocr_carea' id='block_1_48' title="bbox 451 4219 1261 4293">
    <p class='ocr_par' dir='ltr' id='par_1_48' title="bbox 451 4219 1261 4293">
     <span class='ocr_line' id='line_1_49' title="bbox 451 4219 1261 4293; baseline 0.01 -20"><span class='ocrx_word' id='word_1_259' title='bbox 451 4219 676 4275; x_wconf 88' lang='lat' dir='ltr'>dicitur.</span> <span class='ocrx_word' id='word_1_260' title='bbox 713 4223 854 4276; x_wconf 89' lang='lat' dir='ltr'>Nam</span> <span class='ocrx_word' id='word_1_261' title='bbox 889 4229 949 4277; x_wconf 91' lang='lat' dir='ltr'>ut</span> <span class='ocrx_word' id='word_1_262' title='bbox 978 4225 1072 4279; x_wconf 91' lang='lat' dir='ltr'>ille</span> <span class='ocrx_word' id='word_1_263' title='bbox 1105 4226 1261 4293; x_wconf 91' lang='lat' dir='ltr'>dicit,</span> 
     </span>
    </p>
   </div>
   <div class='ocr_carea' id='block_1_49' title="bbox 574 4311 1874 4382">
    <p class='ocr_par' dir='ltr' id='par_1_49' title="bbox 574 4311 1874 4382">
     <span class='ocr_line' id='line_1_50' title="bbox 574 4311 1874 4382; baseline 0.008 -24"><span class='ocrx_word' id='word_1_264' title='bbox 574 4311 819 4382; x_wconf 46' lang='lat' dir='ltr'>Nutr-itur</span> <span class='ocrx_word' id='word_1_265' title='bbox 850 4320 1029 4382; x_wconf 60' lang='lat' dir='ltr'>vento,</span> <span class='ocrx_word' id='word_1_266' title='bbox 1058 4315 1148 4364; x_wconf 90' lang='lat' dir='ltr'>sed</span> <span class='ocrx_word' id='word_1_267' title='bbox 1178 4331 1315 4379; x_wconf 88' lang='lat' dir='ltr'>aqua</span> <span class='ocrx_word' id='word_1_268' title='bbox 1338 4319 1685 4381; x_wconf 83' lang='lat' dir='ltr'>restinguitur</span> <span class='ocrx_word' id='word_1_269' title='bbox 1709 4320 1874 4382; x_wconf 84' lang='lat' dir='ltr'>ignis;</span> 
     </span>
    </p>
   </div>
   <div class='ocr_carea' id='block_1_50' title="bbox 698 4374 1920 4446">
    <p class='ocr_par' dir='ltr' id='par_1_50' title="bbox 698 4374 1920 4446">
     <span class='ocr_line' id='line_1_51' title="bbox 698 4374 1920 4446; baseline 0.008 -25"><span class='ocrx_word' id='word_1_270' title='bbox 698 4374 851 4423; x_wconf 87' lang='lat' dir='ltr'>Lenis</span> <span class='ocrx_word' id='word_1_271' title='bbox 885 4376 978 4425; x_wconf 84' lang='lat' dir='ltr'>alit</span> <span class='ocrx_word' id='word_1_272' title='bbox 1000 4374 1256 4439; x_wconf 75' lang='lat' dir='ltr'>flammas,</span> <span class='ocrx_word' id='word_1_273' title='bbox 1286 4374 1538 4443; x_wconf 62' lang='lat' dir='ltr'>grandior</span> <span class='ocrx_word' id='word_1_274' title='bbox 1589 4374 1920 4446; x_wconf 53' lang='lat' dir='ltr'>auravnegat.</span> 
     </span>
    </p>
   </div>
   <div class='ocr_carea' id='block_1_51' title="bbox 522 4454 2147 4533">
    <p class='ocr_par' dir='ltr' id='par_1_51' title="bbox 522 4454 2147 4533">
     <span class='ocr_line' id='line_1_52' title="bbox 522 4454 2147 4533; baseline 0.006 -28"><span class='ocrx_word' id='word_1_275' title='bbox 522 4454 622 4509; x_wconf 83' lang='lat' dir='ltr'>Hic</span> <span class='ocrx_word' id='word_1_276' title='bbox 654 4456 927 4525; x_wconf 87' lang='lat' dir='ltr'>quondam</span> <span class='ocrx_word' id='word_1_277' title='bbox 956 4460 1082 4514; x_wconf 77' lang='lat' dir='ltr'>cmlo</span> <span class='ocrx_word' id='word_1_278' title='bbox 1105 4460 1239 4514; x_wconf 83' lang='lat' dir='ltr'>liber</span> <span class='ocrx_word' id='word_1_279' title='bbox 1288 4464 1496 4533; x_wconf 80' lang='lat' dir='ltr'>aperto]</span> <span class='ocrx_word' id='word_1_280' title='bbox 1557 4463 1928 4520; x_wconf 87' lang='lat' dir='ltr'>Peculiariter</span> <span class='ocrx_word' id='word_1_281' title='bbox 1975 4478 2147 4533; x_wconf 88' lang='lat' dir='ltr'>super</span> 
     </span>
    </p>
   </div>
   <div class='ocr_carea' id='block_1_52' title="bbox 451 4540 2145 4623">
    <p class='ocr_par' dir='ltr' id='par_1_52' title="bbox 451 4540 2145 4623">
     <span class='ocr_line' id='line_1_53' title="bbox 451 4540 2145 4623; baseline 0.007 -29"><span class='ocrx_word' id='word_1_282' title='bbox 451 4540 756 4598; x_wconf 80' lang='lat' dir='ltr'>immutata</span> <span class='ocrx_word' id='word_1_283' title='bbox 791 4546 1175 4604; x_wconf 90' lang='lat' dir='ltr'>Boetiimente</span> <span class='ocrx_word' id='word_1_284' title='bbox 1207 4550 1457 4619; x_wconf 87' lang='lat' dir='ltr'>graviter</span> <span class='ocrx_word' id='word_1_285' title='bbox 1504 4552 1860 4623; x_wconf 87' lang='lat' dir='ltr'>indignatur,</span> <span class='ocrx_word' id='word_1_286' title='bbox 1893 4557 1949 4608; x_wconf 91' lang='lat' dir='ltr'>et</span> <span class='ocrx_word' id='word_1_287' title='bbox 1995 4569 2025 4608; x_wconf 91' lang='lat' dir='ltr'>e</span> <span class='ocrx_word' id='word_1_288' title='bbox 2047 4567 2145 4606; x_wconf 91' lang='lat' dir='ltr'>cu-</span> 
     </span>
    </p>
   </div>
   <div class='ocr_carea' id='block_1_53' title="bbox 446 4631 1903 4710">
    <p class='ocr_par' dir='ltr' id='par_1_53' title="bbox 446 4631 1903 4710">
     <span class='ocr_line' id='line_1_54' title="bbox 446 4631 1903 4710; baseline 0.008 -26"><span class='ocrx_word' id='word_1_289' title='bbox 446 4631 700 4701; x_wconf 87' lang='lat' dir='ltr'>jusmodi</span> <span class='ocrx_word' id='word_1_290' title='bbox 732 4639 909 4689; x_wconf 89' lang='lat' dir='ltr'>status</span> <span class='ocrx_word' id='word_1_291' title='bbox 940 4638 1271 4692; x_wconf 86' lang='lat' dir='ltr'>excellentia</span> <span class='ocrx_word' id='word_1_292' title='bbox 1312 4639 1562 4710; x_wconf 87' lang='lat' dir='ltr'>dejectus</span> <span class='ocrx_word' id='word_1_293' title='bbox 1594 4640 1686 4707; x_wconf 89' lang='lat' dir='ltr'>sit,</span> <span class='ocrx_word' id='word_1_294' title='bbox 1720 4642 1903 4697; x_wconf 91' lang='lat' dir='ltr'>docet.</span> 
     </span>
    </p>
   </div>
   <div class='ocr_carea' id='block_1_54' title="bbox 522 4723 914 4793">
    <p class='ocr_par' dir='ltr' id='par_1_54' title="bbox 522 4723 914 4793">
     <span class='ocr_line' id='line_1_55' title="bbox 522 4723 914 4793; baseline 0.008 -18"><span class='ocrx_word' id='word_1_295' title='bbox 522 4723 645 4793; x_wconf 89' lang='lat' dir='ltr'>Hic]</span> <span class='ocrx_word' id='word_1_296' title='bbox 673 4724 914 4778; x_wconf 89' lang='lat' dir='ltr'>Boetius.</span> 
     </span>
    </p>
   </div>
   <div class='ocr_carea' id='block_1_55' title="bbox 522 4811 2146 4892">
    <p class='ocr_par' dir='ltr' id='par_1_55' title="bbox 522 4811 2146 4892">
     <span class='ocr_line' id='line_1_56' title="bbox 522 4811 2146 4892; baseline 0.007 -29"><span class='ocrx_word' id='word_1_297' title='bbox 522 4811 683 4864; x_wconf 84' lang='lat' dir='ltr'>Liber</span> <span class='ocrx_word' id='word_1_298' title='bbox 718 4814 1017 4888; x_wconf 81' lang='lat' dir='ltr'>quondam]</span> <span class='ocrx_word' id='word_1_299' title='bbox 1058 4817 1200 4872; x_wconf 90' lang='lat' dir='ltr'>Cum</span> <span class='ocrx_word' id='word_1_300' title='bbox 1249 4818 1505 4874; x_wconf 91' lang='lat' dir='ltr'>nondum</span> <span class='ocrx_word' id='word_1_301' title='bbox 1554 4819 1915 4892; x_wconf 89' lang='lat' dir='ltr'>passionibus</span> <span class='ocrx_word' id='word_1_302' title='bbox 1966 4819 2146 4875; x_wconf 90' lang='lat' dir='ltr'>animi</span> 
     </span>
    </p>
   </div>
   <div class='ocr_carea' id='block_1_56' title="bbox 453 4900 705 4955">
    <p class='ocr_par' dir='ltr' id='par_1_56' title="bbox 453 4900 705 4955">
     <span class='ocr_line' id='line_1_57' title="bbox 453 4900 705 4955; baseline 0.012 -3"><span class='ocrx_word' id='word_1_303' title='bbox 453 4900 705 4955; x_wconf 87' lang='lat' dir='ltr'>serviret.</span> 
     </span>
    </p>
   </div>
   <div class='ocr_carea' id='block_1_57' title="bbox 522 4991 1008 5061">
    <p class='ocr_par' dir='ltr' id='par_1_57' title="bbox 522 4991 1008 5061">
     <span class='ocr_line' id='line_1_58' title="bbox 522 4991 1008 5061; baseline 0.004 -17"><span class='ocrx_word' id='word_1_304' title='bbox 522 4991 738 5061; x_wconf 85' lang='lat' dir='ltr'>Suetus]</span> <span class='ocrx_word' id='word_1_305' title='bbox 780 4992 1008 5046; x_wconf 85' lang='lat' dir='ltr'>Solitus.</span> 
     </span>
    </p>
   </div>
   <div class='ocr_carea' id='block_1_58' title="bbox 520 5076 2141 5159">
    <p class='ocr_par' dir='ltr' id='par_1_58' title="bbox 520 5076 2141 5159">
     <span class='ocr_line' id='line_1_59' title="bbox 520 5076 2141 5159; baseline 0.01 -27"><span class='ocrx_word' id='word_1_306' title='bbox 520 5076 623 5152; x_wconf 86' lang='lat' dir='ltr'>Ire]</span> <span class='ocrx_word' id='word_1_307' title='bbox 662 5081 816 5135; x_wconf 87' lang='lat' dir='ltr'>Ferri</span> <span class='ocrx_word' id='word_1_308' title='bbox 844 5085 1322 5155; x_wconf 89' lang='lat' dir='ltr'>contemplatione</span> <span class='ocrx_word' id='word_1_309' title='bbox 1355 5088 1413 5142; x_wconf 91' lang='lat' dir='ltr'>in</span> <span class='ocrx_word' id='word_1_310' title='bbox 1439 5088 1719 5145; x_wconf 67' lang='lat' dir='ltr'>aethereos</span> <span class='ocrx_word' id='word_1_311' title='bbox 1766 5097 2007 5159; x_wconf 90' lang='lat' dir='ltr'>meatus,</span> <span class='ocrx_word' id='word_1_312' title='bbox 2032 5094 2141 5148; x_wconf 92' lang='lat' dir='ltr'>hoc</span> 
     </span>
    </p>
   </div>
   <div class='ocr_carea' id='block_1_59' title="bbox 450 5168 2146 5253">
    <p class='ocr_par' dir='ltr' id='par_1_59' title="bbox 450 5168 2146 5253">
     <span class='ocr_line' id='line_1_60' title="bbox 450 5168 2146 5253; baseline 0.009 -31"><span class='ocrx_word' id='word_1_313' title='bbox 450 5173 553 5233; x_wconf 90' lang='lat' dir='ltr'>est,</span> <span class='ocrx_word' id='word_1_314' title='bbox 579 5168 638 5223; x_wconf 91' lang='lat' dir='ltr'>in</span> <span class='ocrx_word' id='word_1_315' title='bbox 672 5174 860 5226; x_wconf 90' lang='lat' dir='ltr'>motus</span> <span class='ocrx_word' id='word_1_316' title='bbox 890 5189 1197 5243; x_wconf 91' lang='lat' dir='ltr'>corporum</span> <span class='ocrx_word' id='word_1_317' title='bbox 1230 5178 1759 5251; x_wconf 72' lang='lat' dir='ltr'>caalestium,idque</span> <span class='ocrx_word' id='word_1_318' title='bbox 1779 5182 1922 5235; x_wconf 68' lang='lat' dir='ltr'>caelo</span> <span class='ocrx_word' id='word_1_319' title='bbox 1950 5187 2146 5253; x_wconf 88' lang='lat' dir='ltr'>aperto</span> 
     </span>
    </p>
   </div>
   <div class='ocr_carea' id='block_1_60' title="bbox 450 5259 2148 5338">
    <p class='ocr_par' dir='ltr' id='par_1_60' title="bbox 450 5259 2148 5338">
     <span class='ocr_line' id='line_1_61' title="bbox 450 5259 2148 5338; baseline 0.009 -26"><span class='ocrx_word' id='word_1_320' title='bbox 450 5264 507 5313; x_wconf 90' lang='lat' dir='ltr'>et</span> <span class='ocrx_word' id='word_1_321' title='bbox 529 5259 841 5315; x_wconf 89' lang='lat' dir='ltr'>intellectui</span> <span class='ocrx_word' id='word_1_322' title='bbox 880 5264 1186 5334; x_wconf 90' lang='lat' dir='ltr'>patefacto,</span> <span class='ocrx_word' id='word_1_323' title='bbox 1222 5268 1491 5322; x_wconf 89' lang='lat' dir='ltr'>cernebat</span> <span class='ocrx_word' id='word_1_324' title='bbox 1519 5269 1739 5323; x_wconf 89' lang='lat' dir='ltr'>lumina</span> <span class='ocrx_word' id='word_1_325' title='bbox 1766 5272 1935 5338; x_wconf 90' lang='lat' dir='ltr'>rosei,</span> <span class='ocrx_word' id='word_1_326' title='bbox 1977 5271 2034 5327; x_wconf 93' lang='lat' dir='ltr'>id</span> <span class='ocrx_word' id='word_1_327' title='bbox 2064 5276 2148 5327; x_wconf 88' lang='lat' dir='ltr'>est</span> 
     </span>
    </p>
   </div>
   <div class='ocr_carea' id='block_1_61' title="bbox 450 5349 2000 5421">
    <p class='ocr_par' dir='ltr' id='par_1_61' title="bbox 450 5349 2000 5421">
     <span class='ocr_line' id='line_1_62' title="bbox 450 5349 2000 5421; baseline 0.008 -20"><span class='ocrx_word' id='word_1_328' title='bbox 450 5349 751 5404; x_wconf 91' lang='lat' dir='ltr'>rubicundi</span> <span class='ocrx_word' id='word_1_329' title='bbox 783 5356 880 5405; x_wconf 85' lang='lat' dir='ltr'>aut</span> <span class='ocrx_word' id='word_1_330' title='bbox 910 5352 1135 5421; x_wconf 90' lang='lat' dir='ltr'>pulchri</span> <span class='ocrx_word' id='word_1_331' title='bbox 1158 5359 1213 5409; x_wconf 90' lang='lat' dir='ltr'>et</span> <span class='ocrx_word' id='word_1_332' title='bbox 1262 5356 1433 5409; x_wconf 88' lang='lat' dir='ltr'>lucidi</span> <span class='ocrx_word' id='word_1_333' title='bbox 1457 5358 1610 5411; x_wconf 89' lang='lat' dir='ltr'>solis.</span> <span class='ocrx_word' id='word_1_334' title='bbox 1644 5360 1794 5412; x_wconf 88' lang='lat' dir='ltr'>Maro</span> <span class='ocrx_word' id='word_1_335' title='bbox 1817 5359 1873 5415; x_wconf 92' lang='lat' dir='ltr'>in</span> <span class='ocrx_word' id='word_1_336' title='bbox 1904 5376 1958 5413; x_wconf 86' lang='lat' dir='ltr'>x1</span> <span class='ocrx_word' id='word_1_337' title='bbox 1988 5377 2000 5414; x_wconf 74' lang='grc' dir='ltr'>ε</span> 
     </span>
    </p>
   </div>
   <div class='ocr_carea' id='block_1_62' title="bbox 573 5439 1849 5506">
    <p class='ocr_par' dir='ltr' id='par_1_62' title="bbox 573 5439 1849 5506">
     <span class='ocr_line' id='line_1_63' title="bbox 573 5439 1849 5506; baseline 0.009 -21"><span class='ocrx_word' id='word_1_338' title='bbox 573 5439 635 5506; x_wconf 50' lang='grc' dir='ltr'>ἓξ</span> <span class='ocrx_word' id='word_1_339' title='bbox 666 5440 1050 5489; x_wconf 65' lang='grc' dir='ltr'>Γοεευεῖἰεεεοε</span> <span class='ocrx_word' id='word_1_340' title='bbox 1067 5440 1177 5504; x_wconf 89' lang='lat' dir='ltr'>jam</span> <span class='ocrx_word' id='word_1_341' title='bbox 1207 5444 1411 5506; x_wconf 86' lang='lat' dir='ltr'>gurgite</span> <span class='ocrx_word' id='word_1_342' title='bbox 1441 5444 1669 5496; x_wconf 70' lang='lat' dir='ltr'>Phoebus</span> <span class='ocrx_word' id='word_1_343' title='bbox 1699 5448 1849 5497; x_wconf 91' lang='lat' dir='ltr'>lbero</span> 
     </span>
    </p>
   </div>
   <div class='ocr_carea' id='block_1_63' title="bbox 572 5501 1908 5568">
    <p class='ocr_par' dir='ltr' id='par_1_63' title="bbox 572 5501 1908 5568">
     <span class='ocr_line' id='line_1_64' title="bbox 572 5501 1908 5568; baseline 0.007 -19"><span class='ocrx_word' id='word_1_344' title='bbox 572 5501 761 5565; x_wconf 86' lang='lat' dir='ltr'>Tingat</span> <span class='ocrx_word' id='word_1_345' title='bbox 788 5516 971 5566; x_wconf 86' lang='lat' dir='ltr'>equos,</span> <span class='ocrx_word' id='word_1_346' title='bbox 997 5501 1423 5568; x_wconf 61' lang='lat' dir='ltr'>noctemque&#39;die</span> <span class='ocrx_word' id='word_1_347' title='bbox 1444 5506 1651 5559; x_wconf 84' lang='lat' dir='ltr'>labente</span> <span class='ocrx_word' id='word_1_348' title='bbox 1674 5510 1908 5561; x_wconf 80' lang='lat' dir='ltr'>reducat.</span> 
     </span>
    </p>
   </div>
   <div class='ocr_carea' id='block_1_64' title="bbox 528 5581 1151 5655">
    <p class='ocr_par' dir='ltr' id='par_1_64' title="bbox 528 5581 1151 5655">
     <span class='ocr_line' id='line_1_65' title="bbox 528 5581 1151 5655; baseline 0.005 -21"><span class='ocrx_word' id='word_1_349' title='bbox 528 5581 770 5655; x_wconf 69' lang='lat' dir='ltr'>Visebat]</span> <span class='ocrx_word' id='word_1_350' title='bbox 799 5584 1151 5639; x_wconf 86' lang='lat' dir='ltr'>lntuebatur.</span> 
     </span>
    </p>
   </div>
   <div class='ocr_carea' id='block_1_65' title="bbox 2184 1724 2223 1777">
    <p class='ocr_par' dir='ltr' id='par_1_65' title="bbox 2184 1724 2223 1777">
     <span class='ocr_line' id='line_1_66' title="bbox 2184 1724 2223 1777; baseline 0 0"><span class='ocrx_word' id='word_1_351' title='bbox 2184 1724 2223 1777; x_wconf 81' lang='grc' dir='ltr'>Β</span> 
     </span>
    </p>
   </div>
   <div class='ocr_carea' id='block_1_66' title="bbox 2326 511 3875 584">
    <p class='ocr_par' dir='ltr' id='par_1_66' title="bbox 2326 511 3875 584">
     <span class='ocr_line' id='line_1_67' title="bbox 2326 511 3875 584; baseline 0.004 -19"><span class='ocrx_word' id='word_1_352' title='bbox 2326 512 2726 584; x_wconf 64' lang='lat' dir='ltr'>Gelidw&#39;lunaz]</span> <span class='ocrx_word' id='word_1_353' title='bbox 2782 513 2919 577; x_wconf 69' lang='lat' dir='ltr'>Qua:</span> <span class='ocrx_word' id='word_1_354' title='bbox 2982 512 3206 584; x_wconf 85' lang='lat' dir='ltr'>frigidis</span> <span class='ocrx_word' id='word_1_355' title='bbox 3252 511 3607 584; x_wconf 86' lang='lat' dir='ltr'>humidisque</span> <span class='ocrx_word' id='word_1_356' title='bbox 3661 516 3875 571; x_wconf 85' lang='lat' dir='ltr'>noctibus</span> 
     </span>
    </p>
   </div>
   <div class='ocr_carea' id='block_1_67' title="bbox 2253 602 3876 674">
    <p class='ocr_par' dir='ltr' id='par_1_67' title="bbox 2253 602 3876 674">
     <span class='ocr_line' id='line_1_68' title="bbox 2253 602 3876 674; baseline 0.002 -19"><span class='ocrx_word' id='word_1_357' title='bbox 2253 608 2477 673; x_wconf 74' lang='lat' dir='ltr'>praeest.</span> <span class='ocrx_word' id='word_1_358' title='bbox 2509 602 2602 657; x_wconf 91' lang='lat' dir='ltr'>Sol</span> <span class='ocrx_word' id='word_1_359' title='bbox 2633 602 2813 655; x_wconf 90' lang='lat' dir='ltr'>dictus</span> <span class='ocrx_word' id='word_1_360' title='bbox 2836 608 2941 669; x_wconf 93' lang='lat' dir='ltr'>est,</span> <span class='ocrx_word' id='word_1_361' title='bbox 2974 603 3061 656; x_wconf 86' lang='lat' dir='ltr'>vel</span> <span class='ocrx_word' id='word_1_362' title='bbox 3095 602 3230 674; x_wconf 88' lang='lat' dir='ltr'>quia</span> <span class='ocrx_word' id='word_1_363' title='bbox 3269 602 3424 656; x_wconf 89' lang='lat' dir='ltr'>solus</span> <span class='ocrx_word' id='word_1_364' title='bbox 3479 617 3543 656; x_wconf 86' lang='lat' dir='ltr'>ex</span> <span class='ocrx_word' id='word_1_365' title='bbox 3571 604 3805 657; x_wconf 90' lang='lat' dir='ltr'>omnibus</span> <span class='ocrx_word' id='word_1_366' title='bbox 3825 606 3876 659; x_wconf 86' lang='lat' dir='ltr'>si-</span> 
     </span>
    </p>
   </div>
   <div class='ocr_carea' id='block_1_68' title="bbox 2252 690 3871 762">
    <p class='ocr_par' dir='ltr' id='par_1_68' title="bbox 2252 690 3871 762">
     <span class='ocr_line' id='line_1_69' title="bbox 2252 690 3871 762; baseline 0.002 -18"><span class='ocrx_word' id='word_1_367' title='bbox 2252 690 2484 744; x_wconf 90' lang='lat' dir='ltr'>deribus</span> <span class='ocrx_word' id='word_1_368' title='bbox 2514 695 2597 745; x_wconf 91' lang='lat' dir='ltr'>est</span> <span class='ocrx_word' id='word_1_369' title='bbox 2620 696 2828 746; x_wconf 87' lang='lat' dir='ltr'>tantus.</span> <span class='ocrx_word' id='word_1_370' title='bbox 2863 692 2949 745; x_wconf 82' lang='lat' dir='ltr'>vel</span> <span class='ocrx_word' id='word_1_371' title='bbox 2982 691 3117 762; x_wconf 88' lang='lat' dir='ltr'>quia</span> <span class='ocrx_word' id='word_1_372' title='bbox 3148 707 3278 745; x_wconf 91' lang='lat' dir='ltr'>cum</span> <span class='ocrx_word' id='word_1_373' title='bbox 3310 695 3398 744; x_wconf 88' lang='lat' dir='ltr'>est</span> <span class='ocrx_word' id='word_1_374' title='bbox 3426 695 3657 756; x_wconf 84' lang='lat' dir='ltr'>exortus,</span> <span class='ocrx_word' id='word_1_375' title='bbox 3711 694 3871 747; x_wconf 87' lang='lat' dir='ltr'>obscu-</span> 
     </span>
    </p>
   </div>
   <div class='ocr_carea' id='block_1_69' title="bbox 2251 779 3875 851">
    <p class='ocr_par' dir='ltr' id='par_1_69' title="bbox 2251 779 3875 851">
     <span class='ocr_line' id='line_1_70' title="bbox 2251 779 3875 851; baseline 0.001 -18"><span class='ocrx_word' id='word_1_376' title='bbox 2251 780 2388 833; x_wconf 90' lang='lat' dir='ltr'>ratis</span> <span class='ocrx_word' id='word_1_377' title='bbox 2418 779 2707 845; x_wconf 89' lang='lat' dir='ltr'>omnibus,</span> <span class='ocrx_word' id='word_1_378' title='bbox 2742 780 2897 833; x_wconf 89' lang='lat' dir='ltr'>solus</span> <span class='ocrx_word' id='word_1_379' title='bbox 2917 784 3173 851; x_wconf 88' lang='lat' dir='ltr'>apparet.</span> <span class='ocrx_word' id='word_1_380' title='bbox 3226 780 3385 834; x_wconf 90' lang='lat' dir='ltr'>Luna</span> <span class='ocrx_word' id='word_1_381' title='bbox 3409 795 3442 832; x_wconf 87' lang='lat' dir='ltr'>a</span> <span class='ocrx_word' id='word_1_382' title='bbox 3465 779 3689 833; x_wconf 91' lang='lat' dir='ltr'>lucendo</span> <span class='ocrx_word' id='word_1_383' title='bbox 3738 784 3875 835; x_wconf 90' lang='lat' dir='ltr'>nomi-</span> 
     </span>
    </p>
   </div>
   <div class='ocr_carea' id='block_1_70' title="bbox 2250 868 3875 924">
    <p class='ocr_par' dir='ltr' id='par_1_70' title="bbox 2250 868 3875 924">
     <span class='ocr_line' id='line_1_71' title="bbox 2250 868 3875 924; baseline 0.002 -3"><span class='ocrx_word' id='word_1_384' title='bbox 2250 873 2386 922; x_wconf 88' lang='lat' dir='ltr'>nata</span> <span class='ocrx_word' id='word_1_385' title='bbox 2406 872 2508 921; x_wconf 90' lang='lat' dir='ltr'>est.</span> <span class='ocrx_word' id='word_1_386' title='bbox 2561 868 2773 922; x_wconf 90' lang='lat' dir='ltr'>Eadem</span> <span class='ocrx_word' id='word_1_387' title='bbox 2804 874 2887 922; x_wconf 91' lang='lat' dir='ltr'>est</span> <span class='ocrx_word' id='word_1_388' title='bbox 2926 869 3080 923; x_wconf 90' lang='lat' dir='ltr'>enim</span> <span class='ocrx_word' id='word_1_389' title='bbox 3128 868 3357 924; x_wconf 86' lang='lat' dir='ltr'>Lucina.</span> <span class='ocrx_word' id='word_1_390' title='bbox 3391 868 3577 922; x_wconf 85' lang='lat' dir='ltr'>Cicero</span> <span class='ocrx_word' id='word_1_391' title='bbox 3626 875 3793 923; x_wconf 87' lang='lat' dir='ltr'>auctor</span> <span class='ocrx_word' id='word_1_392' title='bbox 3835 870 3875 924; x_wconf 88' lang='lat' dir='ltr'>in</span> 
     </span>
    </p>
   </div>
   <div class='ocr_carea' id='block_1_71' title="bbox 2250 957 3126 1012">
    <p class='ocr_par' dir='ltr' id='par_1_71' title="bbox 2250 957 3126 1012">
     <span class='ocr_line' id='line_1_72' title="bbox 2250 957 3126 1012; baseline 0.003 -3"><span class='ocrx_word' id='word_1_393' title='bbox 2250 957 2501 1011; x_wconf 90' lang='lat' dir='ltr'>secundo</span> <span class='ocrx_word' id='word_1_394' title='bbox 2524 957 2592 1011; x_wconf 91' lang='lat' dir='ltr'>de</span> <span class='ocrx_word' id='word_1_395' title='bbox 2626 959 2837 1011; x_wconf 84' lang='lat' dir='ltr'>Natura</span> <span class='ocrx_word' id='word_1_396' title='bbox 2865 958 3126 1012; x_wconf 90' lang='lat' dir='ltr'>deorum.</span> 
     </span>
    </p>
   </div>
   <div class='ocr_carea' id='block_1_72' title="bbox 2321 1053 3869 1127">
    <p class='ocr_par' dir='ltr' id='par_1_72' title="bbox 2321 1053 3869 1127">
     <span class='ocr_line' id='line_1_73' title="bbox 2321 1053 3869 1127; baseline 0.001 -20"><span class='ocrx_word' id='word_1_397' title='bbox 2321 1056 2389 1107; x_wconf 86' lang='lat' dir='ltr'>Et</span> <span class='ocrx_word' id='word_1_398' title='bbox 2413 1053 2598 1127; x_wconf 85' lang='lat' dir='ltr'>victor]</span> <span class='ocrx_word' id='word_1_399' title='bbox 2636 1055 2695 1109; x_wconf 90' lang='lat' dir='ltr'>Id</span> <span class='ocrx_word' id='word_1_400' title='bbox 2725 1060 2810 1109; x_wconf 91' lang='lat' dir='ltr'>est</span> <span class='ocrx_word' id='word_1_401' title='bbox 2836 1056 2951 1109; x_wconf 89' lang='lat' dir='ltr'>voti</span> <span class='ocrx_word' id='word_1_402' title='bbox 2980 1072 3234 1126; x_wconf 92' lang='lat' dir='ltr'>compos,</span> <span class='ocrx_word' id='word_1_403' title='bbox 3268 1054 3513 1109; x_wconf 87' lang='lat' dir='ltr'>habebat</span> <span class='ocrx_word' id='word_1_404' title='bbox 3543 1069 3753 1109; x_wconf 90' lang='lat' dir='ltr'>omnem</span> <span class='ocrx_word' id='word_1_405' title='bbox 3779 1071 3869 1109; x_wconf 87' lang='lat' dir='ltr'>eam</span> 
     </span>
    </p>
   </div>
   <div class='ocr_carea' id='block_1_73' title="bbox 2251 1143 3870 1215">
    <p class='ocr_par' dir='ltr' id='par_1_73' title="bbox 2251 1143 3870 1215">
     <span class='ocr_line' id='line_1_74' title="bbox 2251 1143 3870 1215; baseline 0.001 -19"><span class='ocrx_word' id='word_1_406' title='bbox 2251 1144 2473 1197; x_wconf 88' lang='lat' dir='ltr'>stellam</span> <span class='ocrx_word' id='word_1_407' title='bbox 2504 1143 2758 1198; x_wconf 90' lang='lat' dir='ltr'>numeris</span> <span class='ocrx_word' id='word_1_408' title='bbox 2787 1146 3282 1214; x_wconf 88' lang='lat' dir='ltr'>comprehensam,</span> <span class='ocrx_word' id='word_1_409' title='bbox 3328 1159 3693 1215; x_wconf 77' lang='lat' dir='ltr'>quaecunque,</span> <span class='ocrx_word' id='word_1_410' title='bbox 3715 1144 3870 1197; x_wconf 83' lang='lat' dir='ltr'>hocest</span> 
     </span>
    </p>
   </div>
   <div class='ocr_carea' id='block_1_74' title="bbox 2252 1233 3873 1305">
    <p class='ocr_par' dir='ltr' id='par_1_74' title="bbox 2252 1233 3873 1305">
     <span class='ocr_line' id='line_1_75' title="bbox 2252 1233 3873 1305; baseline -0.001 -17"><span class='ocrx_word' id='word_1_411' title='bbox 2252 1249 2380 1303; x_wconf 72' lang='lat' dir='ltr'>qua:</span> <span class='ocrx_word' id='word_1_412' title='bbox 2406 1234 2570 1300; x_wconf 85' lang='lat' dir='ltr'>flexa,</span> <span class='ocrx_word' id='word_1_413' title='bbox 2604 1239 2761 1287; x_wconf 88' lang='lat' dir='ltr'>mota</span> <span class='ocrx_word' id='word_1_414' title='bbox 2789 1250 2892 1304; x_wconf 89' lang='lat' dir='ltr'>per</span> <span class='ocrx_word' id='word_1_415' title='bbox 2922 1236 3107 1288; x_wconf 89' lang='lat' dir='ltr'>varios</span> <span class='ocrx_word' id='word_1_416' title='bbox 3131 1234 3313 1297; x_wconf 89' lang='lat' dir='ltr'>orbes,</span> <span class='ocrx_word' id='word_1_417' title='bbox 3340 1250 3485 1305; x_wconf 88' lang='lat' dir='ltr'>quos</span> <span class='ocrx_word' id='word_1_418' title='bbox 3532 1233 3779 1303; x_wconf 84' lang='lat' dir='ltr'>astrologi</span> <span class='ocrx_word' id='word_1_419' title='bbox 3803 1248 3873 1303; x_wconf 89' lang='lat' dir='ltr'>po-</span> 
     </span>
    </p>
   </div>
   <div class='ocr_carea' id='block_1_75' title="bbox 2251 1322 3877 1394">
    <p class='ocr_par' dir='ltr' id='par_1_75' title="bbox 2251 1322 3877 1394">
     <span class='ocr_line' id='line_1_76' title="bbox 2251 1322 3877 1394; baseline 0.002 -20"><span class='ocrx_word' id='word_1_420' title='bbox 2251 1326 2413 1389; x_wconf 89' lang='lat' dir='ltr'>nunt,</span> <span class='ocrx_word' id='word_1_421' title='bbox 2452 1328 2714 1375; x_wconf 85' lang='lat' dir='ltr'>exercent</span> <span class='ocrx_word' id='word_1_422' title='bbox 2766 1340 2938 1394; x_wconf 88' lang='lat' dir='ltr'>vagos</span> <span class='ocrx_word' id='word_1_423' title='bbox 2974 1340 3255 1391; x_wconf 86' lang='lat' dir='ltr'>recursus,</span> <span class='ocrx_word' id='word_1_424' title='bbox 3304 1323 3360 1377; x_wconf 92' lang='lat' dir='ltr'>id</span> <span class='ocrx_word' id='word_1_425' title='bbox 3391 1327 3477 1376; x_wconf 90' lang='lat' dir='ltr'>est</span> <span class='ocrx_word' id='word_1_426' title='bbox 3504 1322 3749 1376; x_wconf 84' lang='lat' dir='ltr'>erraticos</span> <span class='ocrx_word' id='word_1_427' title='bbox 3786 1340 3877 1377; x_wconf 86' lang='lat' dir='ltr'>mo-</span> 
     </span>
    </p>
   </div>
   <div class='ocr_carea' id='block_1_76' title="bbox 2246 1411 3873 1484">
    <p class='ocr_par' dir='ltr' id='par_1_76' title="bbox 2246 1411 3873 1484">
     <span class='ocr_line' id='line_1_77' title="bbox 2246 1411 3873 1484; baseline 0.001 -19"><span class='ocrx_word' id='word_1_428' title='bbox 2246 1415 2359 1465; x_wconf 91' lang='lat' dir='ltr'>tus.</span> <span class='ocrx_word' id='word_1_429' title='bbox 2392 1413 2599 1465; x_wconf 68' lang='lat' dir='ltr'>Praeter</span> <span class='ocrx_word' id='word_1_430' title='bbox 2620 1429 2712 1465; x_wconf 91' lang='lat' dir='ltr'>eas</span> <span class='ocrx_word' id='word_1_431' title='bbox 2735 1413 2925 1467; x_wconf 89' lang='lat' dir='ltr'>stellas</span> <span class='ocrx_word' id='word_1_432' title='bbox 2956 1429 3083 1484; x_wconf 65' lang='lat' dir='ltr'>quae</span> <span class='ocrx_word' id='word_1_433' title='bbox 3100 1418 3294 1467; x_wconf 90' lang='lat' dir='ltr'>octavo</span> <span class='ocrx_word' id='word_1_434' title='bbox 3326 1412 3469 1466; x_wconf 73' lang='lat' dir='ltr'>coelo</span> <span class='ocrx_word' id='word_1_435' title='bbox 3500 1411 3679 1465; x_wconf 73' lang='lat' dir='ltr'>infixa:</span> <span class='ocrx_word' id='word_1_436' title='bbox 3716 1411 3873 1466; x_wconf 82' lang='lat' dir='ltr'>dicun~</span> 
     </span>
    </p>
   </div>
   <div class='ocr_carea' id='block_1_77' title="bbox 2251 1502 3870 1572">
    <p class='ocr_par' dir='ltr' id='par_1_77' title="bbox 2251 1502 3870 1572">
     <span class='ocr_line' id='line_1_78' title="bbox 2251 1502 3870 1572; baseline -0.001 -18"><span class='ocrx_word' id='word_1_437' title='bbox 2251 1506 2368 1568; x_wconf 88' lang='lat' dir='ltr'>tur,</span> <span class='ocrx_word' id='word_1_438' title='bbox 2430 1517 2671 1572; x_wconf 84' lang='lat' dir='ltr'>quarum</span> <span class='ocrx_word' id='word_1_439' title='bbox 2731 1518 3021 1569; x_wconf 75' lang='lat' dir='ltr'>numerus</span> <span class='ocrx_word' id='word_1_440' title='bbox 3084 1502 3410 1572; x_wconf 89' lang='lat' dir='ltr'>incognitus</span> <span class='ocrx_word' id='word_1_441' title='bbox 3450 1512 3532 1555; x_wconf 85' lang='lat' dir='ltr'>est</span> <span class='ocrx_word' id='word_1_442' title='bbox 3578 1504 3870 1565; x_wconf 85' lang='lat' dir='ltr'>astronomis,</span> 
     </span>
    </p>
   </div>
   <div class='ocr_carea' id='block_1_78' title="bbox 2254 1590 3873 1660">
    <p class='ocr_par' dir='ltr' id='par_1_78' title="bbox 2254 1590 3873 1660">
     <span class='ocr_line' id='line_1_79' title="bbox 2254 1590 3873 1660; baseline -0.001 -17"><span class='ocrx_word' id='word_1_443' title='bbox 2254 1595 2471 1660; x_wconf 89' lang='lat' dir='ltr'>septem</span> <span class='ocrx_word' id='word_1_444' title='bbox 2504 1591 2629 1644; x_wconf 70' lang='lat' dir='ltr'>alim</span> <span class='ocrx_word' id='word_1_445' title='bbox 2654 1596 2787 1647; x_wconf 89' lang='lat' dir='ltr'>sunt</span> <span class='ocrx_word' id='word_1_446' title='bbox 2843 1607 2959 1645; x_wconf 90' lang='lat' dir='ltr'>non</span> <span class='ocrx_word' id='word_1_447' title='bbox 3008 1591 3067 1645; x_wconf 90' lang='lat' dir='ltr'>in</span> <span class='ocrx_word' id='word_1_448' title='bbox 3096 1596 3293 1646; x_wconf 82' lang='lat' dir='ltr'>octavo</span> <span class='ocrx_word' id='word_1_449' title='bbox 3346 1591 3508 1656; x_wconf 64' lang='lat' dir='ltr'>coelo,</span> <span class='ocrx_word' id='word_1_450' title='bbox 3556 1595 3618 1644; x_wconf 89' lang='lat' dir='ltr'>ut</span> <span class='ocrx_word' id='word_1_451' title='bbox 3644 1590 3757 1657; x_wconf 66' lang='lat' dir='ltr'>illas,</span> <span class='ocrx_word' id='word_1_452' title='bbox 3805 1591 3873 1643; x_wconf 79' lang='lat' dir='ltr'>scd</span> 
     </span>
    </p>
   </div>
   <div class='ocr_carea' id='block_1_79' title="bbox 2253 1680 3872 1751">
    <p class='ocr_par' dir='ltr' id='par_1_79' title="bbox 2253 1680 3872 1751">
     <span class='ocr_line' id='line_1_80' title="bbox 2253 1680 3872 1751; baseline 0.001 -19"><span class='ocrx_word' id='word_1_453' title='bbox 2253 1680 2583 1749; x_wconf 66' lang='lat' dir='ltr'>singulmfin</span> <span class='ocrx_word' id='word_1_454' title='bbox 2615 1681 2852 1751; x_wconf 91' lang='lat' dir='ltr'>singulis</span> <span class='ocrx_word' id='word_1_455' title='bbox 2884 1686 3104 1751; x_wconf 89' lang='lat' dir='ltr'>septem</span> <span class='ocrx_word' id='word_1_456' title='bbox 3139 1681 3293 1736; x_wconf 77' lang='lat' dir='ltr'>caelis</span> <span class='ocrx_word' id='word_1_457' title='bbox 3325 1680 3694 1747; x_wconf 82' lang='lat' dir='ltr'>inferioribus,</span> <span class='ocrx_word' id='word_1_458' title='bbox 3750 1687 3797 1732; x_wconf 92' lang='lat' dir='ltr'>ut</span> <span class='ocrx_word' id='word_1_459' title='bbox 3834 1682 3872 1733; x_wconf 86' lang='lat' dir='ltr'>in</span> 
     </span>
    </p>
   </div>
   <div class='ocr_carea' id='block_1_80' title="bbox 2253 1770 3869 1841">
    <p class='ocr_par' dir='ltr' id='par_1_80' title="bbox 2253 1770 3869 1841">
     <span class='ocr_line' id='line_1_81' title="bbox 2253 1770 3869 1841; baseline 0.002 -19"><span class='ocrx_word' id='word_1_460' title='bbox 2253 1770 2500 1839; x_wconf 91' lang='lat' dir='ltr'>septimo</span> <span class='ocrx_word' id='word_1_461' title='bbox 2530 1770 2603 1823; x_wconf 90' lang='lat' dir='ltr'>sit</span> <span class='ocrx_word' id='word_1_462' title='bbox 2624 1772 2920 1837; x_wconf 83' lang='lat' dir='ltr'>Saturnus,</span> <span class='ocrx_word' id='word_1_463' title='bbox 2946 1771 3005 1824; x_wconf 90' lang='lat' dir='ltr'>in</span> <span class='ocrx_word' id='word_1_464' title='bbox 3019 1770 3431 1841; x_wconf 88' lang='lat' dir='ltr'>sextoJupiter,</span> <span class='ocrx_word' id='word_1_465' title='bbox 3465 1770 3525 1823; x_wconf 89' lang='lat' dir='ltr'>in</span> <span class='ocrx_word' id='word_1_466' title='bbox 3549 1770 3729 1841; x_wconf 89' lang='lat' dir='ltr'>quinto</span> <span class='ocrx_word' id='word_1_467' title='bbox 3750 1770 3869 1825; x_wconf 75' lang='lat' dir='ltr'>Mars.</span> 
     </span>
    </p>
   </div>
   <div class='ocr_carea' id='block_1_81' title="bbox 2252 1858 3871 1929">
    <p class='ocr_par' dir='ltr' id='par_1_81' title="bbox 2252 1858 3871 1929">
     <span class='ocr_line' id='line_1_82' title="bbox 2252 1858 3871 1929; baseline 0.002 -17"><span class='ocrx_word' id='word_1_468' title='bbox 2252 1858 2312 1912; x_wconf 93' lang='lat' dir='ltr'>in</span> <span class='ocrx_word' id='word_1_469' title='bbox 2343 1864 2547 1929; x_wconf 88' lang='lat' dir='ltr'>quarto</span> <span class='ocrx_word' id='word_1_470' title='bbox 2580 1860 2695 1926; x_wconf 89' lang='lat' dir='ltr'>Sol,</span> <span class='ocrx_word' id='word_1_471' title='bbox 2730 1860 2788 1912; x_wconf 92' lang='lat' dir='ltr'>in</span> <span class='ocrx_word' id='word_1_472' title='bbox 2816 1859 2983 1912; x_wconf 87' lang='lat' dir='ltr'>tertio</span> <span class='ocrx_word' id='word_1_473' title='bbox 3017 1861 3226 1927; x_wconf 86' lang='lat' dir='ltr'>Venus,</span> <span class='ocrx_word' id='word_1_474' title='bbox 3251 1860 3311 1913; x_wconf 90' lang='lat' dir='ltr'>in</span> <span class='ocrx_word' id='word_1_475' title='bbox 3338 1859 3585 1913; x_wconf 90' lang='lat' dir='ltr'>secundo</span> <span class='ocrx_word' id='word_1_476' title='bbox 3610 1859 3871 1915; x_wconf 79' lang='lat' dir='ltr'>Mercurius.</span> 
     </span>
    </p>
   </div>
   <div class='ocr_carea' id='block_1_82' title="bbox 2252 1946 3873 2021">
    <p class='ocr_par' dir='ltr' id='par_1_82' title="bbox 2252 1946 3873 2021">
     <span class='ocr_line' id='line_1_83' title="bbox 2252 1946 3873 2021; baseline -0.002 -20"><span class='ocrx_word' id='word_1_477' title='bbox 2252 1948 2309 2002; x_wconf 93' lang='lat' dir='ltr'>in</span> <span class='ocrx_word' id='word_1_478' title='bbox 2332 1950 2518 2020; x_wconf 86' lang='lat' dir='ltr'>primo</span> <span class='ocrx_word' id='word_1_479' title='bbox 2554 1949 2723 2003; x_wconf 85' lang='lat' dir='ltr'>Luna.</span> <span class='ocrx_word' id='word_1_480' title='bbox 2752 1951 2813 2002; x_wconf 89' lang='lat' dir='ltr'>Et</span> <span class='ocrx_word' id='word_1_481' title='bbox 2841 1950 2927 2003; x_wconf 76' lang='lat' dir='ltr'>ha:</span> <span class='ocrx_word' id='word_1_482' title='bbox 2958 1950 3134 2003; x_wconf 67' lang='lat' dir='ltr'>stellm</span> <span class='ocrx_word' id='word_1_483' title='bbox 3155 1950 3404 2021; x_wconf 58' lang='lat' dir='ltr'>planetae</span> <span class='ocrx_word' id='word_1_484' title='bbox 3446 1948 3715 2014; x_wconf 91' lang='lat' dir='ltr'>dicuntur,</span> <span class='ocrx_word' id='word_1_485' title='bbox 3731 1946 3775 2000; x_wconf 91' lang='lat' dir='ltr'>id</span> <span class='ocrx_word' id='word_1_486' title='bbox 3801 1952 3873 2007; x_wconf 82' lang='lat' dir='ltr'>est,</span> 
     </span>
    </p>
   </div>
   <div class='ocr_carea' id='block_1_83' title="bbox 2252 2036 3872 2110">
    <p class='ocr_par' dir='ltr' id='par_1_83' title="bbox 2252 2036 3872 2110">
     <span class='ocr_line' id='line_1_84' title="bbox 2252 2036 3872 2110; baseline -0.002 -19"><span class='ocrx_word' id='word_1_487' title='bbox 2252 2038 2513 2091; x_wconf 83' lang='lat' dir='ltr'>erratiles</span> <span class='ocrx_word' id='word_1_488' title='bbox 2544 2039 2699 2108; x_wconf 82' lang='lat' dir='ltr'>(nam</span> <span class='ocrx_word' id='word_1_489' title='bbox 2726 2038 3027 2110; x_wconf 74' lang='grc' dir='ltr'>πλανάομαι</span> <span class='ocrx_word' id='word_1_490' title='bbox 3086 2042 3124 2093; x_wconf 73' lang='lat' dir='ltr'>u‘</span> <span class='ocrx_word' id='word_1_491' title='bbox 3137 2056 3279 2092; x_wconf 69' lang='lat' dir='ltr'>nece</span> <span class='ocrx_word' id='word_1_492' title='bbox 3302 2054 3433 2092; x_wconf 91' lang='lat' dir='ltr'>erro</span> <span class='ocrx_word' id='word_1_493' title='bbox 3457 2036 3872 2109; x_wconf 80' lang='lat' dir='ltr'>signiﬁcatzunde</span> 
     </span>
    </p>
   </div>
   <div class='ocr_carea' id='block_1_84' title="bbox 2253 2126 3875 2198">
    <p class='ocr_par' dir='ltr' id='par_1_84' title="bbox 2253 2126 3875 2198">
     <span class='ocr_line' id='line_1_85' title="bbox 2253 2126 3875 2198; baseline -0.001 -21"><span class='ocrx_word' id='word_1_494' title='bbox 2253 2126 2417 2185; x_wconf 75' lang='grc' dir='ltr'>πλάνη</span> <span class='ocrx_word' id='word_1_495' title='bbox 2453 2144 2614 2181; x_wconf 89' lang='lat' dir='ltr'>error</span> <span class='ocrx_word' id='word_1_496' title='bbox 2639 2132 2695 2181; x_wconf 91' lang='lat' dir='ltr'>et</span> <span class='ocrx_word' id='word_1_497' title='bbox 2737 2127 2935 2188; x_wconf 74' lang='grc' dir='ltr'>πλάνης</span> <span class='ocrx_word' id='word_1_498' title='bbox 2989 2127 3267 2191; x_wconf 75' lang='grc' dir='ltr'>πλάνητος,</span> <span class='ocrx_word' id='word_1_499' title='bbox 3320 2129 3541 2198; x_wconf 82' lang='lat' dir='ltr'>planes,</span> <span class='ocrx_word' id='word_1_500' title='bbox 3590 2127 3800 2197; x_wconf 72' lang='lat' dir='ltr'>planetu,</span> <span class='ocrx_word' id='word_1_501' title='bbox 3838 2128 3875 2176; x_wconf 86' lang='lat' dir='ltr'>et</span> 
     </span>
    </p>
   </div>
   <div class='ocr_carea' id='block_1_85' title="bbox 2253 2214 3873 2288">
    <p class='ocr_par' dir='ltr' id='par_1_85' title="bbox 2253 2214 3873 2288">
     <span class='ocr_line' id='line_1_86' title="bbox 2253 2214 3873 2288; baseline -0.002 -22"><span class='ocrx_word' id='word_1_502' title='bbox 2253 2214 2536 2279; x_wconf 70' lang='grc' dir='ltr'>πλανήτης,</span> <span class='ocrx_word' id='word_1_503' title='bbox 2582 2233 2775 2287; x_wconf 84' lang='lat' dir='ltr'>vagus,</span> <span class='ocrx_word' id='word_1_504' title='bbox 2812 2218 2985 2287; x_wconf 83' lang='lat' dir='ltr'>erro),</span> <span class='ocrx_word' id='word_1_505' title='bbox 3024 2217 3159 2288; x_wconf 89' lang='lat' dir='ltr'>quia</span> <span class='ocrx_word' id='word_1_506' title='bbox 3191 2222 3245 2270; x_wconf 88' lang='lat' dir='ltr'>et</span> <span class='ocrx_word' id='word_1_507' title='bbox 3268 2231 3438 2270; x_wconf 86' lang='lat' dir='ltr'>cursu</span> <span class='ocrx_word' id='word_1_508' title='bbox 3473 2232 3571 2268; x_wconf 90' lang='lat' dir='ltr'>suo</span> <span class='ocrx_word' id='word_1_509' title='bbox 3602 2215 3820 2268; x_wconf 84' lang='lat' dir='ltr'>feruntur</span> <span class='ocrx_word' id='word_1_510' title='bbox 3838 2217 3873 2265; x_wconf 84' lang='lat' dir='ltr'>et</span> 
     </span>
    </p>
   </div>
   <div class='ocr_carea' id='block_1_86' title="bbox 2253 2301 3872 2376">
    <p class='ocr_par' dir='ltr' id='par_1_86' title="bbox 2253 2301 3872 2376">
     <span class='ocr_line' id='line_1_87' title="bbox 2253 2301 3872 2376; baseline -0.004 -16"><span class='ocrx_word' id='word_1_511' title='bbox 2253 2312 2450 2360; x_wconf 88' lang='lat' dir='ltr'>contra</span> <span class='ocrx_word' id='word_1_512' title='bbox 2470 2305 2595 2360; x_wconf 76' lang='grc' dir='ltr'>εωιὶ</span> <span class='ocrx_word' id='word_1_513' title='bbox 2622 2305 2900 2376; x_wconf 90' lang='lat' dir='ltr'>impetum</span> <span class='ocrx_word' id='word_1_514' title='bbox 2932 2305 3217 2361; x_wconf 88' lang='lat' dir='ltr'>contrario</span> <span class='ocrx_word' id='word_1_515' title='bbox 3250 2310 3415 2359; x_wconf 90' lang='lat' dir='ltr'>motu</span> <span class='ocrx_word' id='word_1_516' title='bbox 3436 2305 3507 2359; x_wconf 89' lang='lat' dir='ltr'>ad</span> <span class='ocrx_word' id='word_1_517' title='bbox 3546 2304 3790 2358; x_wconf 88' lang='lat' dir='ltr'>orientem</span> <span class='ocrx_word' id='word_1_518' title='bbox 3827 2301 3872 2353; x_wconf 78' lang='lat' dir='ltr'>ab</span> 
     </span>
    </p>
   </div>
   <div class='ocr_carea' id='block_1_87' title="bbox 2253 2392 3870 2462">
    <p class='ocr_par' dir='ltr' id='par_1_87' title="bbox 2253 2392 3870 2462">
     <span class='ocr_line' id='line_1_88' title="bbox 2253 2392 3870 2462; baseline -0.004 -13"><span class='ocrx_word' id='word_1_519' title='bbox 2253 2396 2541 2449; x_wconf 91' lang='lat' dir='ltr'>occidente</span> <span class='ocrx_word' id='word_1_520' title='bbox 2562 2396 2887 2449; x_wconf 88' lang='lat' dir='ltr'>volvuntur.</span> <span class='ocrx_word' id='word_1_521' title='bbox 2923 2396 3161 2462; x_wconf 88' lang='lat' dir='ltr'>Elinius,</span> <span class='ocrx_word' id='word_1_522' title='bbox 3200 2395 3465 2449; x_wconf 71' lang='lat' dir='ltr'>Historiae</span> <span class='ocrx_word' id='word_1_523' title='bbox 3497 2393 3684 2448; x_wconf 89' lang='lat' dir='ltr'>mundi</span> <span class='ocrx_word' id='word_1_524' title='bbox 3712 2392 3791 2445; x_wconf 87' lang='lat' dir='ltr'>lib.</span> <span class='ocrx_word' id='word_1_525' title='bbox 3817 2407 3870 2443; x_wconf 74' lang='lat' dir='ltr'>se</span> 
     </span>
    </p>
   </div>
   <div class='ocr_carea' id='block_1_88' title="bbox 2254 2481 3872 2554">
    <p class='ocr_par' dir='ltr' id='par_1_88' title="bbox 2254 2481 3872 2554">
     <span class='ocr_line' id='line_1_89' title="bbox 2254 2481 3872 2554; baseline -0.004 -17"><span class='ocrx_word' id='word_1_526' title='bbox 2254 2484 2461 2549; x_wconf 93' lang='lat' dir='ltr'>cundo,</span> <span class='ocrx_word' id='word_1_527' title='bbox 2497 2500 2618 2554; x_wconf 89' lang='lat' dir='ltr'>cap.</span> <span class='ocrx_word' id='word_1_528' title='bbox 2644 2489 2823 2551; x_wconf 88' lang='lat' dir='ltr'>sexto,</span> <span class='ocrx_word' id='word_1_529' title='bbox 2854 2491 3076 2554; x_wconf 90' lang='lat' dir='ltr'>septem</span> <span class='ocrx_word' id='word_1_530' title='bbox 3106 2501 3170 2538; x_wconf 91' lang='lat' dir='ltr'>ea</span> <span class='ocrx_word' id='word_1_531' title='bbox 3192 2484 3381 2538; x_wconf 88' lang='lat' dir='ltr'>sidera</span> <span class='ocrx_word' id='word_1_532' title='bbox 3401 2484 3571 2538; x_wconf 90' lang='lat' dir='ltr'>tradit</span> <span class='ocrx_word' id='word_1_533' title='bbox 3596 2483 3660 2536; x_wconf 89' lang='lat' dir='ltr'>ab</span> <span class='ocrx_word' id='word_1_534' title='bbox 3686 2481 3872 2534; x_wconf 75' lang='lat' dir='ltr'>‘incessu</span> 
     </span>
    </p>
   </div>
   <div class='ocr_carea' id='block_1_89' title="bbox 2253 2567 3872 2641">
    <p class='ocr_par' dir='ltr' id='par_1_89' title="bbox 2253 2567 3872 2641">
     <span class='ocr_line' id='line_1_90' title="bbox 2253 2567 3872 2641; baseline -0.005 -14"><span class='ocrx_word' id='word_1_535' title='bbox 2253 2573 2440 2627; x_wconf 91' lang='lat' dir='ltr'>vocari</span> <span class='ocrx_word' id='word_1_536' title='bbox 2464 2574 2731 2641; x_wconf 88' lang='lat' dir='ltr'>errantia,</span> <span class='ocrx_word' id='word_1_537' title='bbox 2771 2590 2901 2628; x_wconf 91' lang='lat' dir='ltr'>cum</span> <span class='ocrx_word' id='word_1_538' title='bbox 2951 2578 3143 2628; x_wconf 87' lang='lat' dir='ltr'>errent</span> <span class='ocrx_word' id='word_1_539' title='bbox 3171 2574 3332 2628; x_wconf 88' lang='lat' dir='ltr'>nulla</span> <span class='ocrx_word' id='word_1_540' title='bbox 3384 2573 3574 2627; x_wconf 90' lang='lat' dir='ltr'>minus</span> <span class='ocrx_word' id='word_1_541' title='bbox 3604 2571 3721 2626; x_wconf 89' lang='lat' dir='ltr'>illis.</span> <span class='ocrx_word' id='word_1_542' title='bbox 3762 2567 3872 2625; x_wconf 72' lang='lat' dir='ltr'>Unde</span> 
     </span>
    </p>
   </div>
   <div class='ocr_carea' id='block_1_90' title="bbox 2255 2662 3146 2717">
    <p class='ocr_par' dir='ltr' id='par_1_90' title="bbox 2255 2662 3146 2717">
     <span class='ocr_line' id='line_1_91' title="bbox 2255 2662 3146 2717; baseline -0.001 0"><span class='ocrx_word' id='word_1_543' title='bbox 2255 2668 2312 2717; x_wconf 89' lang='lat' dir='ltr'>et</span> <span class='ocrx_word' id='word_1_544' title='bbox 2338 2662 2622 2717; x_wconf 88' lang='lat' dir='ltr'>Ciceronis</span> <span class='ocrx_word' id='word_1_545' title='bbox 2651 2667 2871 2717; x_wconf 85' lang='lat' dir='ltr'>exstant</span> <span class='ocrx_word' id='word_1_546' title='bbox 2906 2679 3101 2717; x_wconf 89' lang='lat' dir='ltr'>versus</span> <span class='ocrx_word' id='word_1_547' title='bbox 3134 2679 3146 2716; x_wconf 91' lang='lat'><strong>:</strong></span> 
     </span>
    </p>
   </div>
   <div class='ocr_carea' id='block_1_91' title="bbox 2378 2760 3701 2819">
    <p class='ocr_par' dir='ltr' id='par_1_91' title="bbox 2378 2760 3701 2819">
     <span class='ocr_line' id='line_1_92' title="bbox 2378 2760 3701 2819; baseline -0.002 -10"><span class='ocrx_word' id='word_1_548' title='bbox 2378 2763 2506 2818; x_wconf 65' lang='lat' dir='ltr'>Quae</span> <span class='ocrx_word' id='word_1_549' title='bbox 2530 2762 2691 2811; x_wconf 87' lang='lat' dir='ltr'>verbo</span> <span class='ocrx_word' id='word_1_550' title='bbox 2712 2766 2766 2810; x_wconf 86' lang='lat' dir='ltr'>et.</span> <span class='ocrx_word' id='word_1_551' title='bbox 2796 2761 2942 2809; x_wconf 82' lang='lat' dir='ltr'>falsis</span> <span class='ocrx_word' id='word_1_552' title='bbox 2969 2761 3241 2810; x_wconf 88' lang='lat' dir='ltr'>Graiorum</span> <span class='ocrx_word' id='word_1_553' title='bbox 3274 2760 3495 2810; x_wconf 87' lang='lat' dir='ltr'>vocibus</span> <span class='ocrx_word' id='word_1_554' title='bbox 3520 2760 3701 2819; x_wconf 88' lang='lat' dir='ltr'>errant,</span> 
     </span>
    </p>
   </div>
   <div class='ocr_carea' id='block_1_92' title="bbox 2377 2823 3519 2886">
    <p class='ocr_par' dir='ltr' id='par_1_92' title="bbox 2377 2823 3519 2886">
     <span class='ocr_line' id='line_1_93' title="bbox 2377 2823 3519 2886; baseline -0.001 -14"><span class='ocrx_word' id='word_1_555' title='bbox 2377 2824 2576 2872; x_wconf 83' lang='lat' dir='ltr'>Revera</span> <span class='ocrx_word' id='word_1_556' title='bbox 2601 2827 2741 2872; x_wconf 89' lang='lat' dir='ltr'>certo</span> <span class='ocrx_word' id='word_1_557' title='bbox 2770 2823 2919 2886; x_wconf 84' lang='lat' dir='ltr'>lapsu</span> <span class='ocrx_word' id='word_1_558' title='bbox 2955 2824 3229 2886; x_wconf 87' lang='lat' dir='ltr'>spatioque</span> <span class='ocrx_word' id='word_1_559' title='bbox 3256 2824 3519 2871; x_wconf 89' lang='lat' dir='ltr'>feruntur.</span> 
     </span>
    </p>
   </div>
   <div class='ocr_carea' id='block_1_93' title="bbox 2254 2909 3871 2982">
    <p class='ocr_par' dir='ltr' id='par_1_93' title="bbox 2254 2909 3871 2982">
     <span class='ocr_line' id='line_1_94' title="bbox 2254 2909 3871 2982; baseline -0.007 -13"><span class='ocrx_word' id='word_1_560' title='bbox 2254 2913 2410 2969; x_wconf 91' lang='lat' dir='ltr'>Idem</span> <span class='ocrx_word' id='word_1_561' title='bbox 2441 2914 2499 2967; x_wconf 92' lang='lat' dir='ltr'>in</span> <span class='ocrx_word' id='word_1_562' title='bbox 2528 2913 2791 2982; x_wconf 63' lang='lat' dir='ltr'>fsecundo</span> <span class='ocrx_word' id='word_1_563' title='bbox 2839 2914 2907 2968; x_wconf 89' lang='lat' dir='ltr'>de</span> <span class='ocrx_word' id='word_1_564' title='bbox 2940 2914 3149 2967; x_wconf 87' lang='lat' dir='ltr'>Natura</span> <span class='ocrx_word' id='word_1_565' title='bbox 3201 2916 3447 2967; x_wconf 90' lang='lat' dir='ltr'>deorum</span> <span class='ocrx_word' id='word_1_566' title='bbox 3481 2929 3493 2966; x_wconf 91' lang='lat'>:</span> <span class='ocrx_word' id='word_1_567' title='bbox 3537 2909 3745 2967; x_wconf 85' lang='lat' dir='ltr'>Maxime</span> <span class='ocrx_word' id='word_1_568' title='bbox 3776 2920 3871 2959; x_wconf 81' lang='lat' dir='ltr'>vero</span> 
     </span>
    </p>
   </div>
   <div class='ocr_carea' id='block_1_94' title="bbox 2187 2997 3868 3083">
    <p class='ocr_par' dir='ltr' id='par_1_94' title="bbox 2187 2997 3868 3083">
     <span class='ocr_line' id='line_1_95' title="bbox 2187 2997 3868 3083; baseline -0.007 -26"><span class='ocrx_word' id='word_1_569' title='bbox 2187 3028 2225 3083; x_wconf 69' lang='grc' dir='ltr'><strong>ρ</strong></span> <span class='ocrx_word' id='word_1_570' title='bbox 2253 3004 2617 3057; x_wconf 88' lang='lat' dir='ltr'>admirabiles</span> <span class='ocrx_word' id='word_1_571' title='bbox 2656 3008 2789 3056; x_wconf 90' lang='lat' dir='ltr'>sunt</span> <span class='ocrx_word' id='word_1_572' title='bbox 2836 3007 3023 3057; x_wconf 89' lang='lat' dir='ltr'>motus</span> <span class='ocrx_word' id='word_1_573' title='bbox 3080 3018 3279 3056; x_wconf 90' lang='lat' dir='ltr'>earum</span> <span class='ocrx_word' id='word_1_574' title='bbox 3338 3002 3590 3073; x_wconf 90' lang='lat' dir='ltr'>quinque</span> <span class='ocrx_word' id='word_1_575' title='bbox 3619 2997 3868 3083; x_wconf 70' lang='lat' dir='ltr'>stellarum,</span> 
     </span>
    </p>
   </div>
   <div class='ocr_carea' id='block_1_95' title="bbox 2254 3080 3870 3163">
    <p class='ocr_par' dir='ltr' id='par_1_95' title="bbox 2254 3080 3870 3163">
     <span class='ocr_line' id='line_1_96' title="bbox 2254 3080 3870 3163; baseline -0.006 -17"><span class='ocrx_word' id='word_1_576' title='bbox 2254 3108 2383 3163; x_wconf 66' lang='lat' dir='ltr'>quae</span> <span class='ocrx_word' id='word_1_577' title='bbox 2405 3092 2545 3146; x_wconf 86' lang='lat' dir='ltr'>falso</span> <span class='ocrx_word' id='word_1_578' title='bbox 2577 3096 2848 3146; x_wconf 87' lang='lat' dir='ltr'>vocentur</span> <span class='ocrx_word' id='word_1_579' title='bbox 2878 3096 3151 3145; x_wconf 89' lang='lat' dir='ltr'>errantes.</span> <span class='ocrx_word' id='word_1_580' title='bbox 3199 3091 3350 3145; x_wconf 88' lang='lat' dir='ltr'>Nihil</span> <span class='ocrx_word' id='word_1_581' title='bbox 3384 3092 3538 3144; x_wconf 89' lang='lat' dir='ltr'>enim</span> <span class='ocrx_word' id='word_1_582' title='bbox 3582 3092 3730 3148; x_wconf 83' lang='lat' dir='ltr'>errat.</span> <span class='ocrx_word' id='word_1_583' title='bbox 3763 3080 3870 3153; x_wconf 87' lang='lat' dir='ltr'>quod</span> 
     </span>
    </p>
   </div>
   <div class='ocr_carea' id='block_1_96' title="bbox 2253 3180 3867 3252">
    <p class='ocr_par' dir='ltr' id='par_1_96' title="bbox 2253 3180 3867 3252">
     <span class='ocr_line' id='line_1_97' title="bbox 2253 3180 3867 3252; baseline -0.009 -17"><span class='ocrx_word' id='word_1_584' title='bbox 2253 3181 2315 3235; x_wconf 91' lang='lat' dir='ltr'>in</span> <span class='ocrx_word' id='word_1_585' title='bbox 2351 3180 2507 3235; x_wconf 88' lang='lat' dir='ltr'>omni</span> <span class='ocrx_word' id='word_1_586' title='bbox 2538 3182 2854 3235; x_wconf 67' lang='lat' dir='ltr'>mternitate</span> <span class='ocrx_word' id='word_1_587' title='bbox 2872 3186 3169 3235; x_wconf 89' lang='lat' dir='ltr'>conservat</span> <span class='ocrx_word' id='word_1_588' title='bbox 3199 3196 3536 3252; x_wconf 87' lang='lat' dir='ltr'>progressus</span> <span class='ocrx_word' id='word_1_589' title='bbox 3567 3182 3867 3246; x_wconf 81' lang='lat' dir='ltr'>etregressus,</span> 
     </span>
    </p>
   </div>
   <div class='ocr_carea' id='block_1_97' title="bbox 2249 3263 3869 3341">
    <p class='ocr_par' dir='ltr' id='par_1_97' title="bbox 2249 3263 3869 3341">
     <span class='ocr_line' id='line_1_98' title="bbox 2249 3263 3869 3341; baseline -0.01 -13"><span class='ocrx_word' id='word_1_590' title='bbox 2249 3270 2619 3341; x_wconf 87' lang='lat' dir='ltr'>reliquosque</span> <span class='ocrx_word' id='word_1_591' title='bbox 2650 3275 2838 3325; x_wconf 90' lang='lat' dir='ltr'>motus</span> <span class='ocrx_word' id='word_1_592' title='bbox 2868 3275 3189 3324; x_wconf 88' lang='lat' dir='ltr'>constantes</span> <span class='ocrx_word' id='word_1_593' title='bbox 3220 3275 3278 3324; x_wconf 92' lang='lat' dir='ltr'>et</span> <span class='ocrx_word' id='word_1_594' title='bbox 3310 3286 3487 3323; x_wconf 93' lang='lat' dir='ltr'>raros.</span> <span class='ocrx_word' id='word_1_595' title='bbox 3530 3270 3688 3322; x_wconf 85' lang='lat' dir='ltr'>Porro</span> <span class='ocrx_word' id='word_1_596' title='bbox 3726 3263 3869 3332; x_wconf 85' lang='lat' dir='ltr'>plane-</span> 
     </span>
    </p>
   </div>
   <div class='ocr_carea' id='block_1_98' title="bbox 2252 3352 3868 3430">
    <p class='ocr_par' dir='ltr' id='par_1_98' title="bbox 2252 3352 3868 3430">
     <span class='ocr_line' id='line_1_99' title="bbox 2252 3352 3868 3430; baseline -0.009 -16"><span class='ocrx_word' id='word_1_597' title='bbox 2252 3363 2443 3415; x_wconf 87' lang='lat' dir='ltr'>tarum</span> <span class='ocrx_word' id='word_1_598' title='bbox 2474 3360 2698 3413; x_wconf 90' lang='lat' dir='ltr'>medius</span> <span class='ocrx_word' id='word_1_599' title='bbox 2728 3360 2811 3413; x_wconf 92' lang='lat' dir='ltr'>sol</span> <span class='ocrx_word' id='word_1_600' title='bbox 2841 3360 3023 3413; x_wconf 91' lang='lat' dir='ltr'>fertur</span> <span class='ocrx_word' id='word_1_601' title='bbox 3055 3359 3411 3430; x_wconf 89' lang='lat' dir='ltr'>amplissima</span> <span class='ocrx_word' id='word_1_602' title='bbox 3458 3352 3801 3427; x_wconf 88' lang='lat' dir='ltr'>magnitudine</span> <span class='ocrx_word' id='word_1_603' title='bbox 3827 3362 3868 3400; x_wconf 82' lang='lat' dir='ltr'>ac</span> 
     </span>
    </p>
   </div>
   <div class='ocr_carea' id='block_1_99' title="bbox 2253 3436 3864 3521">
    <p class='ocr_par' dir='ltr' id='par_1_99' title="bbox 2253 3436 3864 3521">
     <span class='ocr_line' id='line_1_100' title="bbox 2253 3436 3864 3521; baseline -0.008 -18"><span class='ocrx_word' id='word_1_604' title='bbox 2253 3454 2552 3521; x_wconf 88' lang='lat' dir='ltr'>potestate,</span> <span class='ocrx_word' id='word_1_605' title='bbox 2584 3465 2687 3503; x_wconf 91' lang='lat' dir='ltr'>nec</span> <span class='ocrx_word' id='word_1_606' title='bbox 2718 3452 3047 3519; x_wconf 89' lang='lat' dir='ltr'>temporum</span> <span class='ocrx_word' id='word_1_607' title='bbox 3082 3449 3249 3502; x_wconf 93' lang='lat' dir='ltr'>modo</span> <span class='ocrx_word' id='word_1_608' title='bbox 3278 3454 3690 3516; x_wconf 84' lang='lat' dir='ltr'>terrarumque,</span> <span class='ocrx_word' id='word_1_609' title='bbox 3713 3439 3790 3494; x_wconf 89' lang='lat' dir='ltr'>sed</span> <span class='ocrx_word' id='word_1_610' title='bbox 3812 3436 3864 3489; x_wconf 85' lang='lat' dir='ltr'>si-</span> 
     </span>
    </p>
   </div>
   <div class='ocr_carea' id='block_1_100' title="bbox 2254 3535 3863 3608">
    <p class='ocr_par' dir='ltr' id='par_1_100' title="bbox 2254 3535 3863 3608">
     <span class='ocr_line' id='line_1_101' title="bbox 2254 3535 3863 3608; baseline -0.007 -15"><span class='ocrx_word' id='word_1_611' title='bbox 2254 3540 2456 3593; x_wconf 89' lang='lat' dir='ltr'>derum</span> <span class='ocrx_word' id='word_1_612' title='bbox 2482 3538 2657 3592; x_wconf 87' lang='lat' dir='ltr'>etiam</span> <span class='ocrx_word' id='word_1_613' title='bbox 2688 3538 2941 3608; x_wconf 89' lang='lat' dir='ltr'>ipsorum</span> <span class='ocrx_word' id='word_1_614' title='bbox 2972 3538 3210 3608; x_wconf 61' lang='lat' dir='ltr'>caelique</span> <span class='ocrx_word' id='word_1_615' title='bbox 3245 3543 3433 3591; x_wconf 90' lang='lat' dir='ltr'>rector</span> <span class='ocrx_word' id='word_1_616' title='bbox 3466 3551 3478 3590; x_wconf 92' lang='lat'>:</span> <span class='ocrx_word' id='word_1_617' title='bbox 3513 3535 3600 3589; x_wconf 88' lang='lat' dir='ltr'>hic</span> <span class='ocrx_word' id='word_1_618' title='bbox 3626 3535 3780 3587; x_wconf 87' lang='lat' dir='ltr'>lucem</span> <span class='ocrx_word' id='word_1_619' title='bbox 3804 3540 3863 3578; x_wconf 77' lang='lat' dir='ltr'>re-</span> 
     </span>
    </p>
   </div>
   <div class='ocr_carea' id='block_1_101' title="bbox 2254 3617 3866 3699">
    <p class='ocr_par' dir='ltr' id='par_1_101' title="bbox 2254 3617 3866 3699">
     <span class='ocr_line' id='line_1_102' title="bbox 2254 3617 3866 3699; baseline -0.004 -18"><span class='ocrx_word' id='word_1_620' title='bbox 2254 3627 2360 3681; x_wconf 91' lang='lat' dir='ltr'>bus</span> <span class='ocrx_word' id='word_1_621' title='bbox 2392 3628 2696 3695; x_wconf 88' lang='lat' dir='ltr'>ministrat,</span> <span class='ocrx_word' id='word_1_622' title='bbox 2726 3628 3023 3699; x_wconf 87' lang='lat' dir='ltr'>aufertque</span> <span class='ocrx_word' id='word_1_623' title='bbox 3053 3628 3338 3691; x_wconf 87' lang='lat' dir='ltr'>tenebras,</span> <span class='ocrx_word' id='word_1_624' title='bbox 3365 3628 3459 3682; x_wconf 91' lang='lat' dir='ltr'>hic</span> <span class='ocrx_word' id='word_1_625' title='bbox 3487 3626 3692 3694; x_wconf 86' lang='lat' dir='ltr'>reliqua</span> <span class='ocrx_word' id='word_1_626' title='bbox 3735 3617 3866 3671; x_wconf 75' lang='lat' dir='ltr'>sidera</span> 
     </span>
    </p>
   </div>
   <div class='ocr_carea' id='block_1_102' title="bbox 2254 3717 3866 3787">
    <p class='ocr_par' dir='ltr' id='par_1_102' title="bbox 2254 3717 3866 3787">
     <span class='ocr_line' id='line_1_103' title="bbox 2254 3717 3866 3787; baseline -0.01 -15"><span class='ocrx_word' id='word_1_627' title='bbox 2254 3718 2519 3783; x_wconf 88' lang='lat' dir='ltr'>occultat,</span> <span class='ocrx_word' id='word_1_628' title='bbox 2554 3717 2645 3771; x_wconf 92' lang='lat' dir='ltr'>hic</span> <span class='ocrx_word' id='word_1_629' title='bbox 2668 3718 2814 3771; x_wconf 90' lang='lat' dir='ltr'>vices</span> <span class='ocrx_word' id='word_1_630' title='bbox 2847 3724 3171 3787; x_wconf 89' lang='lat' dir='ltr'>temporum</span> <span class='ocrx_word' id='word_1_631' title='bbox 3202 3732 3539 3787; x_wconf 89' lang='lat' dir='ltr'>annumque</span> <span class='ocrx_word' id='word_1_632' title='bbox 3577 3723 3770 3779; x_wconf 86' lang='lat' dir='ltr'>semper</span> <span class='ocrx_word' id='word_1_633' title='bbox 3806 3718 3866 3756; x_wconf 88' lang='lat' dir='ltr'>re-</span> 
     </span>
    </p>
   </div>
   <div class='ocr_carea' id='block_1_103' title="bbox 2253 3794 3865 3875">
    <p class='ocr_par' dir='ltr' id='par_1_103' title="bbox 2253 3794 3865 3875">
     <span class='ocr_line' id='line_1_104' title="bbox 2253 3794 3865 3875; baseline -0.007 -15"><span class='ocrx_word' id='word_1_634' title='bbox 2253 3811 2583 3861; x_wconf 89' lang='lat' dir='ltr'>nascentem</span> <span class='ocrx_word' id='word_1_635' title='bbox 2603 3822 2669 3860; x_wconf 91' lang='lat' dir='ltr'>ex</span> <span class='ocrx_word' id='word_1_636' title='bbox 2688 3822 2796 3860; x_wconf 92' lang='lat' dir='ltr'>usu</span> <span class='ocrx_word' id='word_1_637' title='bbox 2819 3812 3039 3860; x_wconf 69' lang='lat' dir='ltr'>natura:</span> <span class='ocrx_word' id='word_1_638' title='bbox 3066 3810 3372 3875; x_wconf 86' lang='lat' dir='ltr'>temperat,</span> <span class='ocrx_word' id='word_1_639' title='bbox 3402 3806 3496 3860; x_wconf 90' lang='lat' dir='ltr'>hic</span> <span class='ocrx_word' id='word_1_640' title='bbox 3516 3794 3865 3857; x_wconf 71' lang='lat' dir='ltr'>cmlitristitiam</span> 
     </span>
    </p>
   </div>
   <div class='ocr_carea' id='block_1_104' title="bbox 2252 3886 3864 3967">
    <p class='ocr_par' dir='ltr' id='par_1_104' title="bbox 2252 3886 3864 3967">
     <span class='ocr_line' id='line_1_105' title="bbox 2252 3886 3864 3967; baseline -0.011 -16"><span class='ocrx_word' id='word_1_641' title='bbox 2252 3896 2501 3962; x_wconf 88' lang='lat' dir='ltr'>discutit,</span> <span class='ocrx_word' id='word_1_642' title='bbox 2528 3901 2696 3967; x_wconf 90' lang='lat' dir='ltr'>atque</span> <span class='ocrx_word' id='word_1_643' title='bbox 2723 3896 2896 3949; x_wconf 90' lang='lat' dir='ltr'>etiam</span> <span class='ocrx_word' id='word_1_644' title='bbox 2926 3895 3127 3949; x_wconf 89' lang='lat' dir='ltr'>nubila</span> <span class='ocrx_word' id='word_1_645' title='bbox 3180 3894 3429 3949; x_wconf 89' lang='lat' dir='ltr'>humani</span> <span class='ocrx_word' id='word_1_646' title='bbox 3461 3891 3630 3947; x_wconf 88' lang='lat' dir='ltr'>animi</span> <span class='ocrx_word' id='word_1_647' title='bbox 3658 3886 3864 3941; x_wconf 85' lang='lat' dir='ltr'>serenat:</span> 
     </span>
    </p>
   </div>
   <div class='ocr_carea' id='block_1_105' title="bbox 2252 3978 3865 4056">
    <p class='ocr_par' dir='ltr' id='par_1_105' title="bbox 2252 3978 3865 4056">
     <span class='ocr_line' id='line_1_106' title="bbox 2252 3978 3865 4056; baseline -0.011 -16"><span class='ocrx_word' id='word_1_648' title='bbox 2252 3985 2344 4040; x_wconf 89' lang='lat' dir='ltr'>hic</span> <span class='ocrx_word' id='word_1_649' title='bbox 2365 4001 2530 4039; x_wconf 92' lang='lat' dir='ltr'>suum</span> <span class='ocrx_word' id='word_1_650' title='bbox 2564 3986 2755 4039; x_wconf 90' lang='lat' dir='ltr'>lumen</span> <span class='ocrx_word' id='word_1_651' title='bbox 2787 3985 3006 4039; x_wconf 57' lang='lat' dir='ltr'>caeteris</span> <span class='ocrx_word' id='word_1_652' title='bbox 3033 4000 3264 4056; x_wconf 90' lang='lat' dir='ltr'>quoque</span> <span class='ocrx_word' id='word_1_653' title='bbox 3314 3984 3593 4039; x_wconf 89' lang='lat' dir='ltr'>sideribus</span> <span class='ocrx_word' id='word_1_654' title='bbox 3628 3978 3865 4034; x_wconf 82' lang='lat' dir='ltr'>fenerator.</span> 
     </span>
    </p>
   </div>
   <div class='ocr_carea' id='block_1_106' title="bbox 2254 4073 3866 4145">
    <p class='ocr_par' dir='ltr' id='par_1_106' title="bbox 2254 4073 3866 4145">
     <span class='ocr_line' id='line_1_107' title="bbox 2254 4073 3866 4145; baseline -0.011 -17"><span class='ocrx_word' id='word_1_655' title='bbox 2254 4074 2433 4145; x_wconf 84' lang='lat' dir='ltr'>Hujus</span> <span class='ocrx_word' id='word_1_656' title='bbox 2455 4090 2672 4128; x_wconf 89' lang='lat' dir='ltr'>annuos</span> <span class='ocrx_word' id='word_1_657' title='bbox 2703 4090 2900 4127; x_wconf 91' lang='lat' dir='ltr'>cursus</span> <span class='ocrx_word' id='word_1_658' title='bbox 2959 4074 3155 4144; x_wconf 90' lang='lat' dir='ltr'>spatiis</span> <span class='ocrx_word' id='word_1_659' title='bbox 3202 4073 3517 4127; x_wconf 90' lang='lat' dir='ltr'>menstruis</span> <span class='ocrx_word' id='word_1_660' title='bbox 3560 4073 3681 4124; x_wconf 88' lang='lat' dir='ltr'>luna</span> <span class='ocrx_word' id='word_1_661' title='bbox 3729 4074 3866 4117; x_wconf 76' lang='lat' dir='ltr'>conse-</span> 
     </span>
    </p>
   </div>
   <div class='ocr_carea' id='block_1_107' title="bbox 2252 4154 3863 4235">
    <p class='ocr_par' dir='ltr' id='par_1_107' title="bbox 2252 4154 3863 4235">
     <span class='ocr_line' id='line_1_108' title="bbox 2252 4154 3863 4235; baseline -0.007 -19"><span class='ocrx_word' id='word_1_662' title='bbox 2252 4165 2465 4235; x_wconf 91' lang='lat' dir='ltr'>quitur,</span> <span class='ocrx_word' id='word_1_663' title='bbox 2523 4165 2685 4234; x_wconf 87' lang='lat' dir='ltr'>cujus</span> <span class='ocrx_word' id='word_1_664' title='bbox 2740 4162 3141 4218; x_wconf 90' lang='lat' dir='ltr'>tenuissimum</span> <span class='ocrx_word' id='word_1_665' title='bbox 3203 4164 3407 4217; x_wconf 89' lang='lat' dir='ltr'>lumen</span> <span class='ocrx_word' id='word_1_666' title='bbox 3456 4161 3584 4215; x_wconf 89' lang='lat' dir='ltr'>facit</span> <span class='ocrx_word' id='word_1_667' title='bbox 3635 4154 3863 4228; x_wconf 78' lang='lat' dir='ltr'>proximus</span> 
     </span>
    </p>
   </div>
   <div class='ocr_carea' id='block_1_108' title="bbox 2253 4237 3866 4321">
    <p class='ocr_par' dir='ltr' id='par_1_108' title="bbox 2253 4237 3866 4321">
     <span class='ocr_line' id='line_1_109' title="bbox 2253 4237 3866 4321; baseline -0.012 -14"><span class='ocrx_word' id='word_1_668' title='bbox 2253 4269 2507 4307; x_wconf 88' lang='lat' dir='ltr'>accessus</span> <span class='ocrx_word' id='word_1_669' title='bbox 2548 4252 2614 4306; x_wconf 89' lang='lat' dir='ltr'>ad</span> <span class='ocrx_word' id='word_1_670' title='bbox 2651 4252 2850 4319; x_wconf 87' lang='lat' dir='ltr'>solem,</span> <span class='ocrx_word' id='word_1_671' title='bbox 2876 4251 3372 4321; x_wconf 87' lang='lat' dir='ltr'>digressusautem</span> <span class='ocrx_word' id='word_1_672' title='bbox 3403 4247 3740 4320; x_wconf 90' lang='lat' dir='ltr'>longissimus</span> <span class='ocrx_word' id='word_1_673' title='bbox 3757 4237 3866 4309; x_wconf 83' lang='lat' dir='ltr'>quis-</span> 
     </span>
    </p>
   </div>
   <div class='ocr_carea' id='block_1_109' title="bbox 2256 4331 3867 4419">
    <p class='ocr_par' dir='ltr' id='par_1_109' title="bbox 2256 4331 3867 4419">
     <span class='ocr_line' id='line_1_110' title="bbox 2256 4331 3867 4419; baseline -0.009 -23"><span class='ocrx_word' id='word_1_674' title='bbox 2256 4358 2368 4413; x_wconf 90' lang='lat' dir='ltr'>que</span> <span class='ocrx_word' id='word_1_675' title='bbox 2398 4341 2818 4412; x_wconf 90' lang='lat' dir='ltr'>plenissimum.</span> <span class='ocrx_word' id='word_1_676' title='bbox 2845 4342 3038 4412; x_wconf 82' lang='lat' dir='ltr'>Neque</span> <span class='ocrx_word' id='word_1_677' title='bbox 3065 4341 3251 4394; x_wconf 88' lang='lat' dir='ltr'>solum</span> <span class='ocrx_word' id='word_1_678' title='bbox 3283 4341 3410 4412; x_wconf 90' lang='lat' dir='ltr'>ejus</span> <span class='ocrx_word' id='word_1_679' title='bbox 3441 4338 3642 4410; x_wconf 89' lang='lat' dir='ltr'>species</span> <span class='ocrx_word' id='word_1_680' title='bbox 3668 4348 3721 4388; x_wconf 88' lang='lat' dir='ltr'>ac</span> <span class='ocrx_word' id='word_1_681' title='bbox 3737 4331 3867 4419; x_wconf 74' lang='lat' dir='ltr'>forma</span> 
     </span>
    </p>
   </div>
   <div class='ocr_carea' id='block_1_110' title="bbox 2256 4418 3866 4509">
    <p class='ocr_par' dir='ltr' id='par_1_110' title="bbox 2256 4418 3866 4509">
     <span class='ocr_line' id='line_1_111' title="bbox 2256 4418 3866 4509; baseline -0.009 -24"><span class='ocrx_word' id='word_1_682' title='bbox 2256 4436 2535 4500; x_wconf 87' lang='lat' dir='ltr'>mutatur,</span> <span class='ocrx_word' id='word_1_683' title='bbox 2573 4436 2695 4485; x_wconf 90' lang='lat' dir='ltr'>tum</span> <span class='ocrx_word' id='word_1_684' title='bbox 2753 4430 3077 4498; x_wconf 87' lang='lat' dir='ltr'>crescendo,</span> <span class='ocrx_word' id='word_1_685' title='bbox 3128 4434 3252 4483; x_wconf 85' lang='lat' dir='ltr'>tum</span> <span class='ocrx_word' id='word_1_686' title='bbox 3291 4428 3601 4484; x_wconf 86' lang='lat' dir='ltr'>defectibus</span> <span class='ocrx_word' id='word_1_687' title='bbox 3651 4424 3703 4477; x_wconf 92' lang='lat' dir='ltr'>in</span> <span class='ocrx_word' id='word_1_688' title='bbox 3749 4418 3866 4509; x_wconf 57' lang='lat' dir='ltr'>initia</span> 
     </span>
    </p>
   </div>
   <div class='ocr_carea' id='block_1_111' title="bbox 2254 4510 3863 4589">
    <p class='ocr_par' dir='ltr' id='par_1_111' title="bbox 2254 4510 3863 4589">
     <span class='ocr_line' id='line_1_112' title="bbox 2254 4510 3863 4589; baseline -0.012 -15"><span class='ocrx_word' id='word_1_689' title='bbox 2254 4520 2621 4587; x_wconf 91' lang='lat' dir='ltr'>recurrendo,</span> <span class='ocrx_word' id='word_1_690' title='bbox 2648 4520 2743 4574; x_wconf 92' lang='lat' dir='ltr'>sed</span> <span class='ocrx_word' id='word_1_691' title='bbox 2761 4518 2932 4572; x_wconf 89' lang='lat' dir='ltr'>etiam</span> <span class='ocrx_word' id='word_1_692' title='bbox 2963 4517 3142 4588; x_wconf 90' lang='lat' dir='ltr'>regio,</span> <span class='ocrx_word' id='word_1_693' title='bbox 3160 4534 3289 4589; x_wconf 67' lang='lat' dir='ltr'>quae</span> <span class='ocrx_word' id='word_1_694' title='bbox 3318 4524 3443 4572; x_wconf 90' lang='lat' dir='ltr'>tum</span> <span class='ocrx_word' id='word_1_695' title='bbox 3462 4522 3543 4570; x_wconf 89' lang='lat' dir='ltr'>est</span> <span class='ocrx_word' id='word_1_696' title='bbox 3572 4510 3863 4584; x_wconf 80' lang='lat' dir='ltr'>aquilonaris.</span> 
     </span>
    </p>
   </div>
   <div class='ocr_carea' id='block_1_112' title="bbox 2254 4595 3866 4678">
    <p class='ocr_par' dir='ltr' id='par_1_112' title="bbox 2254 4595 3866 4678">
     <span class='ocr_line' id='line_1_113' title="bbox 2254 4595 3866 4678; baseline -0.012 -15"><span class='ocrx_word' id='word_1_697' title='bbox 2254 4612 2379 4663; x_wconf 88' lang='lat' dir='ltr'>tum</span> <span class='ocrx_word' id='word_1_698' title='bbox 2402 4609 2681 4662; x_wconf 90' lang='lat' dir='ltr'>australis.</span> <span class='ocrx_word' id='word_1_699' title='bbox 2701 4608 2931 4663; x_wconf 90' lang='lat' dir='ltr'>Saturni</span> <span class='ocrx_word' id='word_1_700' title='bbox 2961 4608 3140 4675; x_wconf 88' lang='lat' dir='ltr'>stella,</span> <span class='ocrx_word' id='word_1_701' title='bbox 3171 4623 3298 4678; x_wconf 70' lang='lat' dir='ltr'>quas</span> <span class='ocrx_word' id='word_1_702' title='bbox 3331 4610 3525 4658; x_wconf 77' lang='grc' dir='ltr'>Φαίνων</span> <span class='ocrx_word' id='word_1_703' title='bbox 3554 4620 3584 4657; x_wconf 88' lang='lat' dir='ltr'>a</span> <span class='ocrx_word' id='word_1_704' title='bbox 3613 4595 3866 4656; x_wconf 50' lang='lat' dir='ltr'>Gracisnoo</span> 
     </span>
    </p>
   </div>
   <div class='ocr_carea' id='block_1_113' title="bbox 2256 4687 3866 4776">
    <p class='ocr_par' dir='ltr' id='par_1_113' title="bbox 2256 4687 3866 4776">
     <span class='ocr_line' id='line_1_114' title="bbox 2256 4687 3866 4776; baseline -0.009 -24"><span class='ocrx_word' id='word_1_705' title='bbox 2256 4698 2528 4763; x_wconf 86' lang='lat' dir='ltr'>minatur,</span> <span class='ocrx_word' id='word_1_706' title='bbox 2564 4716 2595 4751; x_wconf 90' lang='lat' dir='ltr'>a</span> <span class='ocrx_word' id='word_1_707' title='bbox 2624 4702 2777 4751; x_wconf 87' lang='lat' dir='ltr'>terra</span> <span class='ocrx_word' id='word_1_708' title='bbox 2814 4697 2975 4751; x_wconf 89' lang='lat' dir='ltr'>abest</span> <span class='ocrx_word' id='word_1_709' title='bbox 3001 4697 3340 4768; x_wconf 91' lang='lat' dir='ltr'>plurimum,</span> <span class='ocrx_word' id='word_1_710' title='bbox 3374 4702 3432 4751; x_wconf 90' lang='lat' dir='ltr'>et</span> <span class='ocrx_word' id='word_1_711' title='bbox 3460 4693 3679 4765; x_wconf 85' lang='lat' dir='ltr'>triginta</span> <span class='ocrx_word' id='word_1_712' title='bbox 3701 4687 3866 4776; x_wconf 72' lang='lat' dir='ltr'>ferean-</span> 
     </span>
    </p>
   </div>
   <div class='ocr_carea' id='block_1_114' title="bbox 2254 4782 3865 4847">
    <p class='ocr_par' dir='ltr' id='par_1_114' title="bbox 2254 4782 3865 4847">
     <span class='ocr_line' id='line_1_115' title="bbox 2254 4782 3865 4847; baseline -0.004 -5"><span class='ocrx_word' id='word_1_713' title='bbox 2254 4787 2343 4842; x_wconf 92' lang='lat' dir='ltr'>nis</span> <span class='ocrx_word' id='word_1_714' title='bbox 2369 4803 2596 4841; x_wconf 90' lang='lat' dir='ltr'>cursum</span> <span class='ocrx_word' id='word_1_715' title='bbox 2629 4802 2794 4841; x_wconf 90' lang='lat' dir='ltr'>suum</span> <span class='ocrx_word' id='word_1_716' title='bbox 2827 4785 3071 4841; x_wconf 84' lang='lat' dir='ltr'>conficit.</span> <span class='ocrx_word' id='word_1_717' title='bbox 3104 4785 3257 4840; x_wconf 86' lang='lat' dir='ltr'>Infra</span> <span class='ocrx_word' id='word_1_718' title='bbox 3279 4790 3470 4839; x_wconf 88' lang='lat' dir='ltr'>autem</span> <span class='ocrx_word' id='word_1_719' title='bbox 3502 4784 3638 4838; x_wconf 90' lang='lat' dir='ltr'>hanc</span> <span class='ocrx_word' id='word_1_720' title='bbox 3688 4782 3865 4847; x_wconf 70' lang='grc' dir='ltr'>ιιτοριυε</span> 
     </span>
    </p>
   </div>
   <div class='ocr_carea' id='block_1_115' title="bbox 2255 4870 3866 4953">
    <p class='ocr_par' dir='ltr' id='par_1_115' title="bbox 2255 4870 3866 4953">
     <span class='ocr_line' id='line_1_116' title="bbox 2255 4870 3866 4953; baseline -0.006 -23"><span class='ocrx_word' id='word_1_721' title='bbox 2255 4893 2287 4930; x_wconf 86' lang='lat' dir='ltr'>a</span> <span class='ocrx_word' id='word_1_722' title='bbox 2317 4882 2468 4931; x_wconf 89' lang='lat' dir='ltr'>terra</span> <span class='ocrx_word' id='word_1_723' title='bbox 2495 4876 2645 4931; x_wconf 87' lang='lat' dir='ltr'>Jovis</span> <span class='ocrx_word' id='word_1_724' title='bbox 2677 4876 2840 4929; x_wconf 89' lang='lat' dir='ltr'>stella</span> <span class='ocrx_word' id='word_1_725' title='bbox 2872 4876 3074 4941; x_wconf 89' lang='lat' dir='ltr'>fertur,</span> <span class='ocrx_word' id='word_1_726' title='bbox 3108 4891 3235 4946; x_wconf 64' lang='lat' dir='ltr'>qua:</span> <span class='ocrx_word' id='word_1_727' title='bbox 3257 4876 3460 4926; x_wconf 79' lang='grc' dir='ltr'>Φαέθων</span> <span class='ocrx_word' id='word_1_728' title='bbox 3491 4871 3697 4934; x_wconf 89' lang='lat' dir='ltr'>dicitur,</span> <span class='ocrx_word' id='word_1_729' title='bbox 3736 4870 3866 4953; x_wconf 50' lang='lat' dir='ltr'>eam“?</span> 
     </span>
    </p>
   </div>
   <div class='ocr_carea' id='block_1_116' title="bbox 2255 4950 3860 5035">
    <p class='ocr_par' dir='ltr' id='par_1_116' title="bbox 2255 4950 3860 5035">
     <span class='ocr_line' id='line_1_117' title="bbox 2255 4950 3860 5035; baseline -0.012 -14"><span class='ocrx_word' id='word_1_730' title='bbox 2255 4967 2523 5021; x_wconf 90' lang='lat' dir='ltr'>eumdem</span> <span class='ocrx_word' id='word_1_731' title='bbox 2543 4965 2841 5020; x_wconf 91' lang='lat' dir='ltr'>duodecim</span> <span class='ocrx_word' id='word_1_732' title='bbox 2864 4966 3162 5035; x_wconf 91' lang='lat' dir='ltr'>signorum</span> <span class='ocrx_word' id='word_1_733' title='bbox 3187 4965 3382 5018; x_wconf 87' lang='lat' dir='ltr'>orbem</span> <span class='ocrx_word' id='word_1_734' title='bbox 3413 4962 3572 5017; x_wconf 89' lang='lat' dir='ltr'>annis</span> <span class='ocrx_word' id='word_1_735' title='bbox 3593 4962 3649 5014; x_wconf 83' lang='lat' dir='ltr'>l2</span> <span class='ocrx_word' id='word_1_736' title='bbox 3668 4950 3860 5009; x_wconf 72' lang='lat' dir='ltr'>coniicit.</span> 
     </span>
    </p>
   </div>
   <div class='ocr_carea' id='block_1_117' title="bbox 2256 5038 3863 5127">
    <p class='ocr_par' dir='ltr' id='par_1_117' title="bbox 2256 5038 3863 5127">
     <span class='ocr_line' id='line_1_118' title="bbox 2256 5038 3863 5127; baseline -0.008 -18"><span class='ocrx_word' id='word_1_737' title='bbox 2256 5055 2395 5109; x_wconf 86' lang='lat' dir='ltr'>Hinc</span> <span class='ocrx_word' id='word_1_738' title='bbox 2410 5060 2601 5108; x_wconf 88' lang='lat' dir='ltr'>autem</span> <span class='ocrx_word' id='word_1_739' title='bbox 2621 5053 2945 5124; x_wconf 88' lang='lat' dir='ltr'>proximum</span> <span class='ocrx_word' id='word_1_740' title='bbox 2970 5052 3300 5107; x_wconf 89' lang='lat' dir='ltr'>inferiorem</span> <span class='ocrx_word' id='word_1_741' title='bbox 3322 5052 3515 5106; x_wconf 86' lang='lat' dir='ltr'>orbem</span> <span class='ocrx_word' id='word_1_742' title='bbox 3537 5038 3863 5127; x_wconf 57' lang='grc' dir='ltr'>ιεηθιῐιυρόειςτ</span> 
     </span>
    </p>
   </div>
   <div class='ocr_carea' id='block_1_118' title="bbox 2258 5128 3863 5216">
    <p class='ocr_par' dir='ltr' id='par_1_118' title="bbox 2258 5128 3863 5216">
     <span class='ocr_line' id='line_1_119' title="bbox 2258 5128 3863 5216; baseline -0.006 -17"><span class='ocrx_word' id='word_1_743' title='bbox 2258 5162 2388 5216; x_wconf 63' lang='lat' dir='ltr'>quae</span> <span class='ocrx_word' id='word_1_744' title='bbox 2424 5145 2585 5199; x_wconf 89' lang='lat' dir='ltr'>stella</span> <span class='ocrx_word' id='word_1_745' title='bbox 2610 5144 2800 5199; x_wconf 84' lang='lat' dir='ltr'>Martis</span> <span class='ocrx_word' id='word_1_746' title='bbox 2837 5144 3181 5214; x_wconf 87' lang='lat' dir='ltr'>appellatur,</span> <span class='ocrx_word' id='word_1_747' title='bbox 3203 5159 3382 5214; x_wconf 89' lang='lat' dir='ltr'>eaque</span> <span class='ocrx_word' id='word_1_748' title='bbox 3396 5146 3632 5213; x_wconf 87' lang='lat' dir='ltr'>quatuor</span> <span class='ocrx_word' id='word_1_749' title='bbox 3649 5128 3863 5200; x_wconf 68' lang='lat' dir='ltr'>etvigiﬂ“</span> 
     </span>
    </p>
   </div>
   <div class='ocr_carea' id='block_1_119' title="bbox 2256 5218 3865 5304">
    <p class='ocr_par' dir='ltr' id='par_1_119' title="bbox 2256 5218 3865 5304">
     <span class='ocr_line' id='line_1_120' title="bbox 2256 5218 3865 5304; baseline -0.011 -16"><span class='ocrx_word' id='word_1_750' title='bbox 2256 5235 2570 5301; x_wconf 90' lang='lat' dir='ltr'>mensibus,</span> <span class='ocrx_word' id='word_1_751' title='bbox 2620 5249 2711 5287; x_wconf 84' lang='lat' dir='ltr'>sex</span> <span class='ocrx_word' id='word_1_752' title='bbox 2768 5238 2857 5303; x_wconf 82' lang='lat' dir='ltr'>(ut</span> <span class='ocrx_word' id='word_1_753' title='bbox 2907 5233 3181 5304; x_wconf 90' lang='lat' dir='ltr'>opinatur</span> <span class='ocrx_word' id='word_1_754' title='bbox 3231 5233 3443 5301; x_wconf 81' lang='lat' dir='ltr'>Cicero)</span> <span class='ocrx_word' id='word_1_755' title='bbox 3495 5228 3677 5283; x_wconf 88' lang='lat' dir='ltr'>diebus</span> <span class='ocrx_word' id='word_1_756' title='bbox 3727 5218 3865 5304; x_wconf 71' lang='lat' dir='ltr'>minus</span> 
     </span>
    </p>
   </div>
   <div class='ocr_carea' id='block_1_120' title="bbox 2256 5303 3865 5392">
    <p class='ocr_par' dir='ltr' id='par_1_120' title="bbox 2256 5303 3865 5392">
     <span class='ocr_line' id='line_1_121' title="bbox 2256 5303 3865 5392; baseline -0.013 -14"><span class='ocrx_word' id='word_1_757' title='bbox 2256 5324 2523 5378; x_wconf 91' lang='lat' dir='ltr'>eumdem</span> <span class='ocrx_word' id='word_1_758' title='bbox 2556 5324 2761 5377; x_wconf 83' lang='lat' dir='ltr'>lustrat</span> <span class='ocrx_word' id='word_1_759' title='bbox 2791 5323 2989 5377; x_wconf 90' lang='lat' dir='ltr'>orbem</span> <span class='ocrx_word' id='word_1_760' title='bbox 3023 5339 3197 5391; x_wconf 87' lang='lat' dir='ltr'>quam</span> <span class='ocrx_word' id='word_1_761' title='bbox 3239 5338 3365 5392; x_wconf 68' lang='lat' dir='ltr'>quae</span> <span class='ocrx_word' id='word_1_762' title='bbox 3400 5316 3716 5389; x_wconf 89' lang='lat' dir='ltr'>superiores.</span> <span class='ocrx_word' id='word_1_763' title='bbox 3755 5303 3865 5361; x_wconf 73' lang='lat' dir='ltr'>Infra</span> 
     </span>
    </p>
   </div>
   <div class='ocr_carea' id='block_1_121' title="bbox 2255 5405 3861 5483">
    <p class='ocr_par' dir='ltr' id='par_1_121' title="bbox 2255 5405 3861 5483">
     <span class='ocr_line' id='line_1_122' title="bbox 2255 5405 3861 5483; baseline -0.007 -17"><span class='ocrx_word' id='word_1_764' title='bbox 2255 5414 2405 5467; x_wconf 90' lang='lat' dir='ltr'>hanc</span> <span class='ocrx_word' id='word_1_765' title='bbox 2430 5418 2620 5466; x_wconf 89' lang='lat' dir='ltr'>autem</span> <span class='ocrx_word' id='word_1_766' title='bbox 2648 5412 2763 5466; x_wconf 92' lang='lat' dir='ltr'>sole</span> <span class='ocrx_word' id='word_1_767' title='bbox 2815 5412 3152 5483; x_wconf 86' lang='lat' dir='ltr'>interposito</span> <span class='ocrx_word' id='word_1_768' title='bbox 3184 5412 3347 5465; x_wconf 88' lang='lat' dir='ltr'>stella</span> <span class='ocrx_word' id='word_1_769' title='bbox 3378 5407 3596 5464; x_wconf 88' lang='lat' dir='ltr'>Veneris</span> <span class='ocrx_word' id='word_1_770' title='bbox 3641 5405 3732 5466; x_wconf 88' lang='lat' dir='ltr'>est,</span> <span class='ocrx_word' id='word_1_771' title='bbox 3772 5405 3861 5463; x_wconf 64' lang='lat' dir='ltr'>qua“</span> 
     </span>
    </p>
   </div>
   <div class='ocr_carea' id='block_1_122' title="bbox 2262 5482 3861 5574">
    <p class='ocr_par' dir='ltr' id='par_1_122' title="bbox 2262 5482 3861 5574">
     <span class='ocr_line' id='line_1_123' title="bbox 2262 5482 3861 5574; baseline -0.021 -6"><span class='ocrx_word' id='word_1_772' title='bbox 2262 5503 2554 5574; x_wconf 71' lang='grc' dir='ltr'>Φωσφόρος.</span> <span class='ocrx_word' id='word_1_773' title='bbox 2590 5500 2800 5566; x_wconf 80' lang='lat' dir='ltr'>Grmce,</span> <span class='ocrx_word' id='word_1_774' title='bbox 2842 5482 3065 5554; x_wconf 85' lang='lat' dir='ltr'>Lucifer</span> <span class='ocrx_word' id='word_1_775' title='bbox 3106 5498 3302 5553; x_wconf 86' lang='lat' dir='ltr'>Latine</span> <span class='ocrx_word' id='word_1_776' title='bbox 3327 5496 3543 5561; x_wconf 89' lang='lat' dir='ltr'>dicitur,</span> <span class='ocrx_word' id='word_1_777' title='bbox 3596 5503 3710 5569; x_wconf 89' lang='lat' dir='ltr'>cum</span> <span class='ocrx_word' id='word_1_778' title='bbox 3748 5482 3861 5535; x_wconf 51' lang='lat' dir='ltr'>ante</span> 
     </span>
    </p>
   </div>
   <div class='ocr_carea' id='block_1_123' title="bbox 2255 5581 3861 5660">
    <p class='ocr_par' dir='ltr' id='par_1_123' title="bbox 2255 5581 3861 5660">
     <span class='ocr_line' id='line_1_124' title="bbox 2255 5581 3861 5660; baseline -0.014 -16"><span class='ocrx_word' id='word_1_779' title='bbox 2255 5588 2513 5660; x_wconf 85' lang='lat' dir='ltr'>greditur</span> <span class='ocrx_word' id='word_1_780' title='bbox 2560 5588 2779 5643; x_wconf 88' lang='lat' dir='ltr'>solem:</span> <span class='ocrx_word' id='word_1_781' title='bbox 2838 5604 2968 5644; x_wconf 89' lang='lat' dir='ltr'>cum</span> <span class='ocrx_word' id='word_1_782' title='bbox 3019 5587 3385 5659; x_wconf 88' lang='lat' dir='ltr'>subsequitur</span> <span class='ocrx_word' id='word_1_783' title='bbox 3426 5588 3605 5638; x_wconf 88' lang='lat' dir='ltr'>autem</span> <span class='ocrx_word' id='word_1_784' title='bbox 3645 5581 3861 5642; x_wconf 76' lang='grc' dir='ltr'>Ἕσπερος,</span> 
     </span>
    </p>
   </div>
  </div>
