3982 6182
101 297 182 349 δ9ῑ
1052 289 1420 345 MURMELLI
1464 289 1549 357 ΕΤ
1588 290 1963 348 AGRICOLIE
2002 292 2533 350 COMMENTARIA.
3452 307 3556 360 898

102 426 265 484 Latine
292 437 499 493 vesper.
535 422 606 475 Ea
637 436 786 474 anno
817 436 1049 475 cursum
1084 423 1334 487 conﬁcit,
1397 429 1453 476 et
1496 424 1746 477 latitudi-
1785 432 1829 481 A
1858 424 2173 494 opinantur
2238 427 2524 493 nonnulli)
2578 445 2609 481 a
2649 429 2763 481 suis
2802 430 3003 483 formis
3072 433 3554 493 substantialibus

101 532 208 573 nem
234 515 467 567 lustrans
496 510 751 580 signiferi
774 510 926 564 orbis
957 518 1014 564 et
1035 512 1499 581 longitudinem:
1562 530 1747 584 neque
1858 519 2181 568 moventur.
2234 516 2465 582 Verum,
2498 522 2563 571 ut
2594 518 2689 570 alii
2738 519 2947 572 rectius
3006 520 3217 575 sentire
3272 526 3557 598 videntur,

102 618 321 674 unquam
352 617 384 654 a
414 600 525 653 sole
567 599 810 653 duorum
833 600 1131 670 signorum
1172 600 1472 655 intervallo
1522 603 1748 672 longius
1856 602 2276 672 intelligentim,
2301 604 2400 673 qui
2433 610 2489 658 et
2518 605 2754 676 spiritus
2786 607 3075 675 dicuntur,
3108 612 3262 665 caelis
3283 614 3557 673 divinitus

103 691 321 757 discedit,
370 695 490 743 tum
566 688 925 755 antecedens,
1006 694 1129 743 tum
1183 691 1553 761 subsequens.
1613 690 1749 745 Hinc
1860 692 2210 759 assistentes,
2245 710 2339 747 eos
2366 693 2781 764 circumagunt.
2813 697 3091 752 Platonici
3124 700 3302 756 Deum
3330 705 3553 774 opinati

106 780 328 838 Mercurii
357 779 514 831 stella
546 776 700 830 lunce
750 778 1029 848 proxima.
1053 779 1134 832 Ma
1166 778 1393 829 Ετίλϐων
1426 781 1751 851 appellatur
1857 787 1992 837 sunt
2019 782 2121 836 toti
2149 783 2366 837 mundo
2397 783 2754 854 permistum,
2791 787 3173 858 omnibusque
3203 791 3326 859 ejus
3375 796 3555 861 parti-

102 891 125 926 a
149 868 349 935 Graecis,
381 882 507 937 qua:
533 882 684 920 anno
713 865 830 920 fere
868 871 1124 922 vertente
1156 869 1495 938 signiferum
1544 870 1752 924 lustrat
1859 870 1964 924 bus
2000 870 2257 931 insitum,
2312 876 2531 924 tantam
2586 873 2799 927 molem
2846 873 3258 946 circumagere,
3305 896 3556 950 quorum

102 961 282 1024 orbem,
309 972 492 1026 neque
524 973 557 1008 a
594 954 954 1025 solelongius
986 973 1243 1027 unquam
1274 958 1444 1010 unius
1474 958 1625 1027 signi
1657 957 1748 1011 in-
1859 958 2191 1029 opinionem
2215 964 2443 1013 secutus
2464 964 2654 1030 poeta,
2688 962 2930 1016 cecinit:

104 1046 300 1104 tervallo
350 1042 607 1108 discedit,
662 1048 783 1096 tum
815 1050 1197 1111 antevertens,
1256 1048 1380 1098 tum
1417 1046 1747 1116 insequens.
1984 1046 2247 1123 Principio
2282 1047 2501 1123 cretum,
2524 1063 2583 1097 ac
2605 1053 2789 1123 terras,
2825 1064 3143 1123 camposque
3164 1052 3443 1119 liquentes,

105 1140 164 1192 De
188 1134 265 1189 his
296 1136 507 1202 septem
532 1130 776 1202 planetis
802 1132 1094 1202 eleganter
1125 1110 1384 1187 Lucanus
1407 1133 1467 1187 in
1495 1110 1750 1188 ix-Phar-

1987 1110 2373 1172 Lucentemque
2399 1111 2616 1173 globum
2642 1112 2802 1169 lunas.
2834 1110 3141 1177 Titaniaque
3169 1110 3309 1167 as'tra

1986 1172 2210 1239 Spiritus
2233 1172 2384 1239 intus
2414 1173 2523 1239 alit,
2552 1177 2795 1237 totosque
2825 1174 3000 1224 infusa
3030 1191 3122 1239 per
3152 1183 3297 1229 artus

106 1225 232 1281 sana,
254 1239 266 1276 ε
1984 1209 2131 1282 ᾗᾌηε
2161 1209 3414 1301 agite-tumcum:magnouseoe-oi'lporce‘in‘iscet.

202 1311 475 1385 sideribus,
506 1324 624 1373 quae
654 1309 770 1385 spla
799 1309 977 1385 fugam
1004 1310 1357 1385 moderantur.
1379 1312 1606 1376 Olympi,
1863 1315 1931 1368 Et
1958 1314 2197 1368 Manlius
2217 1314 2277 1367 in
2309 1315 2493 1385 primo
2522 1318 2967 1373 Astronomicon
3000 1335 3013 1373 :

202 1377 584 1436 Occurruntque
614 1373 755 1435 polo,
783 1373 989 1436 diversa
1022 1374 1257 1434 potentia
1282 1373 1450 1436 prima

200 1437 367 1486 Mundi
396 1435 509 1498 lege
535 1434 656 1482 data
689 1439 784 1495 est,
816 1435 896 1483 sol
918 1439 1151 1498 tempora
1175 1434 1364 1484 dividit
1388 1437 1535 1496 anni,

207 1501 359 1547 Mutat
384 1503 539 1546 nocte
564 1498 998 1559 diem,radiisque
1012 1498 1316 1559 potentibus
1338 1504 1479 1547 astra

208 1561 280 1609 Ire
300 1564 453 1618 vetat,
486 1572 775 1621 cursusque
802 1573 960 1622 vagos
991 1560 1217 1609 statione
1243 1566 1496 1610 moratur.

206 1624 334 1670 Luna
365 1624 473 1670 suis
504 1622 708 1670 vicibus
731 1622 933 1685 Tethyn
960 1626 1270 1685 terrenaque
1295 1624 1495 1673 miscet.

207 1686 400 1747 Frigida
429 1686 659 1732 Saturno
694 1684 903 1746 glacies,
935 1690 987 1732 et
1007 1698 1134 1733 zona
1160 1684 1351 1733 nivalis
1796 1718 1835 1772 Β

207 1749 353 1772 Ρημηζι
386 1747 540 1772 kal-nu
564 1751 746 1772 τνΛηθιιη
779 1748 1082 1772 ζηηιηιιηηηη
1111 1747 1327 1772 ..ιιι-νιῖησι
1360 1747 1558 1772 ιιι-...ηιμ
1586 1760 1597 1772 ο

207 1749 357 1796 Cessit
386 1747 545 1795 habet
564 1751 749 1794 ventos
779 1748 1083 1809 incertaque
1108 1747 1331 1795 fulmina
1356 1747 1561 1795 Mavors
1586 1760 1597 1794 :

206 1811 301 1858 Sub
328 1810 452 1858 Jove
484 1810 761 1870 temperies
794 1813 845 1857 et
870 1822 1143 1871 nunquam
1169 1810 1410 1858 turbidus
1441 1823 1545 1858 aer.

205 1874 269 1921 Ad
304 1872 530 1919 fecunda
559 1872 734 1919 Venus
755 1874 1064 1919 cunctarum
1096 1872 1297 1919 semina
1320 1885 1496 1919 rerum

207 1934 442 1990 Possidet,
475 1934 751 1981 immensae
788 1933 1056 1996 Cyllenius
1086 1935 1280 1983 arbiter
1309 1934 1468 1983 unda:
1504 1937 1601 1982 est.

166 2017 246 2068 Per
267 2017 436 2068 varios
501 2013 678 2085 orbes]
719 2015 914 2067 Varios
980 2013 1157 2068 circos
1216 2014 1426 2084 accipe.
1478 2014 1759 2068 Saturnus

112 2105 252 2167 enim,
307 2102 717 2173 Jupiter,Mars
743 2106 798 2155 et
843 2103 1031 2157 Venus
1080 2109 1271 2157 ternos
1327 2103 1494 2156 orbes
1546 2102 1760 2157 habent

112 2210 213 2245 cum
238 2193 514 2262 'epicyclo,
548 2207 653 2261 per
683 2208 823 2262 quos
856 2208 921 2244 ex
971 2196 1436 2246 astronomorum
1501 2192 1761 2246 doctrina

112 2284 233 2334 varie
261 2286 588 2346 moventur;
622 2280 930 2357 Mercurius
961 2286 1153 2335 autem
1188 2282 1353 2335 orbes
1393 2281 1651 2353 quinque
1705 2286 1761 2335 et

113 2372 401 2441 epicyclum.
436 2372 534 2423 Est
565 2376 756 2422 autem
788 2370 1072 2440 epicyclus
1110 2371 1354 2424 circulus
1392 2386 1602 2439 parvus
1657 2386 1762 2441 per

114 2461 240 2529 cujus
263 2459 779 2513 circumferentiam
812 2459 1065 2512 defertur
1094 2474 1299 2530 corpus
1313 2460 1760 2530 planetm.0rbis

115 2566 217 2601 vero
242 2565 439 2601 nomen
501 2553 589 2602 est
648 2548 1005 2615 ambiguum,
1039 2552 1183 2602 teste
1242 2549 1541 2603 Macrobio.
1599 2549 1761 2603 Modo

115 2638 236 2691 enim
262 2638 531 2691 circulum
595 2637 895 2707 signiﬁcat.
957 2636 1191 2691 Cicero:
1245 2638 1375 2691 Erat
1433 2642 1623 2691 autem
1672 2637 1762 2692 his

116 2727 531 2795 splendidissimo
563 2727 810 2780 candore
844 2727 992 2780 inter
1015 2726 1274 2780 ﬂammas
1300 2727 1528 2780 elucens
1578 2726 1759 2780 circu-

1989 1398 2098 1473 iloc
2124 1413 2257 1473 opus
2288 1400 2531 1473 immensi
2563 1407 3169 1473 constructumcorpore
3198 1411 3405 1473 mundi,

1989 1461 2323 1524 Membraque
2349 1467 2552 1512 natura:
2583 1464 2790 1512 diversa
2818 1466 3030 1515 condita
3048 1461 3225 1518 forma

1989 1523 2522 1595 geris,.atQUe‘ignis,
2559 1529 2730 1595 terrm,
2762 1527 3036 1591 pelagique
3060 1531 3305 1595 jacentis;

1991 1585 2081 1652 Yis
2098 1586 2287 1652 animle
2303 1585 2503 1652 _divina
2524 1588 2679 1652 regit,
2711 1585 2967 1652 sacroque
2999 1585 3174 1642 meatu

1992 1646 2455 1715 gonspiratDeus,
2483 1646 2643 1715 tacita
2674 1646 3184 1715 ratione'gubernat,

1991 1710 2069 1781 Et.
2087 1710 2570 1781 n1ulta_in_cunctas
2589 1713 2865 1781 dispensat
2905 1710 3103 1781 fcedera
3134 1710 3326 1781 partes,

1992 1772 2187 1843 éltera,
2220 1777 2279 1821 ut
2302 1772 2517 1822 alterius
2557 1772 2705 1843 vires,
2740 1775 2998 1839 faciatque
3023 1772 3279 1843 feratque,

1994 1834 2316 1899 Summaque
2346 1849 2440 1897 per
2464 1837 2635 1884 varias
2665 1845 2877 1887 maneat
2906 1834 3129 1903 cognata
3164 1834 3373 1906 figuras.

1945 1925 2040 1979 Vel
2060 1940 2155 1978 cur
2174 1924 2326 1978 sidus
2357 1929 2548 1993 surgat
2577 1926 2643 1979 ab
2666 1932 2787 1981 ortu
2810 1931 2992 1997 rutilo,
3019 1946 3272 1987 casurum
3295 1938 3352 1988 in
3381 1935 3561 1993 undas

1865 2014 2177 2083 Hesperias]
2218 2014 2425 2068 Sensus
2462 2030 2474 2068 :
2530 2016 2773 2082 Boetius,
2803 2018 3001 2072 solitus
3032 2024 3274 2076 scrutari
3314 2029 3370 2078 et
3428 2027 3557 2081 red-

1868 2101 2003 2155 dere
2063 2119 2259 2157 causas
2325 2104 2634 2167 naturales,
2696 2123 2890 2175 ,quare
2942 2111 3116 2164 stellm
3164 2113 3445 2181 .oriantur
3500 2117 3562 2171 in

1868 2190 2107 2258 oriente,
2138 2197 2195 2246 et
2224 2191 2282 2245 in
2304 2193 2592 2246 occidente
2618 2194 2898 2262 occidant,
2927 2198 3204 2270 juxtaque
3241 2204 3397 2273 vulgi
3443 2206 3564 2276 opi-

1867 2280 2103 2335 nionem
2136 2282 2371 2335 occiduo
2404 2283 2822 2354 immergantur
2852 2286 3094 2340 Oceano.
3132 2290 3308 2359 Hujus
3366 2298 3561 2349 autem

1867 2370 1953 2423 rei
1967 2386 2136 2424 causa
2157 2375 2241 2424 est
2272 2376 2464 2425 motus
2482 2373 2775 2426 circularis
2790 2374 2960 2444 primi
2989 2376 3115 2430 coeli
3147 2378 3397 2446 mobilis,
3435 2398 3563 2437 om-

1870 2474 1971 2513 nes
1994 2458 2184 2513 stellas
2214 2464 2330 2513 tam
2363 2460 2631 2514 erraticas
2661 2478 2831 2532 quam
2865 2465 3001 2518 ﬁxas
3031 2481 3227 2521 secum
3249 2470 3564 2542 corripiens

1872 2549 1942 2603 ab
1973 2554 2104 2601 ortu
2144 2548 2203 2602 in
2249 2565 2534 2613 occasum,
2578 2554 2633 2603 et
2664 2566 2862 2605 rursus
2907 2552 2975 2606 ab
3026 2570 3226 2609 occasu
3259 2574 3318 2610 in
3350 2565 3561 2617 ortum.

1940 2639 2004 2691 In
2050 2636 2228 2691 undas
2286 2636 2610 2710 Hesperias]
2668 2640 2731 2697 In
2780 2641 3070 2697 Oceanum
3128 2647 3561 2705 occidentalem.

1870 2726 1951 2780 Ab
1984 2727 2232 2796 Hespero
2273 2728 2426 2780 enim
2462 2728 2761 2797 hesperius
2809 2731 3175 2787 occidentalis
3230 2736 3456 2807 dicitur,
3510 2745 3564 2794 et

116 2816 201 2880 ius,
230 2833 384 2887 quem
414 2833 513 2870 vos
542 2816 629 2886 (ut
658 2832 689 2869 a
711 2816 893 2869 Graiis
914 2816 1224 2884 accepistis)
1262 2816 1460 2870 orbem
1515 2815 1762 2869 lacteum
1871 2816 2143 2884 Hesperia
2189 2814 2386 2868 ultima
2417 2815 2706 2887 iHispania
2756 2817 2817 2873 in
2877 2820 2990 2874 ﬁne
3016 2824 3373 2896 Loccidentis,
3433 2844 3563 2883 cum

117 2905 429 2975 nuncupatis.
464 2905 634 2960 Modo
667 2904 969 2975 sphaeram.
1000 2904 1156 2957 ldem
1192 2920 1204 2958 :
1238 2905 1451 2958 Novem
1477 2903 1583 2959 tibi
1616 2903 1764 2957 orbi-
1872 2904 2142 2973 Hesperia
2170 2903 2506 2975 simpliciter
2530 2906 2843 2976 accipiatur
2866 2925 2970 2979 pro
2992 2911 3174 2967 Italia.

118 2991 219 3057 bus,
244 2993 319 3046 vel
348 2992 544 3064 potius
570 2992 757 3062 globis
779 3007 1036 3047 connexa
1062 2997 1196 3046 sunt
1228 2992 1441 3045 omnia.
1474 2991 1765 3062 Accipitur
1803 3016 1843 3071 ο
1944 2992 2073 3057 Quis
2138 2996 2387 3062 temperet
2443 2994 2696 3063 placidas
2754 2996 2916 3052 horas
2945 3000 3107 3071 veris]
3142 3002 3202 3057 Id
3269 3008 3356 3059 est
3402 3007 3564 3062 verni

119 3088 160 3134 et
198 3098 594 3152 nonnunquam
652 3080 804 3135 orbis
837 3097 941 3151 pro
984 3096 1245 3150 regressu
1280 3085 1335 3134 et
1394 3081 1763 3135 conversione
1872 3081 2167 3150 temporis.

118 3171 171 3222 ab
197 3172 376 3225 eodem
408 3172 554 3237 loco,
587 3171 647 3223 in
687 3171 955 3224 eumdem
987 3176 1114 3240 post
1129 3186 1427 3224 emensum
1459 3170 1761 3223 ambitum.
1949 3170 2035 3238 Ut]
2068 3169 2443 3241 Subintellige
2473 3170 2550 3225 id.

118 3260 278 3314 Idem:
335 3261 464 3325 Quae
528 3260 787 3313 rotundas
848 3264 905 3314 et
936 3260 1192 3331 globosae
1252 3259 1458 3314 divinis
1503 3258 1766 3312 animatae
1947 3258 2109 3313 Ornet
2136 3257 2334 3330 roseis]
2368 3260 2677 3329 Purpureis
2710 3260 2945 3318 ﬂoribus
2977 3270 3205 3323 terram.

119 3349 380 3415 mentibus,
403 3350 647 3403 circulos
668 3365 800 3403 suos
830 3350 1108 3421 orbesque
1136 3348 1449 3403 conﬁciunt
1478 3347 1767 3403 celeritate
1945 3348 2106 3417 Deus]
2136 3348 2396 3401 Profecto
2424 3348 2480 3402 id
2505 3349 2679 3403 efﬁcit
2706 3352 2837 3404 solis
2872 3352 3210 3419 ministerio,
3274 3358 3373 3428 qui
3424 3359 3563 3415 dum

118 3438 345 3493 mirabili.
380 3439 650 3509 Virgilius
685 3454 698 3491 ε
1875 3436 1946 3490 ad
1976 3436 2274 3506 superiora
2298 3438 2719 3519 conscenderit,
2753 3456 2852 3494 ver
2886 3446 3166 3513 temperat
3199 3461 3212 3498 :
3246 3447 3348 3500 Ubi
3372 3454 3564 3504 autem

508 3526 665 3575 Redit
688 3525 931 3589 agricolis
960 3526 1109 3575 labor
1128 3530 1276 3574 actus
1302 3525 1355 3574 in
1382 3525 1579 3574 orbem.
1877 3524 1948 3579 ad
1978 3542 2269 3579 summum
2304 3525 2431 3579 cceli
2460 3527 2698 3594 venerit,
2734 3530 2960 3584 aestivos
2992 3533 3250 3588 accendit
3293 3537 3506 3591 calores
3552 3554 3565 3593 :

175 3607 708 3679 Nonnunquampro
741 3623 936 3661 mensa
965 3607 1165 3677 ﬁgurae
1205 3606 1560 3661 orbicularis.
1602 3606 1770 3660 Juve-
1875 3614 2227 3669 descendens
2277 3630 2478 3669 rursus
2502 3622 2797 3686 autumno,
2832 3621 3170 3690 temperiem
3195 3625 3399 3679 reddit.
3462 3627 3568 3681 Ubi

122 3698 267 3751 nalis:
781 3767 799 3781 ρ
966 3764 1060 3781 Α.
1357 3766 1422 3781 U‘
1454 3779 1491 3781 η
1874 3719 2008 3757 vero
2040 3704 2109 3757 ad
2153 3703 2487 3757 inferiorem
2517 3705 2661 3759 redit
2694 3707 2991 3773 circulum,
3040 3726 3107 3764 ex
3146 3713 3372 3781 glaciali
3411 3730 3568 3769 com-

273 3832 467 3880 Gmnde
495 3831 645 3880 ebur.
781 3767 932 3815 Latos
962 3764 1064 3814 nisi
1095 3765 1320 3815 sustinet
1348 3766 1516 3823 orbes’
1875 3808 2023 3863 page
2058 3792 2185 3846 coeli
2220 3792 2467 3862 rigorem
2503 3793 2665 3847 nobis
2687 3795 2913 3850 hiberni
2935 3764 3179 3867 frigori:
3196 3764 3562 3876 derelinq‘uit.

177 3909 296 3972 Quin
320 3914 477 3965 etiam
508 3906 729 3979 causas]
790 3907 941 3962 Ordo
970 3912 1097 3962 est:
1142 3906 1291 3972 Quin
1337 3906 1509 3961 etiam
1566 3907 1769 3961 solitus

123 3996 284 4053 rimari
319 4017 533 4068 causas,
591 4004 762 4069 atque
794 3997 1033 4051 reddere
1081 3996 1268 4051 varias
1300 4013 1496 4051 causas
1547 4001 1769 4050 natura:

125 4084 333 4142 latentis.

182 4178 325 4248 Unde]
356 4180 465 4231 Hoc
497 4183 602 4243 est,
637 4176 844 4247 quibus
876 4175 945 4230 de
981 4174 1183 4229 causis.

180 4268 364 4321 Sonora
386 4265 630 4337 ﬂamina]
656 4267 714 4320 Id
739 4270 845 4334 est,
868 4265 1063 4319 sonori
1091 4269 1394 4318 ventorum
1421 4264 1611 4318 ﬂatus.

180 4354 467 4425 Sollicitant]
502 4356 849 4425 [nquietent,
885 4354 1193 4425 exagitent,
1229 4356 1656 4409 commoveant.

181 4444 426 4514 Equora]
456 4445 719 4515 {Equales
760 4448 816 4498 et
846 4445 1044 4515 planas
1063 4448 1216 4514 _ante
1246 4448 1549 4498 ventorum
1604 4442 1773 4497 ﬂatus

130 4534 432 4601 superﬁcies.

183 4620 341 4693 Ponti]
370 4623 553 4677 Maris.
612 4622 848 4689 Ventus,
889 4638 987 4675 aer
1020 4626 1106 4677 est
1131 4625 1452 4677 commotus
1478 4624 1534 4676 et
1588 4622 1777 4693 agita-

131 4712 217 4775 tus,
246 4712 377 4765 sicut
422 4712 650 4767 ﬂabello
698 4712 854 4765 brevi
884 4716 1073 4781 potest
1093 4711 1421 4782 approbari.
1476 4712 1588 4765 Nec
1621 4711 1778 4765 aliud

132 4804 294 4854 ventus
332 4802 665 4872 intelligitur
691 4817 863 4872 quam
913 4800 1117 4855 ﬂuctus
1152 4802 1319 4867 aeris,
1376 4802 1475 4871 qui
1524 4800 1611 4871 (ut
1654 4800 1777 4856 Cle-

133 4900 261 4941 mens
318 4891 407 4960 ait)
465 4907 529 4945 ex
589 4890 937 4961 quibusdam
985 4889 1275 4945 montibus
1331 4890 1566 4944 excelsis
1622 4889 1779 4943 velut

133 4989 441 5047 compressus
470 4986 525 5035 et
551 4984 955 5051 coangustatus
984 4979 1344 5034 ordinatione
1378 4978 1478 5033 Dei
1526 4978 1771 5049 cogitur,

135 5070 177 5114 et
222 5070 537 5138 exprimitur
595 5069 655 5123 in
704 5073 899 5122 ventos
952 5069 1023 5122 ad
1081 5069 1473 5123 exercitandos
1549 5065 1777 5133 ﬂuctus,

137 5160 380 5226 aestusque
420 5158 841 5228 temperandos.
894 5159 1000 5211 Pro
1032 5156 1269 5212 diversis
1299 5162 1491 5211 autem
1523 5156 1780 5227 partibus

1949 3880 2124 3950 Plena]
2158 3881 2335 3933 Variis
2366 3880 2627 3951 frugibus
2658 3882 2993 3941 abundanti.

1950 3968 2226 4038 Gravidis]
2259 3968 2435 4022 Vineo
2467 3969 2687 4039 liquore
2722 3973 3008 4029 distentis.

1951 4056 2183 4129 Rimari]
2216 4058 2529 4128 Inquirere,
2554 4061 2814 4114 scrutari.

1949 4146 2141 4216 E/I‘eto]
2176 4146 2498 4215 Debilitato,
2523 4147 2737 4202 viribus
2775 4149 3072 4207 destituto.

1951 4233 2194 4307 Lumine]
2231 4235 2549 4290 Intellectu.

1808 4315 1853 4370 D
1951 4326 2171 4379 Pressus
2203 4321 2359 4395 colla]
2384 4324 2605 4377 Habeus
2636 4325 2843 4379 collum
2876 4328 3230 4399 depressum.

1955 4413 2225 4469 Gravibus
2255 4415 2474 4481 catenis]
2513 4414 2723 4468 Rerum
2746 4421 3106 4472 terrenarum
3134 4421 3563 4491 cupiditatibus.

1952 4500 2235 4573 Declivem]
2272 4504 2546 4569 Pronum,
2580 4504 2740 4558 humi
2784 4506 3144 4562 inclinatum.

1953 4589 2214 4663 Pondere]
2245 4592 2519 4646 Terrestri
2542 4594 2948 4650 sollicitudine.

1956 4678 2242 4752 Stolidam]
2283 4680 2531 4736 Stolidos
2557 4683 2881 4738 facientem.
2914 4683 3003 4739 Sic
3034 4691 3089 4740 et
3120 4691 3571 4764 satyrographus

1886 4769 2166 4825 exclamat
2191 4786 2203 4823 :

2010 4876 2050 4926 Ο
2080 4889 2257 4925 curvas
2280 4875 2335 4925 in
2360 4880 2524 4926 terras
2550 4877 2757 4937 animas,
2795 4883 2847 4928 et
2872 4880 3163 4933 cmlestium
3185 4885 3389 4937 inanes.

2490 4976 2559 5030 IN
2598 4978 2872 5033 PROSAM
2906 4980 2971 5033 ΙΙ.

1960 5066 2075 5120 Hac
2106 5082 2273 5136 prosa
2305 5065 2531 5120 Boetius
2561 5068 2734 5120 refert
2756 5070 3035 5138 quidnam
3070 5072 3463 5145 Philosophia,
3498 5079 3574 5132 la-

1888 5154 2187 5208 mentabili
2217 5155 2467 5208 carmine
2499 5154 2679 5220 ﬁnito,
2711 5157 2859 5211 circa
2888 5175 3019 5212 eum
3052 5165 3373 5231 tentaverit,
3399 5171 3579 5235 utque

139 5244 257 5308 caali,
287 5248 509 5300 nomina
530 5248 752 5301 diversa
782 5246 1035 5301 sortitur.
1891 5243 2145 5312 primum
2182 5244 2340 5296 molli
2362 5259 2624 5298 sermone
2654 5245 3027 5315 languentem
3059 5250 3233 5305 fuerit
3281 5254 3529 5307 allocuta
3561 5269 3575 5307 :

194 5331 303 5395 Quis
334 5340 553 5403 spiritus
578 5335 780 5405 volvat]
813 5335 873 5389 Id
905 5340 990 5389 est
1018 5334 1388 5405 circumagat.

196 5421 379 5494 Orbem]
403 5424 692 5489 Mundum,
722 5425 776 5478 id
810 5429 897 5478 est
922 5422 1150 5479 caelum.

197 5509 453 5583 Stabilem]
504 5514 783 5583 Perpetuo
844 5519 1061 5579 tenore,
1127 5516 1182 5566 et.
1220 5512 1536 5567 certissima
1580 5510 1788 5582 optimi

145 5597 322 5651 ordinis
357 5600 743 5657 observatione
774 5607 1153 5658 constantem.
1195 5601 1373 5657 Orbes
1417 5601 1674 5656 caelestes
1700 5603 1789 5670 (ut

1892 5332 2100 5385 deinde
2122 5336 2410 5385 contracta
2430 5332 2490 5385 in
2540 5348 2743 5404 rugam
2774 5342 2946 5404 veste,
2994 5340 3187 5392 oculos
3235 5339 3359 5409 ejus
3388 5340 3580 5413 lacry-

1892 5422 2003 5475 mis
2036 5421 2315 5474 undantes
2342 5421 2657 5477 desiccarit.

1964 5508 2304 5578 Luminibus]
2335 5509 2545 5565 Oculis.

1966 5598 2165 5669 Atqui]
2195 5600 2321 5667 Sed,
2353 5600 2524 5654 dictio
2557 5606 2641 5655 est
2674 5602 2868 5656 Boetio
2898 5602 3124 5657 usitata.
