4054 6184
456 280 558 331 903

1198 266 1548 323 APPENDIX
1589 266 1683 320 AD
1727 262 1976 319 LIBROS
2020 261 2105 315 DE
2144 260 2670 316 CONSOLATIONE
2711 264 3216 320 PHILOSOPHUS.

3797 279 3881 331 904

453 415 754 470 obscuritas
782 410 1013 479 desuper
1032 408 1091 460 in
1121 412 1322 462 terram
1344 403 1624 470 funditur,
1665 401 1950 465 emittitur,
2009 404 2136 453 ante
2172 398 2218 451 A
2249 397 2409 467 probi
2441 398 2700 454 Boetium
2725 405 2783 454 et
2811 401 2968 455 exosi
2992 406 3125 456 sunt
3158 406 3213 457 et
3243 404 3543 473 criminati,
3574 409 3877 479 quodphilo-

458 509 663 573 tempus
684 517 789 555 nox
819 500 975 553 terris
998 496 1239 551 incubat.
1269 496 1365 559 Ar,
1399 491 1846 557 sedlccontrario,
1880 492 1930 543 si
1960 488 2144 542 boreas

456 600 677 647 emissus
707 590 773 643 ab
803 593 969 653 arcto,
998 589 1061 654 ζα
1094 583 1503 653 septentrionali
1526 582 1716 649 plaga,
1776 580 1857 632 vel
1914 578 2145 631 Thracio

453 688 633 748 antro,
665 680 811 750 quod
841 694 907 731 ea:
937 678 1082 729 cavis
1116 676 1291 727 antris
1337 672 1483 725 venti
1510 672 1948 739 proﬁciscantur.
2006 668 2145 720 Vaa-

455 788 642 838 neaer,
699 770 900 823 scilicet
944 766 1131 820 cmlum
1174 766 1223 817 et
1252 762 1416 815 nubes
1450 777 1461 815 :
1500 766 1549 814 et
1590 760 1859 823 RBSEBET,
1905 759 2141 827 aperiat,

455 863 716 925 clausum,
750 859 952 912 scilicet
978 869 1075 923 per
1120 852 1345 905 nubium
1375 852 1754 904 obscuritatem
1812 847 1975 911 diem,
2035 846 2147 899 diei

454 953 779 1006 claritatem,
844 947 1122 1009 Puoeeus,
1156 942 1253 996 sol.
1319 942 1519 993 Emcar
1547 936 1868 1007 splendescit
1904 956 1915 990 :
1946 939 1995 989 et
2049 934 2141 989 Vi-

454 1054 657 1093 amvrus
685 1038 994 1105 crispatus;
1025 1034 1220 1087 Suairo
1246 1072 1259 1097 ,
1287 1032 1565 1098 repentino
1613 1027 1836 1090 lumine,
1888 1025 2143 1090 fulgore;

452 1130 635 1195 Femr,
667 1126 949 1187 verberat;
974 1123 1264 1187 MIRANTES,
1301 1122 1639 1187 aspectantes
1670 1116 1887 1178 oculos;
1920 1114 1997 1166 Ra
2013 1129 2138 1179 nus,

451 1234 561 1273 suae
588 1220 705 1271 luce
733 1216 1024 1269 claritatis.
1054 1210 1165 1267 Sed
1193 1210 1300 1263 haec
1330 1208 1653 1261 delibavisse
1682 1207 1817 1259 satis
1863 1206 1935 1259 sit
1966 1204 2144 1257 hacte-

453 1323 572 1361 nus.
628 1309 705 1360 Tu
735 1304 872 1370 vale,
906 1308 954 1356 et
984 1300 1185 1355 studiis
1241 1296 1505 1361 incumbe,
1553 1301 1601 1350 et
1666 1299 1715 1349 te
1770 1291 2145 1363 hujuscemodi

453 1394 928 1450 exercitationibus
949 1390 1278 1444 vehementer
1306 1388 1528 1440 oblecta.

1036 1479 1105 1532 IN
1153 1474 1431 1531 PROSAM
1461 1475 1556 1529 ΙΙΙ.

524 1576 725 1629 Narrat
754 1586 906 1625 nunc
940 1567 1164 1623 Boetius
1208 1562 1695 1635 quemadmodum
1743 1560 1985 1630 pristino
2037 1559 2146 1613 sibi

450 1663 649 1731 vigore
669 1660 954 1726 restituto,
979 1656 1231 1725 agnitam
1260 1650 1687 1722 Philosophiam
1719 1650 1792 1703 sit
1839 1650 2139 1714 allocutus,

449 1768 629 1821 eaque
686 1744 1222 1804 benevolentissime
1296 1739 1677 1810 responderit,
1762 1738 2139 1808 docueritque

452 1840 590 1894 olim
622 1839 700 1893 ita
728 1840 1124 1906 comparatum
1149 1848 1289 1898 esse,
1323 1835 1385 1884 ut
1412 1830 1689 1899 improbis
1720 1828 1849 1882 odio
1882 1827 1997 1881 sint
2025 1827 2144 1880 vir-

449 1934 637 1984 tutum
669 1944 732 1981 ac
763 1923 1060 1995 sapientius
1090 1920 1363 1987 studiosi;
1398 1919 1637 1989 proinde
1670 1918 1851 1988 magis
1890 1917 2143 1987 gauden-

450 2018 588 2072 dum
620 2015 707 2070 illi
734 2030 907 2085 quam
937 2012 1249 2066 dolendum
1274 2025 1415 2069 esse.
1450 2009 1496 2060 si
1548 2007 1620 2061 ob
1642 2022 1870 2061 morum
1906 2005 2146 2059 dissimi-

448 2106 750 2161 litudinem
784 2101 1033 2173 pessimo
1089 2099 1297 2171 cuique
1342 2097 1660 2167 displiceat,
1722 2101 1778 2150 et
1840 2094 2140 2165 sapientia:

449 2196 595 2249 vallo
624 2193 881 2248 munitus
913 2190 1202 2245 incassum
1242 2187 1497 2258 profanas
1530 2184 1920 2240 multitudinis
1968 2200 2143 2240 armis

446 2282 819 2354 impetantur.

520 2370 684 2426 Haud
715 2366 894 2435 aliter]
939 2367 1063 2419 Non
1109 2363 1220 2417 alio
1259 2362 1449 2429 modo,
1479 2376 1653 2431 quam
1685 2359 1987 2415 serenitate
2046 2376 2140 2413 re-

451 2461 620 2516 ducta
650 2457 785 2512 solis
812 2458 1073 2525 aspectus
1104 2452 1383 2508 redditur.

520 2546 713 2615 Hausi]
746 2542 991 2613 Inspexi.

519 2634 863 2704 Medicantis]
949 2630 1257 2687 Oculorum
1331 2626 1564 2699 caligini
1611 2625 1930 2681 remedium
1998 2625 2139 2681 affe-

450 2725 646 2780 tentis.

518 2812 750 2883 Didumi]
794 2808 1027 2881 Aperui.
1092 2808 1370 2863 Diducere
1401 2805 1551 2860 enim
1586 2806 1839 2860 dividere
1890 2810 1992 2874 est,
2040 2808 2140 2860 aut

451 2904 691 2974 aperire.
748 2901 1041 2955 Deducere
1087 2914 1244 2965 vero,
1279 2897 1547 2950 deorsum
1577 2895 1805 2949 ducere.
1870 2895 2015 2949 Cave
2064 2912 2137 2951 ne

2258 488 2472 557 sophus
2494 493 2641 543 esset
2669 495 2725 543 et
2750 489 2985 561 justitioe
3010 493 3216 546 cultor.

2326 576 2555 647 Scilicet]
2594 578 2658 641 Ο.
2689 579 2742 633 d.
2772 580 3021 634 Minime.

2325 664 2535 737 Censes]
2572 668 2836 739 Nunquid
2868 670 3109 725 censes?
3145 672 3269 726 haec
3298 672 3451 727 enim
3494 690 3592 745 per
3616 676 3887 749 interroga-

2253 755 2469 810 tionem
2501 763 2636 811 sunt
2669 759 2929 829 legenda.

2323 846 2673 915 Lacessitam]
2706 849 3093 917 Provocatam,
3128 850 3469 921 impetitam.

2323 935 2510 989 Nostri
2533 934 2804 1009 Platonis]
2836 939 3313 1010 Philosophorum
3341 940 3627 1012 principis,
3658 948 3710 997 et
3752 960 3891 1014 quem

2252 1028 2315 1077 tu
2348 1040 2578 1095 quoque
2611 1025 2669 1080 in
2717 1027 2826 1081 isto
2855 1043 3027 1098 opere
3056 1029 3418 1099 potissimum
3466 1030 3713 1086 imitaris.
3764 1034 3889 1089 Plato

2252 1113 2614 1168 Atheniensis
2666 1115 3143 1188 philosophorum
3188 1120 3493 1189 gentilium
3544 1123 3890 1192 prmstantissi-

2254 1218 2401 1270 mus,
2428 1204 2670 1259 Socratis
2710 1205 3044 1277 discipulus,
3092 1208 3407 1263 Aristotelis
3454 1215 3772 1281 praeceptor,
3812 1228 3889 1266 cu-

2248 1293 2342 1362 jus
2399 1293 2573 1347 vitam
2646 1298 2937 1350 memoriae
2993 1298 3251 1368 prodidit
3312 1298 3594 1369 Diogenes
3650 1301 3886 1365 Laertius,

2253 1382 2460 1436 deinde
2533 1384 2815 1438 Guarinus
2848 1387 3210 1455 Veronensis,
3245 1392 3302 1441 et
3353 1389 3627 1442 Marsilias
3682 1391 3883 1443 Ficinus.

2256 1471 2413 1525 Plato
2442 1476 2498 1525 et
2517 1472 2639 1542 ipse
2670 1474 2728 1529 in
2778 1475 3042 1529 maximis
3070 1477 3357 1547 periculis,
3392 1494 3459 1532 eo
3509 1478 3653 1549 quod
3686 1479 3889 1548 philoso-

2256 1560 2403 1629 phus
2434 1567 2598 1628 esset,
2652 1570 2908 1618 versatus
2963 1571 3066 1632 est,
3127 1582 3299 1636 super
3331 1583 3447 1637 quo
3500 1569 3567 1622 Μ.
3606 1568 3798 1621 Tullius
3845 1569 3888 1621 in

2256 1651 2513 1705 oratione
2544 1668 2647 1722 pro
2679 1654 2741 1707 C.
2774 1654 3022 1709 Rabirio.
3048 1656 3264 1723 Virum,
3296 1656 3506 1728 inquit,
3543 1674 3712 1711 unum
3752 1659 3887 1711 totius

2255 1740 2482 1794 Graeciae
2515 1742 2674 1796 facile
2696 1743 3085 1798 doctissimum
3117 1746 3437 1813 Platonem,
3472 1747 3765 1817 iniquitate
3788 1748 3885 1800 Dio-

2252 1830 2399 1901 nysii
2454 1831 2657 1886 Sicilia:
2717 1833 2962 1903 tyranni,
3019 1833 3111 1887 cui
3168 1851 3226 1888 se
3279 1835 3376 1889 ille
3446 1836 3801 1901 commiserat,
3840 1836 3885 1889 in

2254 1920 2519 1973 maximis
2558 1921 2827 1990 periculis
2866 1920 3205 1994 insidiisque
3237 1940 3358 1978 esse
3386 1930 3670 1979 versatum
3721 1925 3888 1995 accepi-

2253 2026 2398 2064 mus.
2435 2011 2819 2065 Calisthenem
2844 2011 3074 2065 doctum
3098 2013 3414 2082 hominem,
3453 2015 3710 2067 comitem
3743 2015 3887 2083 Magni

2251 2098 2575 2166 Alexandri,
2608 2099 2677 2153 ab
2708 2100 3029 2154 Alexandro
3059 2106 3345 2156 necatum.
3386 2102 3729 2157 Demetrium
3758 2109 3803 2155 et
3836 2119 3882 2155 ex

2252 2187 2547 2257 republica
2593 2188 2853 2255 Athenis,
2896 2205 3070 2259 quam
3125 2191 3341 2260 optime
3399 2191 3721 2261 digesserat,
3758 2197 3803 2244 et
3838 2207 3884 2244 ex

2247 2276 2509 2330 doctrina
2539 2277 2791 2331 nobilem
2819 2283 2874 2331 et
2903 2279 3143 2346 clarum,
3172 2280 3271 2350 qui
3298 2281 3607 2335 Phalereus
3653 2281 3881 2335 vocitatus

2251 2370 2352 2429 est,
2381 2364 2443 2419 in
2489 2366 2688 2420 eodem
2731 2367 2878 2430 loco,
2916 2367 3181 2439 Egyptio
3234 2385 3439 2439 regno,
3483 2370 3668 2440 aspide
3697 2370 3757 2422 ad
3788 2384 3883 2421 cor—

2248 2469 2356 2523 pus
2388 2453 2636 2515 admota,
2672 2455 2786 2508 vita
2806 2471 2928 2508 esse
2960 2456 3270 2525 privatum.
3300 2456 3583 2511 Hactenus
3614 2458 3802 2512 Cicero.

2322 2544 2599 2598 Certamen
2645 2543 2992 2614 certavimus]
3044 2546 3287 2617 Elegans
3313 2546 3547 2616 locutio,
3599 2547 3766 2617 qualis
3811 2544 3883 2597 illa

2249 2632 2449 2687 Lucilii
2478 2648 2490 2687 :

2372 2722 2610 2785 Pugnam
2640 2723 2991 2786 pugnavimus
3024 2738 3289 2788 magnam.

2317 2821 2540 2892 Eodem]
2564 2824 2820 2877 Platone.

2311 2911 2630 2981 Superstite]
2653 2912 2852 2966 Adhuc
2882 2913 3127 2969 vivente.

2183 1697 2222 1749 Β

450 2992 541 3046 hic
576 2990 785 3046 deduxi
824 2990 1001 3060 legas,
1032 2986 1143 3041 nisi
1168 2986 1459 3055 intelligas
1490 2985 1750 3039 Boetium
1782 2985 1842 3038 in
1896 2984 2135 3039 editiore

2317 3000 2582 3069 Socrates]
2608 3001 2707 3055 Hic
2736 3002 3101 3055 Atheniensis
3134 3002 3511 3074 philosophus
3564 2999 3876 3061 clarissimus,

450 3080 641 3136 lectuli
687 3083 849 3150 parte
897 3078 1201 3132 cubantem
1243 3075 1546 3129 deduxisse
1588 3074 1715 3144 (hoc
1744 3078 1829 3128 est
1869 3074 2140 3129 deorsum

449 3169 699 3239 duxisse)
723 3168 919 3221 oculos
946 3166 1008 3219 in
1036 3164 1466 3232 Philosophiam
1512 3164 1769 3234 ejusdem
1818 3164 2012 3217 lectuli
2047 3180 2139 3217 ex-

448 3260 631 3311 trema
659 3257 719 3310 in
750 3260 907 3326 parte
931 3253 1345 3308 considentem.

517 3346 603 3401 Ab
645 3342 1026 3411 adolescentia]
1060 3343 1138 3395 Ea
1168 3356 1418 3412 namque
1449 3345 1583 3395 tetas
1632 3340 1971 3395 inchoandis
2005 3340 2138 3411 phi-

448 3433 725 3503 losophias
750 3432 953 3485 studiis
983 3435 1067 3484 est
1104 3430 1331 3483 idonea.

519 3523 562 3578 0
590 3524 826 3576 omnium
857 3518 1123 3587 magistra
1151 3517 1441 3589 virtutum]
1486 3518 1679 3573 Cicero
1709 3518 1769 3571 in
1813 3518 2014 3588 quinto
2062 3519 2139 3573 li-

449 3611 552 3665 bro
580 3610 1030 3664 Tusculanarum
1066 3607 1460 3671 Qumstionum
1492 3624 1503 3659 :
1532 3607 1574 3661 Ο
1597 3606 1723 3661 vitae
1771 3607 2139 3679 philosophia

447 3701 582 3765 dux,
630 3716 662 3753 ο
719 3698 942 3752 virtutis
991 3696 1333 3767 indagatrix,
1387 3695 1788 3767 expultrixque
1840 3696 2135 3752 vitiorum.

449 3789 585 3860 quid
616 3804 732 3843 non
762 3788 933 3841 modo
972 3802 1097 3853 nos,
1123 3786 1221 3839 sed
1251 3785 1485 3839 omnino
1513 3784 1627 3839 vita
1669 3786 1970 3840 hominum
2015 3786 2137 3841 sine

450 3882 503 3930 te
534 3892 655 3930 esse
704 3872 1031 3945 potuisset?
1067 3874 1147 3927 Tn
1179 3873 1349 3927 urbes
1386 3873 1677 3944 peperisti,
1710 3875 1788 3942 [tu
1836 3874 2138 3946 dissipatos

450 3965 709 4019 homines
754 3964 813 4017 in
844 3963 1173 4017 societatem
1198 3962 1323 4016 vitae
1355 3962 1698 4031 convocasti,
1729 3967 1789 4017 tu
1830 3980 1928 4017 eos
1986 3963 2138 4018 inter

447 4070 505 4107 se
534 4054 723 4123 primo
744 4052 1069 4116 domiciliis,
1102 4051 1307 4105 deinde
1329 4048 1633 4121 conjugiis,
1658 4055 1784 4105 tum
1816 4052 2137 4108 litterarum

446 4147 503 4197 et
530 4158 732 4195 vocum
753 4140 1159 4195 communione
1185 4140 1462 4210 junxisti;
1495 4146 1559 4195 tu
1599 4140 1884 4195 inventrix
1920 4143 2135 4213 legum,

449 4236 507 4285 tu
541 4232 814 4301 magistra
844 4245 1073 4284 morum
1104 4235 1160 4282 et
1187 4229 1488 4299 disciplina
1513 4229 1693 4283 fuisti.
1728 4230 1810 4285 Ad
1840 4235 1893 4284 te
1928 4231 2137 4285 confu-

2246 3088 2398 3142 filius
2428 3090 2790 3160 Sophronisci
2813 3092 3177 3145 marmorarii
3209 3097 3263 3145 et
3290 3093 3623 3147 Phanaretae
3665 3089 3874 3144 obstetri-

2248 3177 2348 3244 cis,
2393 3180 2672 3233 moralem
2720 3180 3145 3250 philosophiam
3204 3181 3434 3236 abunde
3497 3181 3750 3235 tractavit.
3790 3177 3876 3249 3Ηὶε

2249 3283 2377 3321 cum
2405 3269 2714 3339 aliquando
2734 3270 2985 3340 Anytum
3008 3270 3424 3325 Atheniensem
3482 3271 3657 3323 virum
3677 3267 3874 3336 locuple-

2246 3360 2364 3411 tem
2396 3362 2452 3411 et
2496 3358 2795 3413 factiosum
2846 3358 3059 3413 rideret
3091 3360 3162 3413 ob
3218 3360 3339 3430 ejus
3404 3360 3665 3430 ineptias,
3714 3358 3876 3411 Aristo-

2249 3447 2465 3516 phanes
2504 3448 2756 3501 comicus
2802 3448 3001 3502 doctus
3061 3449 3314 3519 quidem,
3349 3450 3450 3504 sed
3504 3449 3668 3502 homo
3721 3458 3874 3516 parum

2248 3535 2541 3604 probatus,
2572 3543 2802 3607 accepta
2846 3538 3049 3609 grandi
3088 3539 3329 3608 pecunia
3369 3540 3443 3593 ab
3489 3542 3681 3609 Anyto,
3728 3538 3875 3587 contra

2249 3624 2535 3678 Socratem
2584 3626 2927 3681 comoediam
2986 3627 3233 3698 scripsit,
3290 3628 3458 3699 cujus
3506 3624 3771 3695 inscriptio
3815 3626 3875 3673 est

2245 3712 2485 3783 Νεφέλαι,
2510 3714 2568 3768 id
2602 3719 2686 3769 est
2713 3716 2894 3770 nubes
2923 3732 3025 3770 seu
3057 3717 3283 3771 nebulas
3309 3733 3322 3771 :
3356 3734 3475 3788 qua
3506 3715 3721 3788 quidem
3762 3712 3873 3765 inter

2248 3808 2482 3857 crateras
2525 3804 2955 3859 criminationes
3000 3805 3141 3859 illud
3172 3806 3471 3873 conﬁnxit,
3531 3806 3597 3859 ab
3645 3820 3705 3857 eo
3744 3799 3872 3854 nebu-

2246 3893 2329 3947 las
2361 3893 2491 3963 coli,
2550 3899 2605 3949 et
2664 3895 3100 3950 Atheniensium
3151 3896 3465 3966 religiones
3515 3890 3801 3951 obtrectari,
3832 3890 3873 3939 et

2248 3989 2456 4053 praeter
2484 3984 2591 4038 hoc
2607 3985 2886 4055 juvenum
2915 3991 3131 4040 mentes
3163 3986 3242 4040 sic
3271 3986 3479 4053 imbui,
3505 3990 3568 4040 ut
3603 3978 3871 4055 parentibus

2247 4087 2450 4126 manus
2472 4072 2682 4128 inferre
2714 4075 2805 4144 pie
2835 4080 2889 4129 et
2918 4075 3176 4129 ofﬁciose
3209 4080 3467 4146 possent.
3499 4075 3625 4139 Quae
3648 4087 3727 4126 res
3751 4079 3871 4121 accu-

2247 4161 2501 4215 santibus
2522 4164 2727 4233 Anyto,
2761 4164 3002 4234 Lycone,
3041 4169 3097 4217 et
3126 4164 3315 4218 Melito
3340 4164 3429 4233 (ut
3460 4166 3613 4219 Plato
3635 4161 3685 4214 in
3707 4153 3869 4227 Apolo-

2246 4250 2337 4321 gia
2368 4267 2471 4321 pro
2512 4252 2738 4307 Socrate
2764 4252 2960 4307 scribit
2992 4252 3146 4323 (cum
3171 4253 3508 4326 universum
3539 4250 3782 4323 populum
3827 4243 3869 4294 in

446 4320 652 4390 gimus,
687 4337 719 4373 a
746 4324 802 4373 te
829 4334 1001 4390 opem
1041 4318 1308 4389 petimus.
1332 4318 1455 4373 Tibi
1484 4335 1587 4372 nos
1619 4323 1680 4372 ut
1705 4323 1874 4373 antea
1926 4335 2137 4390 magna
2174 4353 2217 4408 Β
2244 4318 2530 4395 Socr—atem
2577 4342 2931 4404 concitasset,
2974 4318 3186 4396 ἤκουε
3213 4343 3469 4413 quodam
3502 4318 3556 4395 εί
3593 4318 3685 4405 {'3’
3730 4337 3867 4388 mone

446 4426 510 4463 ex
539 4413 720 4479 parte,
765 4408 845 4462 sic
876 4424 1027 4462 nunc
1067 4407 1295 4478 penitus
1342 4413 1606 4479 totosque
1641 4408 1940 4463 tradimus.
1993 4411 2133 4463 Hac-

446 4503 610 4553 tenus
648 4498 864 4553 Cicero.

515 4588 690 4657 Super
719 4584 961 4655 cardine]
993 4585 1070 4639 De
1094 4585 1259 4640 coelo.

516 4675 628 4749 An]
660 4674 912 4730 Subaudi
955 4675 1087 4729 ideo
1119 4673 1177 4728 in
1222 4673 1325 4728 has
1353 4674 1535 4729 exsilii
1565 4675 1749 4731 nostri
1798 4676 2136 4734 solitudines

446 4762 666 4819 venisti.

517 4853 751 4923 Quoque]
788 4852 992 4907 Etiam.

518 4944 626 4997 Rea
673 4941 918 5012 agiteris]
980 4941 1290 4996 Accuseris.
1350 4943 1531 4998 Reum
1580 4960 1771 5014 agere,
1816 4950 1903 5000 est
1969 4962 2132 5001 accu-

445 5046 588 5085 sare.
634 5031 908 5098 Peragere
939 5046 1071 5085 vero
1096 5048 1278 5099 reum,
1304 5034 1705 5087 condemnare.

514 5117 634 5191 Illa]
672 5119 1051 5188 Philosophia.

510 5206 761 5279 Alumne]
800 5209 977 5273 Boeti,
1012 5225 1184 5279 quem
1209 5210 1347 5265 alui.

514 5294 833 5368 Sarcinam]
862 5298 1035 5350 Onus.

511 5385 774 5454 Partirch
822 5385 1097 5439 Partitam
1152 5385 1526 5455 susciperem,
1593 5392 1694 5441 aut
1724 5388 1876 5443 ultro
1938 5388 2131 5459 potius

441 5472 563 5541 ejus
592 5479 815 5543 partem
844 5474 1117 5545 subirem.

509 5558 680 5623 Quam
710 5564 814 5617 mei
858 5565 1095 5617 nominis
1126 5561 1343 5617 invidia
1387 5563 1684 5634 sustulisti]
1733 5566 1809 5621 Eo
1831 5566 1985 5623 enim
2016 5568 2126 5623 im-

2243 4429 2547 4484 damnatus
2578 4435 2682 4500 est,
2716 4430 2817 4501 qui
2858 4435 3116 4501 pateram
3138 4430 3352 4500 pientes
3387 4429 3684 4502 publicitus
3725 4426 3870 4477 datam

2242 4518 2529 4589 intrepide
2580 4518 2791 4588 hausit,
2866 4524 3208 4590 tantumque
3259 4520 3463 4588 abfuit,
3536 4524 3595 4573 ut
3649 4513 3870 4569 ultionem

2244 4612 2549 4679 qmereret,
2581 4613 2647 4663 ut
2699 4608 3056 4663 contenderit
3094 4624 3319 4681 semper
3364 4608 3527 4664 illum
3578 4604 3869 4662 miseriorem

2245 4714 2367 4752 esse
2421 4698 2521 4769 qui
2561 4697 2732 4752 faciat
2781 4714 2953 4769 quam
2986 4698 3087 4769 qui
3146 4698 3394 4753 afﬁcitur
3424 4697 3646 4770 injuria.
3672 4690 3869 4760 Populus

2244 4792 2439 4842 autem
2468 4787 2835 4842 Atheniensis
2874 4793 3118 4841 mortem
3150 4789 3273 4858 ejus
3304 4804 3439 4842 mox
3486 4789 3564 4841 ita
3616 4780 3785 4844 doluit,
3824 4776 3868 4826 ut

2245 4882 2597 4931 accusatores
2632 4877 2786 4931 illius
2818 4876 2905 4930 vel
2935 4882 3121 4930 morte
3171 4878 3255 4930 vel
3290 4877 3487 4931 exsilio
3543 4872 3799 4946 plecteret,
3830 4865 3869 4915 et

2242 4967 2350 5037 ipsi
2381 4967 2599 5021 Socrati
2631 4972 2879 5021 statuam
2909 4982 3118 5020 aeream
3162 4966 3470 5021 dedicaret.
3502 4965 3677 5021 Graece
3706 4952 3862 5012 scribi-

2242 5061 2338 5110 tur
2364 5057 2637 5128 Σωκράτης
2696 5072 2709 5110 :
2757 5054 2888 5109 hinc
2918 5055 3105 5125 prima
3137 5071 3367 5125 semper
3413 5061 3496 5109 est
3536 5042 3863 5124 producenda.

2242 5146 2426 5209 Quare
2484 5145 2672 5199 obiter
2728 5145 3048 5198 studiosum
3092 5145 3368 5199 lectorem
3426 5145 3785 5201 admonemus,
3819 5132 3864 5181 υἱ

2242 5232 2508 5286 emendet
2539 5232 2881 5286 versiculum
2902 5233 2962 5287 in
2991 5232 3140 5287 libro
3166 5238 3356 5287 nostro
3386 5231 3737 5303 Epistolarum
3766 5235 3861 5277 m0-

2241 5320 2473 5389 ralium,
2497 5320 2575 5375 sic
2597 5320 2940 5392 impressum
2964 5322 3206 5393 epistola
3231 5321 3451 5377 decima
3482 5338 3494 5376 :

2363 5410 2601 5459 Mortuus
2630 5414 2709 5459 est
2739 5409 2999 5467 Socrates,
3024 5415 3267 5461 mortuus
3298 5415 3477 5475 estque
3518 5408 3667 5459 Plato.

2238 5490 2327 5546 Sic
2356 5491 2511 5545 enim
2539 5491 2846 5561 legendum
2878 5491 3211 5563 scripsimus
3235 5509 3246 5546 :

2363 5580 2602 5631 Mortuus
2626 5579 2882 5631 Isocrates
2911 5584 3153 5632 mortuus
3179 5585 3361 5646 estque
3389 5581 3548 5632 Plato.
