4054 6184
179 349 254 401 905
1112 329 1497 385 MURMELLII
1541 330 1622 382 ΕΤ
1660 326 2032 384 AGRICOLJE
2075 325 2585 381 COMMENTARIA.

3497 324 3601 378 906

176 477 337 537 lmitati
367 472 503 528 enim
533 484 729 523 sumus
755 469 1029 523 Catonem
1061 467 1332 537 Majorem
1360 465 1671 534 Ciceronis,
1700 465 1798 519 ubi
1836 471 1882 524 Α
1909 463 2172 533 losophia
2201 462 2381 516 divisa
2411 467 2514 515 est.

174 577 215 626 et
246 562 466 622 [socratis
509 564 560 614 et
618 556 867 613 Platonis
917 557 1201 622 meminit,
1253 571 1502 627 quorum
1554 559 1794 626 uterque

171 661 408 728 longazvus
435 650 549 704 fuit.
585 649 647 702 In
682 648 882 702 eadem
918 647 1159 717 epistola
1202 661 1504 717 perperam
1537 643 1746 716 legitur
1779 660 1792 699 :

265 743 419 794 Valide
440 738 589 788 solvit
617 737 667 785 in
698 737 825 786 orbe
852 751 1032 798 manu,

169 845 247 902 pro
272 823 423 880 saevit.
465 823 599 874 Item
641 820 698 874 in
741 818 991 874 secunda
1041 815 1297 889 epistola.
1358 815 1626 881 Quamvis
1691 831 1793 886 pa-

168 934 279 982 rum,
322 929 412 986 pro
442 925 724 982 quamque
769 925 994 979 parum.
1042 906 1147 961 Sed
1183 923 1333 961 nunc
1381 923 1498 960 non
1551 909 1671 960 erat
1704 903 1797 958 hic

166 1010 319 1063 locus:
349 1018 507 1075 quare
537 1001 659 1055 haec
691 998 862 1053 missa
889 998 1182 1063 faciamus,
1217 997 1288 1051 ad
1318 995 1666 1068 _institutum
1699 1010 1792 1050 re-

164 1099 410 1151 vertentes.

218 1183 474 1240 Promeruit
499 1181 783 1234 victoriam
814 1178 1035 1247 injustas
1063 1178 1254 1231 mortis
1286 1192 1366 1230 me
1389 1173 1618 1246 astante]
1654 1175 1796 1228 Nam

166 1271 514 1347 philosophicis
550 1268 1053 1341 disputationibus
1109 1267 1423 1338 approbata
1473 1265 1795 1319 animorum

164 1363 548 1429 immortalitate,
577 1359 874 1432 intrepide
915 1373 1199 1412 venenum
1238 1355 1402 1421 bibit,
1436 1360 1796 1424 mortemque

163 1455 378 1524 injustam
416 1450 562 1517 vicit,
591 1450 674 1519 :et
716 1447 1045 1503 innocentia
1081 1463 1183 1501 sua
1227 1445 1488 1516 iniquam
1534 1443 1621 1497 sui
1661 1459 1795 1497 con-

161 1524 524 1597 demnationem
559 1539 620 1593 in
660 1543 1015 1593 accusatores
1062 1535 1291 1591 retorsit
1334 1535 1484 1605 justo
1529 1533 1795 1588 condem-

159 1637 296 1686 natos.

209 1722 353 1789 Cujus
398 1718 761 1773 hereditatem
790 1732 908 1771 cum
953 1717 1199 1780 deinceps
1243 1716 1572 1784 Epicureum
1599 1713 1793 1781 vulgus

156 1826 200 1862 ac
232 1811 454 1875 Stoicum,
494 1806 799 1876 caetcrique]
844 1807 1046 1877 Magna
1093 1806 1216 1859 laus
1256 1803 1523 1869 Socratis,
1561 1801 1658 1873 qui
1693 1817 1794 1855 ve-

157 1915 250 1952 ram
275 1896 630 1969 philosophiae
657 1894 1073 1966 possessionem
1097 1893 1364 1947 habuisse
1391 1891 1619 1957 dicitur,
1641 1891 1794 1945 unde

155 1988 366 2059 plerique
395 1987 802 2056 discipulorum
836 1985 958 2056 ejus
979 1987 1202 2038 tantum
1234 1982 1343 2037 sibi
1376 1981 1684 2052 particulas
1714 1981 1795 2035 di-

154 2078 422 2148 ripuerunt.
471 2077 731 2132 Socrates
787 2075 940 2128 enim
990 2073 1211 2144 primus
1243 2071 1501 2125 omnium
1544 2069 1794 2139 philoso-

151 2169 351 2238 phorum
378 2167 441 2220 de
469 2166 582 2220 vita
613 2170 668 2220 et
700 2163 958 2218 moribus
991 2161 1324 2233 disputavit,
1351 2160 1446 2214 sed
1477 2159 1623 2212 mira
1655 2175 1793 2229 qua-

150 2256 250 2310 dam
285 2256 470 2322 ironia,
511 2259 565 2309 et
617 2253 858 2324 singulis
901 2254 969 2307 de
1000 2252 1168 2306 rebus
1210 2253 1289 2304 ita
1321 2250 1690 2303 vehementer
1729 2247 1791 2302 in

150 2351 401 2416 utramque
429 2349 674 2414 partem,
709 2347 774 2397 ut
806 2342 1018 2413 singuli
1053 2357 1197 2410 pene
1238 2341 1361 2410 ejus
1402 2338 1668 2407 discipuli
1705 2339 1791 2407 (ut

148 2439 247 2488 sunt
275 2434 479 2490 ’diversi
523 2434 917 2488 humanorum
964 2431 1334 2502 ingeniorum
1380 2429 1620 2499 captus),
1675 2443 1790 2481 non

148 2524 263 2593 quod
290 2523 371 2578 ille
422 2524 682 2592 sentiret,
717 2522 814 2576 sed
859 2521 1015 2593 quod
1052 2520 1160 2574 sibi
1203 2518 1450 2574 maxime
1495 2522 1790 2571 consenta-

149 2628 283 2667 neum
312 2614 613 2680 videretur,
658 2628 727 2666 ex
781 2610 1112 2680 hujusmodi
1156 2607 1638 2679 disputationibus
1680 2605 1787 2660 sibi

147 2703 431 2772 arriperent.
474 2703 617 2756 Hinc
663 2704 872 2756 exortae
906 2704 1039 2754 sunt
1066 2699 1235 2753 varia:
1270 2698 1621 2768 diversaeque
1656 2695 1786 2766 phi-

144 2790 460 2862 l030phorum
511 2796 700 2846 sectae.
769 2789 1087 2861 Disputavit
1133 2788 1477 2859 quandoque
1531 2787 1786 2840 Socrates

143 2877 193 2931 de
217 2881 443 2950 corporis
470 2879 785 2949 voluptate,
817 2877 916 2931 sed
948 2877 1008 2931 in
1049 2880 1354 2947 utramque
1403 2879 1624 2946 partem
1664 2874 1783 2928 dis-

144 2969 336 3036 putavit.
390 2969 452 3023 Hi
496 2968 698 3039 igitur,
738 2983 986 3038 quorum
1040 2967 1338 3035 ingenium
1388 2965 1450 3018 in
1501 2981 1627 3018 eam
1675 2965 1784 3018 fuit

1975 549 2316 621 Pannicutis]
2356 549 2655 617 Fructulis,
2685 549 2994 620 particulis.

1974 643 2161 697 Nostri
2190 639 2429 708 habitus]
2470 639 2532 694 Id
2565 643 2649 694 est
2677 639 2848 694 vestis
2877 641 3108 693 nostrae.

1985 729 2244 800 Vestigia]
2277 729 2472 800 Signa.

1974 819 2372 889 Imp-radentia]
2439 817 2693 874 Stultitia
2738 818 2880 889 quae
2924 815 3303 889 philosophiae
3375 831 3604 889 semper

1905 907 2258 963 adversatur.

1975 1007 2269 1063 Nonnullos
2324 1005 2524 1076 eorum]
2576 1007 2718 1062 Puta
2778 1003 3132 1076 Cyrenaicos,
3185 1003 3510 1074 Epicureos,
3553 1009 3607 1062 et

1903 1093 1961 1149 id
1988 1111 2168 1164 genus
2211 1094 2453 1166 aliquos.

1973 1183 2242 1255 Pro/2mm]
2283 1185 2527 1239 lndoctce
2561 1188 2617 1239 et
2658 1182 3039 1255 philosophiae
3085 1183 3257 1238 sacris
3314 1199 3432 1239 non
3491 1183 3598 1238 ini-

1903 1272 2080 1327 tiataz.

1974 1363 2193 1431 Errore]
2243 1363 2402 1417 Falsa
2443 1363 2798 1432 Opinatione,
2849 1364 3001 1433 quod
3051 1363 3310 1434 voluptas
3350 1361 3423 1417 sit
3457 1378 3606 1418 sum-

1904 1466 2064 1504 mum
2094 1451 2312 1505 bonum
2341 1456 2397 1505 et
2424 1453 2573 1522 quod
2603 1451 2792 1506 divina
2817 1452 3181 1522 providentia
3213 1453 3462 1507 mundus
3486 1469 3604 1506 non

1904 1541 2278 1611 gubernetur.

1973 1627 2263 1701 Pervertit]
2296 1625 2652 1701 Depravavit,
2696 1632 2751 1683 et
2782 1645 2811 1683 a
2845 1630 3075 1684 veritate
3110 1630 3394 1685 alienavit.

1977 1719 2129 1785 Quod
2153 1721 2202 1774 si
2223 1734 2316 1773 nec
2353 1719 2702 1786 Anaamgorae
2733 1720 2948 1789 fugam]
2991 1720 3282 1789 Exemplis
3316 1719 3603 1775 convincit

1907 1823 2134 1878 semper
2164 1808 2535 1880 phiIOSOphos
2578 1808 2820 1862 indocta:
2853 1809 3213 1865 multitudini
3240 1809 3425 1880 fuisse
3456 1809 3602 1864 invi-

1907 1915 1996 1953 sos
2028 1902 2200 1969 atque
2223 1914 2442 1953 exosos.

1976 1988 2345 2058 Anaxagorae]
2382 1987 2489 2056 |llie
2520 1988 2917 2043 Clazomenius
2953 2003 3182 2058 genere,
3223 1989 3602 2061 philosophus

1904 2076 2143 2147 insignis
2173 2077 2302 2130 fuit.
2335 2076 2698 2146 Qui‘Athenis
2737 2077 3046 2147 impietatis
3071 2077 3399 2146 Zaccusatus,
3444 2081 3598 2150 quod

1903 2163 2083 2218 solem
2123 2165 2457 2218 candentem
2491 2165 2696 2218 dixerit
2745 2166 3041 2233 laminam,
3085 2182 3147 2219 ac
3177 2167 3406 2236 penitus
3450 2168 3600 2238 igni-

1899 2257 2037 2320 tam,
2067 2254 2214 2324 fuga
2243 2252 2462 2324 judicio
2497 2270 2554 2306 se
2609 2253 2909 2320 subtraxit,
2943 2259 3007 2308 ut
3061 2255 3294 2326 quidam
3346 2257 3595 2312 tradunt.

1899 2341 2043 2396 Sunt
2077 2346 2269 2396 tamen
2302 2343 2402 2414 qui
2432 2343 2627 2397 dicunt
2670 2360 2802 2397 eum
2849 2343 2907 2396 in
2935 2344 3219 2414 judicium
3266 2346 3512 2415 venisse,
3545 2351 3602 2401 et

1899 2431 2569 2503 misericordiajudicum
2610 2432 2800 2503 “fuisse
2832 2434 3172 2488 relaxatum.
3220 2437 3600 2506 Lampsacum

1896 2525 2097 2590 pOStea
2127 2521 2438 2592 profectus,
2472 2521 2586 2575 illic
2617 2521 2768 2576 diem
2807 2539 2973 2577 suum
3006 2524 3170 2590 obiit,
3200 2524 3299 2578 ubi
3340 2526 3598 2596 roganti-

1896 2609 2000 2664 bus
2034 2627 2164 2663 eum
2188 2610 2546 2681 principibus
2571 2611 2812 2665 civitatis
2837 2612 3099 2684 nunquid
3125 2613 3249 2667 lieri
3273 2615 3595 2683 mandaret,

1891 2698 2123 2768 jussisse
2163 2700 2372 2766 ferunt,
2410 2704 2473 2753 ut
2521 2700 2685 2769 pueri
2718 2701 3023 2771 quotannis
3053 2704 3180 2772 {quo
3214 2719 3408 2757 mense
3441 2703 3594 2758 defe-

1895 2786 2060 2841 cisset
2111 2787 2307 2841 ludere
2364 2788 2850 2858 permitterentur,
2928 2789 3258 2860 servarique
3318 2792 3596 2846 hactenus

1895 2892 2021 2930 eam
2051 2877 2542 2930 consuetudinem.
2577 2879 2791 2931 Auctor
2823 2878 3096 2932 Laertius.

1964 2964 2220 3037 Zenonis]
2271 2968 2523 3019 Zenones
2554 2970 2678 3020 octo
2728 2967 2900 3019 fuisse
2955 2967 3126 3020 tradit
3157 2967 3412 3022 Laertius
3441 2987 3457 3022 :
3491 2969 3594 3024 ho-

139 3058 445 3127 propensius,
480 3073 595 3111 non
626 3073 750 3127 quas
786 3055 880 3109 ille
903 3058 1202 3123 assereret,
1236 3054 1334 3107 sed
1365 3069 1493 3124 qua:
1523 3053 1632 3106 sibi
1665 3069 1782 3106 ma-
1821 3060 1860 3112 C
1893 3070 2022 3108 rum
2068 3055 2180 3109 duo
2213 3055 2461 3108 illustres
2503 3054 2849 3126 philosophi,
2897 3057 3039 3110 alter
3071 3057 3148 3127 Ide
3196 3073 3309 3128 quo
3352 3057 3595 3113 dicimus

141 3145 528 3215 gisfplacerent,
570 3146 707 3199 inde
764 3148 1075 3213 sumentes,
1136 3159 1367 3197 suavem
1413 3142 1472 3195 iu
1525 3143 1783 3196 sensibus

139 3239 336 3303 motum,
382 3237 435 3290 id
493 3240 581 3290 est
622 3235 998 3305 voluptatem,
1046 3249 1339 3287 summum
1392 3233 1612 3286 bonum
1663 3248 1784 3286 esse

139 3321 373 3379 dixerunt.
431 3328 579 3380 Zeno
637 3328 827 3378 autem
876 3322 1128 3377 Citticus.
1176 3327 1232 3376 et
1278 3321 1379 3392 qui
1427 3321 1494 3375 ab
1542 3337 1608 3375 eo
1655 3325 1786 3374 sunt

137 3413 278 3468 exorti
316 3414 500 3483 Stoici,
553 3414 616 3468 in
649 3413 765 3468 sola
805 3413 1014 3466 virtute
1071 3411 1400 3466 felicitatem
1447 3415 1780 3481 posuerunt.

136 3502 219 3556 Alii
243 3519 359 3558 vero
401 3505 509 3559 alia
539 3520 791 3570 sensere,
824 3507 886 3557 ut
934 3501 1156 3556 erudite
1187 3499 1494 3555 Beroaldus
1542 3500 1784 3571 explicat

134 3588 176 3644 in
197 3609 251 3646 eo
271 3610 432 3664 quem
461 3595 531 3649 de
566 3592 861 3668 Felicitate
895 3608 960 3646 co
979 3589 1268 3661 nscripsit,
1302 3589 1495 3644 libello

186 3684 480 3750 Epicureum
519 3683 742 3752 uulgus]
789 3681 1069 3752 Epicurus
1119 3679 1484 3734 Atheniensis
1531 3679 1782 3750 philoso-

133 3769 262 3839 phus,
309 3773 616 3828 dialecticae
678 3774 1060 3840 contemptor,
1126 3769 1379 3840 corporis
1427 3770 1784 3840 voluptatem

133 3859 242 3915 dixit
269 3877 380 3917 esse
432 3877 728 3918 summum
783 3861 1020 3915 bonum.
1058 3858 1198 3913 Hinc
1230 3858 1490 3930 Epicurei
1523 3858 1660 3928 'ejus
1692 3874 1784 3911 se-

130 3954 348 4006 ctatores.
387 3955 534 4008 Bene
575 3957 772 4007 autem
813 3950 959 4005 dixit
991 3949 1338 4020 Epicureum
1392 3949 1617 4017 vulgus,
1653 3947 1787 4017 quia

128 4039 323 4107 plurimi
351 4047 497 4097 sunt.
543 4041 708 4097 Unde
752 4039 1076 4095 Lactantius
1125 4038 1184 4091 in
1214 4036 1360 4092 libro
1409 4038 1479 4091 de
1511 4037 1653 4090 falsa
1691 4037 1788 4091 Sa-

130 4128 326 4196 pientia,
357 4148 476 4203 cap.
524 4135 585 4186 t7
617 4148 630 4185 :
664 4129 891 4200 Epicuri
938 4127 1239 4198 disciplina
1279 4127 1461 4180 multo
1510 4126 1787 4180 celebrior

130 4231 314 4290 semper
342 4222 441 4275 fuit
469 4237 649 4293 quam
680 4223 1020 4274 casterorum
1055 4234 1066 4271 :
1101 4233 1215 4271 non
1247 4216 1382 4288 quia
1421 4215 1538 4269 veri
1569 4215 1785 4286 aliquid

130 4306 306 4376 afferat,
337 4312 428 4365 sed
456 4312 595 4382 quia
626 4309 840 4364 multos
875 4309 943 4363 ad
974 4308 1251 4378 populare
1278 4321 1487 4360 nomen
1519 4305 1781 4377 volupta-

128 4398 181 4448 tis
212 4398 412 4454 invitat.
439 4402 623 4455 Nemo
656 4399 812 4455 enim
843 4414 961 4452 non
1001 4399 1061 4451 in
1094 4397 1232 4452 vitia
1262 4413 1477 4468 pronus
1540 4401 1638 4450 est.

187 4486 414 4560 Stoicum]
444 4489 622 4545 Stoici
667 4504 879 4543 nomen
907 4487 1093 4542 sortiti
1140 4491 1275 4540 sunt
1296 4504 1328 4540 a
1358 4485 1587 4542 Porticu
1617 4485 1785 4539 Athe-

132 4572 300 4645 niensi,
346 4579 402 4632 in
455 4597 572 4651 qua
610 4580 754 4632 Zeno
791 4577 1049 4646 Cittieus,
1084 4576 1152 4629 ab
1185 4575 1395 4646 oppido
1429 4576 1596 4646 Cypri
1618 4574 1786 4630 Cittio

132 4660 300 4734 dictus,
332 4667 660 4738 disputavit.
711 4666 840 4718 Στοά
888 4665 1042 4720 enim
1087 4666 1296 4728 Grtnce,
1336 4664 1529 4718 Latine
1580 4664 1787 4717 dicitur

131 4751 360 4821 porticus,
418 4756 630 4822 fornix,
682 4754 923 4809 testudo.
969 4753 1109 4808 Hinc
1161 4756 1396 4821 στωῐκός,
1433 4771 1457 4803 o
1510 4767 1683 4822 parvo
1726 4751 1786 4805 in

127 4851 358 4910 magnum
382 4850 629 4912 mutato,
663 4844 898 4898 Stoicus.

178 4930 262 4984 Pro
291 4948 385 4987 sua
407 4934 597 5003 parte]
630 4932 956 4988 Secundum
987 4931 1134 4985 vires
1161 4948 1309 4986 suas.

181 5019 435 5095 Quisquis]
475 5023 743 5093 Figurate
778 5021 1244 5076 subaudiendum
1283 5020 1604 5076 moliretur.

177 5107 391 5178 Ruptum
423 5110 521 5184 ire]
556 5112 813 5182 Incipere
842 5127 1064 5181 rapere.

178 5197 500 5271 Molirentur]
533 5202 862 5268 Tentarent,
895 5201 1243 5255 niterentur.

178 5285 574 5357 Reclamantem]
635 5291 1036 5359 Recusantem,
1106 5289 1492 5360 refragantem
1562 5291 1784 5341 contra-

128 5385 213 5440 que
244 5393 332 5432 eos
361 5380 728 5434 clamantem.

185 5464 397 5539 Vestem]
435 5469 774 5540 Philosophi
806 5485 932 5524 eam
979 5467 1424 5540 disputationem
1474 5465 1655 5519 solida
1700 5481 1789 5520 ve-

124 5549 262 5608 ritate
293 5557 699 5624 cohzerentem,
732 5559 803 5613 de
834 5575 945 5629 qua
973 5574 1147 5628 Supra
1179 5558 1239 5611 in
1274 5557 1461 5627 prima
1491 5571 1676 5626 prosa.

182 5641 533 5717 Disciderunt]
575 5647 687 5701 Hoc
730 5646 857 5701 ideo
889 5647 1040 5717 quod
1074 5647 1135 5701 in
1174 5646 1384 5701 multas
1436 5649 1612 5700 sectas
1657 5643 1787 5715 phi-

447 5745 724 5812 PATROL.
777 5747 997 5813 LXIII.

1893 3143 2094 3198 Stoicae
2151 3144 2468 3214 disciplinae
2501 3149 2718 3210 fauctor
2773 3147 2920 3198 Zeno
2953 3145 3224 3211 Cittieus;
3251 3148 3422 3216 Lalter
3461 3165 3593 3203 vero

1895 3231 1988 3303 (de
2019 3233 2145 3304 :quo
2172 3235 2345 3301 {nunc
2385 3234 2710 3304 dicendum)
2753 3235 2974 3289 Eleates
3033 3235 3350 3290 dialectices
3402 3236 3598 3292 inven-

1893 3328 2004 3390 tor,
2039 3326 2102 3376 ut
2144 3327 2200 3376 et
2249 3340 2420 3393 supra
2459 3321 2723 3377 diximus.
2773 3324 2823 3376 Is
2857 3340 2988 3378 cum
3035 3324 3356 3380 Nearchum
3401 3331 3594 3396 tyran-

1893 3426 2032 3465 num
2063 3411 2177 3465 sive
2226 3412 2694 3481 Diomedontem,
2743 3413 2830 3466 vel
2861 3411 2945 3484 (ut
2976 3414 3074 3467 alii
3104 3415 3352 3485 tradunt)
3395 3415 3592 3470 Phala-

1893 3501 1998 3555 rim
2050 3502 2295 3572 dejicere
2343 3518 2407 3555 ac
2450 3501 2760 3573 proﬂigare
2807 3503 3094 3571 voluisset,
3132 3504 3597 3573 :comprehensus

1892 3594 1993 3643 est.
2029 3591 2151 3654 Quo
2186 3595 2448 3661 tempore
2479 3607 2609 3645 cum
2639 3593 2706 3645 de
2739 3592 2978 3645 consciis
3007 3592 3414 3662 inquireretur,
3467 3610 3593 3647 om-

1892 3695 1992 3733 nes
2041 3680 2193 3734 illius
2246 3680 2456 3734 amicos
2511 3681 2926 3748 conjurationis
2979 3683 3399 3735 esse‘conscios
3432 3683 3589 3737 dixit.

1893 3769 2108 3822 Deinde
2136 3785 2262 3822 cum
2297 3769 2594 3839 quidpiam
2629 3786 2686 3822 se
2718 3769 2778 3822 in
2811 3785 3008 3824 aurem
3043 3770 3270 3840 tyranni
3312 3772 3456 3827 clam
3483 3773 3594 3842 ⁴Ιο-

1895 3857 1993 3928 qui
2017 3858 2159 3910 velle
2194 3857 2588 3927 signiﬁcasset,
2629 3874 2755 3912 eam
2793 3858 3082 3913 mordicus
3105 3862 3438 3930 Icorreptam
3480 3878 3597 3916 non

1895 3952 2024 4000 ante
2059 3946 2296 4012 dimisit,
2325 3963 2496 4016 quam
2528 3953 2692 4017 rapta
2726 3965 2861 4000 aure
2893 3950 3233 4018 populatum
3263 3955 3433 4020 caput
3463 3953 3595 4006 reli-

1895 4036 2123 4107 quisset.
2160 4035 2419 4090 Valerius
2462 4036 2734 4089 Maximus
2775 4037 3106 4105 :patientize
3158 4041 3420 4108 exempla
3460 4041 3596 4094 duo-

1895 4125 2001 4178 bus
2040 4124 2360 4178 chonibus
2408 4124 2681 4194 assignat.
2725 4125 2980 4179 Laertius
3005 4131 3060 4179 et
3091 4127 3209 4191 alii,
3243 4128 3345 4180 uni
3381 4130 3593 4183 Zenoni

1899 4215 2123 4269 Eleatze.
2177 4214 2371 4268 Cicero
2423 4215 2482 4267 in
2514 4215 2765 4268 secundo
2809 4216 3260 4269 Tusculanarum
3309 4217 3591 4280 Quaestio-

1899 4320 2078 4358 num:
2113 4305 2259 4357 Zeno
2305 4308 2663 4375 proponatur
2713 4305 2950 4372 Eleates,
3004 4305 3103 4375 qui
3159 4322 3463 4377 perpessus
3513 4313 3596 4360 est

1894 4394 2088 4447 omnia
2129 4394 2318 4463 potius
2352 4410 2525 4464 quam
2579 4395 2836 4447 conscios
2871 4394 3125 4448 delendae
3161 4394 3474 4464 tyrannidis
3506 4395 3590 4450 in-

1897 4484 2129 4538 dicaret.
2192 4483 2346 4537 Idem
2382 4483 2440 4536 in
2494 4483 2663 4536 tertio
2714 4484 2782 4537 de
2815 4484 3027 4537 Natura
3071 4483 3312 4537 deorum
3360 4499 3372 4536 :
3409 4487 3591 4538 Anar-

1896 4572 2064 4627 chum
2108 4573 2524 4626 Democriteum
2563 4590 2593 4627 a
2624 4573 2829 4643 Cyprio
2859 4578 3101 4644 tyranno
3136 4572 3594 4628 excarniﬁcatum

1897 4662 2237 4732 accepimus,
2295 4665 2575 4717 Zenonem
2639 4665 2785 4716 Elea:
2843 4663 2903 4716 in
2951 4661 3253 4716 tormentis
3307 4667 3590 4716 necatum.

1895 4752 2278 4805 Tertullianus
2314 4753 2372 4804 in
2404 4753 2770 4822 Apologetico
2806 4769 2817 4806 :
2857 4755 3004 4805 Zeno
3049 4751 3264 4804 Eleates
3305 4754 3596 4806 consultus

1898 4858 1930 4894 a
1964 4841 2252 4910 Dionysio,
2290 4841 2568 4911 quidnam
2595 4840 2964 4910 philosophia
2999 4843 3318 4909 praestaret,
3353 4857 3482 4895 cum
3517 4858 3596 4896 re-

1898 4930 2217 5000 spondisset
2251 4947 2262 4983 :
2308 4935 2705 5000 contemptum
2752 4929 2974 4996 mortis,
3012 4929 3470 4999 impassibilibus
3500 4932 3597 4985 tla-

1899 5019 2063 5090 gellis
2095 5019 2321 5089 tyranni
2363 5019 2637 5089 objectus,
2673 5018 3012 5072 sententiam
3047 5034 3209 5072 suam
3242 5021 3312 5074 ad
3355 5026 3593 5075 mortem

1898 5125 2078 5179 usque
2125 5109 2385 5164 servavit.
2431 5109 2598 5180 Apud
2647 5109 2879 5163 Suidam
2934 5108 3010 5163 sic
3071 5114 3187 5163 est:
3222 5112 3368 5164 Zeno
3395 5112 3594 5164 Teleu-

1899 5202 2113 5269 tagorte
2160 5199 2331 5266 lilius,
2373 5199 2611 5265 Eleates,
2657 5203 2967 5252 assentator
3009 5203 3066 5253 et
3113 5199 3348 5269 a-qualis
3382 5200 3595 5269 Pytha-

1898 5303 2051 5358 gorae
2094 5288 2512 5358 Democritique
2549 5289 2704 5358 (nam
2751 5289 2946 5342 floruit
2992 5288 3314 5358 Olympiade
3363 5288 3452 5355 '78)
3500 5289 3595 5341 Ze-

1897 5375 2181 5445 nophanis
2220 5376 2446 5431 auditor
2484 5377 2610 5432 fuit.
2663 5378 2714 5431 Is
2747 5393 2878 5431 cum
2927 5380 3196 5432 tentasset
3234 5392 3265 5428 a
3297 5376 3596 5444 tyrannide

1898 5465 2160 5532 Nearchi,
2210 5467 2297 5520 vel
2353 5470 2439 5534 (ut
2488 5465 2604 5535 alii)
2659 5466 3053 5521 Diomedontis
3105 5465 3296 5518 Eleam
3349 5464 3593 5532 patriam

1897 5554 2162 5622 liberare,
2210 5555 2677 5626 comprehensus,
2713 5561 2768 5610 et
2808 5556 3058 5609 indicare
3099 5553 3353 5608 conscios
3378 5554 3592 5624 jussus,

1902 5645 2162 5717 linguam
2194 5661 2355 5700 suam
2387 5646 2677 5700 mordicus
2709 5645 3027 5716 amputavit
3074 5646 3246 5714 atque
3277 5644 3336 5698 in
3367 5647 3596 5717 tyranni

3151 5749 3240 5808 29
