4054 6184
450 300 553 352 907

1190 297 1539 352 APPENDIX
1580 298 1671 351 AD
1715 295 1962 351 LIBROS
2004 295 2091 349 DE
2132 294 2659 353 CONSOLATIONE
2700 296 3203 351 PHILOSOPllI/E.

3811 302 3900 353 908

450 428 653 482 faciem
675 427 921 498 exspuit.
953 428 1196 482 Demum
1220 430 1513 498 conjectus
1543 429 1601 483 in
1632 430 1992 495 mortarium,
2028 445 2143 483 cre-
2180 432 2225 483 A
2256 430 2606 500 metaphora.
2636 431 2781 494 Quid
2803 430 2955 485 enim
2969 430 3122 483 aliud
3158 430 3269 484 hoc
3290 430 3557 484 szeculum
3578 447 3737 500 quam
3772 448 3907 486 mare

453 519 569 573 bris
599 518 803 573 ictibus
832 521 1122 585 contusus,
1148 518 1443 589 expiravit.

526 604 842 675 Peregrina]
873 609 1130 661 Externa.

517 694 613 767 At]
648 695 777 761 Sed,
830 695 915 748 vel
948 696 1166 748 saltem.
1203 696 1296 748 Est
1326 698 1513 749 autem
1552 695 1673 749 haec
1714 696 1992 766 particula
2038 696 2146 749 hoc

447 788 569 841 loco
620 790 707 839 ter
756 784 1017 854 legenda,
1072 801 1175 856 pro
1218 801 1328 855 qua
1383 784 1598 839 indocti
1628 786 1827 856 legunt
1882 790 1993 840 aut.
2057 784 2146 840 Sic

446 876 600 931 enim
622 876 882 946 repetita,
918 877 1045 946 plus
1070 874 1335 945 ponderis
1369 874 1555 944 adjicit
1591 874 1856 929 orationi.

519 967 732 1036 Canios]
763 966 975 1021 Plurali
1021 981 1261 1019 numero
1312 964 1547 1035 propria
1590 965 1829 1019 nomina
1858 979 2141 1035 expressa,

450 1057 729 1127 majorem
761 1055 819 1109 in
852 1056 1109 1109 oratione
1141 1054 1255 1108 vim
1288 1054 1521 1109 habent.
1565 1055 1788 1126 Quippe
1818 1072 1930 1109 non
1956 1056 1996 1109 ii
2018 1060 2146 1109 tan-

448 1152 568 1201 tum
625 1145 1023 1216 significantur
1075 1160 1325 1214 quorum
1400 1145 1499 1198 illa
1552 1146 1789 1199 nomina
1836 1149 1986 1211 sunt,
2048 1145 2144 1199 sed

445 1238 615 1292 etiam
652 1235 749 1289 alii
792 1236 891 1307 qui
919 1234 1132 1287 similes
1174 1235 1399 1291 illorum
1435 1234 1615 1289 fuere.
1659 1236 1863 1289 Canius
1917 1234 2143 1289 Gadita-

445 1342 553 1381 nus
595 1329 761 1395 poeta
808 1324 934 1391 fuit,
969 1323 1247 1377 facundiae
1295 1324 1437 1377 lenis
1487 1325 1859 1394 ctjucundce,
1914 1325 1980 1379 de
2030 1340 2142 1392 quo

445 1414 713 1471 Martialis
748 1414 892 1468 libro
926 1414 1112 1485 primo
1150 1414 1638 1485 Epigrammatum
1680 1432 1691 1469 :

694 1504 935 1553 Gaudent
958 1503 1137 1567 jocose
1169 1503 1329 1553 Canio
1357 1517 1451 1551 suo
1483 1504 1669 1551 Gades.

520 1598 683 1652 Ilunc
727 1594 959 1649 tradunt
990 1593 1220 1663 quidam
1254 1592 1668 1662 reprehensum
1715 1608 1747 1645 a
1779 1591 1931 1646 Livio
1979 1594 2141 1647 Pata-

445 1687 594 1753 vino,
634 1684 792 1755 gravi
826 1688 880 1737 et
913 1682 1092 1736 nobili
1122 1682 1604 1752 historiographo,
1637 1682 1785 1752 quod
1826 1683 2141 1736 multarum

444 1776 716 1845 gauderet
764 1773 1081 1838 amoribus,
1141 1771 1230 1823 his
1282 1771 1465 1825 verbis
1501 1787 1513 1825 :
1548 1772 1829 1841 “Nostram
1889 1772 2142 1841 philoso-

446 1864 640 1935 phiam
672 1862 1016 1934 participare
1066 1876 1180 1914 non
1212 1860 1447 1930 poteris,
1500 1860 1636 1915 dum
1671 1878 1702 1914 a
1734 1866 1817 1915 tot
1846 1861 2146 1931 participa-

444 1955 538 2008 ris.
569 1955 690 2008 Non
724 1952 877 2007 enim
919 1967 984 2006 eo
1006 1951 1198 2021 jecore
1233 1950 1507 2003 Latonam
1542 1955 1693 2003 amat
1726 1951 1939 2022 Tityus,
1986 1951 2139 2021 quod

444 2044 611 2098 multi
660 2044 914 2097 vultures
982 2041 1230 2094 multum
1275 2040 1572 2094 divellunt.
1625 2040 1728 2095 Cui
1775 2041 1982 2094 Canius
2032 2057 2043 2095 :
2087 2040 2144 2095 Si

445 2134 674 2205 quando
705 2132 885 2199 labor,
926 2146 1165 2200 resurgo
1216 2128 1437 2183 cautius
1473 2149 1487 2196 ;
1522 2129 1567 2182 si
1596 2130 1897 2200 paululum
1943 2130 2144 2201 oppri-

444 2240 592 2290 mor,
647 2221 889 2276 alacrius
936 2235 1166 2275 resumo
1216 2235 1427 2273 aerem.
1506 2218 1659 2273 Vices
1711 2222 1967 2273 noctium
2024 2220 2145 2273 dies

444 2313 688 2387 reddunt
733 2310 999 2365 leniores.
1062 2309 1168 2363 Sed
1220 2309 1590 2363 tenebrarum
1638 2310 2011 2380 perpetuitas,
2053 2309 2140 2363 in-

442 2408 556 2457 star
585 2400 795 2455 inferni
838 2404 939 2455 est.
994 2398 1083 2453 Sic
1114 2398 1233 2453 lilia
1276 2399 1574 2469 primaeva,
1618 2399 1778 2453 verni
1831 2400 1962 2452 solis
1997 2398 2141 2453 deli-

443 2497 567 2546 cata
600 2488 1266 2561 temporibusivarietate
1318 2493 1439 2542 tum
1491 2489 1637 2555 euri,
1678 2493 1798 2542 tum
1844 2492 1986 2555 noti,
2020 2494 2139 2543 tum

445 2580 673 2651 zephyri
706 2579 903 2633 lmtitia
934 2578 1199 2632 etTusiore
1244 2577 1570 2645 lasciuiunt,
1615 2578 1824 2648 quibus
1870 2595 1981 2632 uno
2020 2579 2139 2649 spi-

446 2670 556 2723 ritu
602 2669 911 2723 fulminans
956 2668 1097 2738 Lybs
1136 2667 1494 2734 incumbens,
1534 2683 1810 2731 occasum
1863 2668 2015 2722 facit.
2050 2669 2140 2725 Sic

450 2761 592 2815 Mars
638 2759 822 2830 ruptis
879 2757 1182 2812 tendiculis
1235 2756 1292 2811 in
1347 2773 1545 2811 mensa
1589 2758 1800 2811 caelesti
1859 2758 2139 2813 recumbit

449 2850 685 2903 conviva
737 2863 1030 2918 superum,
1066 2863 1097 2900 a
1130 2862 1243 2917 qua
1288 2847 1522 2900 uxorius
1569 2846 1837 2901 Mulciber
1867 2864 1967 2901 suo
2014 2849 2138 2902 fure

441 2941 607 3010 longe
662 2940 960 3009 religatur.
1011 2938 1098 2991 Sic
1130 2938 1309 2991 levius
1342 2937 1523 3007 ligant
1567 2938 1749 2991 multa
1802 2938 1917 3003 fila,
1963 2954 2135 3009 quam

2254 518 2673 589 procellosum?
2708 519 2879 573 Divus
2918 519 3254 573 Ambrosius
3295 518 3353 572 in
3400 518 3637 589 epistola
3678 520 3743 573 ad
3773 521 3903 575 Con-

2254 609 2525 663 stantium
2558 626 2568 663 :
2596 608 2901 680 Suscepisti
2950 625 3159 662 munus
3190 608 3513 675 sacerdotii,
3566 612 3619 662 et
3647 609 3700 661 in
3745 626 3907 680 puppe

2255 698 2516 751 Ecclesiae
2557 699 2777 764 sedens,
2833 698 3022 752 navim
3056 698 3341 752 adversus
3383 698 3589 751 ﬂuctus
3638 700 3907 768 gubernas.

2252 788 2404 840 Tene
2437 788 2658 841 clavum
2694 786 2848 852 ﬁdei,
2884 792 2946 841 ut
2982 791 3035 841 te
3064 803 3261 857 graves
3292 787 3468 857 hujus
3502 788 3689 840 saeculi
3717 788 3915 841 turbare

2252 894 2369 931 non
2415 878 2635 948 possint
2670 877 2957 948 procellae.
2987 879 3133 932 Mare
3165 877 3396 948 quidem
3427 893 3699 947 magnum
3731 883 3781 932 et
3810 894 3914 950 Spa-

2252 968 2484 1035 tiosum,
2520 968 2616 1022 sed
2653 967 2767 1021 noli
2795 967 2980 1021 vereri
3015 967 3326 1038 :quiaipse
3358 983 3531 1038 super
3553 967 3727 1021 maria
3753 967 3916 1022 funda-

2251 1058 2330 1111 vit
2349 1074 2495 1121 cam,
2525 1061 2580 1111 et
2610 1073 2781 1127 super
2808 1056 3403 1127 tluminaprzeparavit
3428 1073 3577 1110 eam.
3610 1057 3793 1127 Itaque
3813 1074 3906 1111 non

2253 1145 2547 1199 immerito
2581 1145 2731 1198 inter
2764 1149 2843 1199 tot
2892 1144 3089 1198 mundi
3122 1145 3263 1198 freta
3300 1145 3547 1198 Ecclesia
3582 1146 3800 1198 Domini
3824 1151 3915 1198 tan-

2253 1252 2422 1307 quam
2457 1251 2629 1306 supra
2652 1234 3023 1305 apostolicam
3051 1234 3391 1289 :edificatam
3428 1239 3653 1305 petram
3680 1234 3905 1289 immobi-

2253 1325 2319 1379 lis
2348 1324 2576 1395 [manet,
2610 1329 2665 1378 et
2707 1323 3047 1377 inconcusso
3092 1326 3392 1378 adversum
3427 1326 3678 1394 impetus
3724 1326 3915 1377 sanie-n-

2252 1415 2323 1468 tis
2367 1414 2469 1468 sali
2526 1418 2850 1485 perseverat
2906 1413 3259 1468 fundamine.
3310 1413 3768 1478 Alluituruudis,
3818 1430 3905 1467 non

2254 1505 2525 1575 quatitur.
2560 1504 2753 1557 Salum
2788 1502 2995 1556 dicitur
3024 1519 3179 1556 mare
3204 1519 3236 1555 a
3274 1519 3482 1573 sapore
3519 1504 3671 1557 salis.
3700 1503 3868 1574 Virgil.
3898 1520 3906 1555 :

2502 1592 2708 1653 Perque
2739 1591 2910 1639 undas
2936 1594 3216 1653 superante
3244 1590 3372 1639 salo.

2329 1672 2591 1741 Quorum]
2618 1671 3021 1725 Pessimorum.

2185 1738 2225 1791 Β
2323 1760 2673 1831 Numerosus]
2710 1762 3016 1831 Frequens.

2330 1850 2561 1924 Temere]
2625 1852 2976 1920 Inconsulte,
3034 1848 3155 1905 sine
3210 1848 3473 1919 consilio,
3535 1846 3741 1919 absque
3801 1863 3907 1917 pru-

2260 1942 2471 1997 dentia.

2324 2027 2557 2101 Passim]
2603 2029 2761 2083 Modo
2820 2029 2951 2095 huc,
3001 2028 3171 2083 modo
3224 2027 3378 2095 illuc,
3428 2027 3594 2082 nullo
3643 2031 3783 2083 certe
3824 2026 3909 2080 ﬁne

2254 2119 2569 2189 proposito.

2325 2190 2682 2260 Lymphante]
2717 2191 2921 2244 Furore
2944 2194 3201 2244 vexante.

2322 2281 2585 2350 Lympho]
2626 2281 2838 2335 Furore
2866 2296 3024 2349 vexo,
3059 2280 3211 2333 Vale.
3244 2279 3354 2333 Sta.
3393 2279 3627 2333 Flaccus
3658 2294 3670 2332 :

3074 2368 3467 2433 Lympbaverat
3496 2368 3699 2417 urbem.

2376 2443 2421 2490 It
2444 2441 2755 2505 lymphante
2780 2442 2907 2491 Deo.

2254 2523 2409 2577 Unde
2452 2523 2729 2593 lymphati
2762 2523 2875 2577 sive
2908 2520 3244 2593 lymphatici
3287 2522 3562 2576 dicuntur
3592 2520 3793 2586 furiosi,
3830 2536 3903 2571 ve-

2251 2612 2395 2678 sani,
2464 2612 2876 2679 baccbabundi,
2938 2611 3033 2682 qui
3098 2611 3298 2664 vitium
3353 2627 3420 2665 ex
3467 2627 3617 2681 aqua
3660 2614 3902 2664 contraxe-

2252 2705 2407 2767 runt,
2441 2701 2595 2772 quod
2627 2707 2711 2755 est
2741 2702 2851 2755 huc
2881 2706 3052 2771 atque
3076 2701 3211 2755 illuc
3242 2700 3589 2756 discurrere.

2322 2790 2448 2861 Qui]
2486 2792 2772 2845 Exercitus
2802 2791 3203 2861 pessimorum.

2320 2878 2525 2952 Acicm]
2581 2881 2853 2935 Ordinem
2911 2883 2966 2935 et
3012 2878 3459 2934 instructionem
3520 2878 3808 2934 militarem
3851 2876 3901 2929 ad

2244 2968 2363 3039 jam
2395 2970 2804 3024 dimicandum.

438 3033 559 3087 sola
590 3037 806 3086 catena.
837 3030 925 3085 Sic
958 3029 1115 3097 mihi,
1143 3030 1235 3096 sit,
1268 3029 1673 3101 aphilosophia
1706 3030 1810 3085 tibi
1848 3032 2133 3085 solatium.
2177 3042 2216 3099 C
2244 3029 2264 3039 ⁷
2320 3056 2565 3119 δτνηρηε]
2596 3060 2905 3112 “struens.

440 3124 600 3177 llunc
644 3122 821 3191 igitur
850 3120 906 3173 in
944 3120 1175 3174 modum
1202 3122 1392 3189 jocose
1437 3120 1630 3173 ferunt
1680 3120 1919 3174 Canium
1982 3121 2135 3175 Livio

440 3212 822 3282 respondisse.
866 3211 1075 3263 Verum
1117 3226 1269 3263 nunc
1319 3210 1471 3280 quod
1525 3210 1594 3263 ad
1642 3227 1764 3263 rem
1818 3210 2135 3265 institutam

438 3300 707 3371 pertinet,
740 3298 1073 3352 referamus.
1110 3298 1318 3352 Canius
1361 3315 1427 3353 eo
1455 3299 1607 3369 quod
1641 3300 1709 3353 ab
1741 3299 2135 3370 improborum

438 3390 697 3444 moribus
751 3388 1095 3449 dissentiret,
1124 3404 1156 3441 a
1186 3388 1318 3441 Caio
1372 3388 1593 3442 Cresare
1642 3388 1961 3442 Germanici
1993 3389 2134 3457 filio,

439 3478 696 3533 conscius
753 3481 948 3530 contra
1006 3494 1063 3529 se
1112 3477 1277 3532 factm
1340 3477 1747 3546 conjurationis
1794 3479 1974 3532 dictus
2031 3485 2133 3534 est.

441 3568 542 3621 Cui
575 3567 651 3619 sic
681 3566 1010 3637 respondit:
1056 3565 1113 3619 Si
1146 3580 1252 3635 ego
1300 3566 1551 3628 scissem,
1599 3570 1662 3620 tu
1697 3568 1988 3622 nescisses.
2042 3569 2135 3623 Ni-

434 3656 553 3710 hilo
588 3661 780 3710 tamen
822 3654 1000 3709 secius
1042 3654 1110 3708 ab
1158 3653 1255 3707 illo
1288 3654 1599 3710 crudeliter
1644 3660 1730 3711 est
1767 3658 2026 3711 necatus.
2059 3660 2135 3712 De

440 3747 545 3801 hoc
573 3746 773 3800 eodem
806 3744 862 3798 in
892 3744 1152 3815 proxima
1182 3761 1369 3815 prosa.

508 3838 584 3890 At
634 3833 880 3906 Senecas]
923 3836 988 3889 Μ.
1038 3836 1269 3888 Anneus
1300 3834 1509 3888 Seneca
1569 3834 1973 3903 Cordubensis,
2026 3836 2137 3890 Ro-

437 3942 589 3979 mam
620 3924 775 3978 venit
800 3924 1146 3977 declamator
1167 3923 1453 3994 egregius,
1478 3926 1758 3995 Tquamvis
1792 3941 1967 3995 opera
2008 3926 2129 3995 ejus

437 4016 503 4070 ad
541 4018 815 4085 posteros
866 4029 983 4067 non
1028 4013 1406 4083 pervenerint.
1454 4014 1553 4067 llic
1606 4014 1795 4067 statim
1855 4031 2028 4085 eques
2060 4015 2136 4069 fa-

434 4112 577 4173 ctus,
630 4104 882 4159 honores
944 4102 1174 4172 meruit,
1225 4102 1538 4173 habuitque
1588 4103 1819 4171 liberos,
1868 4121 2012 4174 quos
2072 4104 2133 4158 in

435 4193 711 4266 Hispania
762 4197 1088 4263 susceperat
1129 4208 1193 4245 ex
1231 4191 1388 4245 Elbia
1423 4208 1617 4259 uxore,
1651 4193 1708 4246 L.
1743 4196 2007 4246 Anncum
2041 4193 2133 4245 Se-

435 4300 657 4350 necam,
718 4282 962 4355 .Junium
1021 4283 1286 4334 Anneum
1355 4281 1688 4346 Gallionem,
1750 4286 1806 4334 et
1866 4284 2130 4335 Auneum

433 4374 667 4428 Mcleam
693 4373 721 4439 f:
763 4371 974 4425 Seneca
1014 4369 1389 4440 philosophus
1439 4369 1607 4423 simul
1663 4373 1718 4423 et
1760 4370 2127 4438 declamator,

436 4468 489 4515 et
536 4465 707 4532 poeta
748 4457 992 4529 insignis
1034 4457 1230 4511 evasit.
1281 4457 1396 4511 Sub
1446 4458 1666 4511 Nerone
1718 4463 1981 4512 mortuus
2028 4464 2129 4512 est.

436 4552 635 4604 solutis
667 4548 846 4603 venis.
884 4549 961 4602 De
988 4547 1093 4601 hoc
1127 4548 1291 4617 plura
1332 4547 1592 4600 dicentur
1624 4546 1790 4600 infra.
1826 4548 1911 4600 An
1942 4552 2133 4601 autem

434 4641 527 4695 hic
561 4640 716 4693 idem
754 4638 928 4693 fuerit
960 4636 1060 4708 qui
1104 4635 1411 4706 tragoedias
1451 4653 1579 4707 qua:
1610 4640 1852 4704 exstant,
1888 4637 2131 4707 scripsit,

434 4746 632 4797 necne,
666 4729 817 4782 inter
866 4727 1216 4781 doctissimos
1268 4727 1522 4780 nondum
1573 4727 1875 4781 convenit:
1908 4728 2134 4781 tametsi

436 4820 571 4891 quid
605 4834 774 4889 super
806 4818 914 4870 hoc
963 4816 1233 4871 Sidonius
1278 4816 1625 4887 Apollinaris
1680 4818 1955 4887 scriptum
2005 4818 2134 4871 reli-

435 4907 649 4981 qucrit,
693 4923 808 4960 non
838 4906 1119 4977 ignorem.

490 5000 579 5061 ~At
636 4996 887 5066 Soranos]
946 4995 1201 5050 Valerius
1258 4996 1507 5050 Soranus
1557 4999 1728 5067 poeta
1767 5010 2131 5065 summopere

433 5088 807 5159 famigeratus
850 5086 976 5140 fuit.
1014 5086 1121 5151 Qui
1175 5085 1391 5156 primus
1440 5086 1507 5140 de
1553 5086 1666 5139 Deo
1699 5086 1948 5139 maximo
2001 5102 2133 5138 vera

434 5180 852 5232 commentatus
882 5180 984 5242 est,
1018 5181 1189 5246 atque
1220 5175 1289 5229 ob
1322 5175 1380 5229 id
1429 5174 1677 5231 creditur
1706 5174 1775 5230 ab
1802 5174 2130 5247 Limpiorum

433 5267 701 5322 manibus
732 5265 793 5320 in
824 5281 1049 5320 crucem
1073 5265 1348 5319 sublatus.

503 5353 835 5426 Pcrvetusta]
882 5352 1062 5408 Nimis
1083 5351 1339 5422 antiqua.

503 5443 815 5515 Incelebrz’s]
850 5443 1207 5514 lnfrequens,
1231 5456 1349 5495 non
1380 5441 1640 5499 celebris.

502 5537 576 5589 In
611 5532 835 5605 cladem]
874 5535 935 5587 In
958 5531 1289 5604 perniciem.

504 5624 566 5678 1n
598 5624 693 5680 hoc
723 5625 850 5679 vitae
881 5621 1019 5695 salo]
1061 5621 1125 5677 Id
1158 5625 1243 5677 est
1285 5619 1451 5677 mari.
1503 5620 1646 5676 Sane
1694 5634 1869 5692 quam
1896 5618 2127 5691 elegans

2317 3151 2517 3204 Nostra
2545 3148 2681 3221 dum]
2736 3150 2906 3204 Recta
2937 3148 3079 3202 ratio
3114 3164 3127 3202 :
3161 3164 3228 3203 ea
3253 3148 3405 3203 enim
3447 3148 3561 3202 dux
3594 3152 3673 3201 est
3698 3144 3895 3217 philoso-

2248 3239 2519 3309 phorum.

2320 3330 2513 3397 Copias
2546 3327 2695 3397 suas]
2744 3327 3064 3383 Exercitum
3098 3343 3267 3381 suum
3296 3342 3376 3398 ex
3409 3326 3716 3381 virtutibus
3749 3323 3893 3378 scien-

2246 3417 2456 3488 tiisque
2480 3418 2879 3489 compositum.

2318 3510 2375 3561 In
2400 3506 2598 3578 arcem]
2643 3508 2707 3560 In
2739 3507 2917 3561 animi
2948 3506 3323 3569 intellectum,
3359 3523 3536 3576 quem
3580 3502 3821 3559 Platonici
3848 3500 3889 3552 in

2248 3597 2479 3650 cerebro
2509 3602 2782 3668 tanquam
2816 3597 2875 3650 in
2899 3614 3027 3652 arce
3062 3596 3444 3652 constituunt.
3483 3596 3713 3652 Pulchre
3741 3598 3885 3647 autem

2246 3692 2465 3757 perstat
2494 3687 2552 3740 in
2588 3687 2944 3758 metaphora.

2318 3777 2621 3845 Contrahit]
2658 3777 2903 3847 Colligit,
2934 3781 3267 3847 congregat.

2316 3868 2423 3923 Illi]
2462 3867 2695 3920 Pessimi
2726 3866 3204 3936 philosophorum
3235 3866 3449 3921 hostes.

2314 3957 2536 4009 Inutiles
2570 3955 2898 4027 sarcinulas]
2932 3958 3084 4010 Bona
3116 3962 3351 4011 externa
3381 3958 3444 4010 et.
3474 3953 3736 4026 corporis.

2316 4044 2416 4115 At]
2451 4046 2577 4099 Sed.

2312 4133 2570 4206 Desuper]
2600 4136 2669 4188 Ex
2703 4150 2830 4188 arce
2865 4134 3387 4205 contemplationis.

2323 4224 2601 4278 Vilissima
2624 4240 2845 4293 qumque
2873 4223 3074 4297 rerum]
3107 4224 3374 4294 Corporis
3409 4230 3465 4279 et
3494 4223 3724 4278 fortunze
3752 4219 3880 4279 bona,

2170 4330 2214 4384 D
2246 4328 2374 4383 qum
2400 4328 2515 4383 prie
2545 4313 2710 4367 bonis
2733 4313 2910 4367 animi
2945 4313 3334 4368 sordidissima
3366 4319 3519 4369 sunt.

2317 4402 2520 4473 Securi]
2587 4404 2811 4457 Nullam
2862 4406 3073 4471 :curam
3137 4403 3434 4471 habentes,
3494 4402 3877 4469 contemptores.

2244 4490 2507 4560 Securus,
2543 4493 2909 4563 tranquillus,
2958 4493 3058 4563 qui
3090 4492 3213 4546 sine
3262 4508 3399 4547 cura
3429 4497 3535 4559 est,
3580 4489 3728 4562 quasi
3769 4497 3880 4537 seor-

2245 4598 2371 4636 sum
2403 4598 2435 4635 a
2467 4599 2619 4636 cura.
2652 4582 2944 4637 Interdum
2975 4587 3355 4653 contemptor.
3382 4584 3535 4637 Maro
3569 4598 3581 4635 :

2370 4732 2405 4779 ϐ
3172 4669 3421 4731 ,Securus
3451 4680 3682 4719 amorum

2413 4745 2661 4779 ermanas.

2413 4745 2641 4780 ermante
2653 4769 2661 4777 .

2319 4811 2496 4883 Vallo]
2527 4812 2877 4867 Mnuimento
2903 4812 3205 4868 virtutum.

2315 4902 2448 4971 Quo]
2478 4903 2557 4956 Ad
2589 4903 2743 4973 quod
2776 4904 3009 4957 vallum.

2313 4993 2628 5061 Grassanti]
2663 4993 2985 5047 Gradiendo
3018 4992 3296 5047 saevienti.

2312 5080 2601 5153 Aspirarc]
2633 5083 2797 5136 Juxta
2830 5082 3116 5148 accedere,
3152 5084 3327 5137 adire.

2312 5174 2422 5226 Fas
2466 5186 2571 5225 non
2620 5175 2708 5236 sit]
2750 5172 2809 5225 Id
2845 5176 2927 5225 est
2962 5188 3077 5225 non
3109 5172 3295 5225 liceat.
3352 5170 3600 5225 Valerius
3633 5164 3872 5221 Maximus.

2242 5262 2413 5315 Bonae
2463 5261 2676 5314 mentis
2723 5261 3040 5331 usurpatio,
3091 5261 3319 5315 nullum
3371 5258 3631 5315 tristioris
3676 5256 3875 5310 fortuna‘

2240 5351 2444 5421 recipit
2476 5351 2789 5405 incursum.

2830 5440 2901 5494 IN
2928 5438 3219 5494 METRUM
3253 5441 3342 5495 ιν.
3842 5512 3867 5519 ν

2310 5529 2451 5586 Cum
2483 5528 2825 5601 vigesimum
2852 5529 3036 5584 astatis
3063 5546 3281 5584 annum
3308 5545 3498 5600 agens,
3538 5527 3596 5581 in
3633 5518 3868 5591 frequentl

2238 5620 2556 5692 eademque
2576 5618 2958 5693 ornatissima
2988 5620 3280 5678 Saxonum
3310 5618 3451 5676 urbe
3487 5615 3591 5687 (cui
3633 5609 3866 5668 Monaste-
