4054 6184
198 298 288 349 909
1193 297 1580 352 MURMELLII
1622 297 1707 351 ET
1748 298 2115 354 AGRICOLAZ
2155 299 2681 355 COMMENTARIA.

3553 308 3657 364 910

201 424 271 477 rio
300 435 492 475 nomen
526 419 849 487 cst,)bonas
872 424 1023 473 artes
1074 422 1274 475 audaci
1305 424 1387 491 (ut
1428 423 1618 493 inquit
1662 424 1843 476 Hora-
1884 424 1929 479 A
1960 422 2129 494 hujus
2190 424 2436 493 generis,
2501 425 2707 479 laedere
2758 431 3023 495 possunt;
3083 444 3188 481 nos
3232 446 3379 494 vero,
3421 431 3527 485 hoc
3572 437 3659 485 est

202 513 311 573 tius,
336 514 659 580 paupertate
705 509 1011 578 impulsus,
1059 527 1177 564 non
1233 510 1535 565 infeliciter
1598 513 1857 581 proﬁteri

202 601 467 670 cuipissem
506 598 784 652 beneﬁcio
817 600 1050 653 Joannis
1106 601 1318 667 Grovii,
1376 601 1854 667 Monasteriensis,

200 691 288 744 viri
350 705 476 741 sane
534 705 703 759 quam
772 688 1024 757 litterati,
1084 694 1140 743 et
1190 690 1460 744 omnibus
1527 691 1859 745 liberalibus

203 780 430 850 apprime
452 776 764 847 disciplinis
806 779 1037 844 eruditi,
1081 779 1583 850 plurimorumque
1612 780 1859 835 doctoris

203 867 562 935 landatissimi,
599 884 661 921 ac
689 869 777 920 vel
810 869 1068 939 longiore
1100 869 1233 936 vita,
1260 870 1346 923 vel
1378 870 1568 922 minus
1619 872 1857 924 misera-

202 959 283 1013 bili
312 958 499 1011 mortis
525 973 732 1027 genere
775 958 1360 1029 digni,pervenerunt
1390 959 1447 1012 in
1480 976 1683 1014 manus
1705 976 1861 1016 meas

200 1048 392 1117 aliquot
418 1046 649 1116 ’paginze
697 1047 957 1116 Rodophi
1002 1048 1282 1117 Agricola:
1332 1049 1517 1116 Frisii,
1582 1049 1688 1103 viri
1734 1054 1857 1104 tum

199 1136 500 1201 doctissimi,
561 1140 683 1188 tum
747 1136 1224 1207 eloquentissimi,
1288 1138 1349 1191 in
1412 1138 1860 1209 subsequentem

200 1225 345 1297 primi
376 1225 543 1293 hujus
575 1224 706 1278 libri
746 1230 967 1294 partem
1003 1226 1231 1297 (ultimo
1287 1228 1538 1281 carmine
1599 1230 1859 1299 excepto)

201 1313 559 1367 enarrationes
600 1315 983 1384 autographas
1013 1316 1395 1385 continentes,
1438 1334 1579 1388 quas
1600 1318 1696 1372 ille
1721 1335 1861 1389 quo-

203 1404 310 1457 dam
342 1404 641 1473 Groningze
673 1404 976 1473 scripserat
1024 1412 1226 1476 rogatu
1274 1407 1561 1460 Lamberti
1612 1406 1863 1461 Gronin—

202 1491 383 1561 gensis,
418 1492 717 1545 medicinae
751 1493 1017 1559 doctoris,
1043 1494 1318 1563 singulari
1338 1500 1394 1548 et
1423 1495 1678 1549 doctrina
1706 1512 1862 1565 prai-

200 1583 281 1635 diti
306 1586 354 1634 et
383 1582 755 1651 experientia,
788 1599 916 1636 cum
948 1582 1035 1651 (ut
1086 1601 1153 1637 ex
1185 1600 1252 1637 eo
1284 1583 1457 1637 fando
1497 1584 1863 1638 familiariter

201 1672 387 1741 accepi)
419 1672 475 1723 in
508 1671 698 1740 patria
730 1688 832 1725 sua
864 1672 1144 1726 librorum
1186 1674 1255 1727 de
1304 1673 1688 1744 Philosophia:
1718 1674 1863 1728 Con-

202 1762 452 1814 solatione
502 1761 967 1830 explanationem
1010 1762 1353 1833 auspicatus,
1394 1763 1463 1817 ad
1497 1764 1863 1818 hoc'carmen

199 1850 535 1921 pervenisset.
592 1850 861 1921 Quisquis
905 1853 1221 1921 composito
1269 1868 1504 1907 serenus
1544 1870 1685 1908 aevo.
1739 1854 1860 1918 Quo

199 1942 381 1993 factum
415 1947 517 2005 est,
562 1944 623 1994 ut
654 1940 784 1994 hinc
831 1942 1254 1995 eruditissimus
1302 1944 1568 2013 Agricola
1602 1958 1863 2013 sumpse-

200 2030 259 2083 rit
287 2029 521 2097 initium,
554 2030 777 2101 reliqua
796 2035 1146 2085 tractaturus
1179 2033 1581 2103 opportuniori
1602 2038 1865 2103 tempore

200 2119 234 2171 si
293 2136 385 2189 per
416 2119 559 2172 alias
612 2120 1032 2190 occupationes,
1089 2126 1147 2175 et
1194 2122 1563 2176 immaturam
1621 2128 1865 2177 mortem

203 2209 439 2261 licuisset.
470 2207 711 2279 Scripsit
737 2209 1031 2279 aliquanto
1063 2211 1229 2280 plura
1271 2211 1329 2263 in
1368 2212 1651 2278 Boetium,
1694 2229 1866 2282 quam

205 2298 260 2351 ad
290 2314 371 2351 me
392 2303 803 2368 pervenerunt,
846 2316 971 2369 quae
1012 2305 1303 2369 receperat
1350 2299 1489 2353 mihi
1538 2301 1869 2355 Lambertus

206 2386 355 2454 idem,
404 2387 573 2457 cujus
612 2388 781 2441 modo
825 2387 1082 2455 memini,
1131 2406 1188 2442 se
1234 2389 1751 2455 commodaturum,
1809 2394 1871 2444 ut

206 2493 260 2530 ea
280 2493 495 2547 quoque
526 2477 676 2530 mihi
729 2478 1113 2549 studiosisque
1142 2480 1519 2533 exscriberem
1554 2500 1569 2533 :
1623 2496 1871 2534 commo-

207 2568 477 2638 dassetque
496 2585 639 2622 sane
672 2585 843 2639 quam
872 2569 1079 2638 libens,
1098 2570 1207 2623 nisi
1240 2570 1539 2640 repentina
1555 2571 1676 2641 ejus
1692 2576 1869 2625 trans.

206 2658 443 2725 migratio
475 2660 795 2728 quominus
826 2658 881 2711 id
913 2658 1098 2725 ﬁeret,
1126 2658 1456 2713 obstitisset.
1488 2661 1645 2723 ,Cum
1681 2665 1873 2713 autem

207 2749 308 2801 hac
337 2764 457 2818 qua:
515 2749 863 2817 transcripta
894 2753 1040 2810 sunt,
1076 2749 1210 2801 talia
1261 2747 1401 2801 mihi
1432 2748 1750 2811 vidcantur,
1811 2753 1875 2801 ut

208 2838 574 2891 studiosorum
600 2838 783 2891 Boetii
816 2837 1058 2890 lectione
1077 2837 1189 2890 sint
1218 2838 1570 2907 dignissima,
1606 2855 1717 2891 non
1751 2855 1877 2908 pos-

206 2941 310 2977 sum
342 2942 399 2979 ca
433 2942 547 2979 non
597 2925 703 2978 hoc
734 2926 856 2979 loco
891 2925 1190 2994 subjicere,
1223 2943 1293 2980 ne
1326 2927 1461 2997 quid
1494 2927 1692 2997 gloriae
1736 2927 1879 2981 mihi

208 3015 444 3069 credulus
474 3016 662 3068 lector
693 3031 757 3069 ex
788 3015 976 3069 alieno
1006 3016 1221 3069 tribuat
1258 3016 1473 3082 labore,
1510 3033 1649 3071 neve
1682 3016 1878 3071 candi-

209 3104 432 3159 dissima
460 3104 797 3173 margaritze
825 3104 1040 3158 diutius
1070 3105 1129 3158 in
1169 3121 1297 3159 mea
1327 3106 1716 3176 dactj'lotheca
1757 3107 1879 3161 sine

206 3190 395 3243 honore
440 3190 789 3244 dilitescant.
850 3190 1071 3245 Addam
1112 3196 1303 3246 autem
1352 3193 1695 3263 quibusdam
1744 3193 1882 3248 locis

208 3295 315 3333 mea
341 3280 790 3349 fqualiacunque
841 3295 1022 3350 eaque
1054 3281 1250 3351 paucis
1295 3282 1613 3352 perstricta,
1658 3299 1730 3336 ne
1762 3282 1883 3337 for-

208 3372 334 3422 tasse
376 3368 682 3439 prolixitas
718 3369 955 3424 taedium
1017 3369 1223 3441 pariat,
1259 3387 1646 3443 nauseamque
1685 3373 1885 3427 lectori

210 3458 447 3513 delicato.

268 3548 511 3617 Quisquis
544 3546 858 3620 composito]
899 3549 1142 3603 Metrum
1184 3552 1269 3602 est
1323 3549 1886 3621 hendecasyllabum,

214 3635 357 3691 idest
384 3638 661 3692 undecim
705 3637 1075 3708 syllabarum.
1130 3638 1525 3706 Phaleucium,
1586 3640 1800 3694 dictum
1857 3656 1890 3693 a

211 3726 469 3782 Phaleuco
492 3732 731 3783 auctore
766 3727 911 3798 ejus,
945 3732 1399 3799 pentametrum,
1432 3734 1694 3784 constans
1722 3746 1891 3800 spon-

212 3816 321 3883 deo,
355 3819 602 3889 dactylo,
639 3817 825 3873 tribus
870 3818 1153 3873 trochaeis.
1192 3818 1485 3872 Sententia
1513 3820 1636 3890 ejus
1677 3820 1890 3890 depen-

213 3906 368 3960 detex
401 3908 667 3979 eo'quod
723 3907 991 3979 praedixit
1043 3908 1147 3962 sub
1194 3924 1443 3978 persona
1504 3909 1889 3980 Philosophiae.

216 3998 514 4066 sapientem
542 4015 611 4052 eo
642 3997 925 4052 virtutum
983 3998 1344 4052 munimento
1396 4002 1583 4052 tutum
1612 4004 1667 4053 et
1697 3999 1892 4053 defen-

217 4101 327 4139 sum
366 4103 507 4152 esse,
569 4087 725 4159 quod
778 4087 938 4141 nulla
987 4087 1296 4141 stultorum
1344 4093 1443 4141 aut
1496 4088 1896 4158 improborum

214 4174 494 4230 hominum
520 4176 610 4230 vis
669 4180 725 4230 et
764 4175 976 4246 injuria
1019 4177 1198 4246 possit
1254 4194 1646 4248 perrumpere.
1695 4177 1898 4231 Subdit

216 4279 335 4335 ergo
370 4282 381 4320 :
416 4265 692 4337 Quisquis
732 4265 990 4319 animum
1031 4283 1199 4320 suum
1248 4272 1398 4321 recte
1450 4267 1789 4337 composuit,
1844 4268 1899 4320 et

1966 517 2219 567 mentem
2279 518 2556 581 nostram,
2626 531 2798 585 quem
2854 521 2937 569 est
2992 518 3467 587 praestantissima
3524 538 3658 592 pars

1967 602 2165 669 nostri,
2201 604 2407 656 laedere
2439 620 2552 657 non
2584 608 2840 675 possunt.
2875 608 3183 662 AGRICOLA.

2042 691 2321 763 Quisquis]
2348 693 2408 746 Id
2427 698 2510 747 est
2536 694 2893 765 quicunque;
2929 696 3261 765 hujusmodi
3284 697 3440 752 enim
3465 698 3661 753 dictio-

1968 797 2069 835 nes
2093 781 2400 850 gcminatae
2440 782 2546 835 hoc
2585 782 2775 851 ipsum
2821 783 3163 853 signiﬁcant.
3201 786 3354 856 quod
3386 802 3517 841 cum
3556 787 3662 841 hac

1969 871 2250 941 particula
2279 874 2533 942 :cunque
2591 873 2929 942 conjunctae.
2989 875 3056 928 Ut
3104 875 3399 930 Terentius
3445 876 3506 931 in
3546 878 3661 931 Eu-

1968 960 2140 1015 nuch.
2170 961 2251 1014 Tu
2299 966 2546 1032 quantus
2600 968 2849 1032 quantus
2897 979 2976 1031 es,
3026 963 3085 1019 id
3130 968 3213 1019 est
3269 970 3661 1036 quantuscun-

1970 1064 2081 1117 que
2114 1064 2172 1101 es
2210 1064 2221 1101 :
2264 1053 2320 1102 et
2376 1049 2435 1102 in
2470 1050 2669 1104 eadem
2719 1052 3013 1107 comoedia.
3050 1054 3155 1109 Ubi
3210 1054 3309 1108 ubi
3343 1059 3447 1122 est,
3494 1056 3549 1110 id
3580 1060 3665 1110 est

1969 1135 2300 1207 ubicunque
2331 1141 2436 1191 est.
2464 1140 2546 1192 AG
2561 1154 2773 1193 RICOLA.

2042 1224 2359 1297 Composito]
2428 1227 2781 1298 Componere
2839 1230 3148 1301 aliquando
3211 1233 3500 1303 ordinare,
3573 1235 3661 1289 vel

1971 1318 2120 1368 recte
2154 1314 2453 1369 instituere
2511 1317 2813 1386 signiﬁcat,
2850 1323 2912 1372 ut
2951 1320 3058 1374 hoc
3093 1320 3256 1375 loco:
3293 1326 3350 1376 et
3398 1321 3664 1392 Virgilius

1971 1403 2032 1457 in
2063 1405 2253 1474 primo
2286 1405 2588 1459 AZneidos:

2220 1511 2283 1559 Et
2310 1511 2523 1560 tandem
2544 1511 2751 1574 placida
2781 1517 3085 1577 compostus
3114 1530 3241 1579 pace
3273 1517 3511 1579 quiescit.

1974 1590 2297 1662 Aliquando
2324 1592 2609 1661 signiﬁcat
2644 1610 2864 1662 pacare.
2892 1595 3163 1665 Virgilius
3195 1598 3255 1650 in
3290 1599 3481 1652 Bucol.

2226 1681 2341 1729 Non
2363 1685 2604 1729 nostrum
2636 1682 2773 1730 inter
2802 1697 2895 1731 vos
2927 1688 3099 1732 tantas
3129 1699 3443 1749 componere
3468 1687 3601 1737 lites.

1905 1733 1944 1789 Β
1973 1761 2296 1832 Aliquando
2325 1778 2678 1833 comparare.
2717 1764 2872 1818 Idem
2901 1765 2960 1818 in
2985 1733 3178 1819 Bucol.
3199 1733 3224 1821 γε

2221 1851 2305 1899 Sic
2332 1852 2509 1914 parvis
2540 1865 2857 1915 componere
2888 1868 3082 1917 magna
3111 1855 3366 1907 solebam.

1973 1931 2295 2003 Aliquando
2324 1933 2693 2003 conjungere.
2726 1934 2952 1988 Persius
2985 1953 2997 1989 :

2226 2022 2585 2086 Compositum
2613 2024 2702 2087 jus
2731 2024 2914 2087 fasque
2944 2026 3128 2075 animi.

1979 2102 2068 2158 Sic
2093 2102 2335 2158 dicimus
2358 2120 2703 2173 componere
2740 2105 2970 2175 librum,
3000 2113 3056 2162 et
3086 2110 3663 2181 componereignem.

1977 2195 2271 2247 AGRICOLA.

2050 2301 2297 2369 Serenus]
2331 2282 2386 2354 Α¹
2431 2301 2674 2355 serendo
2724 2301 2939 2357 dictum
2971 2306 3075 2369 est,
3120 2303 3284 2375 quasi
3314 2308 3542 2376 tempus
3572 2321 3671 2360 ac-

1980 2390 2406 2443 commodatum
2437 2391 2661 2445 sationi.
2702 2393 2841 2446 Nam
2875 2393 2943 2446 de
2976 2397 3236 2463 tempore
3268 2395 3499 2466 proprie
3528 2395 3669 2450 dici-

1981 2484 2077 2533 tur
2106 2496 2391 2547 serenum,
2425 2481 2569 2535 sicut
2608 2497 2898 2537 amoenum
2930 2484 3086 2553 quod
3114 2488 3313 2554 aptum
3372 2486 3573 2552 amari,
3619 2490 3675 2539 et

1984 2584 2231 2638 egenum
2259 2569 2328 2623 ab
2362 2570 2604 2639 egendo,
2635 2574 2689 2625 et
2718 2572 2956 2643 plenum
2978 2588 3011 2625 a
3037 2572 3483 2643 plereinusitato
3500 2574 3674 2629 verbo

1983 2655 2207 2712 dicitur.
2240 2659 2534 2712 Acmcom.

2055 2746 2267 2814 zEvum]
2316 2750 2361 2799 A
2395 2748 2584 2801 Graeco
2633 2747 2757 2799 αἰὼν
2790 2749 3016 2816 dicitur,
3077 2751 3232 2821 quod
3264 2751 3459 2806 Latine
3500 2767 3675 2806 saecu-

1986 2837 2106 2890 lum
2139 2835 2457 2905 signiﬁcat:
2492 2837 2551 2890 id
2576 2838 2674 2891 alii
2706 2843 2931 2909 tempus
2952 2840 3391 2911 quinquaginta,
3427 2841 3525 2895 alii
3550 2857 3678 2895 cen-

1988 2930 2111 2980 tum
2144 2941 2429 2979 annorum
2459 2943 2580 2981 esse
2614 2928 2821 2982 volunt.
2854 2929 3088 2999 Capitur
3122 2930 3216 2984 hic
3247 2946 3349 3000 per
3393 2931 3677 3001 synecdo-

1919 3049 1958 3104 Ο
1991 3015 2135 3069 chen
2167 3032 2272 3085 pro
2306 3015 2441 3081 vita,
2476 3033 2645 3087 quam
2680 3017 2771 3070 hic
2804 3018 3149 3089 peragimus.
3172 3021 3463 3074 AGRICOLA.

2061 3104 2283 3174 Fatum]
2337 3105 2558 3159 Dictum
2590 3111 2675 3159 est
2704 3106 2840 3176 quia
2870 3108 3018 3161 Deus
3063 3108 3123 3161 id
3151 3108 3297 3162 fatus
3326 3112 3429 3176 est,
3481 3108 3541 3164 id
3598 3113 3683 3163 est

1991 3193 2147 3255 dixit,
2173 3194 2279 3247 hoc
2306 3194 2578 3265 estjussit
2600 3198 2662 3248 ut
2685 3195 2864 3249 ﬁeret.
2894 3199 3189 3253 AGRICOLA.

2063 3284 2171 3339 Sub
2202 3284 2432 3353 pedibus
2470 3283 2644 3356 dedit]
2700 3286 3033 3356 Legendum
3067 3292 3151 3342 est
3178 3304 3293 3342 non
3340 3287 3477 3358 egit,
3529 3288 3679 3343 sicut

1994 3372 2229 3443 plurimi
2288 3374 2419 3427 libri
2456 3373 2686 3428 habent.
2726 3376 2921 3446 Neque
2951 3375 3103 3429 enim
3133 3377 3297 3430 aliter
3327 3377 3500 3431 stabit
3552 3393 3686 3432 ver-

1998 3479 2112 3528 sus,
2144 3463 2303 3532 cujus
2345 3462 2580 3516 tertium
2631 3464 2837 3534 pedem
2882 3465 3199 3519 trochaeum
3243 3481 3364 3520 esse
3412 3471 3684 3537 oportet:

1998 3551 2098 3622 qui
2138 3551 2185 3604 si
2218 3552 2352 3621 egit,
2406 3556 2461 3604 et
2491 3568 2607 3605 non
2658 3552 2815 3607 dedit
2843 3553 3083 3621 dicatur,
3127 3553 3353 3609 iambus
3383 3554 3499 3610 ﬁet.
3561 3555 3691 3610 Fuit

2000 3645 2190 3695 autem
2232 3640 2540 3695 dicendum
2590 3642 2803 3710 Boetio,
2874 3643 2979 3696 sub
3017 3643 3192 3712 pedes
3227 3644 3400 3711 dedit,
3459 3648 3517 3699 et
3574 3661 3690 3699 non

2000 3730 2262 3802 pedibus,
2326 3746 2393 3783 ex
2444 3734 2651 3783 natura
2704 3731 3132 3801 praepositionis
3185 3732 3501 3803 subjuncta:
3560 3749 3689 3787 cum

2000 3818 2171 3872 verbo
2211 3818 2363 3886 quod
2418 3822 2639 3871 motum
2676 3819 2747 3873 ad
2779 3818 2968 3872 locum
3010 3820 3312 3890 signiﬁcat.
3359 3822 3693 3891 Legendum

2002 3923 2137 3977 ergo
2198 3910 2281 3959 est
2310 3907 2573 3976 ﬁgurate,
2610 3911 2673 3960 ut
2712 3908 2784 3960 sit
2815 3924 2927 3961 una
2966 3908 3138 3963 dictio
3187 3910 3291 3964 sub
3322 3914 3377 3965 et
3411 3911 3587 3977 dedit,
3638 3916 3695 3965 et

2001 4012 2106 4067 per
2136 3994 2362 4049 tmesim
2396 3996 2640 4065 ﬁguram
2697 4011 2826 4064 quae
2882 3997 3055 4051 sectio
3106 3998 3303 4052 Latine
3329 3998 3691 4069 intelligitur,

2002 4083 2410 4155 interpositum
2452 4084 2521 4137 sit
2549 4083 2812 4154 pedibus,
2847 4090 2911 4138 ut
2940 4086 3013 4139 sit
3046 4086 3151 4141 sub
3173 4087 3413 4158 pedibus
3443 4087 3618 4156 dedit,
3636 4088 3695 4143 id

2007 4179 2089 4231 est
2116 4174 2370 4229 subdidit
2394 4174 2657 4245 pedibus.
2680 4177 2980 4229 Acmeom.

2076 4264 2398 4334 Fortunam]
2430 4265 2677 4319 Fortuna
2706 4280 2738 4317 a
2788 4264 2906 4318 fors
2935 4264 3163 4331 dicitur,
3197 4279 3371 4336 quem
3397 4280 3430 4319 a
3459 4264 3695 4320 ferendo

216 4368 359 4408 casus
387 4371 585 4409 rerum
622 4356 1011 4410 humanarum
1036 4357 1395 4426 contempsit,
1430 4356 1594 4410 illum
1626 4356 1771 4410 nihil
1802 4372 1898 4427 po-
1936 4367 1979 4419 ι)
2008 4354 2158 4409 dicta
2188 4359 2274 4408 est
2305 4370 2317 4407 ε
2350 4353 2484 4425 quia
2519 4369 2607 4407 res
2646 4354 2927 4408 humanas
2966 4354 3131 4421 ferat,
3163 4354 3271 4408 hoc
3310 4358 3393 4408 est
3424 4344 3601 4425 agitet
3642 4359 3700 4409 et

219 4445 314 4497 test
332 4444 536 4501 deinde
559 4446 901 4517 perturbare
938 4446 1152 4513 animo,
1185 4450 1283 4500 aut
1311 4451 1563 4499 mentem
1597 4446 1718 4516 ejus
1740 4462 1898 4500 com-

218 4547 428 4589 movere
462 4553 474 4589 :
532 4552 654 4590 non
685 4534 942 4605 pericula
972 4536 1167 4603 maris,
1218 4552 1335 4589 non
1368 4541 1654 4591 terrarum
1712 4540 1901 4590 motus

218 4626 303 4675 aut
328 4623 612 4693 incendia,
669 4640 787 4678 non
819 4625 967 4679 aeris
994 4624 1251 4679 turbines
1298 4630 1395 4679 aut
1424 4625 1899 4696 perturbationes,

218 4726 307 4766 nec
327 4715 497 4769 etiam
540 4715 760 4769 saevitia
795 4718 895 4768 aut
922 4714 1198 4769 violentia
1248 4714 1519 4783 humana,
1568 4715 1662 4769 sed
1711 4714 1903 4769 omnia

218 4803 457 4873 negligit,
500 4809 559 4860 et
609 4820 717 4875 pro
744 4804 929 4859 nihilo
960 4804 1135 4858 ducit.
1170 4806 1381 4859 Contra
1414 4821 1569 4872 vero,
1638 4803 1737 4875 qui
1787 4820 1905 4858 non

219 4895 290 4943 est
322 4894 645 4965 composito
668 4900 725 4949 et
750 4894 917 4949 ﬁrmo
948 4894 1162 4962 animo,
1219 4894 1316 4949 sed
1353 4894 1517 4949 timet
1569 4892 1788 4963 aliquid
1816 4893 1905 4947 vel

218 4985 377 5048 optat,
411 4983 531 5048 ille,
569 4982 708 5054 quia
737 5000 857 5038 non
889 4988 973 5038 est
1012 4983 1100 5038 sui
1127 4983 1297 5054 juris,
1332 4984 1427 5038 sed
1452 5000 1516 5037 ex
1549 4988 1707 5037 metu
1734 4982 1907 5036 alieni

224 5070 365 5137 mali,
395 5073 481 5126 vel
508 5089 611 5143 5pc
644 5072 820 5127 alieni
853 5073 990 5127 boni
1019 5074 1251 5143 pendet,
1287 5073 1493 5144 abjecit
1528 5073 1812 5144 clypeum,
1847 5071 1906 5125 id

223 5164 296 5211 est
327 5162 757 5216 munimentum
785 5163 1009 5216 virtutis
1042 5180 1179 5227 sum,
1212 5168 1268 5217 et
1300 5164 1573 5234 depulsus
1595 5179 1627 5216 a
1659 5164 1781 5216 loco
1804 5178 1905 5215 suo

220 5244 271 5298 in
305 5264 412 5318 quo
461 5250 669 5317 stabat,
733 5256 789 5305 et
844 5268 1015 5322 quem
1067 5252 1377 5306 defendere
1419 5252 1681 5319 debebat,
1736 5250 1910 5305 nectit

221 5342 484 5407 catenam,
520 5356 639 5410 qua
666 5341 850 5394 valeat
877 5341 1048 5407 trahi,
1079 5341 1135 5394 id
1166 5344 1269 5407 est,
1290 5340 1380 5393 via
1404 5341 1620 5411 prmbet
1649 5356 1762 5411 qua
1785 5357 1912 5410 pos-

223 5423 285 5477 sit
308 5427 423 5493 ,sibi
462 5428 697 5483 noceri:
733 5430 1047 5483 secundum
1085 5428 1428 5483 sententiam
1488 5430 1643 5483 enim
1681 5428 1910 5483 Stoico-

222 5529 356 5580 rum,
392 5518 812 5573 nemolaaditur
831 5518 941 5572 nisi
969 5536 1000 5572 a
1022 5518 1228 5589 seipso.
1260 5519 1374 5573 Alii
1397 5518 1551 5573 enim
1565 5535 1651 5571 res
1666 5522 1906 5586 nostras,

223 5600 321 5658 hoc
357 5610 440 5661 est
471 5606 700 5662 divitias
729 5609 818 5664 vel
856 5608 1127 5678 honores,
1159 5608 1249 5666 vel
1279 5608 1513 5678 famam,
1568 5608 1655 5663 vel
1683 5606 1908 5680 reliqua

2011 4448 2188 4514 regat.
2213 4443 2464 4498 Dicimus
2492 4450 2683 4498 autem
2704 4444 3075 4515 singulariter
3104 4444 3395 4498 fortunam
3418 4443 3504 4497 vel
3532 4444 3699 4497 deam

2009 4535 2097 4605 (ut
2123 4536 2371 4589 vetustas
2392 4533 2633 4604 putavit)
2667 4535 2757 4589 vel
2797 4550 3010 4602 casum,
3044 4549 3148 4603 per
3179 4548 3351 4604 quem
3380 4548 3468 4587 res
3509 4532 3701 4587 homi-

2012 4639 2152 4678 num
2178 4622 2481 4677 volvuntur
2502 4623 2815 4691 :instabiles
2842 4628 2898 4679 et
2924 4624 3179 4689 incertae,
3226 4623 3531 4694 pluraliter
3562 4638 3698 4677 vero

2012 4729 2116 4784 pro
2134 4712 2314 4781 :nobis
2350 4713 2594 4766 fortuna:
2640 4716 2696 4767 et
2725 4712 3011 4783 praecipue
3051 4728 3155 4782 pro
3196 4710 3405 4767 divinis
3460 4710 3704 4767 dicimus

2012 4803 2289 4857 fortunas.
2321 4802 2618 4856 AGRICOLA.

2092 4889 2338 4962 Vultum]
2375 4891 2587 4957 .Vultus
2617 4907 2649 4945 a
2674 4890 2816 4945 facie
2858 4890 3068 4960 diﬁ‘ert,
3103 4890 3241 4961 quia
3263 4890 3437 4946 facies
3485 4894 3568 4946 est
3604 4890 3706 4945 ha-

2015 4982 2215 5036 bitudo
2250 4982 2527 5034 naturalis
2549 4980 2719 5034 insita
2748 4980 2971 5051 cuique.
3014 4982 3213 5035 Vultus
3241 4996 3307 5036 ex
3338 4980 3552 5052 gaudio
3586 4981 3707 5036 sive

2016 5068 2246 5125 tristitia
2270 5074 2546 5137 mutatur,
2574 5068 2718 5123 sicut
2746 5070 3022 5123 voluntas.
3058 5070 3201 5125 Nam
3233 5087 3264 5124 a
3284 5070 3512 5125 volendi
3538 5071 3709 5125 verbo

2016 5160 2203 5214 vultus
2234 5157 2539 5212 descendit.
2574 5156 2761 5211 Facies
2790 5173 2823 5211 a
2850 5158 3107 5214 faciendo
3136 5159 3286 5213 dicta
3316 5165 3420 5227 est,
3455 5158 3591 5230 quia
3621 5174 3712 5214 res

2019 5248 2099 5303 sic
2148 5248 2222 5301 sit
2262 5247 2411 5301 facta
2452 5264 2463 5301 :
2519 5246 2877 5319 dicimusque
2922 5265 3041 5303 non
3087 5250 3272 5303 solum
3311 5247 3582 5315 hominis,
3616 5248 3714 5302 sed

2019 5342 2074 5392 et
2099 5335 2334 5407 pecudis
2380 5340 2436 5388 et
2464 5335 2574 5389 loci
2617 5335 2844 5405 faciem,
2892 5338 3000 5392 hoc
3042 5341 3126 5392 est
3155 5338 3402 5391 formam
3433 5336 3521 5390 vel
3552 5336 3713 5408 ﬁgu-

2018 5442 2161 5481 ram.
2206 5424 2403 5479 Vultus
2431 5426 2605 5479 solius
2636 5430 2722 5480 est
2751 5426 3024 5481 hominis.
3056 5428 3354 5480 Acmcom.

2089 5514 2313 5587 Pontus]
2358 5517 2523 5587 Apud
2554 5521 2750 5589 poetas
2792 5519 3139 5589 plerumque
3197 5531 3304 5587 pro
3335 5514 3715 5589 mariaccipi-

2020 5610 2117 5665 tur
2159 5621 2266 5679 per
2312 5607 2725 5679 synecdochen,
2782 5613 2983 5679 estque
3031 5620 3167 5677 pars
3227 5604 3405 5664 maris
3445 5608 3713 5680 quaedam
