4054 6184
388 320 486 373 9H

1132 320 1477 375 APPENDLX
1515 318 1610 372 AD
1649 318 1895 374 LIBROS
1936 320 2025 372 DE
2063 318 2590 375 CONSOLATIONE
2632 319 3145 375 PHILOSOPHUS.
3288 390 3289 393 η
3767 326 3859 377 91‘2

387 458 537 512 ultra
575 453 1131 525 Constantinopolim
1174 453 1379 525 posita,
1450 470 1624 524 quam
1653 452 1820 507 hodie
1849 457 2067 507 natura:
2106 453 2153 505 A
2178 452 2504 517 desertoris,
2562 453 2716 523 quod
2774 458 2857 507 est
2884 452 3163 525 ῥίψασπις,
3200 453 3256 508 id
3317 458 3399 509 est
3446 454 3735 525 projector
3764 457 3866 527 cly-

384 549 587 600 vocant
610 560 769 598 mare
818 543 1042 610 Leonis,
1104 558 1137 596 a
1170 557 1286 613 qua
1329 542 1532 597 vicinae
1578 546 1777 614 gentes
1825 542 2073 597 Pontica:

382 638 674 689 vocantur.
728 634 985 688 Graecum
1017 648 1231 687 nomen
1254 636 1338 687 est
1366 637 1595 703 pontus,
1654 632 1869 687 dictum
1913 631 2075 702 quasi

379 722 718 789 laboriosus,
753 722 888 793 quia
910 738 1137 792 semper
1165 721 1598 791 tempestatibus
1619 722 1869 792 agitatur
1902 738 1914 776 :
1942 737 2073 775 nam

379 816 531 874 πόνος
571 813 760 867 Graece
792 812 1050 866 laborem
1071 811 1375 882 signiﬁcat.
1401 813 1699 866 AGRICOLA.

448 906 722 977 lEstum.]
785 909 991 973 Aistus,
1021 923 1054 961 a
1094 923 1207 978 quo
1255 911 1419 961 aestas
1451 907 1603 962 dicta
1633 911 1737 975 est,
1790 907 2074 963 fervorem

378 998 681 1069 signiﬁcat,
710 999 862 1051 unde
886 1001 940 1051 et
971 1002 1161 1051 motus
1192 996 1287 1051 ille
1321 998 1494 1051 maris
1526 997 1626 1068 qui
1646 997 1830 1068 ﬁtper
1853 998 2073 1052 fluxum

378 1092 434 1142 et
462 1088 768 1152 reﬁuxum,
801 1092 969 1140 aestus
998 1087 1066 1140 ab
1094 1086 1424 1140 auctoribus
1446 1087 1659 1141 Latinis
1689 1088 1913 1154 dicitur,
1940 1088 2075 1159 quia

374 1193 534 1232 mare
571 1182 813 1231 aestuare
854 1181 909 1230 et
954 1180 1229 1247 tanquam
1281 1175 1524 1230 ebullire
1580 1176 1825 1231 videtur.
1870 1178 2072 1247 Itaque

374 1266 593 1323 Plinius
621 1265 957 1320 aestuarium
987 1265 1130 1319 dixit
1158 1266 1348 1319 locum
1374 1265 1434 1319 in
1467 1282 1639 1336 quem
1671 1283 1729 1319 se
1763 1270 1931 1320 aestus
1957 1282 2073 1319 ma—

373 1354 451 1408 ris
484 1353 820 1409 effunderet.
878 1354 995 1423 Ego
1024 1354 1195 1407 etiam
1246 1353 1595 1407 crediderim
1651 1356 1845 1425 (quam
1900 1354 2071 1408 hodie

372 1443 614 1499 barbare
645 1444 868 1506 jstufam
909 1459 1199 1510 vocamus,
1234 1443 1550 1497 secundum
1600 1459 1805 1497 sonum
1839 1443 2070 1496 Germa-

371 1533 517 1587 nicas
557 1533 794 1604 linguas)
826 1532 948 1602 ejus
980 1549 1189 1587 nomen
1226 1532 1295 1586 ab
1337 1532 1604 1586 zestuario
1653 1538 1990 1603 corruptum
2018 1536 2074 1585 et

372 1622 753 1692 depravatum
808 1638 949 1690 esse,
1021 1638 1148 1675 eam
1193 1621 1415 1675 Plinius
1467 1622 1777 1676 caldariam
1826 1621 2065 1675 vocavit.

371 1712 512 1765 Nam
542 1711 641 1766 ubi
680 1712 955 1778 lavamur,
1019 1712 1291 1766 balneum
1335 1711 1566 1782 proprie
1616 1711 1839 1767 dicitur.
1905 1713 2071 1767 AGaio

370 1817 525 1855 com.
648 1796 655 1801 ’

443 1887 718 1960 Caminus]
750 1890 797 1943 A
839 1892 1052 1961 καίομαι
1083 1890 1293 1955 Graece,
1326 1887 1574 1959 quodiest
1603 1889 1795 1956 ardeo,
1822 1887 2062 1956 dicitur;

370 1994 505 2033 eum
562 1978 758 2032 Latine
808 1978 1078 2033 Martialis
1124 1978 1435 2033 fumarium
1485 1978 1742 2032 vocavit:
1777 1978 1886 2032 hoc
1942 1978 2065 2033 loco

372 2084 473 2137 per
500 2068 898 2137 metaphoram
934 2066 1211 2138 accipitur
1238 2083 1344 2137 pro
1366 2070 1530 2121 antro
1558 2065 1647 2121 vel
1675 2082 1932 2129 caverna,
1963 2083 2067 2138 per

368 2173 543 2229 quam
574 2159 817 2212 Vesevus
839 2157 1100 2212 ﬂammas
1121 2156 1350 2211 emittit.
1384 2158 1631 2212 Vesevus
1670 2173 1835 2211 mons
1862 2163 1945 2212 est
2002 2158 2065 2212 in

369 2246 699 2318 Campania,
741 2262 859 2301 non
889 2247 1058 2318 longe
1090 2263 1123 2300 a
1158 2247 1394 2316 Neapoli
1432 2262 1659 2318 semper
1686 2247 1913 2314 ardens,
1965 2249 2065 2318 qui

365 2352 784 2407 nonnunquam
817 2336 991 2390 tantis
1033 2335 1333 2389 ardoribus
1358 2335 1613 2406 agitatur
1649 2340 1704 2390 et
1735 2340 1956 2401 aestuat,
2000 2340 2063 2390 ut

366 2426 561 2480 omnia
600 2425 784 2479 vicina
832 2430 997 2479 terrae
1050 2424 1299 2480 motibus
1330 2426 1596 2480 maximis
1641 2426 2058 2493 concutiantur,

368 2515 490 2584 agri
520 2518 791 2585 tegantur
810 2515 1122 2569 cineribus.
1158 2516 1250 2568 Est
1278 2520 1334 2569 et
1362 2515 1509 2569 alius
1539 2514 1838 2569 immensae
1863 2516 2060 2570 altitu-

366 2604 516 2658 dinis
544 2603 606 2657 in
627 2603 910 2674 (Alpibus,
946 2603 1043 2675 qui
1066 2605 1320 2667 Vesulus,
1358 2620 1477 2659 non
1506 2605 1749 2658 Vesevus
1782 2606 1868 2674 (ut
1914 2621 2059 2659 non-

366 2694 512 2748 nulli
528 2692 744 2749 indocti
774 2693 991 2764 dicunt)
1016 2698 1265 2747 vocatur.
1300 2696 1595 2747 Aoaicoul.

436 2782 635 2853 Celsas]
666 2785 713 2835 A
742 2783 885 2837 cello
932 2782 1206 2837 inusitato
1255 2782 1426 2837 verbo
1459 2782 1690 2851 dicitur,
1725 2783 1877 2837 unde
1921 2800 2057 2855 per-

362 2870 527 2937 cello,
556 2872 787 2937 excello,
831 2872 1109 2925 antecello
1130 2871 1418 2926 dicuntur.
1444 2874 1743 2926 Aomcou.

440 2956 655 3031 Turris]
690 2959 863 3025 Quasi
894 2960 1082 3029 terris,
1107 2960 1244 3031 quia
1285 2961 1478 3015 hostes
1508 2965 1741 3028 terreat,
1763 2959 1912 3015 dicta
1950 2965 2053 3016 est.

360 3051 664 3103 Acmcom.

432 3135 679 3209 Fulmen]
722 3137 879 3193 Sicut
908 3137 1102 3209 fulgur
1130 3154 1163 3192 a
1192 3138 1470 3209 fulgendo
1502 3138 1718 3193 dictum
1750 3143 1851 3193 est.
1895 3141 2058 3193 Acm-

358 3244 510 3281 COLA.

434 3313 747 3387 Tyrannus]
773 3315 962 3370 Graece
993 3315 1317 3387 principem
1349 3316 1653 3387 signiﬁcat.
1690 3318 1824 3373 Inde
1856 3319 2050 3391 Virgil.

355 3404 503 3458 dixit
529 3404 592 3457 in
620 3420 696 3457 v11
726 3403 946 3458 Aineid.

544 3535 669 3583 Pars
692 3533 823 3583 mihi
852 3533 997 3597 pacis
1027 3534 1143 3590 erit,
1176 3533 1413 3583 dextram
1440 3535 1674 3597 tetigisse
1702 3537 1917 3598 tyranni

350 3668 495 3735 Quia
541 3654 673 3723 vero
742 3668 920 3723 Crteci
978 3684 1206 3738 semper
1253 3668 1562 3738 cupierunt
1605 3684 1727 3723 esse
1770 3668 1936 3723 liberi
1992 3675 2050 3725 et

351 3760 475 3813 sine
534 3759 783 3829 regibus,
842 3759 1052 3813 idcirco
1097 3758 1329 3829 tyranni
1380 3774 1594 3812 nomen
1626 3759 1778 3830 apud
1842 3775 1956 3827 eos,
1992 3764 2049 3814 et

346 3848 483 3903 hinc
507 3849 659 3919 apud
700 3864 899 3903 omnes
928 3848 1078 3902 inter
1108 3847 1440 3902 detestanda
1470 3853 1554 3902 est
1568 3847 1845 3903 habitum.
1878 3851 2045 3904 Acar-

348 3954 504 3992 COLA.

415 4026 831 4098 Eccarmaveris]
866 4028 974 4081 Pro
1008 4025 1351 4091 exarmabis,
1384 4029 1448 4079 ut
1476 4026 1591 4079 fere
1621 4026 1743 4080 vult
1798 4025 2042 4080 Priscia.

341 4132 451 4171 nus
482 4115 658 4187 accipi
683 4116 744 4170 in
776 4114 1111 4186 hujusmodi
1141 4115 1282 4169 locis
1312 4115 1738 4184 conjunctivum
1762 4131 1864 4184 pro
1893 4114 2041 4169 indi-

340 4206 545 4273 cativo,
571 4222 904 4277 quanquam
955 4210 1150 4258 tamen
1179 4204 1323 4257 forte
1362 4204 1573 4257 rectius
1628 4204 2040 4273 interpretabi-

338 4310 471 4349 mur
498 4310 604 4366 per
632 4297 839 4365 poteris
874 4309 1160 4349 cmarmare
1188 4293 1293 4360 vel,
1337 4296 1415 4347 est
1443 4296 1504 4347 ut
1548 4308 1813 4347 est-armes.
1860 4296 2039 4347 Acm-

336 4399 492 4439 COLA.

406 4472 706 4543 Impotens]
763 4472 1053 4543 Impotens
1100 4470 1307 4525 dicitur
1342 4470 1684 4541 plerumque
1714 4469 1775 4523 in
1818 4470 2029 4524 malam

2184 542 2300 612 pei.
2328 544 2622 595 AGRLCOLA.

2253 631 2492 684 Metrum
2525 631 2681 702 quod
2733 631 2990 702 Agricola
3031 636 3087 687 et
3126 631 3223 686 alii
3265 649 3373 685 nou
3409 632 3581 703 pauci
3642 632 3867 686 Phaleu-

2181 720 2334 775 cium
2362 726 2585 785 vocant,
2620 720 2878 792 plerique
2900 737 3001 791 per
3027 738 3077 775 (Β
3108 722 3511 792 diphthongon
3532 722 3723 792 potius
3762 724 3868 775 Pla-

2179 810 2405 865 laacium
2437 810 2633 864 dicunt
2668 811 2973 865 :nonnulli
3004 811 3397 878 Phalecinum,
3454 810 3557 865 alii
3602 812 3869 865 Phalanti-

2180 914 2311 952 cum
2346 915 2359 953 :
2394 898 2491 951 sed
2522 898 2840 952 cavendum
2879 898 3134 967 omnino,
3168 914 3239 953 ne
3294 914 3459 952 more
3512 898 3866 953 indoctorum

2180 1004 2287 1059 per
2318 1004 2353 1041 η
2383 987 2692 1041 falencium
2714 991 2965 1041 vocetur.

2252 1075 2499 1148 Serenus]
2530 1076 2784 1131 Nubibus
2816 1076 3313 1147 perturbationum
3331 1092 3578 1143 vacuus;
3606 1078 3865 1147 quemad-

2182 1166 2420 1220 modum
2452 1172 2648 1220 contra
2682 1166 2742 1219 in
2773 1166 2979 1220 ultimo
3014 1166 3185 1236 hujus
3210 1165 3464 1219 carmine
3498 1165 3703 1219 nubila
3725 1183 3869 1220 mens

2181 1255 2411 1321 dicitur,
2445 1255 2635 1324 pravis
2665 1254 3056 1308 affectionibus
3083 1254 3344 1309 obducta.
3381 1255 3547 1310 Ovid.
3582 1271 3595 1309 :

2369 1344 2614 1392 Carmina
2644 1344 2964 1406 proveniunt
2988 1344 3166 1392 animo
3197 1342 3421 1405 deducta
3453 1358 3667 1393 sereno.

2180 1422 2460 1477 Marsilius
2519 1424 2743 1477 Ficinus
2774 1423 2834 1476 in
2878 1424 2976 1477 lib.
3015 1424 3225 1478 Plotini
3269 1424 3337 1478 de
3370 1424 3757 1493 Beatitudine,
3788 1441 3865 1479 ca-

2180 1512 2300 1581 pite
2336 1515 2397 1565 l2
2424 1529 2435 1566 :
2469 1512 2714 1566 Serenus
2739 1518 2931 1566 autem
2964 1529 3189 1583 semper
3211 1519 3294 1567 est
3316 1514 3562 1583 probus,
3586 1518 3865 1585 statusque

2180 1600 2304 1670 ejus
2353 1601 2606 1672 quietus,
2668 1602 3005 1672 affectioque
3063 1602 3372 1666 sufﬁciens,
3432 1619 3619 1674 quam
3660 1604 3865 1658 nullum

2181 1690 2418 1743 omnino
2446 1706 2666 1755 eorum,
2715 1691 2812 1761 qui
2844 1691 2994 1745 mala
3025 1692 3311 1759 dicuntur,
3346 1692 3392 1745 si
3436 1693 3619 1747 modo
3673 1694 3865 1764 probus

2108 1758 2148 1811 Β
2177 1778 2273 1833 ille
2295 1780 2386 1845 sit,
2423 1758 2739 1849 perturbat.

2247 1870 2497 1939 Factum]
2532 1870 2677 1934 Quid
2711 1871 2783 1924 sit
2816 1870 2965 1925 infra
2989 1871 3049 1925 in
3075 1888 3128 1925 IV
3158 1873 3254 1927 lib.
3284 1872 3514 1927 dicitur.
3556 1874 3658 1928 Hic
3690 1880 3862 1928 autem

2174 1974 2277 2028 per
2306 1958 2485 2012 fatum
2515 1960 2729 2029 accipe,
2781 1974 2847 2013 ex
2895 1960 3012 2014 fato
3055 1961 3363 2015 venientia.
3404 1963 3653 2018 Videtur
3689 1968 3862 2018 autem

2174 2047 2451 2111 imitatus,
2484 2048 2626 2102 illud
2659 2048 2856 2118 Virgil.
2890 2048 2950 2102 in
2982 2066 3018 2102 ιι
3061 2050 3265 2121 Georg.
3303 2067 3316 2103 :

2357 2136 2521 2195 Felix,
2555 2136 2643 2198 qui
2674 2136 2846 2199 potuit
2871 2150 3048 2185 rerum
3072 2151 3391 2199 cognoscere
3414 2153 3627 2197 causas,

2357 2199 2529 2261 Atque
2562 2206 2733 2247 metus
2763 2212 2962 2254 omnes,
2996 2205 3047 2247 et
3076 2200 3401 2250 inexorabile
3436 2203 3613 2251 fatum

2358 2260 2591 2324 Subiecit
2617 2262 2855 2324 pedibus.
2880 2263 3261 2325 strepitumque
3282 2264 3605 2315 Acherontis
3622 2267 3778 2315 avari.

2172 2342 2237 2395 Et
2264 2339 2402 2395 illud
2436 2342 2664 2396 Seneczn
2696 2343 2898 2412 tragici
2930 2343 2987 2395 in
3018 2344 3251 2398 Hercule
3286 2346 3519 2402 ()Ehco:

2360 2430 2608 2496 Quisquis
2634 2431 2732 2479 sub
2762 2430 2985 2496 pedibus
3006 2431 3114 2496 fata
3142 2434 3371 2496 rapacia,

2354 2494 2417 2541 Et
2437 2506 2664 2555 puppem
2701 2494 2876 2555 posuit
2900 2494 3115 2541 luminis
3145 2494 3333 2551 ultimi,

2355 2556 2469 2603 Non
2502 2556 2708 2617 captiva
2730 2555 2875 2603 dabit
2906 2556 3121 2604 brachia
3150 2557 3393 2616 vinculis,

2354 2618 2457 2665 Nec
2488 2632 2693 2681 pompae
2715 2619 2894 2666 veniet
2922 2619 3098 2667 nobile
3126 2618 3402 2669 ferculum.

2168 2718 2309 2772 Item
2334 2715 2592 2785 ejusdem
2621 2732 2817 2770 versus
2846 2718 3323 2787 elegantissimos,
3357 2719 3462 2790 qui
3500 2726 3641 2775 sunt
3699 2723 3751 2775 in
3796 2738 3849 2776 ea

2166 2804 2468 2875 tragoedia,
2506 2804 2599 2857 cui
2623 2805 2823 2859 titulus
2851 2806 3152 2876 Thyestes:

2417 2902 2535 2965 filex,
2553 2906 2649 2959 est,
2682 2903 2773 2964 qui
2801 2904 2978 2965 posuit
3003 2908 3195 2963 metus,

2412 2964 2475 3027 Et
2510 2964 2608 3012 diri
2635 2965 2773 3013 mala
2804 2964 3045 3027 pectoris,

2413 3026 2579 3090 Quem
2606 3040 2711 3075 non
2743 3026 2959 3076 ambitio
2992 3030 3275 3090 impotens,

2416 3089 2477 3136 Et
2497 3103 2609 3136 nun
2629 3103 2773 3151 ~{nam
2801 3091 3001 3138 stabilis
3032 3089 3180 3139 favor

2416 3151 2572 3213 Vulgi
2598 3152 2883 3214 praecipitis
2906 3158 3101 3213 movet,

2414 3214 2529 3261 Non
2562 3214 2817 3276 quidquid
2844 3215 2976 3262 fodit
2998 3215 3263 3272 occidens,

2412 3276 2517 3339 Aut
2545 3276 2686 3323 unda
2717 3277 2888 3339 Tagus
2905 3291 3063 3326 aurea

2414 3337 2564 3386 Claro
2595 3337 2813 3387 devehit
2831 3339 2997 3396 alveo,

2410 3401 2527 3464 Non
2556 3400 2811 3463 quidquid
2847 3402 3053 3464 Libycis
3080 3403 3201 3451 terit

2412 3463 2638 3510 Fcrvens
2672 3476 2794 3511 area
2824 3463 3084 3512 messibus

2409 3524 2577 3580 Quem
2612 3538 2721 3573 nou
2756 3526 3022 3575 concutiet
3048 3526 3242 3575 cadens

2408 3586 2617 3649 Obliqui
2645 3587 2730 3635 via
2762 3588 3019 3645 fulminis,

2409 3649 2523 3721 lflon
2550 3663 2712 3697 eurus
2739 3651 3142 3721 rapiens_mare,

2405 3711 2509 3760 Aut
2537 3726 2678 3759 saavo
2706 3711 2923 3774 rapidus
2952 3713 3086 3761 freto

2406 3774 2621 3821 Ventosi
2651 3778 2828 3823 tumor
2851 3775 3038 3823 Adriaa.

2406 3836 2571 3892 Quem
2600 3850 2707 3885 non
2738 3837 2921 3885 lancea
2951 3838 3151 3895 militis,

2402 3898 2519 3962 Non
2546 3900 2759 3947 strictus
2790 3900 2997 3947 domuit
3019 3898 3252 3962 chalybs,

2402 3960 2503 4023 Qui
2532 3965 2645 4009 tuto
2668 3962 2870 4023 positus
2900 3962 3035 4021 loco,

2402 4021 2542 4071 Infra
2566 4037 2620 4070 se
2654 4021 2797 4072 videt
2824 4024 3018 4081 omnia,

2403 4086 2742 4148 Qccurritque
2773 4100 2870 4134 suo
2898 4086 3069 4135 libens

2398 4147 2543 4205 Fato,
2572 4147 2671 4196 nec
2699 4149 2937 4210 queritur
2970 4149 3123 4197 mori.

2217 4240 2372 4313 Egit]
2419 4244 2646 4313 Optime
2696 4246 2903 4315 placet,
2950 4247 3101 4316 quod
3150 4247 3416 4318 Agricola
3445 4250 3644 4321 sentit,
3684 4250 3822 4305 dedit

2067 4363 2111 4416 Β
2145 4331 2584 4401 restituendum,
2624 4338 2684 4387 ut
2714 4350 2907 4388 versus
2947 4340 3182 4390 constet.

2209 4424 2509 4476 Fortunam
2537 4422 2845 4495 utramque]
2880 4425 2945 4478 Et
2973 4441 3307 4495 prosperam
3340 4432 3397 4481 et
3427 4428 3741 4484 adversam.

2213 4511 2403 4582 ’I‘uens]
2436 4513 2683 4566 Iutuens.

2206 4598 2416 4671 Rectus]
2444 4600 2713 4656 Inﬂexus.
2748 4601 3050 4656 Cleobulus
3083 4619 3095 4657 :
3123 4604 3271 4658 Dum
3297 4606 3546 4660 secunda
3591 4607 3807 4661 fortuna

2134 4688 2367 4757 arridet,
2412 4690 2710 4760 superbire
2743 4691 2904 4745 noli:
2956 4692 3190 4747 adversa
3246 4698 3664 4764 perstrepente,
3706 4694 3809 4749 noli

2131 4777 2340 4848 frangi.
2406 4780 2673 4834 Fortunae
2720 4780 3070 4835 mutationes
3101 4782 3328 4836 fortiter
3356 4783 3528 4838 disce.
3590 4786 3805 4839 Perian-

2132 4866 2233 4921 der
2267 4884 2279 4922 :
2315 4869 2471 4923 [nter
2501 4870 2776 4924 secundas
2808 4886 2897 4925 res
2929 4875 3047 4925 esto
3075 4872 3424 4940 moderatus,
3449 4874 3603 4929 inter
3630 4875 3808 4930 adver-

2130 4973 2217 5011 sas
2246 4958 2513 5028 prudens.

2194 5047 2486 5117 Invictum]
2515 5048 2899 5114 Constantem,
2937 5048 3185 5105 fortunas
3219 5052 3645 5109 mutationibus
3699 5068 3801 5107 non

2126 5132 2613 5188 succumbentem.

2196 5223 2316 5279 Non
2350 5223 2505 5277 illum
2535 5223 2731 5290 rabies,
2758 5224 2888 5294 etc.]
2916 5222 3004 5278 Sic
3031 5224 3295 5280 Horatius
3322 5226 3465 5298 inlm
3484 5227 3580 5282 lib.
3602 5229 3794 5285 Carm:

2310 5329 2519 5393 Justum
2550 5333 2601 5378 et
2625 5334 2861 5379 tenacem
2895 5332 3147 5393 propositi
3176 5334 3366 5389 virum,

2310 5392 2425 5459 l‘fon
2462 5392 2846 5459 civiumardor
2866 5392 3035 5459 prava
3059 5392 3382 5459 jubentium,

2308 5454 2423 5519 Non
2454 5454 2907 5519 vultusinstautis
2935 5454 3147 5519 tyranni

2307 5516 2479 5581 blente
2510 5518 2679 5581 quatit
2704 5518 2888 5581 solida,
2924 5516 3096 5581 neque
3129 5523 3305 5568 auster

2308 5578 2423 5625 Dux
2452 5578 2674 5640 inquieti
2705 5580 2948 5628 turbidus
2974 5578 3166 5640 Allrim,

2304 5640 2409 5689 Nec
2438 5639 2769 5691 fulminantis
2798 5655 2994 5705 magna
3016 5639 3165 5694 Jovis
3198 5658 3406 5701 manus,

332 4568 581 4633 partem,
613 4567 675 4615 ut
706 4578 821 4616 non
853 4561 925 4615 sit
953 4561 1107 4614 idem
1141 4561 1295 4631 quod
1327 4559 1531 4614 debilis
1573 4561 1661 4613 vel
1706 4559 2024 4628 imbecillis,

331 4652 430 4705 sed
455 4651 555 4723 qui
574 4667 691 4705 non
722 4656 929 4721 potens
960 4650 1066 4713 sui,
1100 4654 1164 4703 ut
1200 4654 1333 4702 sunt
1372 4650 1713 4719 plerumque
1761 4648 2026 4703 homines

328 4740 389 4793 in
420 4756 631 4811 magna
653 4740 882 4794 fortuna
912 4739 1105 4810 positi.
1133 4740 1213 4793 Ita
1245 4738 1381 4791 dicit
1409 4737 1628 4792 Plinius
1659 4738 1713 4792 in
1738 4738 2021 4808 epistolis:

330 4828 458 4884 Scio
490 4844 665 4900 quam
706 4827 777 4881 sit
810 4844 971 4882 amor
1003 4827 1290 4898 impotens
1322 4842 1567 4896 semper.
1598 4827 1687 4882 Sic
1717 4829 1889 4882 etiam
1936 4827 2023 4882 di-

324 4917 509 4972 cimus
530 4916 927 4988 impatientem
948 4916 1176 4983 amoris,
1195 4915 1591 4987 impatientem
1607 4916 1727 4982 irae,
1756 4932 1872 4969 non
1887 4916 2023 4987 quia

325 5022 441 5061 non
474 5004 747 5077 patiatur,
781 5006 879 5060 sed
912 5007 1046 5077 quia
1077 5022 1193 5060 non
1220 5006 1515 5061 commode
1547 5005 1817 5077 patiatur.
1847 5007 2020 5061 Aoni—

323 5110 479 5150 COLA.

393 5184 612 5254 Abjecit
654 5184 902 5255 clypeum
928 5183 1368 5255 locoquefmotus]
1426 5184 1799 5254 Periphrasis,
1833 5184 1889 5239 id
1934 5188 2020 5239 est

324 5273 757 5329 circumlocutio
781 5278 865 5328 est
894 5273 1216 5337 desertoris,
1250 5274 1353 5344 qui
1384 5274 1571 5327 locum
1604 5272 1665 5327 in
1689 5274 1805 5327 acie
1846 5273 1954 5327 sibi
1986 5290 2018 5327 a

325 5363 466 5417 duce
496 5364 852 5434 assignatum
876 5362 1170 5432 relinquit.
1198 5362 1322 5415 Non
1349 5362 1505 5415 enim
1530 5362 1735 5417 licebat
1754 5362 2015 5417 instituto

322 5451 542 5506 militia:
572 5453 781 5507 veteris
813 5451 1180 5517 moveriloco,
1206 5450 1317 5503 nisi
1350 5451 1597 5506 feriendi
1626 5452 1805 5507 hostis
1823 5468 2014 5521 causa,

314 5539 401 5593 vel
436 5541 702 5595 servandi
754 5541 909 5607 civis,
958 5540 1047 5593 vel
1102 5540 1439 5594 resumendi
1482 5541 1601 5595 teli.
1665 5542 1829 5606 Quod
1880 5541 2016 5596 dicit

312 5632 530 5701 autem,
574 5628 775 5699 abjecz't
815 5630 1079 5698 clypeum,
1132 5628 1323 5684 allusit
1370 5628 1443 5685 ad
1471 5630 1734 5687 Graecum
1792 5646 2011 5687 nomen
