  <div class='ocr_page' id='page_1' title='image "/cluster/home/n/w/nwhite01/storage/ocr_20150623/63/hvd.32044073498800/462.png"; bbox 0 0 4054 6184; ppageno 0'>
   <div class='ocr_carea' id='block_1_1' title="bbox 183 288 275 341">
    <p class='ocr_par' dir='ltr' id='par_1_1' title="bbox 183 288 275 341">
     <span class='ocr_line' id='line_1_1' title="bbox 183 288 275 341; baseline 0 0"><span class='ocrx_word' id='word_1_1' title='bbox 183 288 275 341; x_wconf 78' lang='grc'><strong>913</strong></span> 
     </span>
    </p>
   </div>
   <div class='ocr_carea' id='block_1_2' title="bbox 350 420 1092 481">
    <p class='ocr_par' dir='ltr' id='par_1_2' title="bbox 350 420 1092 481">
     <span class='ocr_line' id='line_1_2' title="bbox 350 420 1092 481; baseline 0.001 -12"><span class='ocrx_word' id='word_1_2' title='bbox 350 420 402 469; x_wconf 88' lang='lat' dir='ltr'><strong>Si</strong></span> <span class='ocrx_word' id='word_1_3' title='bbox 434 422 627 470; x_wconf 81' lang='lat' dir='ltr'><strong>fractus</strong></span> <span class='ocrx_word' id='word_1_4' title='bbox 656 420 906 470; x_wconf 89' lang='lat' dir='ltr'><strong>illabatur</strong></span> <span class='ocrx_word' id='word_1_5' title='bbox 930 421 1092 481; x_wconf 83' lang='lat' dir='ltr'><strong>orbis,</strong></span> 
     </span>
    </p>
   </div>
   <div class='ocr_carea' id='block_1_3' title="bbox 349 483 1105 547">
    <p class='ocr_par' dir='ltr' id='par_1_3' title="bbox 349 483 1105 547">
     <span class='ocr_line' id='line_1_3' title="bbox 349 483 1105 547; baseline 0.003 -16"><span class='ocrx_word' id='word_1_6' title='bbox 349 484 675 547; x_wconf 83' lang='lat' dir='ltr'><strong>lmpavidum</strong></span> <span class='ocrx_word' id='word_1_7' title='bbox 700 483 889 532; x_wconf 86' lang='lat' dir='ltr'><strong>ferient</strong></span> <span class='ocrx_word' id='word_1_8' title='bbox 918 485 1105 533; x_wconf 66' lang='lat' dir='ltr'><strong>ruina).</strong></span> 
     </span>
    </p>
   </div>
   <div class='ocr_carea' id='block_1_4' title="bbox 237 565 1849 636">
    <p class='ocr_par' dir='ltr' id='par_1_4' title="bbox 237 565 1849 636">
     <span class='ocr_line' id='line_1_4' title="bbox 237 565 1849 636; baseline 0.003 -17"><span class='ocrx_word' id='word_1_9' title='bbox 237 565 564 635; x_wconf 71' lang='lat' dir='ltr'><strong>Ercz&#39;tantis]</strong></span> <span class='ocrx_word' id='word_1_10' title='bbox 604 565 692 619; x_wconf 86' lang='lat' dir='ltr'><strong>Sic</strong></span> <span class='ocrx_word' id='word_1_11' title='bbox 734 566 1065 636; x_wconf 91' lang='lat' dir='ltr'><strong>legendum,</strong></span> <span class='ocrx_word' id='word_1_12' title='bbox 1089 569 1155 620; x_wconf 91' lang='lat' dir='ltr'><strong>ut</strong></span> <span class='ocrx_word' id='word_1_13' title='bbox 1184 565 1501 622; x_wconf 81' lang='lat' dir='ltr'><strong>rectissime</strong></span> <span class='ocrx_word' id='word_1_14' title='bbox 1532 568 1705 623; x_wconf 80' lang='lat' dir='ltr'><strong>sentit</strong></span> <span class='ocrx_word' id='word_1_15' title='bbox 1737 571 1849 624; x_wconf 84' lang='lat' dir='ltr'><strong>Ro-</strong></span> 
     </span>
    </p>
   </div>
   <div class='ocr_carea' id='block_1_5' title="bbox 179 654 1850 728">
    <p class='ocr_par' dir='ltr' id='par_1_5' title="bbox 179 654 1850 728">
     <span class='ocr_line' id='line_1_5' title="bbox 179 654 1850 728; baseline 0.002 -20"><span class='ocrx_word' id='word_1_16' title='bbox 179 654 407 724; x_wconf 76' lang='lat' dir='ltr'><strong>dolplius</strong></span> <span class='ocrx_word' id='word_1_17' title='bbox 474 655 736 725; x_wconf 79' lang='lat' dir='ltr'><strong>Longius,</strong></span> <span class='ocrx_word' id='word_1_18' title='bbox 807 671 920 709; x_wconf 92' lang='lat' dir='ltr'><strong>non</strong></span> <span class='ocrx_word' id='word_1_19' title='bbox 959 655 1318 725; x_wconf 88' lang='lat' dir='ltr'><strong>exagitantis,</strong></span> <span class='ocrx_word' id='word_1_20' title='bbox 1375 662 1438 710; x_wconf 89' lang='lat' dir='ltr'><strong>ut</strong></span> <span class='ocrx_word' id='word_1_21' title='bbox 1496 658 1663 728; x_wconf 81' lang='lat' dir='ltr'><strong>vulgo</strong></span> <span class='ocrx_word' id='word_1_22' title='bbox 1716 674 1850 712; x_wconf 83' lang='lat' dir='ltr'><strong>con-</strong></span> 
     </span>
    </p>
   </div>
   <div class='ocr_carea' id='block_1_6' title="bbox 176 743 1849 816">
    <p class='ocr_par' dir='ltr' id='par_1_6' title="bbox 176 743 1849 816">
     <span class='ocr_line' id='line_1_6' title="bbox 176 743 1849 816; baseline 0.004 -21"><span class='ocrx_word' id='word_1_23' title='bbox 176 749 250 795; x_wconf 83' lang='lat' dir='ltr'><strong>ira</strong></span> <span class='ocrx_word' id='word_1_24' title='bbox 281 744 443 797; x_wconf 90' lang='lat' dir='ltr'><strong>metri</strong></span> <span class='ocrx_word' id='word_1_25' title='bbox 470 744 751 799; x_wconf 83' lang='lat' dir='ltr'><strong>rationem</strong></span> <span class='ocrx_word' id='word_1_26' title='bbox 782 743 995 815; x_wconf 79' lang='lat' dir='ltr'><strong>legitur</strong></span> <span class='ocrx_word' id='word_1_27' title='bbox 1025 744 1085 798; x_wconf 89' lang='lat' dir='ltr'><strong>in</strong></span> <span class='ocrx_word' id='word_1_28' title='bbox 1117 745 1536 816; x_wconf 81' lang='lat' dir='ltr'><strong>exemplaribus</strong></span> <span class='ocrx_word' id='word_1_29' title='bbox 1571 747 1849 816; x_wconf 90' lang='lat' dir='ltr'><strong>deprava-</strong></span> 
     </span>
    </p>
   </div>
   <div class='ocr_carea' id='block_1_7' title="bbox 176 833 253 886">
    <p class='ocr_par' dir='ltr' id='par_1_7' title="bbox 176 833 253 886">
     <span class='ocr_line' id='line_1_7' title="bbox 176 833 253 886; baseline 0.026 -2"><span class='ocrx_word' id='word_1_30' title='bbox 176 833 253 886; x_wconf 86' lang='lat' dir='ltr'><strong>tis.</strong></span> 
     </span>
    </p>
   </div>
   <div class='ocr_carea' id='block_1_8' title="bbox 242 920 1850 997">
    <p class='ocr_par' dir='ltr' id='par_1_8' title="bbox 242 920 1850 997">
     <span class='ocr_line' id='line_1_8' title="bbox 242 920 1850 997; baseline 0.002 -22"><span class='ocrx_word' id='word_1_31' title='bbox 242 920 484 993; x_wconf 76' lang='lat' dir='ltr'><strong>Vesevus]</strong></span> <span class='ocrx_word' id='word_1_32' title='bbox 524 920 619 976; x_wconf 89' lang='lat' dir='ltr'><strong>Hic</strong></span> <span class='ocrx_word' id='word_1_33' title='bbox 654 937 832 993; x_wconf 87' lang='lat' dir='ltr'><strong>prope</strong></span> <span class='ocrx_word' id='word_1_34' title='bbox 862 922 1161 993; x_wconf 87' lang='lat' dir='ltr'><strong>Neapolim</strong></span> <span class='ocrx_word' id='word_1_35' title='bbox 1200 939 1361 977; x_wconf 90' lang='lat' dir='ltr'><strong>mons</strong></span> <span class='ocrx_word' id='word_1_36' title='bbox 1393 927 1477 977; x_wconf 90' lang='lat' dir='ltr'><strong>est</strong></span> <span class='ocrx_word' id='word_1_37' title='bbox 1514 924 1573 977; x_wconf 88' lang='lat' dir='ltr'><strong>in</strong></span> <span class='ocrx_word' id='word_1_38' title='bbox 1614 926 1850 997; x_wconf 86' lang='lat' dir='ltr'><strong>Campa-</strong></span> 
     </span>
    </p>
   </div>
   <div class='ocr_carea' id='block_1_9' title="bbox 177 1009 1849 1081">
    <p class='ocr_par' dir='ltr' id='par_1_9' title="bbox 177 1009 1849 1081">
     <span class='ocr_line' id='line_1_9' title="bbox 177 1009 1849 1081; baseline 0.004 -19"><span class='ocrx_word' id='word_1_39' title='bbox 177 1009 276 1075; x_wconf 86' lang='lat' dir='ltr'><strong>nia,</strong></span> <span class='ocrx_word' id='word_1_40' title='bbox 310 1010 406 1081; x_wconf 88' lang='lat' dir='ltr'><strong>qui</strong></span> <span class='ocrx_word' id='word_1_41' title='bbox 458 1016 674 1064; x_wconf 88' lang='lat' dir='ltr'><strong>mutato</strong></span> <span class='ocrx_word' id='word_1_42' title='bbox 724 1010 905 1079; x_wconf 85' lang='lat' dir='ltr'><strong>priori</strong></span> <span class='ocrx_word' id='word_1_43' title='bbox 948 1011 1183 1065; x_wconf 89' lang='lat' dir='ltr'><strong>nomine</strong></span> <span class='ocrx_word' id='word_1_44' title='bbox 1236 1011 1472 1067; x_wconf 89' lang='lat' dir='ltr'><strong>Summa</strong></span> <span class='ocrx_word' id='word_1_45' title='bbox 1523 1014 1747 1068; x_wconf 90' lang='lat' dir='ltr'><strong>dicitur.</strong></span> <span class='ocrx_word' id='word_1_46' title='bbox 1802 1017 1849 1068; x_wconf 88' lang='lat' dir='ltr'><strong>Is</strong></span> 
     </span>
    </p>
   </div>
   <div class='ocr_carea' id='block_1_10' title="bbox 175 1099 1845 1171">
    <p class='ocr_par' dir='ltr' id='par_1_10' title="bbox 175 1099 1845 1171">
     <span class='ocr_line' id='line_1_10' title="bbox 175 1099 1845 1171; baseline 0.003 -20"><span class='ocrx_word' id='word_1_47' title='bbox 175 1099 466 1169; x_wconf 81' lang='lat' dir='ltr'><strong>aliquando</strong></span> <span class='ocrx_word' id='word_1_48' title='bbox 506 1101 898 1171; x_wconf 69' lang='lat' dir='ltr'><strong>conflagravit,</strong></span> <span class='ocrx_word' id='word_1_49' title='bbox 934 1106 995 1154; x_wconf 92' lang='lat' dir='ltr'><strong>ut</strong></span> <span class='ocrx_word' id='word_1_50' title='bbox 1027 1100 1242 1156; x_wconf 88' lang='lat' dir='ltr'><strong>Plinius</strong></span> <span class='ocrx_word' id='word_1_51' title='bbox 1274 1101 1335 1155; x_wconf 88' lang='lat' dir='ltr'><strong>in</strong></span> <span class='ocrx_word' id='word_1_52' title='bbox 1361 1103 1618 1171; x_wconf 80' lang='lat' dir='ltr'><strong>epistolis</strong></span> <span class='ocrx_word' id='word_1_53' title='bbox 1650 1103 1845 1171; x_wconf 79' lang='lat' dir='ltr'><strong>refert,</strong></span> 
     </span>
    </p>
   </div>
   <div class='ocr_carea' id='block_1_11' title="bbox 172 1188 1847 1259">
    <p class='ocr_par' dir='ltr' id='par_1_11' title="bbox 172 1188 1847 1259">
     <span class='ocr_line' id='line_1_11' title="bbox 172 1188 1847 1259; baseline 0.002 -18"><span class='ocrx_word' id='word_1_54' title='bbox 172 1188 456 1241; x_wconf 77' lang='lat' dir='ltr'><strong>Suetonius</strong></span> <span class='ocrx_word' id='word_1_55' title='bbox 488 1194 547 1241; x_wconf 91' lang='lat' dir='ltr'><strong>et</strong></span> <span class='ocrx_word' id='word_1_56' title='bbox 570 1189 865 1255; x_wconf 85' lang='lat' dir='ltr'><strong>Eusebius,</strong></span> <span class='ocrx_word' id='word_1_57' title='bbox 910 1189 1232 1259; x_wconf 84' lang='lat' dir='ltr'><strong>imperante</strong></span> <span class='ocrx_word' id='word_1_58' title='bbox 1280 1191 1403 1245; x_wconf 85' lang='lat' dir='ltr'><strong>Tito</strong></span> <span class='ocrx_word' id='word_1_59' title='bbox 1439 1196 1658 1245; x_wconf 89' lang='lat' dir='ltr'><strong>tantum</strong></span> <span class='ocrx_word' id='word_1_60' title='bbox 1693 1208 1758 1245; x_wconf 85' lang='lat' dir='ltr'><strong>ex</strong></span> <span class='ocrx_word' id='word_1_61' title='bbox 1789 1208 1847 1245; x_wconf 92' lang='lat' dir='ltr'><strong>se</strong></span> 
     </span>
    </p>
   </div>
   <div class='ocr_carea' id='block_1_12' title="bbox 176 1276 1849 1348">
    <p class='ocr_par' dir='ltr' id='par_1_12' title="bbox 176 1276 1849 1348">
     <span class='ocr_line' id='line_1_12' title="bbox 176 1276 1849 1348; baseline 0.004 -19"><span class='ocrx_word' id='word_1_62' title='bbox 176 1276 404 1330; x_wconf 87' lang='lat' dir='ltr'><strong>incendii</strong></span> <span class='ocrx_word' id='word_1_63' title='bbox 437 1276 650 1343; x_wconf 86' lang='lat' dir='ltr'><strong>emisit,</strong></span> <span class='ocrx_word' id='word_1_64' title='bbox 683 1283 750 1333; x_wconf 91' lang='lat' dir='ltr'><strong>ut</strong></span> <span class='ocrx_word' id='word_1_65' title='bbox 787 1277 997 1332; x_wconf 88' lang='lat' dir='ltr'><strong>vicinas</strong></span> <span class='ocrx_word' id='word_1_66' title='bbox 1026 1280 1309 1348; x_wconf 81' lang='lat' dir='ltr'><strong>regiones,</strong></span> <span class='ocrx_word' id='word_1_67' title='bbox 1346 1285 1401 1333; x_wconf 90' lang='lat' dir='ltr'><strong>et</strong></span> <span class='ocrx_word' id='word_1_68' title='bbox 1430 1296 1558 1333; x_wconf 91' lang='lat' dir='ltr'><strong>cum</strong></span> <span class='ocrx_word' id='word_1_69' title='bbox 1597 1281 1849 1335; x_wconf 81' lang='lat' dir='ltr'><strong>homini-</strong></span> 
     </span>
    </p>
   </div>
   <div class='ocr_carea' id='block_1_13' title="bbox 172 1365 1844 1441">
    <p class='ocr_par' dir='ltr' id='par_1_13' title="bbox 172 1365 1844 1441">
     <span class='ocr_line' id='line_1_13' title="bbox 172 1365 1844 1441; baseline 0.004 -23"><span class='ocrx_word' id='word_1_70' title='bbox 172 1366 262 1418; x_wconf 86' lang='lat' dir='ltr'><strong>bus</strong></span> <span class='ocrx_word' id='word_1_71' title='bbox 305 1365 474 1419; x_wconf 89' lang='lat' dir='ltr'><strong>urbes</strong></span> <span class='ocrx_word' id='word_1_72' title='bbox 514 1372 797 1421; x_wconf 85' lang='lat' dir='ltr'><strong>exureret.</strong></span> <span class='ocrx_word' id='word_1_73' title='bbox 850 1368 1021 1421; x_wconf 90' lang='lat' dir='ltr'><strong>Divus</strong></span> <span class='ocrx_word' id='word_1_74' title='bbox 1071 1369 1447 1439; x_wconf 86' lang='lat' dir='ltr'><strong>Hieronymus</strong></span> <span class='ocrx_word' id='word_1_75' title='bbox 1496 1370 1553 1423; x_wconf 91' lang='lat' dir='ltr'><strong>in</strong></span> <span class='ocrx_word' id='word_1_76' title='bbox 1597 1372 1844 1441; x_wconf 90' lang='lat' dir='ltr'><strong>quadam</strong></span> 
     </span>
    </p>
   </div>
   <div class='ocr_carea' id='block_1_14' title="bbox 172 1454 1840 1527">
    <p class='ocr_par' dir='ltr' id='par_1_14' title="bbox 172 1454 1840 1527">
     <span class='ocr_line' id='line_1_14' title="bbox 172 1454 1840 1527; baseline 0.004 -21"><span class='ocrx_word' id='word_1_77' title='bbox 172 1454 427 1524; x_wconf 87' lang='lat' dir='ltr'><strong>epistola:</strong></span> <span class='ocrx_word' id='word_1_78' title='bbox 466 1456 593 1508; x_wconf 78' lang='lat' dir='ltr'><strong>Non</strong></span> <span class='ocrx_word' id='word_1_79' title='bbox 642 1456 854 1509; x_wconf 85' lang='lat' dir='ltr'><strong>etenim</strong></span> <span class='ocrx_word' id='word_1_80' title='bbox 909 1456 1090 1525; x_wconf 88' lang='lat' dir='ltr'><strong>ignes,</strong></span> <span class='ocrx_word' id='word_1_81' title='bbox 1155 1474 1268 1511; x_wconf 89' lang='lat' dir='ltr'><strong>non</strong></span> <span class='ocrx_word' id='word_1_82' title='bbox 1322 1459 1589 1511; x_wconf 86' lang='lat' dir='ltr'><strong>Vulcania</strong></span> <span class='ocrx_word' id='word_1_83' title='bbox 1650 1460 1840 1527; x_wconf 90' lang='lat' dir='ltr'><strong>tellus,</strong></span> 
     </span>
    </p>
   </div>
   <div class='ocr_carea' id='block_1_15' title="bbox 172 1544 1847 1615">
    <p class='ocr_par' dir='ltr' id='par_1_15' title="bbox 172 1544 1847 1615">
     <span class='ocr_line' id='line_1_15' title="bbox 172 1544 1847 1615; baseline 0.004 -20"><span class='ocrx_word' id='word_1_84' title='bbox 172 1560 268 1596; x_wconf 91' lang='lat' dir='ltr'><strong>non</strong></span> <span class='ocrx_word' id='word_1_85' title='bbox 298 1545 537 1597; x_wconf 81' lang='lat' dir='ltr'><strong>Vesevus</strong></span> <span class='ocrx_word' id='word_1_86' title='bbox 568 1550 624 1597; x_wconf 90' lang='lat' dir='ltr'><strong>et</strong></span> <span class='ocrx_word' id='word_1_87' title='bbox 654 1544 930 1615; x_wconf 86' lang='lat' dir='ltr'><strong>Olympus</strong></span> <span class='ocrx_word' id='word_1_88' title='bbox 961 1547 1130 1599; x_wconf 89' lang='lat' dir='ltr'><strong>tantis</strong></span> <span class='ocrx_word' id='word_1_89' title='bbox 1162 1547 1463 1601; x_wconf 89' lang='lat' dir='ltr'><strong>ardoribus</strong></span> <span class='ocrx_word' id='word_1_90' title='bbox 1493 1553 1759 1613; x_wconf 62' lang='lat' dir='ltr'><strong>aestuant,</strong></span> <span class='ocrx_word' id='word_1_91' title='bbox 1782 1555 1847 1603; x_wconf 89' lang='lat' dir='ltr'><strong>ut</strong></span> 
     </span>
    </p>
   </div>
   <div class='ocr_carea' id='block_1_16' title="bbox 166 1632 1842 1706">
    <p class='ocr_par' dir='ltr' id='par_1_16' title="bbox 166 1632 1842 1706">
     <span class='ocr_line' id='line_1_16' title="bbox 166 1632 1842 1706; baseline 0.004 -22"><span class='ocrx_word' id='word_1_92' title='bbox 166 1632 424 1701; x_wconf 84' lang='lat' dir='ltr'><strong>juveniles</strong></span> <span class='ocrx_word' id='word_1_93' title='bbox 474 1633 743 1686; x_wconf 72' lang='lat' dir='ltr'><strong>medullae</strong></span> <span class='ocrx_word' id='word_1_94' title='bbox 790 1635 921 1687; x_wconf 89' lang='lat' dir='ltr'><strong>vino</strong></span> <span class='ocrx_word' id='word_1_95' title='bbox 985 1636 1171 1705; x_wconf 67' lang='lat' dir='ltr'><strong>plenae</strong></span> <span class='ocrx_word' id='word_1_96' title='bbox 1212 1643 1267 1689; x_wconf 89' lang='lat' dir='ltr'><strong>et</strong></span> <span class='ocrx_word' id='word_1_97' title='bbox 1325 1636 1567 1706; x_wconf 87' lang='lat' dir='ltr'><strong>dapibus</strong></span> <span class='ocrx_word' id='word_1_98' title='bbox 1616 1637 1842 1690; x_wconf 84' lang='lat' dir='ltr'><strong>inﬂam-</strong></span> 
     </span>
    </p>
   </div>
   <div class='ocr_carea' id='block_1_17' title="bbox 170 1721 1925 1795">
    <p class='ocr_par' dir='ltr' id='par_1_17' title="bbox 170 1721 1925 1795">
     <span class='ocr_line' id='line_1_17' title="bbox 170 1721 1925 1795; baseline 0.006 -23"><span class='ocrx_word' id='word_1_99' title='bbox 170 1725 337 1774; x_wconf 72' lang='lat' dir='ltr'><strong>matae.</strong></span> <span class='ocrx_word' id='word_1_100' title='bbox 383 1721 606 1775; x_wconf 91' lang='lat' dir='ltr'><strong>Dicitur</strong></span> <span class='ocrx_word' id='word_1_101' title='bbox 648 1726 703 1776; x_wconf 93' lang='lat' dir='ltr'><strong>et</strong></span> <span class='ocrx_word' id='word_1_102' title='bbox 747 1723 1040 1777; x_wconf 84' lang='lat' dir='ltr'><strong>Vesuvius.</strong></span> <span class='ocrx_word' id='word_1_103' title='bbox 1092 1724 1231 1777; x_wconf 89' lang='lat' dir='ltr'><strong>Hinc</strong></span> <span class='ocrx_word' id='word_1_104' title='bbox 1286 1725 1618 1779; x_wconf 85' lang='lat' dir='ltr'><strong>Vesuvinus.</strong></span> <span class='ocrx_word' id='word_1_105' title='bbox 1670 1725 1842 1795; x_wconf 88' lang='lat' dir='ltr'><strong>Papi-</strong></span> <span class='ocrx_word' id='word_1_106' title='bbox 1886 1731 1925 1783; x_wconf 92' lang='grc' dir='ltr'><strong>Β</strong></span> 
     </span>
    </p>
   </div>
   <div class='ocr_carea' id='block_1_18' title="bbox 170 1810 310 1863">
    <p class='ocr_par' dir='ltr' id='par_1_18' title="bbox 170 1810 310 1863">
     <span class='ocr_line' id='line_1_18' title="bbox 170 1810 310 1863; baseline 0.007 -1"><span class='ocrx_word' id='word_1_107' title='bbox 170 1810 279 1862; x_wconf 89' lang='lat' dir='ltr'><strong>nius</strong></span> <span class='ocrx_word' id='word_1_108' title='bbox 297 1826 310 1863; x_wconf 89' lang='lat'><strong>:</strong></span> 
     </span>
    </p>
   </div>
   <div class='ocr_carea' id='block_1_19' title="bbox 273 1898 1505 1963">
    <p class='ocr_par' dir='ltr' id='par_1_19' title="bbox 273 1898 1505 1963">
     <span class='ocr_line' id='line_1_19' title="bbox 273 1898 1505 1963; baseline 0.002 -18"><span class='ocrx_word' id='word_1_109' title='bbox 273 1899 379 1963; x_wconf 83' lang='lat' dir='ltr'><strong>Non</strong></span> <span class='ocrx_word' id='word_1_110' title='bbox 406 1898 540 1963; x_wconf 80' lang='lat' dir='ltr'><strong>adeo</strong></span> <span class='ocrx_word' id='word_1_111' title='bbox 570 1899 863 1963; x_wconf 82' lang='lat' dir='ltr'><strong>Vesuvinus</strong></span> <span class='ocrx_word' id='word_1_112' title='bbox 893 1914 1043 1963; x_wconf 83' lang='lat' dir='ltr'><strong>apex,</strong></span> <span class='ocrx_word' id='word_1_113' title='bbox 1068 1904 1119 1948; x_wconf 89' lang='lat' dir='ltr'><strong>et</strong></span> <span class='ocrx_word' id='word_1_114' title='bbox 1142 1901 1384 1949; x_wconf 88' lang='lat' dir='ltr'><strong>ﬂammea</strong></span> <span class='ocrx_word' id='word_1_115' title='bbox 1410 1901 1505 1948; x_wconf 89' lang='lat' dir='ltr'><strong>diri</strong></span> 
     </span>
    </p>
   </div>
   <div class='ocr_carea' id='block_1_20' title="bbox 213 1960 1553 2024">
    <p class='ocr_par' dir='ltr' id='par_1_20' title="bbox 213 1960 1553 2024">
     <span class='ocr_line' id='line_1_20' title="bbox 213 1960 1553 2024; baseline 0.004 -17"><span class='ocrx_word' id='word_1_116' title='bbox 213 1960 386 2008; x_wconf 76' lang='lat' dir='ltr'><strong>Montis</strong></span> <span class='ocrx_word' id='word_1_117' title='bbox 406 1961 582 2009; x_wconf 87' lang='lat' dir='ltr'><strong>hiems</strong></span> <span class='ocrx_word' id='word_1_118' title='bbox 617 1962 846 2024; x_wconf 86' lang='lat' dir='ltr'><strong>trepidas</strong></span> <span class='ocrx_word' id='word_1_119' title='bbox 878 1960 1123 2010; x_wconf 65' lang='lat' dir='ltr'><strong>exhausit</strong></span> <span class='ocrx_word' id='word_1_120' title='bbox 1148 1963 1350 2012; x_wconf 84' lang='lat' dir='ltr'><strong>civibus</strong></span> <span class='ocrx_word' id='word_1_121' title='bbox 1380 1965 1553 2012; x_wconf 86' lang='lat' dir='ltr'><strong>urbes.</strong></span> 
     </span>
    </p>
   </div>
   <div class='ocr_carea' id='block_1_21' title="bbox 225 2039 949 2113">
    <p class='ocr_par' dir='ltr' id='par_1_21' title="bbox 225 2039 949 2113">
     <span class='ocr_line' id='line_1_21' title="bbox 225 2039 949 2113; baseline -0.003 -16"><span class='ocrx_word' id='word_1_122' title='bbox 225 2041 387 2097; x_wconf 79' lang='lat' dir='ltr'><strong>Celsus</strong></span> <span class='ocrx_word' id='word_1_123' title='bbox 417 2039 621 2113; x_wconf 82' lang='lat' dir='ltr'><strong>terras]</strong></span> <span class='ocrx_word' id='word_1_124' title='bbox 654 2042 949 2095; x_wconf 81' lang='lat' dir='ltr'><strong>Horatius;</strong></span> 
     </span>
    </p>
   </div>
   <div class='ocr_carea' id='block_1_22' title="bbox 323 2130 1202 2193">
    <p class='ocr_par' dir='ltr' id='par_1_22' title="bbox 323 2130 1202 2193">
     <span class='ocr_line' id='line_1_22' title="bbox 323 2130 1202 2193; baseline 0 -15"><span class='ocrx_word' id='word_1_125' title='bbox 323 2130 523 2191; x_wconf 75' lang='lat' dir='ltr'><strong>Saepius</strong></span> <span class='ocrx_word' id='word_1_126' title='bbox 561 2131 730 2178; x_wconf 85' lang='lat' dir='ltr'><strong>ventis</strong></span> <span class='ocrx_word' id='word_1_127' title='bbox 758 2130 986 2193; x_wconf 83' lang='lat' dir='ltr'><strong>agitatur</strong></span> <span class='ocrx_word' id='word_1_128' title='bbox 1015 2131 1202 2191; x_wconf 86' lang='lat' dir='ltr'><strong>ingens</strong></span> 
     </span>
    </p>
   </div>
   <div class='ocr_carea' id='block_1_23' title="bbox 330 2193 1193 2255">
    <p class='ocr_par' dir='ltr' id='par_1_23' title="bbox 330 2193 1193 2255">
     <span class='ocr_line' id='line_1_23' title="bbox 330 2193 1193 2255; baseline 0.002 -16"><span class='ocrx_word' id='word_1_129' title='bbox 330 2193 505 2255; x_wconf 82' lang='lat' dir='ltr'><strong>Pinus,</strong></span> <span class='ocrx_word' id='word_1_130' title='bbox 534 2198 592 2240; x_wconf 81' lang='lat' dir='ltr'><strong>et</strong></span> <span class='ocrx_word' id='word_1_131' title='bbox 621 2193 773 2241; x_wconf 66' lang='lat' dir='ltr'><strong>celsae</strong></span> <span class='ocrx_word' id='word_1_132' title='bbox 798 2194 1036 2255; x_wconf 80' lang='lat' dir='ltr'><strong>graviore</strong></span> <span class='ocrx_word' id='word_1_133' title='bbox 1068 2208 1193 2241; x_wconf 88' lang='lat' dir='ltr'><strong>casu</strong></span> 
     </span>
    </p>
   </div>
   <div class='ocr_carea' id='block_1_24' title="bbox 324 2254 1403 2317">
    <p class='ocr_par' dir='ltr' id='par_1_24' title="bbox 324 2254 1403 2317">
     <span class='ocr_line' id='line_1_24' title="bbox 324 2254 1403 2317; baseline 0.003 -15"><span class='ocrx_word' id='word_1_134' title='bbox 324 2254 589 2303; x_wconf 86' lang='lat' dir='ltr'><strong>Deeidunt</strong></span> <span class='ocrx_word' id='word_1_135' title='bbox 618 2254 815 2312; x_wconf 77' lang='lat' dir='ltr'><strong>turres,</strong></span> <span class='ocrx_word' id='word_1_136' title='bbox 838 2255 1135 2317; x_wconf 73' lang='lat' dir='ltr'><strong>feriuntque</strong></span> <span class='ocrx_word' id='word_1_137' title='bbox 1167 2269 1403 2305; x_wconf 86' lang='lat' dir='ltr'><strong>summos</strong></span> 
     </span>
    </p>
   </div>
   <div class='ocr_carea' id='block_1_25' title="bbox 578 2317 1064 2380">
    <p class='ocr_par' dir='ltr' id='par_1_25' title="bbox 578 2317 1064 2380">
     <span class='ocr_line' id='line_1_25' title="bbox 578 2317 1064 2380; baseline -0.002 -13"><span class='ocrx_word' id='word_1_138' title='bbox 578 2317 810 2380; x_wconf 75' lang='lat' dir='ltr'><strong>Fulgura</strong></span> <span class='ocrx_word' id='word_1_139' title='bbox 838 2323 1064 2367; x_wconf 85' lang='lat' dir='ltr'><strong>montes.</strong></span> 
     </span>
    </p>
   </div>
   <div class='ocr_carea' id='block_1_26' title="bbox 226 2415 1837 2487">
    <p class='ocr_par' dir='ltr' id='par_1_26' title="bbox 226 2415 1837 2487">
     <span class='ocr_line' id='line_1_26' title="bbox 226 2415 1837 2487; baseline 0.002 -20"><span class='ocrx_word' id='word_1_140' title='bbox 226 2416 361 2469; x_wconf 74' lang='lat' dir='ltr'><strong>Frros</strong></span> <span class='ocrx_word' id='word_1_141' title='bbox 410 2415 697 2487; x_wconf 82' lang='lat' dir='ltr'><strong>tyrannos]</strong></span> <span class='ocrx_word' id='word_1_142' title='bbox 733 2417 840 2485; x_wconf 77' lang='lat' dir='ltr'><strong>&#39;Sic</strong></span> <span class='ocrx_word' id='word_1_143' title='bbox 894 2417 1201 2486; x_wconf 88' lang='lat' dir='ltr'><strong>legendum</strong></span> <span class='ocrx_word' id='word_1_144' title='bbox 1255 2422 1358 2483; x_wconf 87' lang='lat' dir='ltr'><strong>est,</strong></span> <span class='ocrx_word' id='word_1_145' title='bbox 1394 2433 1510 2470; x_wconf 89' lang='lat' dir='ltr'><strong>non</strong></span> <span class='ocrx_word' id='word_1_146' title='bbox 1547 2434 1742 2479; x_wconf 68' lang='lat' dir='ltr'><strong>szrvos,</strong></span> <span class='ocrx_word' id='word_1_147' title='bbox 1774 2420 1837 2471; x_wconf 90' lang='lat' dir='ltr'><strong>ut</strong></span> 
     </span>
    </p>
   </div>
   <div class='ocr_carea' id='block_1_27' title="bbox 166 2504 1835 2575">
    <p class='ocr_par' dir='ltr' id='par_1_27' title="bbox 166 2504 1835 2575">
     <span class='ocr_line' id='line_1_27' title="bbox 166 2504 1835 2575; baseline 0.005 -21"><span class='ocrx_word' id='word_1_148' title='bbox 166 2504 467 2573; x_wconf 82' lang='lat' dir='ltr'><strong>Rodolphus</strong></span> <span class='ocrx_word' id='word_1_149' title='bbox 526 2505 779 2575; x_wconf 84' lang='lat' dir='ltr'><strong>Lnngius</strong></span> <span class='ocrx_word' id='word_1_150' title='bbox 840 2506 1145 2559; x_wconf 89' lang='lat' dir='ltr'><strong>duodecim</strong></span> <span class='ocrx_word' id='word_1_151' title='bbox 1200 2506 1407 2559; x_wconf 85' lang='lat' dir='ltr'><strong>abhinc</strong></span> <span class='ocrx_word' id='word_1_152' title='bbox 1460 2523 1703 2560; x_wconf 87' lang='lat' dir='ltr'><strong>annosa</strong></span> <span class='ocrx_word' id='word_1_153' title='bbox 1741 2523 1835 2563; x_wconf 90' lang='lat' dir='ltr'><strong>me</strong></span> 
     </span>
    </p>
   </div>
   <div class='ocr_carea' id='block_1_28' title="bbox 164 2594 1829 2666">
    <p class='ocr_par' dir='ltr' id='par_1_28' title="bbox 164 2594 1829 2666">
     <span class='ocr_line' id='line_1_28' title="bbox 164 2594 1829 2666; baseline 0.004 -23"><span class='ocrx_word' id='word_1_154' title='bbox 164 2594 440 2660; x_wconf 87' lang='lat' dir='ltr'><strong>consultus,</strong></span> <span class='ocrx_word' id='word_1_155' title='bbox 474 2610 533 2647; x_wconf 88' lang='lat' dir='ltr'><strong>se</strong></span> <span class='ocrx_word' id='word_1_156' title='bbox 567 2594 623 2647; x_wconf 91' lang='lat' dir='ltr'><strong>in</strong></span> <span class='ocrx_word' id='word_1_157' title='bbox 657 2595 967 2664; x_wconf 88' lang='lat' dir='ltr'><strong>exemplari</strong></span> <span class='ocrx_word' id='word_1_158' title='bbox 995 2595 1244 2665; x_wconf 88' lang='lat' dir='ltr'><strong>quodam</strong></span> <span class='ocrx_word' id='word_1_159' title='bbox 1277 2596 1483 2664; x_wconf 88' lang='lat' dir='ltr'><strong>legisse</strong></span> <span class='ocrx_word' id='word_1_160' title='bbox 1516 2597 1829 2666; x_wconf 81' lang='lat' dir='ltr'><strong>respondit.</strong></span> 
     </span>
    </p>
   </div>
   <div class='ocr_carea' id='block_1_29' title="bbox 219 2682 1831 2755">
    <p class='ocr_par' dir='ltr' id='par_1_29' title="bbox 219 2682 1831 2755">
     <span class='ocr_line' id='line_1_29' title="bbox 219 2682 1831 2755; baseline 0.003 -21"><span class='ocrx_word' id='word_1_161' title='bbox 219 2683 405 2751; x_wconf 79' lang='lat' dir='ltr'><strong>Abjecit</strong></span> <span class='ocrx_word' id='word_1_162' title='bbox 426 2682 697 2755; x_wconf 75' lang='lat' dir='ltr'><strong>clypeum]</strong></span> <span class='ocrx_word' id='word_1_163' title='bbox 731 2686 975 2737; x_wconf 82' lang='lat' dir='ltr'><strong>Auctore</strong></span> <span class='ocrx_word' id='word_1_164' title='bbox 1008 2685 1348 2737; x_wconf 85' lang='lat' dir='ltr'><strong>Philostrato</strong></span> <span class='ocrx_word' id='word_1_165' title='bbox 1381 2684 1524 2738; x_wconf 89' lang='lat' dir='ltr'><strong>libro</strong></span> <span class='ocrx_word' id='word_1_166' title='bbox 1556 2686 1831 2752; x_wconf 90' lang='lat' dir='ltr'><strong>secundo,</strong></span> 
     </span>
    </p>
   </div>
   <div class='ocr_carea' id='block_1_30' title="bbox 162 2772 1833 2839">
    <p class='ocr_par' dir='ltr' id='par_1_30' title="bbox 162 2772 1833 2839">
     <span class='ocr_line' id='line_1_30' title="bbox 162 2772 1833 2839; baseline 0.003 -16"><span class='ocrx_word' id='word_1_167' title='bbox 162 2772 465 2839; x_wconf 80' lang='lat' dir='ltr'><strong>Apollonius</strong></span> <span class='ocrx_word' id='word_1_168' title='bbox 496 2773 573 2825; x_wconf 86' lang='lat' dir='ltr'><strong>ad</strong></span> <span class='ocrx_word' id='word_1_169' title='bbox 619 2774 911 2827; x_wconf 89' lang='lat' dir='ltr'><strong>Damidem</strong></span> <span class='ocrx_word' id='word_1_170' title='bbox 962 2773 1231 2827; x_wconf 90' lang='lat' dir='ltr'><strong>comitem</strong></span> <span class='ocrx_word' id='word_1_171' title='bbox 1274 2789 1442 2827; x_wconf 90' lang='lat' dir='ltr'><strong>suum</strong></span> <span class='ocrx_word' id='word_1_172' title='bbox 1489 2773 1566 2826; x_wconf 91' lang='lat' dir='ltr'><strong>sic</strong></span> <span class='ocrx_word' id='word_1_173' title='bbox 1616 2775 1833 2828; x_wconf 90' lang='lat' dir='ltr'><strong>locutus</strong></span> 
     </span>
    </p>
   </div>
   <div class='ocr_carea' id='block_1_31' title="bbox 164 2861 1830 2931">
    <p class='ocr_par' dir='ltr' id='par_1_31' title="bbox 164 2861 1830 2931">
     <span class='ocr_line' id='line_1_31' title="bbox 164 2861 1830 2931; baseline 0.004 -21"><span class='ocrx_word' id='word_1_174' title='bbox 164 2864 256 2913; x_wconf 90' lang='lat' dir='ltr'><strong>est:</strong></span> <span class='ocrx_word' id='word_1_175' title='bbox 314 2861 470 2924; x_wconf 86' lang='lat' dir='ltr'><strong>Quod</strong></span> <span class='ocrx_word' id='word_1_176' title='bbox 512 2861 569 2913; x_wconf 88' lang='lat' dir='ltr'><strong>si</strong></span> <span class='ocrx_word' id='word_1_177' title='bbox 622 2862 733 2913; x_wconf 88' lang='lat' dir='ltr'><strong>tuis</strong></span> <span class='ocrx_word' id='word_1_178' title='bbox 780 2861 1099 2915; x_wconf 88' lang='lat' dir='ltr'><strong>rationibus</strong></span> <span class='ocrx_word' id='word_1_179' title='bbox 1153 2878 1457 2931; x_wconf 86' lang='lat' dir='ltr'><strong>persuasus</strong></span> <span class='ocrx_word' id='word_1_180' title='bbox 1501 2862 1830 2931; x_wconf 87' lang='lat' dir='ltr'><strong>hujusmodi</strong></span> 
     </span>
    </p>
   </div>
   <div class='ocr_carea' id='block_1_32' title="bbox 164 2949 1831 3019">
    <p class='ocr_par' dir='ltr' id='par_1_32' title="bbox 164 2949 1831 3019">
     <span class='ocr_line' id='line_1_32' title="bbox 164 2949 1831 3019; baseline 0.004 -19"><span class='ocrx_word' id='word_1_181' title='bbox 164 2950 398 3017; x_wconf 85' lang='lat' dir='ltr'><strong>pecunias</strong></span> <span class='ocrx_word' id='word_1_182' title='bbox 438 2949 784 3019; x_wconf 86' lang='lat' dir='ltr'><strong>acciperem,</strong></span> <span class='ocrx_word' id='word_1_183' title='bbox 838 2966 1024 3004; x_wconf 91' lang='lat' dir='ltr'><strong>nonne</strong></span> <span class='ocrx_word' id='word_1_184' title='bbox 1078 2967 1166 3004; x_wconf 91' lang='lat' dir='ltr'><strong>me</strong></span> <span class='ocrx_word' id='word_1_185' title='bbox 1219 2966 1450 3004; x_wconf 88' lang='lat' dir='ltr'><strong>avarum</strong></span> <span class='ocrx_word' id='word_1_186' title='bbox 1494 2955 1548 3004; x_wconf 90' lang='lat' dir='ltr'><strong>et</strong></span> <span class='ocrx_word' id='word_1_187' title='bbox 1577 2952 1831 3006; x_wconf 91' lang='lat' dir='ltr'><strong>Philoso-</strong></span> 
     </span>
    </p>
   </div>
   <div class='ocr_carea' id='block_1_33' title="bbox 162 3034 1910 3109">
    <p class='ocr_par' dir='ltr' id='par_1_33' title="bbox 162 3034 1910 3109">
     <span class='ocr_line' id='line_1_33' title="bbox 162 3034 1910 3109; baseline 0.004 -20"><span class='ocrx_word' id='word_1_188' title='bbox 162 3038 285 3105; x_wconf 72' lang='lat' dir='ltr'><strong>phia:</strong></span> <span class='ocrx_word' id='word_1_189' title='bbox 351 3044 807 3109; x_wconf 88' lang='lat' dir='ltr'><strong>contemptorem</strong></span> <span class='ocrx_word' id='word_1_190' title='bbox 858 3040 1074 3094; x_wconf 89' lang='lat' dir='ltr'><strong>diceres</strong></span> <span class='ocrx_word' id='word_1_191' title='bbox 1135 3056 1198 3093; x_wconf 91' lang='lat' dir='ltr'><strong>ac</strong></span> <span class='ocrx_word' id='word_1_192' title='bbox 1257 3040 1430 3094; x_wconf 90' lang='lat' dir='ltr'><strong>etiam</strong></span> <span class='ocrx_word' id='word_1_193' title='bbox 1487 3041 1829 3096; x_wconf 88' lang='lat' dir='ltr'><strong>deteriorem</strong></span> <span class='ocrx_word' id='word_1_194' title='bbox 1870 3034 1910 3090; x_wconf 88' lang='lat' dir='ltr'><strong><em>C</em></strong></span> 
     </span>
    </p>
   </div>
   <div class='ocr_carea' id='block_1_34' title="bbox 162 3128 1829 3201">
    <p class='ocr_par' dir='ltr' id='par_1_34' title="bbox 162 3128 1829 3201">
     <span class='ocr_line' id='line_1_34' title="bbox 162 3128 1829 3201; baseline 0.005 -25"><span class='ocrx_word' id='word_1_195' title='bbox 162 3142 305 3196; x_wconf 87' lang='lat' dir='ltr'><strong>quam</strong></span> <span class='ocrx_word' id='word_1_196' title='bbox 335 3130 569 3196; x_wconf 88' lang='lat' dir='ltr'><strong>milites,</strong></span> <span class='ocrx_word' id='word_1_197' title='bbox 605 3130 703 3199; x_wconf 85' lang='lat' dir='ltr'><strong>qui</strong></span> <span class='ocrx_word' id='word_1_198' title='bbox 732 3130 789 3183; x_wconf 90' lang='lat' dir='ltr'><strong>in</strong></span> <span class='ocrx_word' id='word_1_199' title='bbox 822 3146 1014 3200; x_wconf 86' lang='lat' dir='ltr'><strong>pugna</strong></span> <span class='ocrx_word' id='word_1_200' title='bbox 1039 3130 1301 3200; x_wconf 80' lang='lat' dir='ltr'><strong>clypeum</strong></span> <span class='ocrx_word' id='word_1_201' title='bbox 1335 3128 1653 3199; x_wconf 88' lang='lat' dir='ltr'><strong>abjiciunt?</strong></span> <span class='ocrx_word' id='word_1_202' title='bbox 1678 3131 1829 3201; x_wconf 84' lang='lat' dir='ltr'><strong>Abji-</strong></span> 
     </span>
    </p>
   </div>
   <div class='ocr_carea' id='block_1_35' title="bbox 162 3215 1827 3289">
    <p class='ocr_par' dir='ltr' id='par_1_35' title="bbox 162 3215 1827 3289">
     <span class='ocr_line' id='line_1_35' title="bbox 162 3215 1827 3289; baseline 0.003 -21"><span class='ocrx_word' id='word_1_203' title='bbox 162 3215 302 3270; x_wconf 88' lang='lat' dir='ltr'><strong>cienti</strong></span> <span class='ocrx_word' id='word_1_204' title='bbox 331 3219 479 3271; x_wconf 91' lang='lat' dir='ltr'><strong>enim</strong></span> <span class='ocrx_word' id='word_1_205' title='bbox 509 3219 781 3288; x_wconf 86' lang='lat' dir='ltr'><strong>clypeum</strong></span> <span class='ocrx_word' id='word_1_206' title='bbox 812 3219 935 3272; x_wconf 90' lang='lat' dir='ltr'><strong>dari</strong></span> <span class='ocrx_word' id='word_1_207' title='bbox 980 3235 1211 3273; x_wconf 89' lang='lat' dir='ltr'><strong>rursum</strong></span> <span class='ocrx_word' id='word_1_208' title='bbox 1242 3223 1429 3289; x_wconf 88' lang='lat' dir='ltr'><strong>potest</strong></span> <span class='ocrx_word' id='word_1_209' title='bbox 1473 3218 1615 3273; x_wconf 91' lang='lat' dir='ltr'><strong>alius</strong></span> <span class='ocrx_word' id='word_1_210' title='bbox 1647 3221 1827 3274; x_wconf 90' lang='lat' dir='ltr'><strong>nihilo</strong></span> 
     </span>
    </p>
   </div>
   <div class='ocr_carea' id='block_1_36' title="bbox 161 3307 1827 3379">
    <p class='ocr_par' dir='ltr' id='par_1_36' title="bbox 161 3307 1827 3379">
     <span class='ocr_line' id='line_1_36' title="bbox 161 3307 1827 3379; baseline 0.004 -23"><span class='ocrx_word' id='word_1_211' title='bbox 161 3307 322 3373; x_wconf 86' lang='lat' dir='ltr'><strong>priore</strong></span> <span class='ocrx_word' id='word_1_212' title='bbox 372 3308 625 3361; x_wconf 86' lang='lat' dir='ltr'><strong>deterior</strong></span> <span class='ocrx_word' id='word_1_213' title='bbox 660 3310 746 3378; x_wconf 93' lang='lat' dir='ltr'><strong>(ut</strong></span> <span class='ocrx_word' id='word_1_214' title='bbox 776 3308 964 3378; x_wconf 87' lang='lat' dir='ltr'><strong>inquit</strong></span> <span class='ocrx_word' id='word_1_215' title='bbox 1004 3308 1399 3375; x_wconf 78' lang='lat' dir='ltr'><strong>Archilochus)</strong></span> <span class='ocrx_word' id='word_1_216' title='bbox 1459 3308 1827 3379; x_wconf 83' lang='lat' dir='ltr'><strong>philosophia</strong></span> 
     </span>
    </p>
   </div>
   <div class='ocr_carea' id='block_1_37' title="bbox 162 3397 1825 3468">
    <p class='ocr_par' dir='ltr' id='par_1_37' title="bbox 162 3397 1825 3468">
     <span class='ocr_line' id='line_1_37' title="bbox 162 3397 1825 3468; baseline 0.004 -22"><span class='ocrx_word' id='word_1_217' title='bbox 162 3411 269 3449; x_wconf 78' lang='lat' dir='ltr'><strong>vero</strong></span> <span class='ocrx_word' id='word_1_218' title='bbox 297 3414 400 3467; x_wconf 86' lang='lat' dir='ltr'><strong>quo</strong></span> <span class='ocrx_word' id='word_1_219' title='bbox 432 3403 605 3467; x_wconf 83' lang='lat' dir='ltr'><strong>pacto</strong></span> <span class='ocrx_word' id='word_1_220' title='bbox 654 3398 983 3467; x_wconf 89' lang='lat' dir='ltr'><strong>recuperari</strong></span> <span class='ocrx_word' id='word_1_221' title='bbox 1040 3403 1229 3466; x_wconf 89' lang='lat' dir='ltr'><strong>potest</strong></span> <span class='ocrx_word' id='word_1_222' title='bbox 1285 3397 1354 3449; x_wconf 90' lang='lat' dir='ltr'><strong>ab</strong></span> <span class='ocrx_word' id='word_1_223' title='bbox 1403 3414 1469 3450; x_wconf 89' lang='lat' dir='ltr'><strong>eo</strong></span> <span class='ocrx_word' id='word_1_224' title='bbox 1502 3398 1601 3468; x_wconf 86' lang='lat' dir='ltr'><strong>qui</strong></span> <span class='ocrx_word' id='word_1_225' title='bbox 1649 3399 1825 3452; x_wconf 91' lang='lat' dir='ltr'><strong>semel</strong></span> 
     </span>
    </p>
   </div>
   <div class='ocr_carea' id='block_1_38' title="bbox 160 3482 1826 3559">
    <p class='ocr_par' dir='ltr' id='par_1_38' title="bbox 160 3482 1826 3559">
     <span class='ocr_line' id='line_1_38' title="bbox 160 3482 1826 3559; baseline 0.004 -25"><span class='ocrx_word' id='word_1_226' title='bbox 160 3482 288 3537; x_wconf 85' lang='lat' dir='ltr'><strong>illam</strong></span> <span class='ocrx_word' id='word_1_227' title='bbox 317 3485 726 3555; x_wconf 89' lang='lat' dir='ltr'><strong>contempserit</strong></span> <span class='ocrx_word' id='word_1_228' title='bbox 756 3490 855 3539; x_wconf 91' lang='lat' dir='ltr'><strong>aut</strong></span> <span class='ocrx_word' id='word_1_229' title='bbox 886 3485 1155 3557; x_wconf 88' lang='lat' dir='ltr'><strong>abjecerit</strong></span> <span class='ocrx_word' id='word_1_230' title='bbox 1179 3485 1205 3537; x_wconf 86' lang='lat'><strong>?</strong></span> <span class='ocrx_word' id='word_1_231' title='bbox 1232 3486 1497 3540; x_wconf 88' lang='lat' dir='ltr'><strong>Horatius</strong></span> <span class='ocrx_word' id='word_1_232' title='bbox 1529 3487 1587 3540; x_wconf 92' lang='lat' dir='ltr'><strong>in</strong></span> <span class='ocrx_word' id='word_1_233' title='bbox 1621 3487 1826 3559; x_wconf 83' lang='lat' dir='ltr'><strong>episto-</strong></span> 
     </span>
    </p>
   </div>
   <div class='ocr_carea' id='block_1_39' title="bbox 162 3570 245 3626">
    <p class='ocr_par' dir='ltr' id='par_1_39' title="bbox 162 3570 245 3626">
     <span class='ocr_line' id='line_1_39' title="bbox 162 3570 245 3626; baseline 0.036 -3"><span class='ocrx_word' id='word_1_234' title='bbox 162 3570 213 3624; x_wconf 89' lang='lat' dir='ltr'><strong>lis</strong></span> <span class='ocrx_word' id='word_1_235' title='bbox 236 3590 245 3626; x_wconf 89' lang='lat'><strong>:</strong></span> 
     </span>
    </p>
   </div>
   <div class='ocr_carea' id='block_1_40' title="bbox 319 3662 1584 3727">
    <p class='ocr_par' dir='ltr' id='par_1_40' title="bbox 319 3662 1584 3727">
     <span class='ocr_line' id='line_1_40' title="bbox 319 3662 1584 3727; baseline 0.002 -18"><span class='ocrx_word' id='word_1_236' title='bbox 319 3662 540 3727; x_wconf 70' lang='lat' dir='ltr'><strong>Perdidit</strong></span> <span class='ocrx_word' id='word_1_237' title='bbox 569 3676 734 3727; x_wconf 83' lang='lat' dir='ltr'><strong>arma,</strong></span> <span class='ocrx_word' id='word_1_238' title='bbox 764 3662 1176 3727; x_wconf 27' lang='lat' dir='ltr'><strong>locumAvirtutis</strong></span> <span class='ocrx_word' id='word_1_239' title='bbox 1208 3664 1455 3721; x_wconf 84' lang='lat' dir='ltr'><strong>deseruit,</strong></span> <span class='ocrx_word' id='word_1_240' title='bbox 1495 3665 1584 3727; x_wconf 85' lang='lat' dir='ltr'><strong>qui</strong></span> 
     </span>
    </p>
   </div>
   <div class='ocr_carea' id='block_1_41' title="bbox 316 3724 1649 3788">
    <p class='ocr_par' dir='ltr' id='par_1_41' title="bbox 316 3724 1649 3788">
     <span class='ocr_line' id='line_1_41' title="bbox 316 3724 1649 3788; baseline 0.002 -16"><span class='ocrx_word' id='word_1_241' title='bbox 316 3724 524 3788; x_wconf 88' lang='lat' dir='ltr'><strong>Semper</strong></span> <span class='ocrx_word' id='word_1_242' title='bbox 574 3726 627 3772; x_wconf 91' lang='lat' dir='ltr'><strong>in</strong></span> <span class='ocrx_word' id='word_1_243' title='bbox 674 3726 918 3787; x_wconf 91' lang='lat' dir='ltr'><strong>augenda</strong></span> <span class='ocrx_word' id='word_1_244' title='bbox 942 3724 1155 3774; x_wconf 84' lang='lat' dir='ltr'><strong>festinat</strong></span> <span class='ocrx_word' id='word_1_245' title='bbox 1190 3731 1242 3775; x_wconf 90' lang='lat' dir='ltr'><strong>et</strong></span> <span class='ocrx_word' id='word_1_246' title='bbox 1287 3724 1527 3776; x_wconf 74' lang='lat' dir='ltr'><strong>obruitur</strong></span> <span class='ocrx_word' id='word_1_247' title='bbox 1577 3741 1649 3775; x_wconf 91' lang='lat' dir='ltr'><strong>re.</strong></span> 
     </span>
    </p>
   </div>
   <div class='ocr_carea' id='block_1_42' title="bbox 164 3803 1822 3861">
    <p class='ocr_par' dir='ltr' id='par_1_42' title="bbox 164 3803 1822 3861">
     <span class='ocr_line' id='line_1_42' title="bbox 164 3803 1822 3861; baseline 0.004 -7"><span class='ocrx_word' id='word_1_248' title='bbox 164 3803 237 3855; x_wconf 86' lang='lat' dir='ltr'><strong>Est</strong></span> <span class='ocrx_word' id='word_1_249' title='bbox 257 3811 433 3859; x_wconf 89' lang='lat' dir='ltr'><strong>autem</strong></span> <span class='ocrx_word' id='word_1_250' title='bbox 465 3805 765 3859; x_wconf 87' lang='lat' dir='ltr'><strong>translatio</strong></span> <span class='ocrx_word' id='word_1_251' title='bbox 815 3823 847 3858; x_wconf 89' lang='lat' dir='ltr'><strong>a</strong></span> <span class='ocrx_word' id='word_1_252' title='bbox 894 3822 957 3859; x_wconf 91' lang='lat' dir='ltr'><strong>re</strong></span> <span class='ocrx_word' id='word_1_253' title='bbox 1007 3807 1261 3860; x_wconf 86' lang='lat' dir='ltr'><strong>militari.</strong></span> <span class='ocrx_word' id='word_1_254' title='bbox 1317 3810 1455 3861; x_wconf 83' lang='lat' dir='ltr'><strong>Nam</strong></span> <span class='ocrx_word' id='word_1_255' title='bbox 1500 3808 1666 3861; x_wconf 90' lang='lat' dir='ltr'><strong>militi</strong></span> <span class='ocrx_word' id='word_1_256' title='bbox 1693 3823 1822 3861; x_wconf 89' lang='lat' dir='ltr'><strong>cum</strong></span> 
     </span>
    </p>
   </div>
   <div class='ocr_carea' id='block_1_43' title="bbox 162 3892 1823 3965">
    <p class='ocr_par' dir='ltr' id='par_1_43' title="bbox 162 3892 1823 3965">
     <span class='ocr_line' id='line_1_43' title="bbox 162 3892 1823 3965; baseline 0.004 -22"><span class='ocrx_word' id='word_1_257' title='bbox 162 3892 329 3958; x_wconf 85' lang='lat' dir='ltr'><strong>primis</strong></span> <span class='ocrx_word' id='word_1_258' title='bbox 375 3895 829 3965; x_wconf 86' lang='lat' dir='ltr'><strong>ignominiosum</strong></span> <span class='ocrx_word' id='word_1_259' title='bbox 886 3900 1029 3963; x_wconf 89' lang='lat' dir='ltr'><strong>erat,</strong></span> <span class='ocrx_word' id='word_1_260' title='bbox 1080 3896 1153 3949; x_wconf 91' lang='lat' dir='ltr'><strong>sit</strong></span> <span class='ocrx_word' id='word_1_261' title='bbox 1204 3902 1303 3950; x_wconf 88' lang='lat' dir='ltr'><strong>aut</strong></span> <span class='ocrx_word' id='word_1_262' title='bbox 1352 3898 1543 3950; x_wconf 90' lang='lat' dir='ltr'><strong>locum</strong></span> <span class='ocrx_word' id='word_1_263' title='bbox 1595 3898 1652 3950; x_wconf 92' lang='lat' dir='ltr'><strong>in</strong></span> <span class='ocrx_word' id='word_1_264' title='bbox 1686 3896 1823 3949; x_wconf 86' lang='lat' dir='ltr'><strong>&#39;acie</strong></span> 
     </span>
    </p>
   </div>
   <div class='ocr_carea' id='block_1_44' title="bbox 161 3980 1825 4041">
    <p class='ocr_par' dir='ltr' id='par_1_44' title="bbox 161 3980 1825 4041">
     <span class='ocr_line' id='line_1_44' title="bbox 161 3980 1825 4041; baseline 0.005 -10"><span class='ocrx_word' id='word_1_265' title='bbox 161 3980 462 4037; x_wconf 82' lang='lat' dir='ltr'><strong>deseruisset</strong></span> <span class='ocrx_word' id='word_1_266' title='bbox 517 3988 611 4037; x_wconf 89' lang='lat' dir='ltr'><strong>aut</strong></span> <span class='ocrx_word' id='word_1_267' title='bbox 670 3984 881 4037; x_wconf 89' lang='lat' dir='ltr'><strong>viventi</strong></span> <span class='ocrx_word' id='word_1_268' title='bbox 935 3984 1043 4038; x_wconf 89' lang='lat' dir='ltr'><strong>sibi</strong></span> <span class='ocrx_word' id='word_1_269' title='bbox 1093 4000 1252 4038; x_wconf 88' lang='lat' dir='ltr'><strong>arma</strong></span> <span class='ocrx_word' id='word_1_270' title='bbox 1312 3986 1380 4039; x_wconf 90' lang='lat' dir='ltr'><strong>ab</strong></span> <span class='ocrx_word' id='word_1_271' title='bbox 1430 3986 1590 4040; x_wconf 85' lang='lat' dir='ltr'><strong>hoste</strong></span> <span class='ocrx_word' id='word_1_272' title='bbox 1634 3986 1825 4041; x_wconf 84' lang='lat' dir='ltr'><strong>forent</strong></span> 
     </span>
    </p>
   </div>
   <div class='ocr_carea' id='block_1_45' title="bbox 166 4076 345 4139">
    <p class='ocr_par' dir='ltr' id='par_1_45' title="bbox 166 4076 345 4139">
     <span class='ocr_line' id='line_1_45' title="bbox 166 4076 345 4139; baseline 0.022 -19"><span class='ocrx_word' id='word_1_273' title='bbox 166 4076 345 4139; x_wconf 85' lang='lat' dir='ltr'><strong>erepta.</strong></span> 
     </span>
    </p>
   </div>
   <div class='ocr_carea' id='block_1_46' title="bbox 717 4162 1228 4217">
    <p class='ocr_par' dir='ltr' id='par_1_46' title="bbox 717 4162 1228 4217">
     <span class='ocr_line' id='line_1_46' title="bbox 717 4162 1228 4217; baseline 0.004 -2"><span class='ocrx_word' id='word_1_274' title='bbox 717 4162 784 4215; x_wconf 84' lang='lat' dir='ltr'><strong>IN</strong></span> <span class='ocrx_word' id='word_1_275' title='bbox 816 4163 1098 4217; x_wconf 83' lang='lat' dir='ltr'><strong>PROSAM</strong></span> <span class='ocrx_word' id='word_1_276' title='bbox 1142 4164 1228 4217; x_wconf 93' lang='lat' dir='ltr'><strong>IV.</strong></span> 
     </span>
    </p>
   </div>
   <div class='ocr_carea' id='block_1_47' title="bbox 210 4247 1822 4323">
    <p class='ocr_par' dir='ltr' id='par_1_47' title="bbox 210 4247 1822 4323">
     <span class='ocr_line' id='line_1_47' title="bbox 210 4247 1822 4323; baseline 0.005 -24"><span class='ocrx_word' id='word_1_277' title='bbox 210 4247 449 4316; x_wconf 80' lang='lat' dir='ltr'><strong>Sentisne,</strong></span> <span class='ocrx_word' id='word_1_278' title='bbox 476 4251 685 4321; x_wconf 62' lang='lat' dir='ltr'><strong>inquit]</strong></span> <span class='ocrx_word' id='word_1_279' title='bbox 711 4252 823 4304; x_wconf 87' lang='lat' dir='ltr'><strong>Hoc</strong></span> <span class='ocrx_word' id='word_1_280' title='bbox 849 4252 969 4304; x_wconf 91' lang='lat' dir='ltr'><strong>loco</strong></span> <span class='ocrx_word' id='word_1_281' title='bbox 1000 4253 1240 4319; x_wconf 85' lang='lat' dir='ltr'><strong>Boetius,</strong></span> <span class='ocrx_word' id='word_1_282' title='bbox 1263 4256 1327 4306; x_wconf 91' lang='lat' dir='ltr'><strong>ut</strong></span> <span class='ocrx_word' id='word_1_283' title='bbox 1347 4253 1546 4307; x_wconf 92' lang='lat' dir='ltr'><strong>ordine</strong></span> <span class='ocrx_word' id='word_1_284' title='bbox 1571 4252 1822 4323; x_wconf 84' lang='lat' dir='ltr'><strong>quodam</strong></span> 
     </span>
    </p>
   </div>
   <div class='ocr_carea' id='block_1_48' title="bbox 161 4334 1902 4413">
    <p class='ocr_par' dir='ltr' id='par_1_48' title="bbox 161 4334 1902 4413">
     <span class='ocr_line' id='line_1_48' title="bbox 161 4334 1902 4413; baseline 0.006 -27"><span class='ocrx_word' id='word_1_285' title='bbox 161 4334 215 4386; x_wconf 85' lang='lat' dir='ltr'><strong>ad</strong></span> <span class='ocrx_word' id='word_1_286' title='bbox 233 4340 667 4392; x_wconf 88' lang='lat' dir='ltr'><strong>consolationem</strong></span> <span class='ocrx_word' id='word_1_287' title='bbox 692 4341 973 4393; x_wconf 89' lang='lat' dir='ltr'><strong>malorum</strong></span> <span class='ocrx_word' id='word_1_288' title='bbox 991 4357 1221 4394; x_wconf 90' lang='lat' dir='ltr'><strong>suorum</strong></span> <span class='ocrx_word' id='word_1_289' title='bbox 1247 4344 1559 4412; x_wconf 87' lang='lat' dir='ltr'><strong>perveniat,</strong></span> <span class='ocrx_word' id='word_1_290' title='bbox 1585 4344 1819 4413; x_wconf 84' lang='lat' dir='ltr'><strong>exponit</strong></span> <span class='ocrx_word' id='word_1_291' title='bbox 1860 4339 1902 4391; x_wconf 79' lang='grc' dir='ltr'><strong>Β</strong></span> 
     </span>
    </p>
   </div>
   <div class='ocr_carea' id='block_1_49' title="bbox 162 4424 1814 4501">
    <p class='ocr_par' dir='ltr' id='par_1_49' title="bbox 162 4424 1814 4501">
     <span class='ocr_line' id='line_1_49' title="bbox 162 4424 1814 4501; baseline 0.008 -29"><span class='ocrx_word' id='word_1_292' title='bbox 162 4430 205 4473; x_wconf 85' lang='lat' dir='ltr'><strong>et</strong></span> <span class='ocrx_word' id='word_1_293' title='bbox 226 4424 465 4495; x_wconf 86' lang='lat' dir='ltr'><strong>deplorat</strong></span> <span class='ocrx_word' id='word_1_294' title='bbox 494 4445 692 4481; x_wconf 76' lang='lat' dir='ltr'><strong>casum</strong></span> <span class='ocrx_word' id='word_1_295' title='bbox 726 4445 911 4492; x_wconf 87' lang='lat' dir='ltr'><strong>suum,</strong></span> <span class='ocrx_word' id='word_1_296' title='bbox 948 4431 1286 4500; x_wconf 85' lang='lat' dir='ltr'><strong>ostendique</strong></span> <span class='ocrx_word' id='word_1_297' title='bbox 1310 4448 1483 4501; x_wconf 86' lang='lat' dir='ltr'><strong>quam</strong></span> <span class='ocrx_word' id='word_1_298' title='bbox 1513 4432 1814 4501; x_wconf 90' lang='lat' dir='ltr'><strong>injustam</strong></span> 
     </span>
    </p>
   </div>
   <div class='ocr_carea' id='block_1_50' title="bbox 164 4509 1817 4591">
    <p class='ocr_par' dir='ltr' id='par_1_50' title="bbox 164 4509 1817 4591">
     <span class='ocr_line' id='line_1_50' title="bbox 164 4509 1817 4591; baseline 0.008 -30"><span class='ocrx_word' id='word_1_299' title='bbox 164 4509 281 4565; x_wconf 86' lang='lat' dir='ltr'><strong>hanc</strong></span> <span class='ocrx_word' id='word_1_300' title='bbox 306 4522 357 4568; x_wconf 93' lang='lat' dir='ltr'><strong>et</strong></span> <span class='ocrx_word' id='word_1_301' title='bbox 386 4534 615 4586; x_wconf 87' lang='lat' dir='ltr'><strong>gravem</strong></span> <span class='ocrx_word' id='word_1_302' title='bbox 666 4518 1068 4571; x_wconf 89' lang='lat' dir='ltr'><strong>adversitatem</strong></span> <span class='ocrx_word' id='word_1_303' title='bbox 1126 4520 1371 4573; x_wconf 81' lang='lat' dir='ltr'><strong>fortunae</strong></span> <span class='ocrx_word' id='word_1_304' title='bbox 1428 4522 1699 4591; x_wconf 86' lang='lat' dir='ltr'><strong>patiatur,</strong></span> <span class='ocrx_word' id='word_1_305' title='bbox 1757 4528 1817 4575; x_wconf 92' lang='lat' dir='ltr'><strong>ut</strong></span> 
     </span>
    </p>
   </div>
   <div class='ocr_carea' id='block_1_51' title="bbox 162 4602 1816 4679">
    <p class='ocr_par' dir='ltr' id='par_1_51' title="bbox 162 4602 1816 4679">
     <span class='ocr_line' id='line_1_51' title="bbox 162 4602 1816 4679; baseline 0.007 -27"><span class='ocrx_word' id='word_1_306' title='bbox 162 4602 241 4668; x_wconf 89' lang='lat' dir='ltr'><strong>qui</strong></span> <span class='ocrx_word' id='word_1_307' title='bbox 269 4605 613 4675; x_wconf 84' lang='lat' dir='ltr'><strong>iniquissime</strong></span> <span class='ocrx_word' id='word_1_308' title='bbox 663 4607 1076 4661; x_wconf 80' lang='lat' dir='ltr'><strong>condemnatus</strong></span> <span class='ocrx_word' id='word_1_309' title='bbox 1116 4610 1217 4664; x_wconf 89' lang='lat' dir='ltr'><strong>sit:</strong></span> <span class='ocrx_word' id='word_1_310' title='bbox 1276 4610 1429 4679; x_wconf 90' lang='lat' dir='ltr'><strong>quod</strong></span> <span class='ocrx_word' id='word_1_311' title='bbox 1474 4610 1707 4679; x_wconf 90' lang='lat' dir='ltr'><strong>quidem</strong></span> <span class='ocrx_word' id='word_1_312' title='bbox 1738 4610 1816 4663; x_wconf 90' lang='lat' dir='ltr'><strong>sic</strong></span> 
     </span>
    </p>
   </div>
   <div class='ocr_carea' id='block_1_52' title="bbox 158 4686 1812 4769">
    <p class='ocr_par' dir='ltr' id='par_1_52' title="bbox 158 4686 1812 4769">
     <span class='ocr_line' id='line_1_52' title="bbox 158 4686 1812 4769; baseline 0.007 -28"><span class='ocrx_word' id='word_1_313' title='bbox 158 4686 338 4746; x_wconf 76' lang='lat' dir='ltr'><strong>factum</strong></span> <span class='ocrx_word' id='word_1_314' title='bbox 379 4710 498 4749; x_wconf 90' lang='lat' dir='ltr'><strong>esse</strong></span> <span class='ocrx_word' id='word_1_315' title='bbox 546 4697 706 4750; x_wconf 91' lang='lat' dir='ltr'><strong>omni</strong></span> <span class='ocrx_word' id='word_1_316' title='bbox 753 4713 817 4750; x_wconf 91' lang='lat' dir='ltr'><strong>ex</strong></span> <span class='ocrx_word' id='word_1_317' title='bbox 870 4702 1032 4767; x_wconf 90' lang='lat' dir='ltr'><strong>parte</strong></span> <span class='ocrx_word' id='word_1_318' title='bbox 1082 4698 1399 4768; x_wconf 89' lang='lat' dir='ltr'><strong>colligitur:</strong></span> <span class='ocrx_word' id='word_1_319' title='bbox 1462 4699 1715 4769; x_wconf 89' lang='lat' dir='ltr'><strong>primum</strong></span> <span class='ocrx_word' id='word_1_320' title='bbox 1746 4716 1812 4752; x_wconf 88' lang='lat' dir='ltr'><strong>ex</strong></span> 
     </span>
    </p>
   </div>
   <div class='ocr_carea' id='block_1_53' title="bbox 158 4785 1814 4857">
    <p class='ocr_par' dir='ltr' id='par_1_53' title="bbox 158 4785 1814 4857">
     <span class='ocr_line' id='line_1_53' title="bbox 158 4785 1814 4857; baseline 0.006 -25"><span class='ocrx_word' id='word_1_321' title='bbox 158 4792 365 4845; x_wconf 87' lang='lat' dir='ltr'><strong>persona</strong></span> <span class='ocrx_word' id='word_1_322' title='bbox 394 4801 513 4852; x_wconf 90' lang='lat' dir='ltr'><strong>sua,</strong></span> <span class='ocrx_word' id='word_1_323' title='bbox 566 4785 769 4840; x_wconf 91' lang='lat' dir='ltr'><strong>deinde</strong></span> <span class='ocrx_word' id='word_1_324' title='bbox 801 4801 866 4839; x_wconf 94' lang='lat' dir='ltr'><strong>ex</strong></span> <span class='ocrx_word' id='word_1_325' title='bbox 898 4802 1143 4857; x_wconf 90' lang='lat' dir='ltr'><strong>persona</strong></span> <span class='ocrx_word' id='word_1_326' title='bbox 1171 4790 1583 4853; x_wconf 87' lang='lat' dir='ltr'><strong>accusatorum,</strong></span> <span class='ocrx_word' id='word_1_327' title='bbox 1616 4793 1814 4857; x_wconf 82' lang='lat' dir='ltr'><strong>postea</strong></span> 
     </span>
    </p>
   </div>
   <div class='ocr_carea' id='block_1_54' title="bbox 156 4872 1810 4948">
    <p class='ocr_par' dir='ltr' id='par_1_54' title="bbox 156 4872 1810 4948">
     <span class='ocr_line' id='line_1_54' title="bbox 156 4872 1810 4948; baseline 0.007 -28"><span class='ocrx_word' id='word_1_328' title='bbox 156 4884 205 4919; x_wconf 79' lang='lat' dir='ltr'><strong>ex</strong></span> <span class='ocrx_word' id='word_1_329' title='bbox 240 4872 577 4943; x_wconf 88' lang='lat' dir='ltr'><strong>criminibus,</strong></span> <span class='ocrx_word' id='word_1_330' title='bbox 614 4892 742 4946; x_wconf 61' lang='lat' dir='ltr'><strong>qua</strong></span> <span class='ocrx_word' id='word_1_331' title='bbox 784 4876 921 4930; x_wconf 82' lang='lat' dir='ltr'><strong>falso</strong></span> <span class='ocrx_word' id='word_1_332' title='bbox 966 4882 1065 4931; x_wconf 91' lang='lat' dir='ltr'><strong>aut</strong></span> <span class='ocrx_word' id='word_1_333' title='bbox 1101 4878 1313 4947; x_wconf 89' lang='lat' dir='ltr'><strong>injuste</strong></span> <span class='ocrx_word' id='word_1_334' title='bbox 1354 4877 1810 4948; x_wconf 86' lang='lat' dir='ltr'><strong>objiciebautur:</strong></span> 
     </span>
    </p>
   </div>
   <div class='ocr_carea' id='block_1_55' title="bbox 155 4960 1811 5037">
    <p class='ocr_par' dir='ltr' id='par_1_55' title="bbox 155 4960 1811 5037">
     <span class='ocr_line' id='line_1_55' title="bbox 155 4960 1811 5037; baseline 0.008 -29"><span class='ocrx_word' id='word_1_335' title='bbox 155 4960 249 5011; x_wconf 90' lang='lat' dir='ltr'><strong>tum</strong></span> <span class='ocrx_word' id='word_1_336' title='bbox 297 4978 355 5015; x_wconf 91' lang='lat' dir='ltr'><strong>ex</strong></span> <span class='ocrx_word' id='word_1_337' title='bbox 406 4980 645 5033; x_wconf 90' lang='lat' dir='ltr'><strong>persona</strong></span> <span class='ocrx_word' id='word_1_338' title='bbox 679 4964 941 5033; x_wconf 89' lang='lat' dir='ltr'><strong>judicum</strong></span> <span class='ocrx_word' id='word_1_339' title='bbox 1003 4972 1059 5019; x_wconf 90' lang='lat' dir='ltr'><strong>et</strong></span> <span class='ocrx_word' id='word_1_340' title='bbox 1111 4972 1360 5035; x_wconf 89' lang='lat' dir='ltr'><strong>senatus,</strong></span> <span class='ocrx_word' id='word_1_341' title='bbox 1424 4971 1700 5037; x_wconf 87' lang='lat' dir='ltr'><strong>praeterea</strong></span> <span class='ocrx_word' id='word_1_342' title='bbox 1747 4984 1811 5021; x_wconf 87' lang='lat' dir='ltr'><strong>ex</strong></span> 
     </span>
    </p>
   </div>
   <div class='ocr_carea' id='block_1_56' title="bbox 159 5048 1808 5127">
    <p class='ocr_par' dir='ltr' id='par_1_56' title="bbox 159 5048 1808 5127">
     <span class='ocr_line' id='line_1_56' title="bbox 159 5048 1808 5127; baseline 0.008 -30"><span class='ocrx_word' id='word_1_343' title='bbox 159 5048 295 5101; x_wconf 89' lang='lat' dir='ltr'><strong>modo</strong></span> <span class='ocrx_word' id='word_1_344' title='bbox 319 5050 510 5119; x_wconf 90' lang='lat' dir='ltr'><strong>judicii</strong></span> <span class='ocrx_word' id='word_1_345' title='bbox 542 5054 697 5123; x_wconf 89' lang='lat' dir='ltr'><strong>:jam</strong></span> <span class='ocrx_word' id='word_1_346' title='bbox 724 5054 894 5108; x_wconf 90' lang='lat' dir='ltr'><strong>etiam</strong></span> <span class='ocrx_word' id='word_1_347' title='bbox 928 5071 995 5107; x_wconf 87' lang='lat' dir='ltr'><strong>ex</strong></span> <span class='ocrx_word' id='word_1_348' title='bbox 1021 5055 1163 5108; x_wconf 88' lang='lat' dir='ltr'><strong>falso</strong></span> <span class='ocrx_word' id='word_1_349' title='bbox 1196 5056 1434 5109; x_wconf 91' lang='lat' dir='ltr'><strong>crimine</strong></span> <span class='ocrx_word' id='word_1_350' title='bbox 1459 5062 1556 5110; x_wconf 91' lang='lat' dir='ltr'><strong>aut</strong></span> <span class='ocrx_word' id='word_1_351' title='bbox 1582 5057 1808 5127; x_wconf 65' lang='lat' dir='ltr'><strong>magiae,</strong></span> 
     </span>
    </p>
   </div>
   <div class='ocr_carea' id='block_1_57' title="bbox 157 5137 1812 5216">
    <p class='ocr_par' dir='ltr' id='par_1_57' title="bbox 157 5137 1812 5216">
     <span class='ocr_line' id='line_1_57' title="bbox 157 5137 1812 5216; baseline 0.011 -34"><span class='ocrx_word' id='word_1_352' title='bbox 157 5137 470 5195; x_wconf 86' lang='lat' dir='ltr'><strong>autdeorum</strong></span> <span class='ocrx_word' id='word_1_353' title='bbox 503 5143 739 5197; x_wconf 83' lang='lat' dir='ltr'><strong>culturae</strong></span> <span class='ocrx_word' id='word_1_354' title='bbox 791 5143 1032 5197; x_wconf 84' lang='lat' dir='ltr'><strong>conﬁcto</strong></span> <span class='ocrx_word' id='word_1_355' title='bbox 1060 5160 1072 5210; x_wconf 89' lang='lat'><strong>;</strong></span> <span class='ocrx_word' id='word_1_356' title='bbox 1107 5148 1227 5198; x_wconf 91' lang='lat' dir='ltr'><strong>tum</strong></span> <span class='ocrx_word' id='word_1_357' title='bbox 1258 5145 1489 5199; x_wconf 91' lang='lat' dir='ltr'><strong>demum</strong></span> <span class='ocrx_word' id='word_1_358' title='bbox 1528 5147 1678 5199; x_wconf 91' lang='lat' dir='ltr'><strong>velut</strong></span> <span class='ocrx_word' id='word_1_359' title='bbox 1709 5163 1812 5216; x_wconf 89' lang='lat' dir='ltr'><strong>per</strong></span> 
     </span>
    </p>
   </div>
   <div class='ocr_carea' id='block_1_58' title="bbox 157 5226 1810 5303">
    <p class='ocr_par' dir='ltr' id='par_1_58' title="bbox 157 5226 1810 5303">
     <span class='ocr_line' id='line_1_58' title="bbox 157 5226 1810 5303; baseline 0.008 -28"><span class='ocrx_word' id='word_1_360' title='bbox 157 5226 356 5280; x_wconf 88' lang='lat' dir='ltr'><strong>modum</strong></span> <span class='ocrx_word' id='word_1_361' title='bbox 402 5231 630 5301; x_wconf 86' lang='lat' dir='ltr'><strong>epilogi,</strong></span> <span class='ocrx_word' id='word_1_362' title='bbox 677 5232 925 5285; x_wconf 86' lang='lat' dir='ltr'><strong>ostendit</strong></span> <span class='ocrx_word' id='word_1_363' title='bbox 974 5248 1088 5285; x_wconf 92' lang='lat' dir='ltr'><strong>non</strong></span> <span class='ocrx_word' id='word_1_364' title='bbox 1124 5234 1294 5287; x_wconf 91' lang='lat' dir='ltr'><strong>modo</strong></span> <span class='ocrx_word' id='word_1_365' title='bbox 1329 5235 1576 5303; x_wconf 86' lang='lat' dir='ltr'><strong>graviter</strong></span> <span class='ocrx_word' id='word_1_366' title='bbox 1600 5237 1719 5289; x_wconf 84' lang='lat' dir='ltr'><strong>haec</strong></span> <span class='ocrx_word' id='word_1_367' title='bbox 1742 5237 1810 5290; x_wconf 93' lang='lat' dir='ltr'><strong>de</strong></span> 
     </span>
    </p>
   </div>
   <div class='ocr_carea' id='block_1_59' title="bbox 158 5315 1806 5395">
    <p class='ocr_par' dir='ltr' id='par_1_59' title="bbox 158 5315 1806 5395">
     <span class='ocr_line' id='line_1_59' title="bbox 158 5315 1806 5395; baseline 0.01 -33"><span class='ocrx_word' id='word_1_368' title='bbox 158 5325 208 5362; x_wconf 88' lang='lat' dir='ltr'><strong>eo</strong></span> <span class='ocrx_word' id='word_1_369' title='bbox 224 5315 441 5370; x_wconf 84' lang='lat' dir='ltr'><strong>conﬁcta</strong></span> <span class='ocrx_word' id='word_1_370' title='bbox 471 5336 612 5387; x_wconf 88' lang='lat' dir='ltr'><strong>esse,</strong></span> <span class='ocrx_word' id='word_1_371' title='bbox 643 5321 737 5374; x_wconf 89' lang='lat' dir='ltr'><strong>sed</strong></span> <span class='ocrx_word' id='word_1_372' title='bbox 772 5320 944 5374; x_wconf 89' lang='lat' dir='ltr'><strong>etiam</strong></span> <span class='ocrx_word' id='word_1_373' title='bbox 975 5321 1042 5375; x_wconf 91' lang='lat' dir='ltr'><strong>ab</strong></span> <span class='ocrx_word' id='word_1_374' title='bbox 1094 5320 1376 5392; x_wconf 89' lang='lat' dir='ltr'><strong>imperitis</strong></span> <span class='ocrx_word' id='word_1_375' title='bbox 1408 5324 1581 5391; x_wconf 92' lang='lat' dir='ltr'><strong>credi,</strong></span> <span class='ocrx_word' id='word_1_376' title='bbox 1618 5330 1673 5377; x_wconf 89' lang='lat' dir='ltr'><strong>et</strong></span> <span class='ocrx_word' id='word_1_377' title='bbox 1705 5342 1806 5395; x_wconf 86' lang='lat' dir='ltr'><strong>pro</strong></span> 
     </span>
    </p>
   </div>
   <div class='ocr_carea' id='block_1_60' title="bbox 157 5400 1809 5471">
    <p class='ocr_par' dir='ltr' id='par_1_60' title="bbox 157 5400 1809 5471">
     <span class='ocr_line' id='line_1_60' title="bbox 157 5400 1809 5471; baseline 0.01 -21"><span class='ocrx_word' id='word_1_378' title='bbox 157 5400 275 5453; x_wconf 82' lang='lat' dir='ltr'><strong>veris</strong></span> <span class='ocrx_word' id='word_1_379' title='bbox 305 5404 511 5471; x_wconf 88' lang='lat' dir='ltr'><strong>haberi,</strong></span> <span class='ocrx_word' id='word_1_380' title='bbox 563 5413 618 5461; x_wconf 91' lang='lat' dir='ltr'><strong>et</strong></span> <span class='ocrx_word' id='word_1_381' title='bbox 671 5409 936 5463; x_wconf 86' lang='lat' dir='ltr'><strong>omnibus</strong></span> <span class='ocrx_word' id='word_1_382' title='bbox 971 5408 1177 5463; x_wconf 90' lang='lat' dir='ltr'><strong>deinde</strong></span> <span class='ocrx_word' id='word_1_383' title='bbox 1219 5410 1385 5464; x_wconf 90' lang='lat' dir='ltr'><strong>bonis</strong></span> <span class='ocrx_word' id='word_1_384' title='bbox 1437 5428 1501 5464; x_wconf 86' lang='lat' dir='ltr'><strong>ex</strong></span> <span class='ocrx_word' id='word_1_385' title='bbox 1542 5428 1645 5465; x_wconf 90' lang='lat' dir='ltr'><strong>suo</strong></span> <span class='ocrx_word' id='word_1_386' title='bbox 1676 5429 1809 5466; x_wconf 90' lang='lat' dir='ltr'><strong>casu</strong></span> 
     </span>
    </p>
   </div>
   <div class='ocr_carea' id='block_1_61' title="bbox 160 5485 1804 5570">
    <p class='ocr_par' dir='ltr' id='par_1_61' title="bbox 160 5485 1804 5570">
     <span class='ocr_line' id='line_1_61' title="bbox 160 5485 1804 5570; baseline 0.01 -32"><span class='ocrx_word' id='word_1_387' title='bbox 160 5485 316 5545; x_wconf 84' lang='lat' dir='ltr'><strong>simile</strong></span> <span class='ocrx_word' id='word_1_388' title='bbox 344 5495 654 5563; x_wconf 88' lang='lat' dir='ltr'><strong>periculum</strong></span> <span class='ocrx_word' id='word_1_389' title='bbox 703 5497 1025 5565; x_wconf 91' lang='lat' dir='ltr'><strong>imminere,</strong></span> <span class='ocrx_word' id='word_1_390' title='bbox 1076 5505 1266 5570; x_wconf 89' lang='lat' dir='ltr'><strong>partes</strong></span> <span class='ocrx_word' id='word_1_391' title='bbox 1318 5516 1517 5554; x_wconf 89' lang='lat' dir='ltr'><strong>omnes</strong></span> <span class='ocrx_word' id='word_1_392' title='bbox 1550 5502 1666 5554; x_wconf 91' lang='lat' dir='ltr'><strong>suis</strong></span> <span class='ocrx_word' id='word_1_393' title='bbox 1698 5503 1804 5555; x_wconf 88' lang='lat' dir='ltr'><strong>loci</strong></span> 
     </span>
    </p>
   </div>
   <div class='ocr_carea' id='block_1_62' title="bbox 162 5573 1805 5661">
    <p class='ocr_par' dir='ltr' id='par_1_62' title="bbox 162 5573 1805 5661">
     <span class='ocr_line' id='line_1_62' title="bbox 162 5573 1805 5661; baseline 0.012 -34"><span class='ocrx_word' id='word_1_394' title='bbox 162 5573 406 5636; x_wconf 85' lang='lat' dir='ltr'><strong>dicentur.</strong></span> <span class='ocrx_word' id='word_1_395' title='bbox 445 5585 629 5639; x_wconf 90' lang='lat' dir='ltr'><strong>Primo</strong></span> <span class='ocrx_word' id='word_1_396' title='bbox 668 5587 843 5657; x_wconf 88' lang='lat' dir='ltr'><strong>igitur</strong></span> <span class='ocrx_word' id='word_1_397' title='bbox 892 5589 1277 5661; x_wconf 86' lang='lat' dir='ltr'><strong>Philosophia,</strong></span> <span class='ocrx_word' id='word_1_398' title='bbox 1321 5596 1385 5645; x_wconf 91' lang='lat' dir='ltr'><strong>ut</strong></span> <span class='ocrx_word' id='word_1_399' title='bbox 1432 5594 1627 5645; x_wconf 90' lang='lat' dir='ltr'><strong>evocet</strong></span> <span class='ocrx_word' id='word_1_400' title='bbox 1668 5608 1805 5661; x_wconf 90' lang='lat' dir='ltr'><strong>que-</strong></span> 
     </span>
    </p>
   </div>
   <div class='ocr_carea' id='block_1_63' title="bbox 1158 288 2639 348">
    <p class='ocr_par' dir='ltr' id='par_1_63' title="bbox 1158 288 2639 348">
     <span class='ocr_line' id='line_1_63' title="bbox 1158 288 2639 348; baseline 0.003 -6"><span class='ocrx_word' id='word_1_401' title='bbox 1158 288 1544 343; x_wconf 81' lang='lat' dir='ltr'><strong>MURMELLII</strong></span> <span class='ocrx_word' id='word_1_402' title='bbox 1586 290 1668 345; x_wconf 87' lang='lat' dir='ltr'><strong>ET</strong></span> <span class='ocrx_word' id='word_1_403' title='bbox 1705 290 2069 347; x_wconf 67' lang='lat' dir='ltr'><strong>AGBICOLzE</strong></span> <span class='ocrx_word' id='word_1_404' title='bbox 2111 289 2639 348; x_wconf 71' lang='lat' dir='ltr'><strong>COMMENTARIA.</strong></span> 
     </span>
    </p>
   </div>
   <div class='ocr_carea' id='block_1_64' title="bbox 3559 295 3664 350">
    <p class='ocr_par' dir='ltr' id='par_1_64' title="bbox 3559 295 3664 350">
     <span class='ocr_line' id='line_1_64' title="bbox 3559 295 3664 350; baseline 0 0"><span class='ocrx_word' id='word_1_405' title='bbox 3559 295 3664 350; x_wconf 75' lang='grc'><strong>914</strong></span> 
     </span>
    </p>
   </div>
   <div class='ocr_carea' id='block_1_65' title="bbox 1892 428 3660 499">
    <p class='ocr_par' dir='ltr' id='par_1_65' title="bbox 1892 428 3660 499">
     <span class='ocr_line' id='line_1_65' title="bbox 1892 428 3660 499; baseline 0.003 -18"><span class='ocrx_word' id='word_1_406' title='bbox 1892 430 1938 481; x_wconf 83' lang='grc' dir='ltr'><strong>Α</strong></span> <span class='ocrx_word' id='word_1_407' title='bbox 1967 429 2147 482; x_wconf 91' lang='lat' dir='ltr'><strong>relam</strong></span> <span class='ocrx_word' id='word_1_408' title='bbox 2182 428 2379 496; x_wconf 89' lang='lat' dir='ltr'><strong>Boetii,</strong></span> <span class='ocrx_word' id='word_1_409' title='bbox 2415 434 2473 484; x_wconf 92' lang='lat' dir='ltr'><strong>et</strong></span> <span class='ocrx_word' id='word_1_410' title='bbox 2502 428 2689 484; x_wconf 86' lang='lat' dir='ltr'><strong>eliciat</strong></span> <span class='ocrx_word' id='word_1_411' title='bbox 2718 444 2869 483; x_wconf 89' lang='lat' dir='ltr'><strong>exeo</strong></span> <span class='ocrx_word' id='word_1_412' title='bbox 2890 445 3119 484; x_wconf 89' lang='lat' dir='ltr'><strong>causam</strong></span> <span class='ocrx_word' id='word_1_413' title='bbox 3142 430 3377 499; x_wconf 90' lang='lat' dir='ltr'><strong>doloris,</strong></span> <span class='ocrx_word' id='word_1_414' title='bbox 3409 448 3477 486; x_wconf 87' lang='lat' dir='ltr'><strong>ex</strong></span> <span class='ocrx_word' id='word_1_415' title='bbox 3497 447 3660 487; x_wconf 91' lang='lat' dir='ltr'><strong>more</strong></span> 
     </span>
    </p>
   </div>
   <div class='ocr_carea' id='block_1_66' title="bbox 1958 516 3661 593">
    <p class='ocr_par' dir='ltr' id='par_1_66' title="bbox 1958 516 3661 593">
     <span class='ocr_line' id='line_1_66' title="bbox 1958 516 3661 593; baseline 0.004 -22"><span class='ocrx_word' id='word_1_416' title='bbox 1958 516 2321 587; x_wconf 89' lang='lat' dir='ltr'><strong>dialogorum</strong></span> <span class='ocrx_word' id='word_1_417' title='bbox 2350 517 2666 589; x_wconf 89' lang='lat' dir='ltr'><strong>interrogat</strong></span> <span class='ocrx_word' id='word_1_418' title='bbox 2685 534 2819 573; x_wconf 93' lang='lat' dir='ltr'><strong>eum</strong></span> <span class='ocrx_word' id='word_1_419' title='bbox 2850 535 2924 573; x_wconf 92' lang='lat' dir='ltr'><strong>an</strong></span> <span class='ocrx_word' id='word_1_420' title='bbox 2949 519 3233 591; x_wconf 90' lang='lat' dir='ltr'><strong>intelligat</strong></span> <span class='ocrx_word' id='word_1_421' title='bbox 3263 538 3329 575; x_wconf 90' lang='lat' dir='ltr'><strong>ea</strong></span> <span class='ocrx_word' id='word_1_422' title='bbox 3359 538 3486 593; x_wconf 63' lang='lat' dir='ltr'><strong>quas</strong></span> <span class='ocrx_word' id='word_1_423' title='bbox 3520 522 3661 578; x_wconf 82' lang='lat' dir='ltr'><strong>dixit</strong></span> 
     </span>
    </p>
   </div>
   <div class='ocr_carea' id='block_1_67' title="bbox 1956 606 3656 684">
    <p class='ocr_par' dir='ltr' id='par_1_67' title="bbox 1956 606 3656 684">
     <span class='ocr_line' id='line_1_67' title="bbox 1956 606 3656 684; baseline 0.004 -25"><span class='ocrx_word' id='word_1_424' title='bbox 1956 606 2080 676; x_wconf 91' lang='lat' dir='ltr'><strong>ipsa</strong></span> <span class='ocrx_word' id='word_1_425' title='bbox 2118 607 2400 677; x_wconf 87' lang='lat' dir='ltr'><strong>superius,</strong></span> <span class='ocrx_word' id='word_1_426' title='bbox 2453 608 2719 661; x_wconf 87' lang='lat' dir='ltr'><strong>hortatur</strong></span> <span class='ocrx_word' id='word_1_427' title='bbox 2750 624 2979 679; x_wconf 90' lang='lat' dir='ltr'><strong>quoque</strong></span> <span class='ocrx_word' id='word_1_428' title='bbox 3036 614 3097 662; x_wconf 93' lang='lat' dir='ltr'><strong>ut</strong></span> <span class='ocrx_word' id='word_1_429' title='bbox 3123 610 3293 681; x_wconf 89' lang='lat' dir='ltr'><strong>plane</strong></span> <span class='ocrx_word' id='word_1_430' title='bbox 3334 611 3485 665; x_wconf 90' lang='lat' dir='ltr'><strong>dicat</strong></span> <span class='ocrx_word' id='word_1_431' title='bbox 3514 612 3656 684; x_wconf 88' lang='lat' dir='ltr'><strong>quid</strong></span> 
     </span>
    </p>
   </div>
   <div class='ocr_carea' id='block_1_68' title="bbox 1957 696 3651 771">
    <p class='ocr_par' dir='ltr' id='par_1_68' title="bbox 1957 696 3651 771">
     <span class='ocr_line' id='line_1_68' title="bbox 1957 696 3651 771; baseline 0.004 -21"><span class='ocrx_word' id='word_1_432' title='bbox 1957 696 2165 751; x_wconf 89' lang='lat' dir='ltr'><strong>doleat.</strong></span> <span class='ocrx_word' id='word_1_433' title='bbox 2206 697 2344 771; x_wconf 87' lang='lat' dir='ltr'><strong>Hinc</strong></span> <span class='ocrx_word' id='word_1_434' title='bbox 2376 697 2621 763; x_wconf 84' lang='lat' dir='ltr'><strong>Boetius,</strong></span> <span class='ocrx_word' id='word_1_435' title='bbox 2655 701 2884 767; x_wconf 91' lang='lat' dir='ltr'><strong>sumpto</strong></span> <span class='ocrx_word' id='word_1_436' title='bbox 2930 697 3117 765; x_wconf 91' lang='lat' dir='ltr'><strong>initio,</strong></span> <span class='ocrx_word' id='word_1_437' title='bbox 3151 700 3290 753; x_wconf 91' lang='lat' dir='ltr'><strong>dicit</strong></span> <span class='ocrx_word' id='word_1_438' title='bbox 3331 699 3470 755; x_wconf 91' lang='lat' dir='ltr'><strong>nihil</strong></span> <span class='ocrx_word' id='word_1_439' title='bbox 3506 717 3651 771; x_wconf 90' lang='lat' dir='ltr'><strong>opus</strong></span> 
     </span>
    </p>
   </div>
   <div class='ocr_carea' id='block_1_69' title="bbox 1958 786 3649 859">
    <p class='ocr_par' dir='ltr' id='par_1_69' title="bbox 1958 786 3649 859">
     <span class='ocr_line' id='line_1_69' title="bbox 1958 786 3649 859; baseline 0.004 -21"><span class='ocrx_word' id='word_1_440' title='bbox 1958 801 2078 839; x_wconf 89' lang='lat' dir='ltr'><strong>esse</strong></span> <span class='ocrx_word' id='word_1_441' title='bbox 2131 786 2335 853; x_wconf 89' lang='lat' dir='ltr'><strong>verbis,</strong></span> <span class='ocrx_word' id='word_1_442' title='bbox 2390 803 2519 839; x_wconf 89' lang='lat' dir='ltr'><strong>cum</strong></span> <span class='ocrx_word' id='word_1_443' title='bbox 2564 787 2687 856; x_wconf 89' lang='lat' dir='ltr'><strong>ipsa</strong></span> <span class='ocrx_word' id='word_1_444' title='bbox 2730 786 2892 841; x_wconf 86' lang='lat' dir='ltr'><strong>facile</strong></span> <span class='ocrx_word' id='word_1_445' title='bbox 2935 787 3115 857; x_wconf 90' lang='lat' dir='ltr'><strong>possit</strong></span> <span class='ocrx_word' id='word_1_446' title='bbox 3145 805 3210 842; x_wconf 90' lang='lat' dir='ltr'><strong>ex</strong></span> <span class='ocrx_word' id='word_1_447' title='bbox 3244 793 3473 859; x_wconf 89' lang='lat' dir='ltr'><strong>aspectu</strong></span> <span class='ocrx_word' id='word_1_448' title='bbox 3517 790 3649 859; x_wconf 90' lang='lat' dir='ltr'><strong>loci,</strong></span> 
     </span>
    </p>
   </div>
   <div class='ocr_carea' id='block_1_70' title="bbox 1958 875 3658 949">
    <p class='ocr_par' dir='ltr' id='par_1_70' title="bbox 1958 875 3658 949">
     <span class='ocr_line' id='line_1_70' title="bbox 1958 875 3658 949; baseline 0.003 -21"><span class='ocrx_word' id='word_1_449' title='bbox 1958 875 2064 929; x_wconf 86' lang='lat' dir='ltr'><strong>hoc</strong></span> <span class='ocrx_word' id='word_1_450' title='bbox 2095 881 2177 930; x_wconf 92' lang='lat' dir='ltr'><strong>est</strong></span> <span class='ocrx_word' id='word_1_451' title='bbox 2212 875 2451 929; x_wconf 86' lang='lat' dir='ltr'><strong>careeris</strong></span> <span class='ocrx_word' id='word_1_452' title='bbox 2488 876 2547 928; x_wconf 91' lang='lat' dir='ltr'><strong>in</strong></span> <span class='ocrx_word' id='word_1_453' title='bbox 2584 892 2696 947; x_wconf 92' lang='lat' dir='ltr'><strong>quo</strong></span> <span class='ocrx_word' id='word_1_454' title='bbox 2732 881 2873 943; x_wconf 90' lang='lat' dir='ltr'><strong>erat,</strong></span> <span class='ocrx_word' id='word_1_455' title='bbox 2913 893 3139 930; x_wconf 89' lang='lat' dir='ltr'><strong>causam</strong></span> <span class='ocrx_word' id='word_1_456' title='bbox 3174 877 3384 932; x_wconf 88' lang='lat' dir='ltr'><strong>doloris</strong></span> <span class='ocrx_word' id='word_1_457' title='bbox 3407 878 3495 932; x_wconf 91' lang='lat' dir='ltr'><strong>sui</strong></span> <span class='ocrx_word' id='word_1_458' title='bbox 3526 896 3658 949; x_wconf 92' lang='lat' dir='ltr'><strong>per-</strong></span> 
     </span>
    </p>
   </div>
   <div class='ocr_carea' id='block_1_71' title="bbox 1958 964 3654 1034">
    <p class='ocr_par' dir='ltr' id='par_1_71' title="bbox 1958 964 3654 1034">
     <span class='ocr_line' id='line_1_71' title="bbox 1958 964 3654 1034; baseline 0.004 -18"><span class='ocrx_word' id='word_1_459' title='bbox 1958 964 2209 1033; x_wconf 89' lang='lat' dir='ltr'><strong>spicere:</strong></span> <span class='ocrx_word' id='word_1_460' title='bbox 2264 964 2417 1034; x_wconf 91' lang='lat' dir='ltr'><strong>quod</strong></span> <span class='ocrx_word' id='word_1_461' title='bbox 2472 980 2539 1017; x_wconf 88' lang='lat' dir='ltr'><strong>eo</strong></span> <span class='ocrx_word' id='word_1_462' title='bbox 2590 964 2883 1034; x_wconf 87' lang='lat' dir='ltr'><strong>indignius</strong></span> <span class='ocrx_word' id='word_1_463' title='bbox 2939 966 3159 1020; x_wconf 87' lang='lat' dir='ltr'><strong>accidat</strong></span> <span class='ocrx_word' id='word_1_464' title='bbox 3213 966 3343 1033; x_wconf 91' lang='lat' dir='ltr'><strong>sibi,</strong></span> <span class='ocrx_word' id='word_1_465' title='bbox 3398 984 3529 1021; x_wconf 91' lang='lat' dir='ltr'><strong>cum</strong></span> <span class='ocrx_word' id='word_1_466' title='bbox 3581 968 3654 1022; x_wconf 89' lang='lat' dir='ltr'><strong>ad</strong></span> 
     </span>
    </p>
   </div>
   <div class='ocr_carea' id='block_1_72' title="bbox 1958 1052 3649 1125">
    <p class='ocr_par' dir='ltr' id='par_1_72' title="bbox 1958 1052 3649 1125">
     <span class='ocr_line' id='line_1_72' title="bbox 1958 1052 3649 1125; baseline 0.003 -20"><span class='ocrx_word' id='word_1_467' title='bbox 1958 1052 2372 1122; x_wconf 89' lang='lat' dir='ltr'><strong>rempublicam</strong></span> <span class='ocrx_word' id='word_1_468' title='bbox 2419 1052 2933 1108; x_wconf 87' lang='lat' dir='ltr'><strong>administrandam</strong></span> <span class='ocrx_word' id='word_1_469' title='bbox 2979 1054 3133 1108; x_wconf 89' lang='lat' dir='ltr'><strong>velut</strong></span> <span class='ocrx_word' id='word_1_470' title='bbox 3169 1055 3331 1125; x_wconf 88' lang='lat' dir='ltr'><strong>jussu</strong></span> <span class='ocrx_word' id='word_1_471' title='bbox 3385 1055 3649 1110; x_wconf 88' lang='lat' dir='ltr'><strong>Philoso-</strong></span> 
     </span>
    </p>
   </div>
   <div class='ocr_carea' id='block_1_73' title="bbox 1955 1140 3651 1211">
    <p class='ocr_par' dir='ltr' id='par_1_73' title="bbox 1955 1140 3651 1211">
     <span class='ocr_line' id='line_1_73' title="bbox 1955 1140 3651 1211; baseline 0.003 -18"><span class='ocrx_word' id='word_1_472' title='bbox 1955 1141 2107 1210; x_wconf 63' lang='lat' dir='ltr'><strong>phiae</strong></span> <span class='ocrx_word' id='word_1_473' title='bbox 2142 1140 2457 1209; x_wconf 89' lang='lat' dir='ltr'><strong>accesserit,</strong></span> <span class='ocrx_word' id='word_1_474' title='bbox 2492 1145 2549 1194; x_wconf 90' lang='lat' dir='ltr'><strong>et</strong></span> <span class='ocrx_word' id='word_1_475' title='bbox 2580 1140 2773 1194; x_wconf 89' lang='lat' dir='ltr'><strong>omnia</strong></span> <span class='ocrx_word' id='word_1_476' title='bbox 2798 1158 2904 1211; x_wconf 88' lang='lat' dir='ltr'><strong>pro</strong></span> <span class='ocrx_word' id='word_1_477' title='bbox 2927 1158 3092 1211; x_wconf 77' lang='lat' dir='ltr'><strong>aequo</strong></span> <span class='ocrx_word' id='word_1_478' title='bbox 3125 1148 3180 1197; x_wconf 89' lang='lat' dir='ltr'><strong>et</strong></span> <span class='ocrx_word' id='word_1_479' title='bbox 3208 1144 3356 1197; x_wconf 86' lang='lat' dir='ltr'><strong>bono</strong></span> <span class='ocrx_word' id='word_1_480' title='bbox 3380 1145 3439 1197; x_wconf 90' lang='lat' dir='ltr'><strong>in</strong></span> <span class='ocrx_word' id='word_1_481' title='bbox 3466 1161 3531 1197; x_wconf 90' lang='lat' dir='ltr'><strong>ea</strong></span> <span class='ocrx_word' id='word_1_482' title='bbox 3560 1161 3651 1199; x_wconf 83' lang='lat' dir='ltr'><strong>co-</strong></span> 
     </span>
    </p>
   </div>
   <div class='ocr_carea' id='block_1_74' title="bbox 1955 1230 3647 1305">
    <p class='ocr_par' dir='ltr' id='par_1_74' title="bbox 1955 1230 3647 1305">
     <span class='ocr_line' id='line_1_74' title="bbox 1955 1230 3647 1305; baseline 0.004 -23"><span class='ocrx_word' id='word_1_483' title='bbox 1955 1234 2120 1282; x_wconf 88' lang='lat' dir='ltr'><strong>natus</strong></span> <span class='ocrx_word' id='word_1_484' title='bbox 2161 1230 2250 1295; x_wconf 87' lang='lat' dir='ltr'><strong>sit,</strong></span> <span class='ocrx_word' id='word_1_485' title='bbox 2309 1246 2409 1283; x_wconf 92' lang='lat' dir='ltr'><strong>nec</strong></span> <span class='ocrx_word' id='word_1_486' title='bbox 2458 1230 2797 1300; x_wconf 81' lang='lat' dir='ltr'><strong>cujusquam</strong></span> <span class='ocrx_word' id='word_1_487' title='bbox 2848 1231 3043 1284; x_wconf 90' lang='lat' dir='ltr'><strong>odium</strong></span> <span class='ocrx_word' id='word_1_488' title='bbox 3091 1233 3389 1287; x_wconf 74' lang='lat' dir='ltr'><strong>timueritf</strong></span> <span class='ocrx_word' id='word_1_489' title='bbox 3454 1234 3647 1305; x_wconf 90' lang='lat' dir='ltr'><strong>itaque</strong></span> 
     </span>
    </p>
   </div>
   <div class='ocr_carea' id='block_1_75' title="bbox 1956 1319 3648 1393">
    <p class='ocr_par' dir='ltr' id='par_1_75' title="bbox 1956 1319 3648 1393">
     <span class='ocr_line' id='line_1_75' title="bbox 1956 1319 3648 1393; baseline 0.002 -21"><span class='ocrx_word' id='word_1_490' title='bbox 1956 1319 2258 1385; x_wconf 86' lang='lat' dir='ltr'><strong>Conigasto</strong></span> <span class='ocrx_word' id='word_1_491' title='bbox 2292 1323 2345 1371; x_wconf 89' lang='lat' dir='ltr'><strong>et</strong></span> <span class='ocrx_word' id='word_1_492' title='bbox 2388 1319 2707 1389; x_wconf 71' lang='lat' dir='ltr'><strong>Terguillze,</strong></span> <span class='ocrx_word' id='word_1_493' title='bbox 2766 1324 2819 1372; x_wconf 90' lang='lat' dir='ltr'><strong>et</strong></span> <span class='ocrx_word' id='word_1_494' title='bbox 2871 1319 3107 1390; x_wconf 90' lang='lat' dir='ltr'><strong>reliquis</strong></span> <span class='ocrx_word' id='word_1_495' title='bbox 3129 1321 3387 1374; x_wconf 87' lang='lat' dir='ltr'><strong>barbaris</strong></span> <span class='ocrx_word' id='word_1_496' title='bbox 3419 1338 3648 1393; x_wconf 89' lang='lat' dir='ltr'><strong>semper</strong></span> 
     </span>
    </p>
   </div>
   <div class='ocr_carea' id='block_1_76' title="bbox 1955 1407 3646 1478">
    <p class='ocr_par' dir='ltr' id='par_1_76' title="bbox 1955 1407 3646 1478">
     <span class='ocr_line' id='line_1_76' title="bbox 1955 1407 3646 1478; baseline 0.004 -19"><span class='ocrx_word' id='word_1_497' title='bbox 1955 1408 2241 1461; x_wconf 90' lang='lat' dir='ltr'><strong>obstitisse</strong></span> <span class='ocrx_word' id='word_1_498' title='bbox 2274 1424 2351 1473; x_wconf 90' lang='lat' dir='ltr'><strong>se,</strong></span> <span class='ocrx_word' id='word_1_499' title='bbox 2383 1424 2453 1461; x_wconf 93' lang='lat' dir='ltr'><strong>ne</strong></span> <span class='ocrx_word' id='word_1_500' title='bbox 2502 1407 2715 1478; x_wconf 88' lang='lat' dir='ltr'><strong>ubique</strong></span> <span class='ocrx_word' id='word_1_501' title='bbox 2751 1424 2853 1478; x_wconf 91' lang='lat' dir='ltr'><strong>pro</strong></span> <span class='ocrx_word' id='word_1_502' title='bbox 2892 1409 3129 1463; x_wconf 81' lang='lat' dir='ltr'><strong>libidine</strong></span> <span class='ocrx_word' id='word_1_503' title='bbox 3173 1426 3275 1463; x_wconf 89' lang='lat' dir='ltr'><strong>sua</strong></span> <span class='ocrx_word' id='word_1_504' title='bbox 3303 1410 3646 1465; x_wconf 88' lang='lat' dir='ltr'><strong>imbecillio-</strong></span> 
     </span>
    </p>
   </div>
   <div class='ocr_carea' id='block_1_77' title="bbox 1955 1496 3649 1567">
    <p class='ocr_par' dir='ltr' id='par_1_77' title="bbox 1955 1496 3649 1567">
     <span class='ocr_line' id='line_1_77' title="bbox 1955 1496 3649 1567; baseline 0.004 -19"><span class='ocrx_word' id='word_1_505' title='bbox 1955 1512 2043 1548; x_wconf 90' lang='lat' dir='ltr'><strong>res</strong></span> <span class='ocrx_word' id='word_1_506' title='bbox 2077 1496 2483 1567; x_wconf 90' lang='lat' dir='ltr'><strong>opprimerent.</strong></span> <span class='ocrx_word' id='word_1_507' title='bbox 2533 1496 2905 1566; x_wconf 86' lang='lat' dir='ltr'><strong>Campaniam</strong></span> <span class='ocrx_word' id='word_1_508' title='bbox 2954 1498 3149 1552; x_wconf 87' lang='lat' dir='ltr'><strong>itidem</strong></span> <span class='ocrx_word' id='word_1_509' title='bbox 3182 1499 3338 1565; x_wconf 89' lang='lat' dir='ltr'><strong>dicit,</strong></span> <span class='ocrx_word' id='word_1_510' title='bbox 3362 1504 3427 1553; x_wconf 88' lang='lat' dir='ltr'><strong>ut</strong></span> <span class='ocrx_word' id='word_1_511' title='bbox 3457 1499 3649 1554; x_wconf 85' lang='lat' dir='ltr'><strong>defen-</strong></span> 
     </span>
    </p>
   </div>
   <div class='ocr_carea' id='block_1_78' title="bbox 1954 1585 3645 1659">
    <p class='ocr_par' dir='ltr' id='par_1_78' title="bbox 1954 1585 3645 1659">
     <span class='ocr_line' id='line_1_78' title="bbox 1954 1585 3645 1659; baseline 0.003 -21"><span class='ocrx_word' id='word_1_512' title='bbox 1954 1585 2103 1638; x_wconf 90' lang='lat' dir='ltr'><strong>derit</strong></span> <span class='ocrx_word' id='word_1_513' title='bbox 2144 1585 2212 1638; x_wconf 91' lang='lat' dir='ltr'><strong>ab</strong></span> <span class='ocrx_word' id='word_1_514' title='bbox 2245 1585 2437 1651; x_wconf 87' lang='lat' dir='ltr'><strong>exitio,</strong></span> <span class='ocrx_word' id='word_1_515' title='bbox 2471 1600 2601 1638; x_wconf 90' lang='lat' dir='ltr'><strong>cum</strong></span> <span class='ocrx_word' id='word_1_516' title='bbox 2640 1585 2806 1639; x_wconf 90' lang='lat' dir='ltr'><strong>famis</strong></span> <span class='ocrx_word' id='word_1_517' title='bbox 2847 1591 3103 1657; x_wconf 92' lang='lat' dir='ltr'><strong>tempore</strong></span> <span class='ocrx_word' id='word_1_518' title='bbox 3147 1588 3453 1657; x_wconf 65' lang='lat' dir='ltr'><strong>praefectus</strong></span> <span class='ocrx_word' id='word_1_519' title='bbox 3496 1606 3645 1659; x_wconf 68' lang='lat' dir='ltr'><strong>pra:-</strong></span> 
     </span>
    </p>
   </div>
   <div class='ocr_carea' id='block_1_79' title="bbox 1954 1673 3646 1733">
    <p class='ocr_par' dir='ltr' id='par_1_79' title="bbox 1954 1673 3646 1733">
     <span class='ocr_line' id='line_1_79' title="bbox 1954 1673 3646 1733; baseline 0.004 -7"><span class='ocrx_word' id='word_1_520' title='bbox 1954 1673 2085 1726; x_wconf 90' lang='lat' dir='ltr'><strong>torii</strong></span> <span class='ocrx_word' id='word_1_521' title='bbox 2122 1690 2292 1727; x_wconf 91' lang='lat' dir='ltr'><strong>omne</strong></span> <span class='ocrx_word' id='word_1_522' title='bbox 2339 1674 2695 1728; x_wconf 86' lang='lat' dir='ltr'><strong>frumentum</strong></span> <span class='ocrx_word' id='word_1_523' title='bbox 2734 1691 2995 1729; x_wconf 91' lang='lat' dir='ltr'><strong>coemere</strong></span> <span class='ocrx_word' id='word_1_524' title='bbox 3024 1677 3315 1731; x_wconf 89' lang='lat' dir='ltr'><strong>voluisset.</strong></span> <span class='ocrx_word' id='word_1_525' title='bbox 3351 1678 3442 1731; x_wconf 90' lang='lat' dir='ltr'><strong>Sic</strong></span> <span class='ocrx_word' id='word_1_526' title='bbox 3473 1678 3646 1733; x_wconf 88' lang='lat' dir='ltr'><strong>etiam</strong></span> 
     </span>
    </p>
   </div>
   <div class='ocr_carea' id='block_1_80' title="bbox 1957 1763 3647 1821">
    <p class='ocr_par' dir='ltr' id='par_1_80' title="bbox 1957 1763 3647 1821">
     <span class='ocr_line' id='line_1_80' title="bbox 1957 1763 3647 1821; baseline 0.003 -5"><span class='ocrx_word' id='word_1_527' title='bbox 1957 1772 2018 1817; x_wconf 90' lang='lat' dir='ltr'><strong>ut</strong></span> <span class='ocrx_word' id='word_1_528' title='bbox 2049 1764 2365 1817; x_wconf 86' lang='lat' dir='ltr'><strong>defenderit</strong></span> <span class='ocrx_word' id='word_1_529' title='bbox 2394 1765 2697 1817; x_wconf 90' lang='lat' dir='ltr'><strong>Paulinum</strong></span> <span class='ocrx_word' id='word_1_530' title='bbox 2724 1768 2781 1817; x_wconf 91' lang='lat' dir='ltr'><strong>et</strong></span> <span class='ocrx_word' id='word_1_531' title='bbox 2830 1763 3101 1819; x_wconf 85' lang='lat' dir='ltr'><strong>Albinum</strong></span> <span class='ocrx_word' id='word_1_532' title='bbox 3136 1765 3289 1819; x_wconf 88' lang='lat' dir='ltr'><strong>viros</strong></span> <span class='ocrx_word' id='word_1_533' title='bbox 3319 1768 3647 1821; x_wconf 90' lang='lat' dir='ltr'><strong>consulares</strong></span> 
     </span>
    </p>
   </div>
   <div class='ocr_carea' id='block_1_81' title="bbox 1950 1852 3644 1925">
    <p class='ocr_par' dir='ltr' id='par_1_81' title="bbox 1950 1852 3644 1925">
     <span class='ocr_line' id='line_1_81' title="bbox 1950 1852 3644 1925; baseline 0.002 -20"><span class='ocrx_word' id='word_1_534' title='bbox 1950 1852 2019 1905; x_wconf 89' lang='lat' dir='ltr'><strong>ab</strong></span> <span class='ocrx_word' id='word_1_535' title='bbox 2051 1853 2265 1922; x_wconf 76' lang='lat' dir='ltr'><strong>injuria</strong></span> <span class='ocrx_word' id='word_1_536' title='bbox 2306 1856 2723 1918; x_wconf 89' lang='lat' dir='ltr'><strong>accusatorum,</strong></span> <span class='ocrx_word' id='word_1_537' title='bbox 2758 1852 2969 1923; x_wconf 88' lang='lat' dir='ltr'><strong>quibus</strong></span> <span class='ocrx_word' id='word_1_538' title='bbox 3004 1854 3177 1908; x_wconf 91' lang='lat' dir='ltr'><strong>rebus</strong></span> <span class='ocrx_word' id='word_1_539' title='bbox 3207 1860 3444 1925; x_wconf 90' lang='lat' dir='ltr'><strong>propter</strong></span> <span class='ocrx_word' id='word_1_540' title='bbox 3484 1871 3644 1910; x_wconf 88' lang='lat' dir='ltr'><strong>amo-</strong></span> 
     </span>
    </p>
   </div>
   <div class='ocr_carea' id='block_1_82' title="bbox 1950 1942 3639 2012">
    <p class='ocr_par' dir='ltr' id='par_1_82' title="bbox 1950 1942 3639 2012">
     <span class='ocr_line' id='line_1_82' title="bbox 1950 1942 3639 2012; baseline 0.003 -18"><span class='ocrx_word' id='word_1_541' title='bbox 1950 1958 2071 1995; x_wconf 90' lang='lat' dir='ltr'><strong>rem</strong></span> <span class='ocrx_word' id='word_1_542' title='bbox 2114 1942 2353 2010; x_wconf 84' lang='lat' dir='ltr'><strong>justitiae</strong></span> <span class='ocrx_word' id='word_1_543' title='bbox 2394 1942 2591 1996; x_wconf 90' lang='lat' dir='ltr'><strong>odium</strong></span> <span class='ocrx_word' id='word_1_544' title='bbox 2624 1942 3021 2012; x_wconf 91' lang='lat' dir='ltr'><strong>improborum</strong></span> <span class='ocrx_word' id='word_1_545' title='bbox 3074 1942 3135 1997; x_wconf 93' lang='lat' dir='ltr'><strong>in</strong></span> <span class='ocrx_word' id='word_1_546' title='bbox 3175 1959 3234 1998; x_wconf 91' lang='lat' dir='ltr'><strong>se</strong></span> <span class='ocrx_word' id='word_1_547' title='bbox 3257 1945 3639 2000; x_wconf 89' lang='lat' dir='ltr'><strong>concitaverit.</strong></span> 
     </span>
    </p>
   </div>
   <div class='ocr_carea' id='block_1_83' title="bbox 1946 2032 2241 2085">
    <p class='ocr_par' dir='ltr' id='par_1_83' title="bbox 1946 2032 2241 2085">
     <span class='ocr_line' id='line_1_83' title="bbox 1946 2032 2241 2085; baseline 0 -1"><span class='ocrx_word' id='word_1_548' title='bbox 1946 2032 2241 2085; x_wconf 76' lang='lat' dir='ltr'><strong>AGRICOLA.</strong></span> 
     </span>
    </p>
   </div>
   <div class='ocr_carea' id='block_1_84' title="bbox 2017 2117 3643 2192">
    <p class='ocr_par' dir='ltr' id='par_1_84' title="bbox 2017 2117 3643 2192">
     <span class='ocr_line' id='line_1_84' title="bbox 2017 2117 3643 2192; baseline 0.002 -19"><span class='ocrx_word' id='word_1_549' title='bbox 2017 2119 2217 2191; x_wconf 82' lang='lat' dir='ltr'><strong>Sentis]</strong></span> <span class='ocrx_word' id='word_1_550' title='bbox 2254 2118 2475 2173; x_wconf 90' lang='lat' dir='ltr'><strong>Seutire</strong></span> <span class='ocrx_word' id='word_1_551' title='bbox 2496 2117 2728 2188; x_wconf 90' lang='lat' dir='ltr'><strong>proprie</strong></span> <span class='ocrx_word' id='word_1_552' title='bbox 2758 2118 2968 2173; x_wconf 91' lang='lat' dir='ltr'><strong>dicitur</strong></span> <span class='ocrx_word' id='word_1_553' title='bbox 2999 2119 3191 2191; x_wconf 90' lang='lat' dir='ltr'><strong>aliquo</strong></span> <span class='ocrx_word' id='word_1_554' title='bbox 3220 2121 3483 2192; x_wconf 86' lang='lat' dir='ltr'><strong>quinque</strong></span> <span class='ocrx_word' id='word_1_555' title='bbox 3507 2138 3643 2176; x_wconf 87' lang='lat' dir='ltr'><strong>sen-</strong></span> 
     </span>
    </p>
   </div>
   <div class='ocr_carea' id='block_1_85' title="bbox 1947 2207 3643 2280">
    <p class='ocr_par' dir='ltr' id='par_1_85' title="bbox 1947 2207 3643 2280">
     <span class='ocr_line' id='line_1_85' title="bbox 1947 2207 3643 2280; baseline 0.004 -21"><span class='ocrx_word' id='word_1_556' title='bbox 1947 2223 2113 2260; x_wconf 91' lang='lat' dir='ltr'><strong>suum</strong></span> <span class='ocrx_word' id='word_1_557' title='bbox 2154 2208 2485 2278; x_wconf 90' lang='lat' dir='ltr'><strong>percipere:</strong></span> <span class='ocrx_word' id='word_1_558' title='bbox 2544 2207 2886 2261; x_wconf 86' lang='lat' dir='ltr'><strong>transfertur</strong></span> <span class='ocrx_word' id='word_1_559' title='bbox 2925 2212 3120 2262; x_wconf 89' lang='lat' dir='ltr'><strong>autem</strong></span> <span class='ocrx_word' id='word_1_560' title='bbox 3177 2211 3521 2280; x_wconf 89' lang='lat' dir='ltr'><strong>plerumque</strong></span> <span class='ocrx_word' id='word_1_561' title='bbox 3570 2212 3643 2265; x_wconf 90' lang='lat' dir='ltr'><strong>ad</strong></span> 
     </span>
    </p>
   </div>
   <div class='ocr_carea' id='block_1_86' title="bbox 1946 2295 3639 2366">
    <p class='ocr_par' dir='ltr' id='par_1_86' title="bbox 1946 2295 3639 2366">
     <span class='ocr_line' id='line_1_86' title="bbox 1946 2295 3639 2366; baseline 0.001 -16"><span class='ocrx_word' id='word_1_562' title='bbox 1946 2311 2178 2351; x_wconf 90' lang='lat' dir='ltr'><strong>omnem</strong></span> <span class='ocrx_word' id='word_1_563' title='bbox 2208 2296 2553 2366; x_wconf 90' lang='lat' dir='ltr'><strong>cognitionis</strong></span> <span class='ocrx_word' id='word_1_564' title='bbox 2596 2295 3043 2366; x_wconf 88' lang='lat' dir='ltr'><strong>perceptionem.</strong></span> <span class='ocrx_word' id='word_1_565' title='bbox 3076 2298 3165 2351; x_wconf 90' lang='lat' dir='ltr'><strong>Sic</strong></span> <span class='ocrx_word' id='word_1_566' title='bbox 3203 2298 3509 2366; x_wconf 86' lang='lat' dir='ltr'><strong>Juvenalis,</strong></span> <span class='ocrx_word' id='word_1_567' title='bbox 3544 2298 3639 2352; x_wconf 88' lang='lat' dir='ltr'><strong>in-</strong></span> 
     </span>
    </p>
   </div>
   <div class='ocr_carea' id='block_1_87' title="bbox 1945 2387 3640 2457">
    <p class='ocr_par' dir='ltr' id='par_1_87' title="bbox 1945 2387 3640 2457">
     <span class='ocr_line' id='line_1_87' title="bbox 1945 2387 3640 2457; baseline 0.001 -17"><span class='ocrx_word' id='word_1_568' title='bbox 1945 2387 2091 2457; x_wconf 87' lang='lat' dir='ltr'><strong>quit,</strong></span> <span class='ocrx_word' id='word_1_569' title='bbox 2127 2387 2356 2457; x_wconf 91' lang='lat' dir='ltr'><strong>qualem</strong></span> <span class='ocrx_word' id='word_1_570' title='bbox 2388 2401 2609 2456; x_wconf 91' lang='lat' dir='ltr'><strong>nequeo</strong></span> <span class='ocrx_word' id='word_1_571' title='bbox 2644 2390 2981 2454; x_wconf 90' lang='lat' dir='ltr'><strong>monstrare,</strong></span> <span class='ocrx_word' id='word_1_572' title='bbox 3017 2391 3073 2441; x_wconf 91' lang='lat' dir='ltr'><strong>et</strong></span> <span class='ocrx_word' id='word_1_573' title='bbox 3101 2388 3281 2441; x_wconf 88' lang='lat' dir='ltr'><strong>sentio</strong></span> <span class='ocrx_word' id='word_1_574' title='bbox 3311 2392 3556 2455; x_wconf 89' lang='lat' dir='ltr'><strong>tantum,</strong></span> <span class='ocrx_word' id='word_1_575' title='bbox 3581 2388 3640 2443; x_wconf 91' lang='lat' dir='ltr'><strong>id</strong></span> 
     </span>
    </p>
   </div>
   <div class='ocr_carea' id='block_1_88' title="bbox 1944 2473 3637 2546">
    <p class='ocr_par' dir='ltr' id='par_1_88' title="bbox 1944 2473 3637 2546">
     <span class='ocr_line' id='line_1_88' title="bbox 1944 2473 3637 2546; baseline -0.001 -16"><span class='ocrx_word' id='word_1_576' title='bbox 1944 2481 2029 2531; x_wconf 89' lang='lat' dir='ltr'><strong>est</strong></span> <span class='ocrx_word' id='word_1_577' title='bbox 2063 2475 2322 2544; x_wconf 88' lang='lat' dir='ltr'><strong>intelligo</strong></span> <span class='ocrx_word' id='word_1_578' title='bbox 2351 2479 2597 2528; x_wconf 89' lang='lat' dir='ltr'><strong>tantum.</strong></span> <span class='ocrx_word' id='word_1_579' title='bbox 2634 2473 2987 2543; x_wconf 88' lang='lat' dir='ltr'><strong>Quandoque</strong></span> <span class='ocrx_word' id='word_1_580' title='bbox 3026 2474 3323 2546; x_wconf 88' lang='lat' dir='ltr'><strong>accipitur,</strong></span> <span class='ocrx_word' id='word_1_581' title='bbox 3357 2479 3421 2529; x_wconf 92' lang='lat' dir='ltr'><strong>ut</strong></span> <span class='ocrx_word' id='word_1_582' title='bbox 3457 2474 3637 2546; x_wconf 86' lang='lat' dir='ltr'><strong>sitju-</strong></span> 
     </span>
    </p>
   </div>
   <div class='ocr_carea' id='block_1_89' title="bbox 1943 2564 2450 2620">
    <p class='ocr_par' dir='ltr' id='par_1_89' title="bbox 1943 2564 2450 2620">
     <span class='ocr_line' id='line_1_89' title="bbox 1943 2564 2450 2620; baseline -0.01 0"><span class='ocrx_word' id='word_1_583' title='bbox 1943 2566 2150 2620; x_wconf 91' lang='lat' dir='ltr'><strong>dicare.</strong></span> <span class='ocrx_word' id='word_1_584' title='bbox 2186 2564 2411 2618; x_wconf 87' lang='lat' dir='ltr'><strong>Persius</strong></span> <span class='ocrx_word' id='word_1_585' title='bbox 2436 2579 2450 2616; x_wconf 90' lang='lat'><strong>:</strong></span> 
     </span>
    </p>
   </div>
   <div class='ocr_carea' id='block_1_90' title="bbox 2283 2651 2893 2715">
    <p class='ocr_par' dir='ltr' id='par_1_90' title="bbox 2283 2651 2893 2715">
     <span class='ocr_line' id='line_1_90' title="bbox 2283 2651 2893 2715; baseline -0.002 -14"><span class='ocrx_word' id='word_1_586' title='bbox 2283 2653 2355 2701; x_wconf 94' lang='lat' dir='ltr'><strong>De</strong></span> <span class='ocrx_word' id='word_1_587' title='bbox 2383 2654 2511 2703; x_wconf 88' lang='lat' dir='ltr'><strong>Jove</strong></span> <span class='ocrx_word' id='word_1_588' title='bbox 2532 2651 2659 2715; x_wconf 91' lang='lat' dir='ltr'><strong>quid</strong></span> <span class='ocrx_word' id='word_1_589' title='bbox 2690 2652 2893 2701; x_wconf 80' lang='lat' dir='ltr'><strong>sentis?</strong></span> 
     </span>
    </p>
   </div>
   <div class='ocr_carea' id='block_1_91' title="bbox 1940 2733 2736 2805">
    <p class='ocr_par' dir='ltr' id='par_1_91' title="bbox 1940 2733 2736 2805">
     <span class='ocr_line' id='line_1_91' title="bbox 1940 2733 2736 2805; baseline -0.006 -15"><span class='ocrx_word' id='word_1_590' title='bbox 1940 2736 1999 2790; x_wconf 92' lang='lat' dir='ltr'><strong>Id</strong></span> <span class='ocrx_word' id='word_1_591' title='bbox 2032 2734 2372 2805; x_wconf 86' lang='lat' dir='ltr'><strong>estjudicas.</strong></span> <span class='ocrx_word' id='word_1_592' title='bbox 2404 2733 2693 2787; x_wconf 87' lang='lat' dir='ltr'><strong>Juvenalis</strong></span> <span class='ocrx_word' id='word_1_593' title='bbox 2724 2749 2736 2786; x_wconf 93' lang='lat'><strong>:</strong></span> 
     </span>
    </p>
   </div>
   <div class='ocr_carea' id='block_1_92' title="bbox 2095 2821 3322 2934">
    <p class='ocr_par' dir='ltr' id='par_1_92' title="bbox 2095 2821 3322 2934">
     <span class='ocr_line' id='line_1_92' title="bbox 2095 2821 3322 2934; baseline -0.002 -63"><span class='ocrx_word' id='word_1_594' title='bbox 2095 2823 2231 2934; x_wconf 60' lang='grc' dir='ltr'><strong>Βυἰά</strong></span> <span class='ocrx_word' id='word_1_595' title='bbox 2267 2822 2461 2933; x_wconf 55' lang='grc' dir='ltr'><strong>ἷθηὶὶξθ</strong></span> <span class='ocrx_word' id='word_1_596' title='bbox 2491 2826 2644 2885; x_wconf 81' lang='lat' dir='ltr'><strong>putas</strong></span> <span class='ocrx_word' id='word_1_597' title='bbox 2670 2834 2853 2870; x_wconf 88' lang='lat' dir='ltr'><strong>omnes</strong></span> <span class='ocrx_word' id='word_1_598' title='bbox 2884 2821 3098 2871; x_wconf 85' lang='lat' dir='ltr'><strong>Calvine</strong></span> <span class='ocrx_word' id='word_1_599' title='bbox 3126 2822 3322 2871; x_wconf 89' lang='lat' dir='ltr'><strong>recenti</strong></span> 
     </span>
     <span class='ocr_line' id='line_1_93' title="bbox 2140 2898 2423 2934; baseline -0.004 0"><span class='ocrx_word' id='word_1_600' title='bbox 2140 2900 2167 2934; x_wconf 92' lang='lat' dir='ltr'><strong>e</strong></span> <span class='ocrx_word' id='word_1_601' title='bbox 2192 2898 2275 2934; x_wconf 90' lang='lat' dir='ltr'><strong>sce</strong></span> <span class='ocrx_word' id='word_1_602' title='bbox 2303 2898 2389 2934; x_wconf 88' lang='lat' dir='ltr'><strong>ere</strong></span> <span class='ocrx_word' id='word_1_603' title='bbox 2413 2922 2423 2933; x_wconf 96' lang='lat'><strong>.</strong></span> 
     </span>
    </p>
   </div>
   <div class='ocr_carea' id='block_1_93' title="bbox 2140 2898 2423 2934">
    <p class='ocr_par' dir='ltr' id='par_1_93' title="bbox 2140 2898 2423 2934">
     <span class='ocr_line' id='line_1_94' title="bbox 2140 2898 2423 2934; baseline -0.004 0"><span class='ocrx_word' id='word_1_604' title='bbox 2140 2900 2167 2934; x_wconf 74' lang='grc' dir='ltr'>θ</span> <span class='ocrx_word' id='word_1_605' title='bbox 2192 2898 2389 2934; x_wconf 79' lang='lat' dir='ltr'><strong>scelere</strong></span> <span class='ocrx_word' id='word_1_606' title='bbox 2406 2898 2423 2933; x_wconf 70' lang='grc' dir='ltr'><strong>Ἰ</strong></span> 
     </span>
    </p>
   </div>
   <div class='ocr_carea' id='block_1_94' title="bbox 1937 2969 3625 3126">
    <p class='ocr_par' dir='ltr' id='par_1_94' title="bbox 1937 2969 3625 3126">
     <span class='ocr_line' id='line_1_95' title="bbox 1937 2969 3625 3126; baseline -0.002 -18"><span class='ocrx_word' id='word_1_607' title='bbox 1937 2969 2341 3126; x_wconf 31' lang='grc' dir='ltr'><strong>Αῦῗῖιῗιέζῖιιιαν]</strong></span> <span class='ocrx_word' id='word_1_608' title='bbox 2389 3054 2600 3109; x_wconf 89' lang='lat' dir='ltr'><strong>Ornate</strong></span> <span class='ocrx_word' id='word_1_609' title='bbox 2640 3050 2798 3118; x_wconf 88' lang='lat' dir='ltr'><strong>dixit,</strong></span> <span class='ocrx_word' id='word_1_610' title='bbox 2861 3052 3073 3123; x_wconf 85' lang='lat' dir='ltr'><strong>duplex</strong></span> <span class='ocrx_word' id='word_1_611' title='bbox 3117 3051 3273 3106; x_wconf 91' lang='lat' dir='ltr'><strong>enim</strong></span> <span class='ocrx_word' id='word_1_612' title='bbox 3300 3050 3625 3106; x_wconf 88' lang='lat' dir='ltr'><strong>translatio.</strong></span> 
     </span>
    </p>
   </div>
   <div class='ocr_carea' id='block_1_95' title="bbox 1936 3136 3633 3207">
    <p class='ocr_par' dir='ltr' id='par_1_95' title="bbox 1936 3136 3633 3207">
     <span class='ocr_line' id='line_1_96' title="bbox 1936 3136 3633 3207; baseline -0.002 -13"><span class='ocrx_word' id='word_1_613' title='bbox 1936 3142 2077 3195; x_wconf 90' lang='lat' dir='ltr'><strong>Nam</strong></span> <span class='ocrx_word' id='word_1_614' title='bbox 2106 3144 2162 3193; x_wconf 90' lang='lat' dir='ltr'><strong>et</strong></span> <span class='ocrx_word' id='word_1_615' title='bbox 2204 3139 2376 3192; x_wconf 87' lang='lat' dir='ltr'><strong>verba</strong></span> <span class='ocrx_word' id='word_1_616' title='bbox 2404 3137 2583 3205; x_wconf 91' lang='lat' dir='ltr'><strong>illabi,</strong></span> <span class='ocrx_word' id='word_1_617' title='bbox 2647 3142 2703 3190; x_wconf 89' lang='lat' dir='ltr'><strong>et</strong></span> <span class='ocrx_word' id='word_1_618' title='bbox 2749 3137 2907 3191; x_wconf 91' lang='lat' dir='ltr'><strong>illabi</strong></span> <span class='ocrx_word' id='word_1_619' title='bbox 2955 3136 3148 3190; x_wconf 90' lang='lat' dir='ltr'><strong>animo</strong></span> <span class='ocrx_word' id='word_1_620' title='bbox 3179 3141 3489 3207; x_wconf 90' lang='lat' dir='ltr'><strong>utrumque</strong></span> <span class='ocrx_word' id='word_1_621' title='bbox 3529 3152 3633 3207; x_wconf 88' lang='lat' dir='ltr'><strong>per</strong></span> 
     </span>
    </p>
   </div>
   <div class='ocr_carea' id='block_1_96' title="bbox 1937 3225 3629 3297">
    <p class='ocr_par' dir='ltr' id='par_1_96' title="bbox 1937 3225 3629 3297">
     <span class='ocr_line' id='line_1_97' title="bbox 1937 3225 3629 3297; baseline 0 -16"><span class='ocrx_word' id='word_1_622' title='bbox 1937 3228 2369 3282; x_wconf 88' lang='lat' dir='ltr'><strong>translationem</strong></span> <span class='ocrx_word' id='word_1_623' title='bbox 2402 3226 2645 3281; x_wconf 88' lang='lat' dir='ltr'><strong>dicitur:</strong></span> <span class='ocrx_word' id='word_1_624' title='bbox 2697 3241 2833 3280; x_wconf 90' lang='lat' dir='ltr'><strong>nam</strong></span> <span class='ocrx_word' id='word_1_625' title='bbox 2872 3241 3159 3296; x_wconf 83' lang='lat' dir='ltr'><strong>corporeae</strong></span> <span class='ocrx_word' id='word_1_626' title='bbox 3200 3225 3287 3280; x_wconf 92' lang='lat' dir='ltr'><strong>rei</strong></span> <span class='ocrx_word' id='word_1_627' title='bbox 3325 3226 3629 3297; x_wconf 90' lang='lat' dir='ltr'><strong>proprium</strong></span> 
     </span>
    </p>
   </div>
   <div class='ocr_carea' id='block_1_97' title="bbox 1936 3318 2515 3372">
    <p class='ocr_par' dir='ltr' id='par_1_97' title="bbox 1936 3318 2515 3372">
     <span class='ocr_line' id='line_1_98' title="bbox 1936 3318 2515 3372; baseline 0 -1"><span class='ocrx_word' id='word_1_628' title='bbox 1936 3324 2021 3371; x_wconf 89' lang='lat' dir='ltr'><strong>est</strong></span> <span class='ocrx_word' id='word_1_629' title='bbox 2046 3318 2179 3371; x_wconf 90' lang='lat' dir='ltr'><strong>labi.</strong></span> <span class='ocrx_word' id='word_1_630' title='bbox 2214 3320 2515 3372; x_wconf 75' lang='lat' dir='ltr'><strong>AGRICOLA.</strong></span> 
     </span>
    </p>
   </div>
   <div class='ocr_carea' id='block_1_98' title="bbox 2004 3402 3627 3480">
    <p class='ocr_par' dir='ltr' id='par_1_98' title="bbox 2004 3402 3627 3480">
     <span class='ocr_line' id='line_1_99' title="bbox 2004 3402 3627 3480; baseline 0.001 -22"><span class='ocrx_word' id='word_1_631' title='bbox 2004 3412 2135 3480; x_wconf 68' lang='grc' dir='ltr'><strong>Ἄρα</strong></span> <span class='ocrx_word' id='word_1_632' title='bbox 2182 3410 2225 3457; x_wconf 78' lang='grc' dir='ltr'><strong>εἴ</strong></span> <span class='ocrx_word' id='word_1_633' title='bbox 2262 3410 2371 3467; x_wconf 75' lang='grc' dir='ltr'><strong>ὄνος</strong></span> <span class='ocrx_word' id='word_1_634' title='bbox 2409 3406 2535 3479; x_wconf 81' lang='grc' dir='ltr'><strong>πρὸς</strong></span> <span class='ocrx_word' id='word_1_635' title='bbox 2570 3402 2746 3479; x_wconf 75' lang='grc' dir='ltr'><strong>λύραν]</strong></span> <span class='ocrx_word' id='word_1_636' title='bbox 2800 3404 3059 3459; x_wconf 67' lang='lat' dir='ltr'><strong>Grmcum</strong></span> <span class='ocrx_word' id='word_1_637' title='bbox 3103 3405 3473 3476; x_wconf 90' lang='lat' dir='ltr'><strong>proverbium</strong></span> <span class='ocrx_word' id='word_1_638' title='bbox 3524 3408 3627 3471; x_wconf 90' lang='lat' dir='ltr'><strong>est,</strong></span> 
     </span>
    </p>
   </div>
   <div class='ocr_carea' id='block_1_99' title="bbox 1934 3494 3632 3567">
    <p class='ocr_par' dir='ltr' id='par_1_99' title="bbox 1934 3494 3632 3567">
     <span class='ocr_line' id='line_1_100' title="bbox 1934 3494 3632 3567; baseline -0.001 -18"><span class='ocrx_word' id='word_1_639' title='bbox 1934 3497 2083 3567; x_wconf 90' lang='lat' dir='ltr'><strong>quod</strong></span> <span class='ocrx_word' id='word_1_640' title='bbox 2111 3496 2260 3565; x_wconf 85' lang='lat' dir='ltr'><strong>apud</strong></span> <span class='ocrx_word' id='word_1_641' title='bbox 2294 3512 2388 3549; x_wconf 91' lang='lat' dir='ltr'><strong>eos</strong></span> <span class='ocrx_word' id='word_1_642' title='bbox 2417 3496 2589 3565; x_wconf 90' lang='lat' dir='ltr'><strong>vulgo</strong></span> <span class='ocrx_word' id='word_1_643' title='bbox 2618 3494 2827 3547; x_wconf 90' lang='lat' dir='ltr'><strong>dicitur</strong></span> <span class='ocrx_word' id='word_1_644' title='bbox 2853 3494 2934 3548; x_wconf 90' lang='lat' dir='ltr'><strong>eis</strong></span> <span class='ocrx_word' id='word_1_645' title='bbox 2966 3510 3213 3565; x_wconf 90' lang='lat' dir='ltr'><strong>quorum</strong></span> <span class='ocrx_word' id='word_1_646' title='bbox 3245 3495 3416 3549; x_wconf 91' lang='lat' dir='ltr'><strong>rudes</strong></span> <span class='ocrx_word' id='word_1_647' title='bbox 3450 3494 3632 3549; x_wconf 91' lang='lat' dir='ltr'><strong>animi</strong></span> 
     </span>
    </p>
   </div>
   <div class='ocr_carea' id='block_1_100' title="bbox 1933 3583 3624 3656">
    <p class='ocr_par' dir='ltr' id='par_1_100' title="bbox 1933 3583 3624 3656">
     <span class='ocr_line' id='line_1_101' title="bbox 1933 3583 3624 3656; baseline 0.001 -18"><span class='ocrx_word' id='word_1_648' title='bbox 1933 3602 2135 3656; x_wconf 90' lang='lat' dir='ltr'><strong>parum</strong></span> <span class='ocrx_word' id='word_1_649' title='bbox 2168 3584 2286 3655; x_wconf 91' lang='lat' dir='ltr'><strong>apti</strong></span> <span class='ocrx_word' id='word_1_650' title='bbox 2327 3588 2460 3638; x_wconf 88' lang='lat' dir='ltr'><strong>sunt</strong></span> <span class='ocrx_word' id='word_1_651' title='bbox 2506 3584 2576 3637; x_wconf 90' lang='lat' dir='ltr'><strong>ad</strong></span> <span class='ocrx_word' id='word_1_652' title='bbox 2626 3600 2691 3637; x_wconf 92' lang='lat' dir='ltr'><strong>ea</strong></span> <span class='ocrx_word' id='word_1_653' title='bbox 2737 3599 2862 3655; x_wconf 66' lang='lat' dir='ltr'><strong>qua:</strong></span> <span class='ocrx_word' id='word_1_654' title='bbox 2907 3583 3175 3638; x_wconf 91' lang='lat' dir='ltr'><strong>dicuntur</strong></span> <span class='ocrx_word' id='word_1_655' title='bbox 3217 3583 3624 3656; x_wconf 54' lang='lat' dir='ltr'><strong>percipiendah</strong></span> 
     </span>
    </p>
   </div>
   <div class='ocr_carea' id='block_1_101' title="bbox 1932 3673 3625 3744">
    <p class='ocr_par' dir='ltr' id='par_1_101' title="bbox 1932 3673 3625 3744">
     <span class='ocr_line' id='line_1_102' title="bbox 1932 3673 3625 3744; baseline 0.001 -18"><span class='ocrx_word' id='word_1_656' title='bbox 1932 3674 2217 3743; x_wconf 79' lang='lat' dir='ltr'><strong>signiﬁcat</strong></span> <span class='ocrx_word' id='word_1_657' title='bbox 2268 3680 2480 3741; x_wconf 90' lang='lat' dir='ltr'><strong>autem,</strong></span> <span class='ocrx_word' id='word_1_658' title='bbox 2532 3675 2618 3727; x_wconf 89' lang='lat' dir='ltr'><strong>An</strong></span> <span class='ocrx_word' id='word_1_659' title='bbox 2650 3690 2707 3727; x_wconf 89' lang='lat' dir='ltr'><strong>es</strong></span> <span class='ocrx_word' id='word_1_660' title='bbox 2741 3674 2933 3727; x_wconf 90' lang='lat' dir='ltr'><strong>asinus</strong></span> <span class='ocrx_word' id='word_1_661' title='bbox 2959 3674 3031 3727; x_wconf 89' lang='lat' dir='ltr'><strong>ad</strong></span> <span class='ocrx_word' id='word_1_662' title='bbox 3057 3674 3239 3744; x_wconf 83' lang='lat' dir='ltr'><strong>lyram</strong></span> <span class='ocrx_word' id='word_1_663' title='bbox 3260 3673 3287 3727; x_wconf 84' lang='lat'><strong>?</strong></span> <span class='ocrx_word' id='word_1_664' title='bbox 3318 3677 3625 3730; x_wconf 77' lang='lat' dir='ltr'><strong>AGBICOLA.</strong></span> 
     </span>
    </p>
   </div>
   <div class='ocr_carea' id='block_1_102' title="bbox 2005 3761 3628 3833">
    <p class='ocr_par' dir='ltr' id='par_1_102' title="bbox 2005 3761 3628 3833">
     <span class='ocr_line' id='line_1_103' title="bbox 2005 3761 3628 3833; baseline 0.001 -17"><span class='ocrx_word' id='word_1_665' title='bbox 2005 3763 2151 3828; x_wconf 78' lang='lat' dir='ltr'><strong>Quid</strong></span> <span class='ocrx_word' id='word_1_666' title='bbox 2202 3763 2314 3831; x_wconf 72' lang='lat' dir='ltr'><strong>[les]</strong></span> <span class='ocrx_word' id='word_1_667' title='bbox 2346 3762 2455 3828; x_wconf 90' lang='lat' dir='ltr'><strong>Sic,</strong></span> <span class='ocrx_word' id='word_1_668' title='bbox 2501 3761 2641 3830; x_wconf 85' lang='lat' dir='ltr'><strong>quid</strong></span> <span class='ocrx_word' id='word_1_669' title='bbox 2694 3761 2871 3815; x_wconf 88' lang='lat' dir='ltr'><strong>tristis</strong></span> <span class='ocrx_word' id='word_1_670' title='bbox 2901 3764 3003 3816; x_wconf 87' lang='lat' dir='ltr'><strong>es?</strong></span> <span class='ocrx_word' id='word_1_671' title='bbox 3040 3764 3176 3833; x_wconf 90' lang='lat' dir='ltr'><strong>quid</strong></span> <span class='ocrx_word' id='word_1_672' title='bbox 3205 3764 3396 3818; x_wconf 81' lang='lat' dir='ltr'><strong>rides?</strong></span> <span class='ocrx_word' id='word_1_673' title='bbox 3418 3764 3628 3818; x_wconf 91' lang='lat' dir='ltr'><strong>dicitur</strong></span> 
     </span>
    </p>
   </div>
   <div class='ocr_carea' id='block_1_103' title="bbox 1930 3850 3627 3922">
    <p class='ocr_par' dir='ltr' id='par_1_103' title="bbox 1930 3850 3627 3922">
     <span class='ocr_line' id='line_1_104' title="bbox 1930 3850 3627 3922; baseline 0.001 -17"><span class='ocrx_word' id='word_1_674' title='bbox 1930 3869 2036 3922; x_wconf 89' lang='lat' dir='ltr'><strong>per</strong></span> <span class='ocrx_word' id='word_1_675' title='bbox 2060 3852 2337 3921; x_wconf 87' lang='lat' dir='ltr'><strong>eclipsim,</strong></span> <span class='ocrx_word' id='word_1_676' title='bbox 2386 3852 2437 3904; x_wconf 92' lang='lat' dir='ltr'><strong>id</strong></span> <span class='ocrx_word' id='word_1_677' title='bbox 2472 3856 2556 3903; x_wconf 91' lang='lat' dir='ltr'><strong>est</strong></span> <span class='ocrx_word' id='word_1_678' title='bbox 2610 3850 3157 3919; x_wconf 64' lang='lat' dir='ltr'><strong>prmtermissionem</strong></span> <span class='ocrx_word' id='word_1_679' title='bbox 3207 3853 3293 3906; x_wconf 90' lang='lat' dir='ltr'><strong>vel</strong></span> <span class='ocrx_word' id='word_1_680' title='bbox 3342 3853 3627 3907; x_wconf 86' lang='lat' dir='ltr'><strong>defectum</strong></span> 
     </span>
    </p>
   </div>
   <div class='ocr_carea' id='block_1_104' title="bbox 1931 3938 3629 4012">
    <p class='ocr_par' dir='ltr' id='par_1_104' title="bbox 1931 3938 3629 4012">
     <span class='ocr_line' id='line_1_105' title="bbox 1931 3938 3629 4012; baseline 0.002 -19"><span class='ocrx_word' id='word_1_681' title='bbox 1931 3939 2354 4011; x_wconf 61' lang='lat' dir='ltr'><strong>prmpositionis</strong></span> <span class='ocrx_word' id='word_1_682' title='bbox 2384 3943 2639 4010; x_wconf 89' lang='lat' dir='ltr'><strong>pr0pter,</strong></span> <span class='ocrx_word' id='word_1_683' title='bbox 2662 3942 2725 3991; x_wconf 87' lang='lat' dir='ltr'><strong>ut</strong></span> <span class='ocrx_word' id='word_1_684' title='bbox 2744 3938 2834 4005; x_wconf 88' lang='lat' dir='ltr'><strong>sit,</strong></span> <span class='ocrx_word' id='word_1_685' title='bbox 2864 3946 3101 4011; x_wconf 91' lang='lat' dir='ltr'><strong>propter</strong></span> <span class='ocrx_word' id='word_1_686' title='bbox 3133 3941 3273 4012; x_wconf 91' lang='lat' dir='ltr'><strong>quid</strong></span> <span class='ocrx_word' id='word_1_687' title='bbox 3291 3941 3438 3997; x_wconf 77' lang='lat' dir='ltr'><strong>ﬂes?</strong></span> <span class='ocrx_word' id='word_1_688' title='bbox 3467 3944 3629 3996; x_wconf 70' lang='grc' dir='ltr'><strong>Λεω-</strong></span> 
     </span>
    </p>
   </div>
   <div class='ocr_carea' id='block_1_105' title="bbox 1930 4046 2084 4083">
    <p class='ocr_par' dir='ltr' id='par_1_105' title="bbox 1930 4046 2084 4083">
     <span class='ocr_line' id='line_1_106' title="bbox 1930 4046 2084 4083; baseline 0 0"><span class='ocrx_word' id='word_1_689' title='bbox 1930 4046 2061 4083; x_wconf 81' lang='lat' dir='ltr'><strong>COLA</strong></span> <span class='ocrx_word' id='word_1_690' title='bbox 2072 4070 2084 4083; x_wconf 90' lang='lat'><strong>.</strong></span> 
     </span>
    </p>
   </div>
   <div class='ocr_carea' id='block_1_106' title="bbox 2000 4114 3627 4188">
    <p class='ocr_par' dir='ltr' id='par_1_106' title="bbox 2000 4114 3627 4188">
     <span class='ocr_line' id='line_1_107' title="bbox 2000 4114 3627 4188; baseline -0.001 -16"><span class='ocrx_word' id='word_1_691' title='bbox 2000 4120 2282 4187; x_wconf 81' lang='lat' dir='ltr'><strong>Lacrymz&#39;s</strong></span> <span class='ocrx_word' id='word_1_692' title='bbox 2360 4114 2575 4187; x_wconf 88' lang='lat' dir='ltr'><strong>manas]</strong></span> <span class='ocrx_word' id='word_1_693' title='bbox 2638 4115 2915 4169; x_wconf 88' lang='lat' dir='ltr'><strong>Similiter</strong></span> <span class='ocrx_word' id='word_1_694' title='bbox 2990 4116 3368 4188; x_wconf 86' lang='lat' dir='ltr'><strong>Hieronymus</strong></span> <span class='ocrx_word' id='word_1_695' title='bbox 3435 4120 3627 4171; x_wconf 88' lang='lat' dir='ltr'><strong>noster</strong></span> 
     </span>
    </p>
   </div>
   <div class='ocr_carea' id='block_1_107' title="bbox 1931 4206 3625 4277">
    <p class='ocr_par' dir='ltr' id='par_1_107' title="bbox 1931 4206 3625 4277">
     <span class='ocr_line' id='line_1_108' title="bbox 1931 4206 3625 4277; baseline -0.001 -15"><span class='ocrx_word' id='word_1_696' title='bbox 1931 4208 2070 4262; x_wconf 83' lang='lat' dir='ltr'><strong>dixit</strong></span> <span class='ocrx_word' id='word_1_697' title='bbox 2101 4208 2170 4262; x_wconf 91' lang='lat' dir='ltr'><strong>ad</strong></span> <span class='ocrx_word' id='word_1_698' title='bbox 2215 4208 2402 4261; x_wconf 87' lang='lat' dir='ltr'><strong>Titum</strong></span> <span class='ocrx_word' id='word_1_699' title='bbox 2480 4206 2700 4261; x_wconf 90' lang='lat' dir='ltr'><strong>Livium</strong></span> <span class='ocrx_word' id='word_1_700' title='bbox 2759 4206 2939 4261; x_wconf 91' lang='lat' dir='ltr'><strong>lacteo</strong></span> <span class='ocrx_word' id='word_1_701' title='bbox 2988 4207 3332 4277; x_wconf 86' lang='lat' dir='ltr'><strong>eloquentiae</strong></span> <span class='ocrx_word' id='word_1_702' title='bbox 3386 4206 3625 4261; x_wconf 87' lang='lat' dir='ltr'><strong>ﬂumine</strong></span> 
     </span>
    </p>
   </div>
   <div class='ocr_carea' id='block_1_108' title="bbox 1934 4294 3620 4364">
    <p class='ocr_par' dir='ltr' id='par_1_108' title="bbox 1934 4294 3620 4364">
     <span class='ocr_line' id='line_1_109' title="bbox 1934 4294 3620 4364; baseline -0.001 -13"><span class='ocrx_word' id='word_1_703' title='bbox 1934 4302 2284 4351; x_wconf 89' lang='lat' dir='ltr'><strong>manantem.</strong></span> <span class='ocrx_word' id='word_1_704' title='bbox 2310 4296 2489 4349; x_wconf 85' lang='lat' dir='ltr'><strong>Aliter</strong></span> <span class='ocrx_word' id='word_1_705' title='bbox 2522 4295 2791 4349; x_wconf 88' lang='lat' dir='ltr'><strong>Horatius</strong></span> <span class='ocrx_word' id='word_1_706' title='bbox 2820 4294 2879 4348; x_wconf 92' lang='lat' dir='ltr'><strong>in</strong></span> <span class='ocrx_word' id='word_1_707' title='bbox 2902 4295 3157 4364; x_wconf 90' lang='lat' dir='ltr'><strong>epistolis</strong></span> <span class='ocrx_word' id='word_1_708' title='bbox 3183 4295 3252 4349; x_wconf 89' lang='lat' dir='ltr'><strong>de</strong></span> <span class='ocrx_word' id='word_1_709' title='bbox 3274 4294 3406 4348; x_wconf 87' lang='lat' dir='ltr'><strong>vino</strong></span> <span class='ocrx_word' id='word_1_710' title='bbox 3439 4294 3576 4349; x_wconf 91' lang='lat' dir='ltr'><strong>dicit</strong></span> <span class='ocrx_word' id='word_1_711' title='bbox 3608 4312 3620 4349; x_wconf 88' lang='lat'><strong>:</strong></span> 
     </span>
    </p>
   </div>
   <div class='ocr_carea' id='block_1_109' title="bbox 2333 4401 3149 4464">
    <p class='ocr_par' dir='ltr' id='par_1_109' title="bbox 2333 4401 3149 4464">
     <span class='ocr_line' id='line_1_110' title="bbox 2333 4401 3149 4464; baseline 0 -15"><span class='ocrx_word' id='word_1_712' title='bbox 2333 4401 2485 4460; x_wconf 82' lang='lat' dir='ltr'><strong>Quod</strong></span> <span class='ocrx_word' id='word_1_713' title='bbox 2509 4415 2629 4450; x_wconf 89' lang='lat' dir='ltr'><strong>cum</strong></span> <span class='ocrx_word' id='word_1_714' title='bbox 2662 4415 2753 4464; x_wconf 89' lang='lat' dir='ltr'><strong>spe</strong></span> <span class='ocrx_word' id='word_1_715' title='bbox 2778 4401 2940 4449; x_wconf 91' lang='lat' dir='ltr'><strong>divite</strong></span> <span class='ocrx_word' id='word_1_716' title='bbox 2970 4407 3149 4451; x_wconf 89' lang='lat' dir='ltr'><strong>manet</strong></span> 
     </span>
    </p>
   </div>
   <div class='ocr_carea' id='block_1_110' title="bbox 2080 4464 2966 4527">
    <p class='ocr_par' dir='ltr' id='par_1_110' title="bbox 2080 4464 2966 4527">
     <span class='ocr_line' id='line_1_111' title="bbox 2080 4464 2966 4527; baseline 0 -14"><span class='ocrx_word' id='word_1_717' title='bbox 2080 4465 2145 4513; x_wconf 93' lang='lat' dir='ltr'><strong>In</strong></span> <span class='ocrx_word' id='word_1_718' title='bbox 2177 4477 2359 4520; x_wconf 84' lang='lat' dir='ltr'><strong>venas.</strong></span> <span class='ocrx_word' id='word_1_719' title='bbox 2397 4464 2741 4527; x_wconf 82' lang='lat' dir='ltr'><strong>animumque</strong></span> <span class='ocrx_word' id='word_1_720' title='bbox 2770 4476 2966 4513; x_wconf 91' lang='lat' dir='ltr'><strong>meum.</strong></span> 
     </span>
    </p>
   </div>
   <div class='ocr_carea' id='block_1_111' title="bbox 1923 4561 2458 4617">
    <p class='ocr_par' dir='ltr' id='par_1_111' title="bbox 1923 4561 2458 4617">
     <span class='ocr_line' id='line_1_112' title="bbox 1923 4561 2458 4617; baseline 0 -1"><span class='ocrx_word' id='word_1_721' title='bbox 1923 4561 2013 4617; x_wconf 90' lang='lat' dir='ltr'><strong>Sic</strong></span> <span class='ocrx_word' id='word_1_722' title='bbox 2044 4561 2185 4617; x_wconf 89' lang='lat' dir='ltr'><strong>etin</strong></span> <span class='ocrx_word' id='word_1_723' title='bbox 2216 4562 2419 4616; x_wconf 92' lang='lat' dir='ltr'><strong>eodem</strong></span> <span class='ocrx_word' id='word_1_724' title='bbox 2446 4579 2458 4616; x_wconf 94' lang='lat'><strong>:</strong></span> 
     </span>
    </p>
   </div>
   <div class='ocr_carea' id='block_1_112' title="bbox 2297 4650 3027 4715">
    <p class='ocr_par' dir='ltr' id='par_1_112' title="bbox 2297 4650 3027 4715">
     <span class='ocr_line' id='line_1_113' title="bbox 2297 4650 3027 4715; baseline 0.001 -16"><span class='ocrx_word' id='word_1_725' title='bbox 2297 4650 2445 4700; x_wconf 91' lang='lat' dir='ltr'><strong>Licet</strong></span> <span class='ocrx_word' id='word_1_726' title='bbox 2474 4650 2550 4699; x_wconf 91' lang='lat' dir='ltr'><strong>illi</strong></span> <span class='ocrx_word' id='word_1_727' title='bbox 2583 4651 2810 4715; x_wconf 86' lang='lat' dir='ltr'><strong>plurima</strong></span> <span class='ocrx_word' id='word_1_728' title='bbox 2843 4655 3027 4700; x_wconf 89' lang='lat' dir='ltr'><strong>manet</strong></span> 
     </span>
    </p>
   </div>
   <div class='ocr_carea' id='block_1_113' title="bbox 2050 4714 2322 4775">
    <p class='ocr_par' dir='ltr' id='par_1_113' title="bbox 2050 4714 2322 4775">
     <span class='ocr_line' id='line_1_114' title="bbox 2050 4714 2322 4775; baseline 0.004 -14"><span class='ocrx_word' id='word_1_729' title='bbox 2050 4714 2322 4775; x_wconf 86' lang='lat' dir='ltr'><strong>Lacryma.</strong></span> 
     </span>
    </p>
   </div>
   <div class='ocr_carea' id='block_1_114' title="bbox 1920 4811 2449 4866">
    <p class='ocr_par' dir='ltr' id='par_1_114' title="bbox 1920 4811 2449 4866">
     <span class='ocr_line' id='line_1_115' title="bbox 1920 4811 2449 4866; baseline 0.002 -1"><span class='ocrx_word' id='word_1_730' title='bbox 1920 4812 2099 4866; x_wconf 88' lang='lat' dir='ltr'><strong>Aliter</strong></span> <span class='ocrx_word' id='word_1_731' title='bbox 2120 4811 2179 4864; x_wconf 93' lang='lat' dir='ltr'><strong>in</strong></span> <span class='ocrx_word' id='word_1_732' title='bbox 2212 4811 2414 4865; x_wconf 90' lang='lat' dir='ltr'><strong>eodem</strong></span> <span class='ocrx_word' id='word_1_733' title='bbox 2437 4853 2449 4866; x_wconf 95' lang='lat'><strong>.</strong></span> 
     </span>
    </p>
   </div>
   <div class='ocr_carea' id='block_1_115' title="bbox 2108 4916 3371 5028">
    <p class='ocr_par' dir='ltr' id='par_1_115' title="bbox 2108 4916 3371 5028">
     <span class='ocr_line' id='line_1_116' title="bbox 2108 4916 3371 5028; baseline 0 -62"><span class='ocrx_word' id='word_1_734' title='bbox 2108 4981 2145 5028; x_wconf 79' lang='grc' dir='ltr'>Τ</span> <span class='ocrx_word' id='word_1_735' title='bbox 2268 4980 2285 5028; x_wconf 71' lang='lat'>1</span> <span class='ocrx_word' id='word_1_736' title='bbox 2418 4916 2558 4966; x_wconf 88' lang='lat' dir='ltr'><strong>Fidis</strong></span> <span class='ocrx_word' id='word_1_737' title='bbox 2583 4918 2721 4967; x_wconf 90' lang='lat' dir='ltr'><strong>enim</strong></span> <span class='ocrx_word' id='word_1_738' title='bbox 2755 4930 2969 4967; x_wconf 87' lang='lat' dir='ltr'><strong>manare</strong></span> <span class='ocrx_word' id='word_1_739' title='bbox 2992 4918 3195 4981; x_wconf 87' lang='lat' dir='ltr'><strong>poetica</strong></span> <span class='ocrx_word' id='word_1_740' title='bbox 3214 4918 3371 4967; x_wconf 89' lang='lat' dir='ltr'><strong>mella</strong></span> 
     </span>
     <span class='ocr_line' id='line_1_117' title="bbox 2149 4994 2396 5028; baseline 0 0"><span class='ocrx_word' id='word_1_741' title='bbox 2149 4995 2175 5028; x_wconf 93' lang='lat' dir='ltr'><strong>e</strong></span> <span class='ocrx_word' id='word_1_742' title='bbox 2206 4994 2263 5028; x_wconf 87' lang='lat' dir='ltr'><strong>so</strong></span> <span class='ocrx_word' id='word_1_743' title='bbox 2292 4994 2396 5028; x_wconf 90' lang='lat' dir='ltr'><strong>um.</strong></span> 
     </span>
    </p>
   </div>
   <div class='ocr_carea' id='block_1_116' title="bbox 2149 4994 2396 5029">
    <p class='ocr_par' dir='ltr' id='par_1_116' title="bbox 2149 4994 2396 5029">
     <span class='ocr_line' id='line_1_118' title="bbox 2149 4994 2396 5029; baseline -0.004 0"><span class='ocrx_word' id='word_1_744' title='bbox 2149 4995 2175 5029; x_wconf 79' lang='grc' dir='ltr'>Θ</span> <span class='ocrx_word' id='word_1_745' title='bbox 2206 4994 2396 5028; x_wconf 83' lang='lat' dir='ltr'><strong>sowm.</strong></span> 
     </span>
    </p>
   </div>
   <div class='ocr_carea' id='block_1_117' title="bbox 1919 5061 3620 5132">
    <p class='ocr_par' dir='ltr' id='par_1_117' title="bbox 1919 5061 3620 5132">
     <span class='ocr_line' id='line_1_119' title="bbox 1919 5061 3620 5132; baseline 0.001 -18"><span class='ocrx_word' id='word_1_746' title='bbox 1919 5061 2000 5114; x_wconf 88' lang='lat' dir='ltr'><strong>Ita</strong></span> <span class='ocrx_word' id='word_1_747' title='bbox 2032 5061 2297 5115; x_wconf 88' lang='lat' dir='ltr'><strong>videntur</strong></span> <span class='ocrx_word' id='word_1_748' title='bbox 2328 5077 2491 5131; x_wconf 84' lang='lat' dir='ltr'><strong>posse</strong></span> <span class='ocrx_word' id='word_1_749' title='bbox 2533 5061 2760 5116; x_wconf 88' lang='lat' dir='ltr'><strong>dicere:</strong></span> <span class='ocrx_word' id='word_1_750' title='bbox 2814 5077 2985 5115; x_wconf 91' lang='lat' dir='ltr'><strong>mauo</strong></span> <span class='ocrx_word' id='word_1_751' title='bbox 3045 5062 3332 5132; x_wconf 87' lang='lat' dir='ltr'><strong>lacrymis,</strong></span> <span class='ocrx_word' id='word_1_752' title='bbox 3384 5066 3620 5116; x_wconf 88' lang='lat' dir='ltr'><strong>manant</strong></span> 
     </span>
    </p>
   </div>
   <div class='ocr_carea' id='block_1_118' title="bbox 1919 5149 3325 5221">
    <p class='ocr_par' dir='ltr' id='par_1_118' title="bbox 1919 5149 3325 5221">
     <span class='ocr_line' id='line_1_120' title="bbox 1919 5149 3325 5221; baseline 0.001 -18"><span class='ocrx_word' id='word_1_753' title='bbox 1919 5149 2061 5204; x_wconf 87' lang='lat' dir='ltr'><strong>mihi</strong></span> <span class='ocrx_word' id='word_1_754' title='bbox 2087 5152 2370 5219; x_wconf 71' lang='lat' dir='ltr'><strong>lacrymze,</strong></span> <span class='ocrx_word' id='word_1_755' title='bbox 2405 5155 2461 5203; x_wconf 91' lang='lat' dir='ltr'><strong>et</strong></span> <span class='ocrx_word' id='word_1_756' title='bbox 2492 5166 2661 5203; x_wconf 91' lang='lat' dir='ltr'><strong>mano</strong></span> <span class='ocrx_word' id='word_1_757' title='bbox 2696 5151 2987 5221; x_wconf 89' lang='lat' dir='ltr'><strong>lacrymas.</strong></span> <span class='ocrx_word' id='word_1_758' title='bbox 3030 5154 3325 5206; x_wconf 71' lang='lat' dir='ltr'><strong>AGRICOLA.</strong></span> 
     </span>
    </p>
   </div>
   <div class='ocr_carea' id='block_1_119' title="bbox 1989 5238 3616 5311">
    <p class='ocr_par' dir='ltr' id='par_1_119' title="bbox 1989 5238 3616 5311">
     <span class='ocr_line' id='line_1_121' title="bbox 1989 5238 3616 5311; baseline 0.002 -21"><span class='ocrx_word' id='word_1_759' title='bbox 1989 5238 2397 5310; x_wconf 66' lang='grc' dir='ltr'><strong>Ἐξομολόγησαί</strong></span> <span class='ocrx_word' id='word_1_760' title='bbox 2425 5258 2477 5289; x_wconf 82' lang='grc' dir='ltr'><em>τε</em></span> <span class='ocrx_word' id='word_1_761' title='bbox 2519 5240 2574 5289; x_wconf 76' lang='grc' dir='ltr'><strong>σὲ</strong></span> <span class='ocrx_word' id='word_1_762' title='bbox 2615 5238 2783 5304; x_wconf 85' lang='grc' dir='ltr'><strong>λυπεῖ]</strong></span> <span class='ocrx_word' id='word_1_763' title='bbox 2828 5240 2884 5293; x_wconf 91' lang='lat' dir='ltr'><strong>ld</strong></span> <span class='ocrx_word' id='word_1_764' title='bbox 2941 5245 3026 5295; x_wconf 89' lang='lat' dir='ltr'><strong>est</strong></span> <span class='ocrx_word' id='word_1_765' title='bbox 3065 5242 3340 5295; x_wconf 79' lang='lat' dir='ltr'><strong>conﬁtere</strong></span> <span class='ocrx_word' id='word_1_766' title='bbox 3390 5240 3528 5311; x_wconf 91' lang='lat' dir='ltr'><strong>quid</strong></span> <span class='ocrx_word' id='word_1_767' title='bbox 3560 5243 3616 5293; x_wconf 89' lang='lat' dir='ltr'><strong>te</strong></span> 
     </span>
    </p>
   </div>
   <div class='ocr_carea' id='block_1_120' title="bbox 1916 5328 2547 5383">
    <p class='ocr_par' dir='ltr' id='par_1_120' title="bbox 1916 5328 2547 5383">
     <span class='ocr_line' id='line_1_122' title="bbox 1916 5328 2547 5383; baseline -0.002 -1"><span class='ocrx_word' id='word_1_768' title='bbox 1916 5328 2227 5382; x_wconf 87' lang='lat' dir='ltr'><strong>contristet.</strong></span> <span class='ocrx_word' id='word_1_769' title='bbox 2262 5332 2547 5383; x_wconf 73' lang='lat' dir='ltr'><strong>AGRICOLA.</strong></span> 
     </span>
    </p>
   </div>
   <div class='ocr_carea' id='block_1_121' title="bbox 1988 5415 3614 5490">
    <p class='ocr_par' dir='ltr' id='par_1_121' title="bbox 1988 5415 3614 5490">
     <span class='ocr_line' id='line_1_123' title="bbox 1988 5415 3614 5490; baseline 0 -20"><span class='ocrx_word' id='word_1_770' title='bbox 1988 5415 2247 5487; x_wconf 72' lang='lat' dir='ltr'><strong>Operam]</strong></span> <span class='ocrx_word' id='word_1_771' title='bbox 2278 5418 2427 5469; x_wconf 89' lang='lat' dir='ltr'><strong>Inter</strong></span> <span class='ocrx_word' id='word_1_772' title='bbox 2454 5433 2598 5485; x_wconf 83' lang='lat' dir='ltr'><strong>opus</strong></span> <span class='ocrx_word' id='word_1_773' title='bbox 2642 5422 2696 5470; x_wconf 89' lang='lat' dir='ltr'><strong>et</strong></span> <span class='ocrx_word' id='word_1_774' title='bbox 2744 5434 2973 5489; x_wconf 90' lang='lat' dir='ltr'><strong>operam</strong></span> <span class='ocrx_word' id='word_1_775' title='bbox 3007 5419 3145 5490; x_wconf 88' lang='lat' dir='ltr'><strong>quid</strong></span> <span class='ocrx_word' id='word_1_776' title='bbox 3190 5416 3432 5482; x_wconf 89' lang='lat' dir='ltr'><strong>intersit,</strong></span> <span class='ocrx_word' id='word_1_777' title='bbox 3461 5433 3614 5471; x_wconf 91' lang='lat' dir='ltr'><strong>com-</strong></span> 
     </span>
    </p>
   </div>
   <div class='ocr_carea' id='block_1_122' title="bbox 1917 5505 3613 5563">
    <p class='ocr_par' dir='ltr' id='par_1_122' title="bbox 1917 5505 3613 5563">
     <span class='ocr_line' id='line_1_124' title="bbox 1917 5505 3613 5563; baseline 0.003 -5"><span class='ocrx_word' id='word_1_778' title='bbox 1917 5506 2247 5559; x_wconf 85' lang='lat' dir='ltr'><strong>modissime</strong></span> <span class='ocrx_word' id='word_1_779' title='bbox 2305 5505 2527 5559; x_wconf 89' lang='lat' dir='ltr'><strong>videtur</strong></span> <span class='ocrx_word' id='word_1_780' title='bbox 2601 5508 2899 5563; x_wconf 91' lang='lat' dir='ltr'><strong>Terentius</strong></span> <span class='ocrx_word' id='word_1_781' title='bbox 2984 5509 3045 5562; x_wconf 92' lang='lat' dir='ltr'><strong>in</strong></span> <span class='ocrx_word' id='word_1_782' title='bbox 3106 5507 3613 5563; x_wconf 88' lang='lat' dir='ltr'><strong>Heautontimoru-</strong></span> 
     </span>
    </p>
   </div>
   <div class='ocr_carea' id='block_1_123' title="bbox 1920 5595 2939 5665">
    <p class='ocr_par' dir='ltr' id='par_1_123' title="bbox 1920 5595 2939 5665">
     <span class='ocr_line' id='line_1_125' title="bbox 1920 5595 2939 5665; baseline 0.002 -18"><span class='ocrx_word' id='word_1_783' title='bbox 1920 5610 2090 5649; x_wconf 91' lang='lat' dir='ltr'><strong>meno</strong></span> <span class='ocrx_word' id='word_1_784' title='bbox 2114 5595 2427 5665; x_wconf 86' lang='lat' dir='ltr'><strong>explicare:</strong></span> <span class='ocrx_word' id='word_1_785' title='bbox 2928 5598 2939 5601; x_wconf 62' lang='grc'><strong>“</strong></span> 
     </span>
    </p>
   </div>
  </div>
