4054 6184
391 280 495 333 915

519 402 573 453 Si
602 402 743 467 quod
774 417 945 467 opera)
972 406 1242 454 consumis
1268 406 1319 453 in
1354 419 1510 469 Opere
1530 404 1814 455 faciundo:

395 488 457 539 ut
514 485 585 539 sit
650 500 827 555 opera
883 485 1059 554 labor,
1129 503 1269 557 opus
1340 503 1471 540 vero
1537 488 1754 541 fructus
1833 489 1888 540 et
1951 483 2084 539 ﬁnis

396 590 609 644 operas,
648 573 705 628 id
748 578 831 628 est
883 574 1113 630 laboris.
1166 574 1429 631 Horatius
1462 576 1521 629 in
1568 577 1754 646 primo
1805 575 2084 647 Epistola-

396 680 559 718 ΓΗΠΙΣ

1343 753 1637 816 Odiumquc
1668 754 1858 803 libellis

585 813 811 864 Sedulus
841 814 1091 878 importes
1114 829 1273 878 opera
1298 813 1609 866 vehemente
1653 818 1907 865 minister.

400 892 669 963 Virgilius
697 894 757 947 in
784 894 971 965 primo
1004 896 1268 949 zEneidos
1295 912 1306 948 :

585 983 822 1032 Pendent
851 996 1007 1046 Opera
1036 984 1345 1046 interrupta.

395 1064 688 1119 AGRICOLA.

470 1153 795 1225 Exspectas]
856 1155 1197 1224 Exspectare
1264 1154 1608 1225 quandoque
1654 1154 1975 1207 desiderare
2012 1153 2086 1206 si-

401 1245 651 1314 gniﬁcat.
687 1244 877 1298 Cicero
912 1244 982 1297 ad
1015 1244 1323 1298 Curionem
1350 1260 1361 1298 :
1396 1245 1577 1308 Quam
1608 1243 2092 1313 exspectationem

403 1334 488 1388 tui
534 1334 847 1400 concitasti,
889 1349 1016 1387 eam
1054 1333 1333 1387 sustinere
1378 1340 1441 1387 ut
1490 1333 1690 1404 possis.
1740 1334 2093 1404 Quandoque

408 1423 720 1477 attendere.
756 1422 987 1477 Ovidius
1014 1422 1152 1477 inin
1190 1424 1561 1494 Metamorpb.

1368 1512 1558 1561 L'ltima
1585 1524 1789 1574 semper

592 1575 955 1638 Exspectanda
989 1575 1098 1623 dies
1128 1574 1350 1623 homini.

404 1658 702 1711 ACRICOLA.

483 1744 707 1816 Vulnus]
770 1745 831 1798 1d
860 1750 963 1811 est,
995 1744 1146 1816 quod
1185 1744 1238 1799 vi
1269 1746 1349 1812 ﬁt,
1384 1748 1440 1799 et
1468 1759 1665 1799 recens
1696 1746 1797 1797 est.
1832 1743 2099 1815 Virgilius

408 1835 467 1889 in
495 1835 863 1890 duodecimo:

560 1926 665 1973 Nec
696 1938 809 1973 sese
839 1925 1014 1973 [Encas
1040 1924 1261 1987 jactavit
1304 1923 1524 1973 vulnere
1553 1924 1851 1987 quisquam.

408 2006 613 2059 llulcus
640 2006 793 2076 quod
816 2010 1090 2059 vetustate
1113 2005 1484 2075 computruit,
1512 2004 1745 2075 abitque
1782 2004 1988 2057 vulnus
2012 2019 2098 2056 ve-

405 2100 613 2148 tustate
644 2096 702 2149 in
732 2094 956 2160 hulcus,
988 2095 1141 2165 quod
1175 2099 1325 2148 recte
1357 2097 1571 2149 Seneca
1600 2093 1659 2146 in
1704 2093 2096 2147 consolatione

409 2184 479 2237 ad
506 2184 761 2239 Martiam
788 2184 1145 2254 signiﬁcavit.
1197 2185 1339 2238 Nam
1388 2184 1693 2237 vulnerum
1744 2199 1976 2254 quoque
2021 2197 2105 2234 sa-

410 2274 559 2327 nitas
591 2273 766 2327 facilis
793 2278 893 2342 est,
926 2274 1063 2327 dum
1097 2290 1129 2327 a
1150 2273 1431 2343 sanguine
1470 2272 1722 2327 recentia
1772 2278 1927 2325 sunt.
1959 2271 2104 2341 Sub-

411 2363 526 2416 dit:
560 2362 665 2416 Ubi
696 2367 965 2431 corrupta
989 2363 1049 2415 in
1096 2363 1315 2416 malum
1363 2362 1566 2415 hulcus
1598 2365 1914 2428 verterunt,
1962 2360 2107 2415 difﬁ-

413 2458 579 2511 cilius
626 2462 936 2512 curantur:
993 2458 1049 2511 id
1101 2458 1255 2512 enim
1316 2458 1473 2528 quod
1519 2474 1623 2511 nos
1684 2458 1852 2526 vulgo
1902 2457 2107 2511 hulcus

415 2545 680 2612 dicimus,
726 2546 878 2616 quod
941 2546 1119 2600 Crazci
1166 2551 1458 2617 apostema
1508 2551 1732 2612 vocant,
1788 2546 1981 2600 Latine
2012 2546 2108 2599 fu-

410 2635 684 2688 runculus
714 2640 968 2689 vocatur.
1002 2635 1216 2689 Plinius
1240 2635 1298 2688 in
1328 2636 1594 2705 Epistolis
1628 2635 1852 2689 videtur
1880 2636 2107 2690 clavum

417 2722 643 2777 dixisse.
708 2722 843 2790 Erit,
901 2723 1110 2794 inquit,
1165 2724 1217 2777 ei
1281 2728 1448 2777 natus
1496 2725 1685 2777 clavus
1732 2724 2107 2779 insanabilis:

418 2811 579 2882 sique
615 2812 824 2867 Gallice
853 2828 1005 2866 nunc
1032 2812 1205 2866 etiam
1235 2817 1488 2867 vocatur.
1515 2815 1821 2867 AGRICOLA.

495 2899 673 2973 Vires]
698 2902 789 2955 Vis
816 2902 876 2955 in
903 2902 1177 2973 singulari
1201 2908 1255 2957 et
1278 2904 1453 2957 robur
1482 2904 1781 2974 signiﬁcat.
1810 2903 2110 2958 Sallustius

1132 278 1481 333 APPENDIX
1517 278 1611 332 AD
1653 278 1901 334 LIBROS
1940 278 2026 331 DE
2066 274 2580 333 CONSOLATIONE
2624 274 3135 331 PHILOSOPIIHJ.
3736 282 3821 335 910

2121 406 2167 458 Α
2195 402 2472 456 Salustius
2494 402 2554 456 in
2582 401 2842 457 Catilina.
2875 400 2983 466 Qui
3013 403 3185 455 .Enea
3212 400 3353 455 duce
3383 401 3599 471 profugi
3624 404 3817 459 sedibus

2191 492 2419 546 incertis
2452 492 2826 563 vagabantur.
2860 491 3127 561 Virgilius
3148 492 3209 544 in
3241 491 3424 561 primo
3466 492 3667 546 iEneid.
3690 511 3705 547 :

2663 580 2823 630 Sedes
2853 580 2944 629 ubi
2976 580 3081 629 fata
3109 580 3315 643 quietas

2321 643 2514 693 Ostend
2525 647 2635 692 unt.

2196 726 2253 781 Id
2286 742 2417 779 vero
2466 726 2935 792 instrumentum,
2993 723 3086 777 cui
3133 722 3465 787 insidemus,
3515 724 3643 778 sella
3666 726 3839 779 rectius

2198 815 2423 869 dicitur.
2460 814 2655 885 Virgil.
2684 815 2744 868 in
2783 831 2866 869 1v:

2352 905 2414 953 Et
2437 903 2619 952 sellam
2650 904 2799 967 regni
2824 904 3167 965 trabeamque
3198 902 3427 965 insignia
3457 902 3633 951 nostri.

2197 988 2495 1040 ACRICOLA.

2262 1075 2513 1143 Laribus]
2546 1075 2651 1128 Lar
2681 1074 2887 1129 dicitur
2916 1076 3063 1129 Deus
3094 1073 3456 1139 domesticus,
3491 1073 3586 1143 qui
3606 1075 3657 1126 et
3697 1090 3845 1143 pena-

2200 1169 2284 1218 tes
2316 1166 2621 1220 dicuntur:
2658 1166 2793 1236 quia
2824 1164 2994 1235 penui
3032 1169 3303 1234 praesunt,
3336 1164 3423 1216 vel
3461 1162 3591 1232 quia
3632 1164 3843 1232 penitus,

2201 1253 2310 1308 hoc
2352 1260 2437 1307 est
2480 1254 2626 1307 intra
2666 1254 2904 1307 domum
2944 1254 3232 1307 coluntur.
3270 1254 3420 1322 Virg.
3449 1252 3508 1305 in
3535 1268 3585 1304 1v
3618 1253 3839 1307 .lineid.:

2388 1342 2451 1391 Et
2480 1356 2687 1405 sparsos
2710 1342 2939 1391 fraterna
2971 1340 3113 1390 caule
3139 1344 3370 1403 penates.

2204 1424 2435 1477 Plautus
2466 1422 2525 1475 in
2554 1423 2850 1477 Aulularia
2881 1438 2893 1475 :

2452 1511 2559 1573 Ego
2590 1525 2706 1559 sum
2742 1512 2821 1559 lar
2851 1509 3123 1559 familiaris
3146 1522 3209 1556 ex
3240 1508 3337 1558 hac
3366 1507 3579 1557 familia.

2205 1591 2531 1646 Juvenahs:

2447 1678 2673 1725 Laribus
2700 1677 2911 1726 cristam
2941 1677 3245 1740 promittere
3277 1676 3407 1724 Galli

2337 1741 2450 1788 Non
2482 1740 2679 1788 audent

2212 1821 2508 1891 Accipitur
2525 1826 2579 1874 et
2605 1838 2707 1891 per
2730 1820 3125 1892 synecdochen
3155 1820 3245 1873 hic
3278 1836 3380 1891 pro
3413 1820 3603 1873 domo.
3628 1820 3844 1873 Horatius

2212 1910 2271 1963 in
2302 1927 2318 1963 I
2350 1910 2735 1980 Epistolarum
2764 1926 2774 1963 :

2341 1999 2662 2046 Gaudentem
2686 1999 2962 2061 pravisque
2992 1998 3261 2047 sodalibus
3290 2002 3341 2047 et
3365 1998 3473 2047 lare
3499 2002 3651 2047 certo.

2214 2079 2511 2134 AGRICOLA.

2283 2167 2538 2239 Habitus]
2563 2171 2684 2224 Non
2726 2169 2959 2238 proprie
3021 2169 3207 2237 vestis,
3269 2168 3419 2222 sicut
3462 2168 3627 2239 vulgo
3670 2167 3856 2229 dicitur,

2213 2256 2311 2310 sed
2339 2264 2456 2310 tota
2503 2259 2654 2311 velut
2699 2256 2881 2311 forma
2938 2257 3208 2325 hominis,
3244 2258 3302 2311 in
3361 2274 3534 2329 quam
3572 2274 3625 2311 se
3668 2272 3855 2329 compo-

2216 2344 2343 2397 suit.
2399 2345 2614 2398 Plinius
2674 2345 2733 2398 in
2784 2344 3079 2414 Epistolis:
3132 2346 3493 2414 Compositus
3544 2345 3602 2397 in
3644 2343 3859 2397 habitum

2217 2434 2517 2489 studentis.
2567 2435 2723 2489 Unde
2762 2436 2987 2489 Terent.
3037 2434 3097 2487 in
3149 2436 3420 2489 Eunucho
3478 2434 3631 2501 dixit,
3679 2432 3726 2487 Si
3775 2448 3860 2502 qua

2218 2524 2388 2593 paulo
2419 2524 2685 2590 habitior,
2724 2524 2979 2594 pugilem
3022 2524 3238 2591 dicunt,
3275 2524 3330 2577 id
3366 2528 3451 2578 est
3482 2525 3647 2593 paulo
3692 2535 3857 2590 corpu~

2219 2612 2449 2667 lentior.
2493 2614 2685 2666 Cicero
2715 2613 2773 2665 in
2801 2612 2986 2683 primo
3016 2613 3381 2667 Tusculanar.
3417 2629 3428 2667 :
3460 2612 3613 2677 Quod
3660 2610 3699 2664 si
3740 2614 3861 2663 tanta

2220 2702 2301 2755 vis
2336 2706 2415 2755 est
2449 2702 2516 2755 ad
2570 2702 2829 2755 habitum
2873 2702 3080 2756 mentis
3108 2703 3167 2755 in
3199 2702 3307 2767 his,
3344 2719 3475 2773 quae
3508 2703 3793 2772 gignuntur
3817 2700 3860 2749 in

2221 2807 2476 2861 corpore.
2504 2793 2797 2845 Aonicom.

2293 2880 2559 2952 Ite'marcr]
2599 2882 2655 2934 ld
2688 2885 2792 2950 est,
2818 2885 3093 2952 tanquam
3116 2897 3219 2952 per
3239 2880 3416 2935 rimas
3437 2880 3724 2951 diligenter
3739 2893 3859 2931 scru-

419 2991 475 3045 in
510 2992 753 3045 Catilina
780 3008 791 3046 :
827 2993 1029 3062 Magna
1053 2993 1105 3045 vi
1134 2993 1311 3046 animi
1342 2998 1396 3049 et
1426 2993 1718 3064 corporis:
1755 2994 2037 3065 signiﬁcat
2058 2998 2113 3049 et
2150 3005 2190 3061 (ι
2223 2974 2395 3065 ίδτξῗζ
2427 2972 2716 3065 Αζίίξξθθῐλλ·

418 3080 771 3136 violentiam.
804 3082 1069 3136 Martialis
1088 3082 1148 3136 in
1182 3098 1239 3139 IV
1262 3100 1275 3137 :

543 3172 659 3219 Non
690 3171 754 3219 de
784 3172 854 3229 vi,
886 3185 1055 3236 neque
1087 3173 1246 3234 casde,
1280 3186 1375 3221 nec
1404 3186 1609 3221 veneno
1639 3174 1702 3221 lis
1733 3176 1810 3221 est
1840 3173 1987 3221 mihi.

422 3260 486 3315 In
518 3259 730 3329 plurali
763 3260 939 3313 robur
973 3266 1197 3314 tantum
1227 3261 1530 3330 signiﬁcat.
1565 3262 1858 3315 Cornelius
1889 3260 2113 3315 Tacitus

423 3352 615 3401 autem
639 3348 696 3401 in
726 3348 976 3418 genitivo
996 3349 1239 3417 protulit
1265 3350 1323 3403 in
1357 3350 1453 3404 lib.
1487 3350 1555 3404 de
1589 3350 1782 3404 Causis
1831 3354 2114 3420 corrupta:

424 3438 790 3508 eloquentiae,
837 3454 1061 3507 magnae
1111 3437 1214 3506 vis,
1271 3455 1383 3509 qua
1432 3440 1656 3493 ratione
1686 3439 1975 3493 videretur
2016 3456 2116 3510 per

425 3541 624 3580 omnes
655 3542 816 3580 casus
850 3527 1155 3598 singularis
1177 3526 1404 3581 numeri
1426 3542 1591 3597 posse
1623 3526 1916 3580 declinari.
1950 3528 2115 3581 AGRI-

428 3631 584 3670 COLA.

496 3705 727 3775 Eminet]
762 3704 861 3760 Hic
903 3704 1093 3775 posuit
1143 3721 1247 3777 pro
1288 3707 1544 3776 apparet,
1596 3720 1927 3775 quanquam
1970 3706 2117 3759 emi-

429 3810 563 3849 nere
595 3794 875 3864 signiﬁcat
903 3794 1131 3866 proprie
1159 3812 1329 3865 supra
1360 3794 1472 3848 alia
1504 3799 1747 3863 exstare,
1768 3795 1837 3850 ab
1872 3812 1897 3850 θ
1919 3799 1974 3851 et
2002 3812 2117 3849 ma-

424 3900 540 3939 neo.
576 3884 849 3954 Virgilius
884 3884 941 3937 in
970 3884 1156 3955 primo
1182 3884 1400 3938 Aineid.
1427 3900 1439 3937 :

678 3972 1039 4037 Gradiensque
1072 3973 1194 4022 deas
1224 3974 1581 4036 supereminet
1608 3986 1807 4022 omnes.

426 4056 723 4111 AGBICOLA.

498 4144 798 4215 Saevientis]
852 4143 1063 4199 Saevire
1108 4144 1455 4215 quandoque
1504 4144 1790 4215 signiﬁcat
1832 4145 2121 4201 crudelem

428 4250 568 4288 esse.
600 4234 927 4289 Juvenalisa

611 4321 675 4372 In
696 4322 917 4373 chorum
949 4326 1104 4387 atque
1123 4335 1307 4371 eurum
1346 4321 1532 4373 solitus
1556 4323 1740 4372 smvire
1764 4322 2000 4387 ﬂagellis.

429 4423 782 4493 Quandoque
838 4439 953 4477 non
1002 4422 1118 4492 pati
1168 4427 1469 4478 rectorem.
1521 4422 1707 4477 Livius
1760 4422 1821 4477 in
1868 4438 2011 4478 xxx:
2065 4424 2120 4479 Si

429 4514 658 4583 quando
695 4513 902 4567 bellua:
932 4512 1217 4567 saevirent.
1249 4514 1551 4566 AGnlCOLA.

500 4600 807 4675 Aslieritas]
858 4605 1162 4673 Asperum,
1195 4602 1351 4673 quod
1385 4601 1599 4672 absque
1651 4617 1773 4673 spe,
1808 4601 1952 4655 sicut
1992 4619 2121 4673 pro-

434 4708 668 4763 sperum
699 4692 849 4763 quod
873 4708 976 4762 pro
1010 4708 1132 4763 spe,
1162 4691 1219 4746 id
1250 4696 1333 4746 est
1360 4691 1677 4745 secundum
1713 4708 1872 4763 spem
1915 4692 2122 4760 evenit,

429 4782 639 4835 dicitur
665 4786 975 4851 utrumque
1005 4798 1037 4835 a
1067 4782 1368 4853 sperando.
1400 4783 1693 4835 AGRICOLA.

502 4877 765 4947 Haecine]
822 4878 1069 4945 Veteres,
1142 4881 1204 4931 ut
1251 4877 1330 4931 ait
1409 4877 1637 4933 Servius
1693 4876 1753 4931 in
1817 4879 2121 4946 Donatum,

430 4967 609 5029 hicce,
635 4968 839 5035 haecce,
880 4968 1045 5021 hocce
1091 4967 1377 5035 dicebant,
1422 4965 1553 5021 inde
1587 4970 1802 5020 mutato
1826 4983 1851 5020 ε
1882 4966 1985 5020 ini
2012 4966 2125 5022 hic-

429 5058 553 5112 cine
585 5072 689 5126 pro
719 5056 885 5111 hicne
911 5056 1136 5111 dicitur.
1192 5059 1493 5112 AGRlCOLA.

503 5147 874 5217 Blibliotheca]
923 5146 1345 5217 Repositorium
1390 5146 1701 5200 librorum:
1737 5143 1938 5215 βίϐλων
1969 5145 2123 5200 enim

432 5240 620 5294 Grazce
688 5237 902 5291 librum
976 5236 1277 5306 signiﬁcat,
1340 5241 1397 5290 et
1448 5238 1577 5293 om
1632 5236 2119 5289 reconditorium:

428 5344 604 5399 quare
635 5327 766 5382 libri
794 5326 1092 5395 utriusque
1132 5325 1480 5379 Testamenti
1524 5340 1639 5378 non
1670 5325 1871 5393 Biblia,
1904 5326 2116 5392 Bibliaz,

434 5418 543 5470 dici
577 5416 869 5484 deberent,
904 5414 1059 5486 quod
1082 5430 1288 5468 nomen
1308 5430 1407 5467 nec
1432 5416 1688 5468 Graecum
1716 5430 1821 5468 nec
1860 5414 2123 5467 Latinum

432 5510 535 5571 est,
569 5506 669 5560 sed
710 5507 906 5570 Biblia,
938 5520 1109 5572 orum,
1161 5502 1230 5557 ab
1277 5517 1342 5555 eo
1385 5504 1538 5573 quod
1584 5503 1802 5558 biblion
1853 5504 2119 5559 diximus.

431 5592 725 5648 Acmcou.

470 5682 679 5754 Sedem]
712 5682 941 5756 proprie
969 5682 1159 5738 locum
1190 5680 1431 5738 dicimus
1461 5678 1522 5734 in
1561 5696 1673 5751 quo
1705 5680 1831 5752 quis
1888 5681 2118 5736 residet.

2294 3058 2483 3131 Sidus]
2530 3059 2804 3113 Nonnulli
2847 3076 2949 3131 per
2979 3076 3011 3128 y
3046 3060 3300 3113 Graecam
3338 3060 3510 3114 scribi
3551 3059 3859 3125 volunt;ego

2226 3149 2489 3203 Latinum
2520 3164 2552 3202 a
2584 3149 2821 3203 sidendo
2854 3150 3067 3203 dictum
3099 3150 3289 3217 credo,
3334 3150 3475 3220 quia
3502 3148 3724 3203 ﬁrmiter
3752 3144 3861 3199 insi-

2226 3239 2323 3293 dat
2352 3241 2506 3293 czelo.
2560 3240 2954 3311 Diileruntque
2998 3240 3159 3293 stella
3212 3247 3266 3293 et
3298 3240 3498 3293 sidus:
3554 3240 3703 3291 stella
3744 3236 3862 3289 enim

2227 3330 2387 3401 quasi
2412 3330 2562 3383 stilla
2595 3330 2745 3383 dicta
2777 3335 2879 3397 est,
2912 3346 3093 3383 unum
3126 3329 3415 3401 singulare
3446 3330 3638 3383 lumen
3667 3326 3861 3381 coslestc'

2226 3420 2377 3489 Virg.
2410 3420 2467 3471 in
2494 3436 2508 3470 ι
2550 3419 2749 3489 Georg.
2779 3434 2791 3471 :

2354 3507 2560 3569 Frigida
2583 3522 2687 3570 quo
2714 3521 2824 3555 sese
2847 3506 3057 3555 Saturni
3089 3506 3239 3556 stella
3269 3511 3518 3571 receptet.

2228 3590 2298 3642 At
2326 3588 2480 3642 sidus
2504 3588 2849 3658 quandoque
2881 3604 2981 3657 pro
3015 3588 3176 3641 stella
3207 3589 3450 3658 capitur.
3488 3589 3727 3642 Lucanus
3753 3583 3800 3635 in
3823 3595 3861 3633 1:

2728 3676 3050 3740 Venerisque
3090 3676 3299 3725 salubre

2372 3755 2539 3810 Sidus
2569 3754 2760 3810 hebet.

2230 3852 2579 3924 Quandoque
2625 3870 2729 3923 pro
2764 3852 2925 3922 signo
2972 3852 3201 3919 ccelesti,
3234 3852 3387 3923 quod
3420 3868 3486 3905 ex
3523 3849 3703 3905 multis
3730 3842 3865 3900 stellis

2231 3946 2473 4008 constat,
2505 3948 2566 3997 ut
2606 3943 2761 3996 sidus
2795 3942 3018 4007 Arietis,
3055 3942 3245 4009 Tauri,
3281 3946 3335 3995 et
3364 3946 3711 3995 caeterorum.
3742 3936 3857 4001 Virg.

2232 4032 2291 4087 in
2314 4032 2504 4086 Bucol.
2533 4048 2546 4085 :

2419 4122 2719 4185 Aithiopum
2752 4134 3019 4171 versemus
3045 4134 3169 4170 oves
3197 4121 3295 4169 sub
3330 4120 3501 4171 sidere
3529 4118 3717 4169 Cancri.

2232 4206 2463 4259 Astrum
2510 4206 2699 4259 autem
2758 4204 3015 4257 Grmcum
3065 4208 3168 4269 est,
3228 4203 3379 4272 quod
3441 4203 3594 4256 sidus
3615 4195 3865 4269 signiﬁcat,

2236 4294 2381 4348 sicut
2411 4298 2465 4348 et
2494 4292 2683 4365 ἀστὴρ,
2717 4292 2870 4363 quod
2892 4293 3134 4345 stellam.
3168 4290 3465 4346 Aonicom.

2165 4364 2206 4416 D
2308 4383 2563 4452 Badium]
2596 4384 2735 4435 Puto
2766 4398 2870 4452 pro
2901 4398 2967 4435 eo
3000 4382 3153 4452 quod
3180 4381 3460 4435 circinum
3490 4379 3732 4443 dicimus,
3763 4368 3866 4443 poni

2232 4491 2265 4527 a
2295 4471 2689 4538 similitudine,
2723 4488 2755 4525 a
2786 4488 2899 4542 qua
2929 4472 3121 4525 radios
3155 4472 3325 4525 etiam
3352 4471 3598 4525 diximus
3628 4473 3860 4521 rotarum.

2232 4562 2500 4633 Virgilius
2532 4563 2591 4615 in
2624 4562 2815 4616 Bucol.
2845 4578 2857 4615 :

2388 4652 2672 4714 Descripsit
2706 4650 2850 4699 radio
2884 4654 3052 4699 totum
3085 4650 3174 4713 qui
3198 4649 3446 4713 gentibus
3481 4648 3671 4697 orbem.

2234 4731 2459 4787 Cicero:
2498 4732 2762 4786 Excitabo
2784 4731 2886 4785 tibi
2908 4748 3103 4785 senem
3143 4748 3175 4785 a
3205 4732 3436 4803 pulvere
3465 4735 3519 4785 et
3546 4727 3713 4782 radio.
3740 4724 3867 4776 Asm-

2233 4838 2385 4877 COIA.

2304 4909 2628 4982 Exemplar]
2662 4910 2745 4964 Ab
2776 4908 2960 4963 eximo
2980 4909 3193 4964 dictum
3215 4913 3318 4977 est,
3337 4909 3473 4981 quia
3503 4908 3569 4961 ab
3602 4922 3663 4959 eo
3692 4894 3867 4969 aliquid

2234 5000 2536 5066 eximatur,
2570 5004 2767 5069 estque
2789 4999 3080 5068 exemplar
3101 5013 3189 5052 res
3208 4998 3277 5052 ad
3298 4998 3459 5067 cujus
3485 4988 3867 5048 similitudinem

2232 5089 2442 5160 aliquid
2477 5089 2555 5142 ﬁt.
2586 5088 2921 5158 Exemplum
2943 5103 3077 5141 vero
3108 5088 3229 5141 haec
3259 5088 3384 5158 ipsa
3425 5080 3742 5144 similitudo,
3770 5086 3867 5145 qut?

2233 5178 2588 5250 exprimitur.
2618 5181 2911 5232 AGRICOLA.
3843 5248 3848 5255 ι

2306 5272 2501 5323 Beatus
2520 5269 2658 5335 fore,
2696 5273 2799 5321 etc.
2834 5270 2848 5326 ]
2883 5267 3012 5321 Haec
3043 5265 3324 5322 sententia
3360 5262 3603 5319 Platonis
3632 5258 3693 5312 ab
3723 5265 3871 5345 omnl-

2231 5358 2338 5413 bus
2369 5358 2665 5412 decantata
2697 5357 2755 5410 in
2787 5372 2852 5411 eo
2899 5356 3046 5410 libro
3076 5356 3173 5426 qui
3206 5353 3521 5408 Alcibiades
3550 5349 3697 5422 prior
3714 5346 3873 5398 inscri-

2232 5449 2405 5515 bitur,
2440 5446 2746 5517 colligitur.
2780 5448 2940 5513 Fore,
2961 5446 3214 5511 confore,
3242 5446 3439 5511 affore,
3467 5443 3665 5496 futura:
3685 5442 3870 5500 semper

2233 5542 2365 5592 sunt
2393 5534 2843 5607 signiﬁcationis.
2883 5535 3148 5589 Horatius
3179 5534 3238 5587 in
3270 5533 3452 5605 primo
3482 5532 3811 5587 Sermonum.

2568 5687 2598 5696 η
2665 5625 2856 5696 Neque.
2875 5637 2929 5674 se
2959 5624 3069 5674 fore
3099 5622 3319 5687 posthac

2327 5688 2455 5736 'l'am
2482 5686 2689 5736 facilem
2724 5686 2882 5736 dicat.
