4054 6184
178 286 265 336 917
1152 279 1537 335 ΜυΙίΜΕΗᾸΙ
1582 280 1664 333 ΕΤ
1715 281 1840 334 AGF

2010 282 2083 334 ,ΑΒ
2122 280 2625 336 COMMENTARIA
2644 321 2655 334 .

3552 284 3653 334 918

176 414 356 467 Forem
392 414 581 463 autem
628 406 772 463 sicut
824 422 1023 473 essem,
1079 406 1335 477 ejusdem
1374 406 1829 477 signiﬁcationis.
1871 411 1917 464 A
1946 406 2272 477 gistratibus
2303 406 2438 474 suis,
2491 406 2594 461 sub
2628 406 3054 477 magistratibus
3087 410 3143 461 et
3178 406 3399 477 legibus
3432 408 3649 463 Itoma-

174 507 450 555 Acmcom.

236 585 515 659 Publicus]
549 586 606 641 Id
637 590 738 655 est,
774 587 1087 658 populicas,
1121 602 1248 658 quas
1290 584 1489 656 populi
1540 590 1674 640 sunt
1703 585 1850 641 dici-

175 696 298 734 mus.
330 681 624 731 AGRICOLA.

230 768 471 838 Studerej
512 768 717 820 Favere
750 765 1053 836 signiﬁcat,
1080 764 1424 837 quandoque
1450 765 1721 837 jungitur
1752 765 1847 820 da-

172 861 299 914 tivo.
341 858 605 911 Horatius
639 856 698 909 in
731 856 915 927 primo
966 856 1385 926 Epistolarum:

278 948 347 995 Ne
371 946 551 994 studio
582 946 749 993 nostri
778 958 979 1008 pecces.

172 1029 223 1083 Id
271 1034 350 1082 est
406 1028 639 1082 favore:
703 1026 1048 1097 quandoque
1095 1024 1306 1079 conari.
1364 1026 1591 1080 Terent.
1652 1024 1711 1079 in
1740 1026 1847 1080 Ευ-

171 1118 321 1173 nuch.
352 1135 363 1171 :

276 1207 404 1254 Dum
439 1205 628 1255 studeo
658 1206 750 1255 tibi
777 1218 1012 1255 sororem
1044 1204 1283 1254 reddere.

172 1298 225 1350 Et
255 1297 517 1367 jungitur
551 1296 887 1350 accusativo.
919 1295 1271 1367 quandoque
1294 1294 1510 1348 discere
1544 1294 1850 1365 signiﬁcat.

170 1386 341 1439 Cicero
393 1386 453 1439 in
515 1386 720 1457 quinto
767 1387 832 1440 de
878 1387 1113 1440 Finibus
1143 1386 1425 1439 bonorum
1469 1390 1523 1439 et
1563 1386 1847 1437 malorum

170 1478 240 1528 vel
270 1475 403 1530 illud
436 1475 627 1545 ipsum
655 1476 806 1547 quod
866 1476 1078 1545 studet,
1107 1476 1289 1530 facere
1338 1475 1515 1545 possit
1570 1472 1844 1539 ornatius,

168 1566 336 1636 sicque
369 1565 691 1636 promiscue
711 1566 1045 1633 accusativo,
1081 1569 1137 1618 et
1158 1564 1650 1635 dativojungitur.
1686 1566 1847 1617 Acm-

172 1670 305 1709 COLA.

226 1743 542 1815 Autoritnte]
586 1744 867 1799 Autoritas
912 1743 1141 1815 proprie
1186 1743 1392 1797 dicitur
1433 1742 1727 1796 honestior
1746 1745 1845 1797 aut

169 1834 371 1903 dignior
415 1835 483 1887 de
532 1834 763 1887 homine
800 1835 991 1904 aliquo
1048 1834 1262 1904 opinio,
1314 1848 1417 1903 per
1462 1848 1633 1903 quam
1679 1832 1843 1887 facile

169 1924 283 1992 quid
327 1923 566 1976 suadere
626 1928 723 1975 aut
766 1922 1095 1976 dissuadere
1158 1927 1371 1992 potest:
1436 1920 1579 1974 sicut
1629 1920 1843 1974 autoris

169 2013 364 2078 dicitur,
397 2013 561 2082 cujus
594 2011 839 2081 imperio
869 2011 1088 2081 aliquid
1116 2010 1198 2075 tit,
1241 2011 1403 2080 cujus
1434 2010 1681 2063 nominis
1704 2010 1845 2062 mul-

168 2102 319 2172 tiplex
349 2103 509 2173 origo
548 2102 703 2173 apud
737 2102 986 2155 diversos
1021 2106 1367 2154 recensetur.
1412 2100 1525 2155 Alii
1559 2100 1628 2153 ab
1659 2115 1843 2169 augeo

170 2192 497 2246 scribendum
526 2208 633 2261 per
683 2208 728 2257 c,
782 2192 933 2261 quod
982 2190 1231 2244 nominis
1263 2188 1605 2259 proprietati
1637 2205 1843 2259 parum

169 2283 421 2348 convenit,
458 2282 576 2334 Alii
617 2280 685 2334 ab
718 2279 873 2330 αὑτὸν
911 2281 1101 2333 Grmco
1124 2279 1438 2344 deducunt,
1474 2278 1625 2349 quod
1651 2279 1842 2348 ipsum

169 2370 420 2439 signiﬁcat
446 2391 460 2435 ;
490 2370 596 2424 sed
619 2375 675 2424 et
702 2369 809 2423 hoc
848 2369 1079 2438 longius
1116 2368 1424 2438 quaesitum
1455 2367 1697 2421 videtur.
1730 2366 1841 2419 Alii

170 2459 389 2514 aliunde.
424 2460 569 2514 Mihi
622 2460 746 2513 sine
790 2476 815 2512 c
866 2458 1229 2512 scribendum
1280 2458 1521 2523 videtur,
1553 2462 1608 2511 et
1640 2457 1783 2510 sicut
1812 2472 1844 2509 a

168 2548 299 2600 faveo
360 2548 607 2615 fautum,
658 2547 736 2600 sic
784 2547 855 2600 ab
895 2561 1030 2599 aveo
1079 2550 1299 2611 autum,
1350 2545 1499 2616 quod
1554 2549 1637 2598 est
1686 2549 1845 2597 extra

169 2653 345 2691 usum:
380 2643 433 2691 et
463 2638 605 2691 inde
636 2640 805 2691 autor
840 2636 1182 2690 descendere
1209 2634 1451 2702 videtur,
1483 2634 1759 2705 quoniam
1792 2634 1840 2687 is

169 2727 226 2781 sit
248 2728 336 2797 qui
364 2743 483 2781 rem
542 2727 755 2780 factam
813 2730 995 2791 aveat,
1050 2726 1157 2779 hoc
1184 2729 1267 2778 est
1298 2725 1509 2795 cupiat.
1543 2726 1839 2779 AGRICOLA.

226 2818 617 2887 Magistratum]
652 2816 1011 2886 Magistratus
1047 2814 1515 2885 etmagisterium
1549 2814 1840 2880 dill'eruut,

169 2907 497 2976 magistratus
528 2910 789 2977 potestas
813 2904 1046 2974 dicitur,
1069 2904 1487 2975 magisterium,
1513 2904 1838 2958 artiﬁcium.

170 2995 403 3050 Conscius
442 3001 499 3051 et
529 2995 909 3061 conscientia,
960 2994 1114 3064 apud
1161 2998 1379 3049 veteres
1408 2996 1751 3065 plerumque
1781 2992 1843 3047 in
1882 3023 1921 3076 ρ

170 3086 348 3138 malum
374 3093 600 3155 partem
624 3084 911 3139 dicuntur.
944 3083 1236 3137 Iuvenalis
1261 3100 1274 3138 :

268 3174 385 3232 Quis
414 3188 567 3224 nunc
599 3174 837 3238 diligitur
868 3174 970 3222 nisi
992 3171 1281 3221 conscius?

170 3255 397 3309 Horatius
426 3256 699 3327 inprimo
730 3254 1115 3326 Epistolarum
1144 3270 1157 3307 :

268 3360 341 3408 Nil
364 3362 607 3410 conscire
641 3361 757 3419 sibi,
786 3360 935 3409 nulla
966 3359 1250 3423 pallescere
1290 3356 1463 3420 culpa.

170 3458 429 3513 Sallustius
458 3461 518 3514 in
570 3460 880 3530 Jugurtha:
929 3460 1007 3514 Ne
1035 3459 1162 3530 quis
1220 3456 1558 3511 modestiam
1617 3454 1678 3509 in
1710 3470 1839 3508 con-

172 3547 429 3604 scientiam
462 3549 797 3603 deduceret.
830 3550 1042 3604 Contra
1094 3546 1359 3617 Virgilius
1395 3544 1571 3599 dixit:
1604 3541 1840 3597 Conscia

170 3636 353 3693 virtus:
387 3646 441 3693 et
485 3640 729 3703 Quintil.
780 3640 837 3693 in
892 3638 1088 3692 matris
1119 3636 1389 3691 infamia:
1425 3636 1467 3689 Ο
1512 3634 1677 3689 bonae
1710 3648 1840 3686 con-

172 3726 389 3781 scientize
414 3728 542 3783 inca
556 3734 651 3782 uta
680 3728 1032 3799 simplicitas.
1078 3730 1382 3783 AGRICOLA.

228 3817 515 3888 Imbecillis]
570 3817 741 3882 Quasi
772 3818 893 3870 sine
942 3817 1163 3884 baculo,
1213 3816 1271 3869 id
1301 3818 1386 3868 est
1432 3811 1552 3867 sine
1596 3810 1840 3866 admini-

175 3904 276 3957 culo
302 3912 391 3960 aut
420 3908 647 3961 robore.
687 3909 981 3961 AGRICOLA.

230 3995 536 4069 Calumniis]
575 3996 721 4051 Dicit
754 3997 1074 4051 Priscianus
1136 4011 1169 4048 a
1214 3993 1393 4049 veteri
1439 3991 1614 4047 verbo
1669 3990 1839 4057 calvo,

175 4084 301 4153 quod
328 4090 407 4139 est
447 4086 694 4157 decipio,
730 4085 1071 4142 calumniam
1096 4084 1447 4155 dictamjesse
1482 4080 1637 4151 quod
1671 4078 1840 4133 modo

175 4172 421 4242 signiﬁcat
481 4176 686 4230 falsam
746 4175 1190 4241 accusationem,
1256 4174 1427 4227 modo
1483 4170 1842 4224 vexationem

175 4262 379 4333 alicujus
414 4265 471 4319 in
494 4265 690 4319 litibus
715 4281 817 4336 per
858 4262 1653 4319 freudemetfrustrationem.
1685 4262 1845 4314 Aoni-

179 4365 311 4407 COLA.
472 4416 479 4419 _

230 4443 593 4517 Barbarorum]
628 4445 807 4499 Omne
847 4444 1167 4498 humanum
1211 4456 1392 4513 genus
1431 4458 1463 4495 a
1514 4439 1719 4496 Graecis
1776 4438 1837 4492 in

176 4527 410 4587 barbaros
458 4540 513 4589 et
548 4537 787 4601 .Grazcos
838 4534 1014 4587 dividi
1062 4532 1317 4587 solebat:
1366 4534 1494 4601 post
1549 4530 1655 4584 hoc
1710 4527 1837 4583 Itali

178 4634 373 4692 quoque
398 4625 756 4679 humanitate
789 4628 844 4679 et
868 4623 1190 4677 eruditione
1224 4639 1255 4675 a
1285 4620 1542 4675 barbaris
1561 4618 1829 4689 exempti.

176 4708 443 4767 Christiani
487 4714 794 4785 scriptores
826 4714 1165 4784 plerumque
1206 4727 1359 4766 nunc
1391 4727 1494 4781 pro
1526 4709 1835 4780 gentilibus

176 4801 422 4869 accipiunt
458 4804 754 4858 barbaros.
787 4806 1085 4858 AGRICOLA.

236 4889 601 4962 Vectigalibus]
648 4892 895 4961 Vectigal
931 4893 1211 4946 tributum
1253 4890 1477 4952 dicitur,
1511 4888 1665 4959 quod
1695 4904 1836 4958 pen-

178 4975 305 5031 ditur
329 4981 392 5034 de
422 4983 592 5036 rebus
634 4998 763 5053 quae
794 4983 1117 5035 vehuntur:
1153 4978 1503 5033 consuetudo
1547 4978 1731 5032 tenuit
1776 4981 1837 5031 ut

177 5080 261 5134 pro
292 5072 437 5125 omni
466 5072 705 5138 tributo,
740 5072 946 5126 deinde
978 5087 1081 5142 pro
1114 5070 1272 5124 omni
1296 5085 1469 5123 censu
1500 5068 1830 5138 accipiatur.

180 5154 311 5212 L'nde
339 5161 621 5230 vectigalis
651 5176 806 5231 ager,
840 5176 903 5214 ex
936 5176 1049 5231 quo
1072 5159 1329 5214 redditus
1363 5158 1694 5229 capiuntur,
1732 5173 1834 5211 vo-

181 5250 331 5301 catur.
364 5252 651 5304 AGRICOLA.

235 5335 591 5411 Campaniam]
624 5341 665 5393 Α
691 5339 884 5410 Capua
916 5338 1054 5393 urbe
1087 5338 1169 5407 ﬁt,
1206 5337 1414 5392 dicitur
1435 5336 1571 5391 civis
1594 5337 1832 5408 Campa~

181 5435 286 5476 nus.
318 5427 466 5483 Unde
498 5433 553 5483 et
585 5428 913 5501 Campania,
948 5429 1227 5499 quidquid
1248 5428 1351 5483 sub
1382 5428 1595 5483 ditione
1627 5428 1829 5497 Capum

184 5510 294 5566 olim
321 5514 439 5570 fuit.
464 5518 757 5573 Provincia
788 5518 997 5573 dicitur
1018 5534 1150 5589 pars
1182 5518 1372 5589 aliqua
1398 5523 1680 5572 terrarum
1705 5532 1831 5587 quae

186 5600 448 5674 subjugata
473 5624 501 5662 a
534 5608 819 5678 Romanis,
850 5608 1085 5664 remotis
1106 5609 1194 5663 vel
1228 5608 1581 5679 principibus
1611 5608 1699 5662 vel
1718 5623 1835 5662 ma-

1959 498 2048 551 nis
2082 498 2399 552 tenebatur.
2438 496 2595 551 Unde
2628 497 2931 551 Suetonius
2959 498 3018 551 in
3046 497 3168 551 Vita
3198 496 3443 552 Tiberii:
3478 497 3653 568 Cujus

1960 592 2015 642 et
2061 604 2301 658 regnum
2347 587 2407 641 in
2456 587 2699 642 formam
2741 586 3049 658 provincias
3098 586 3339 658 redegit.
3380 587 3537 641 Dicta
3570 592 3653 642 est

1960 677 2253 750 provincia
2291 677 2455 748 quasi
2498 693 2692 748 porro,
2742 677 2799 731 id
2847 682 2930 731 est
2977 693 3211 748 prorsus
3257 676 3433 746 _victa°
3480 679 3653 731 Aoni-

1958 785 2108 823 COLA.

2029 856 2300 930 Praetorii]
2344 856 2679 912 Prmtorium
2728 856 2787 910 in
2839 856 3034 911 castris
3088 855 3297 911 dicitur
3353 858 3507 911 locus
3556 857 3651 911 ubi

1958 947 2231 1001 tendebat
2275 947 2608 1018 imperator,
2650 951 2704 1001 et
2734 947 2864 1000 inde
2911 948 2971 1000 in
3024 946 3279 1014 urbibus,
3314 948 3413 1001 ubi
3444 953 3657 1018 praetor

1962 1038 2051 1091 vel
2085 1053 2345 1091 summus
2375 1037 2745 1108 magistratus
2772 1036 3065 1091 habitabat
3084 1036 3325 1107 publice.
3350 1038 3650 1091 Prii-lectus

1959 1130 2149 1181 autem
2201 1127 2478 1197 pratorii,
2522 1126 2620 1197 qui
2679 1128 2800 1180 loco
2850 1125 3209 1195 imperatoris
3267 1126 3327 1179 in
3382 1127 3651 1196 praetorio

1958 1216 2308 1279 versabatur,
2363 1220 2419 1269 et
2462 1214 2742 1273 militibus
2790 1218 3052 1284 prmerat.
3102 1215 3476 1269 Consularem
3518 1233 3651 1270 eum

1958 1306 2217 1371 dicimus,
2252 1305 2351 1376 qui
2394 1305 2502 1359 fuit
2531 1306 2748 1360 consul.
2785 1305 3054 1360 Consules
3094 1305 3250 1358 enim
3283 1304 3394 1359 duo
3427 1322 3654 1377 semper

1957 1394 2015 1447 in
2048 1395 2300 1465 singulos
2351 1411 2532 1448 annos
2571 1394 2915 1449 creabantur
2966 1395 3180 1459 Romae,
3240 1393 3337 1464 qui
3369 1398 3654 1463 praeerant

1957 1485 2200 1550 senatui,
2234 1485 2339 1538 hoc
2368 1489 2451 1537 est
2482 1484 2722 1539 concilio
2755 1483 3006 1554 publico,
3040 1482 3201 1553 cujus
3232 1483 3330 1555 qui
3371 1483 3652 1554 particeps

1956 1579 2095 1640 erat,
2124 1579 2349 1628 senator
2380 1575 2703 1629 vocabatur.
2739 1575 3043 1629 AGRICOLA.

2026 1665 2303 1719 Palatinos
2357 1664 2534 1733 canes]
2586 1663 2793 1718 Avidos
2860 1662 3152 1717 ministros
3212 1661 3409 1733 palatii
3469 1666 3647 1718 vocat.

1886 1724 1924 1777 Β
1952 1755 2249 1809 AGRICOLA.

2022 1842 2348 1912 Ambitione]
2406 1842 2503 1896 llic
2548 1840 2733 1913 posuit
2796 1840 2858 1894 in
2921 1840 3153 1911 propria
3208 1839 3647 1911 signiﬁcatione,

1954 1948 2126 2003 quam
2148 1931 2494 2001 etymologia
2526 1930 2776 1985 nominis
2802 1929 3010 1995 reddit,
3042 1945 3157 1982 non
3180 1929 3470 2000 quomodo
3494 1944 3651 1982 more

1951 2021 2245 2075 communi
2278 2021 2471 2074 Latine
2512 2019 2878 2090 loquentium
2924 2019 3162 2088 capitur.
3214 2018 3463 2071 Ambitio
3496 2018 3647 2071 enim

1952 2109 2157 2181 cupido
2191 2110 2424 2165 honoris
2451 2112 2534 2163 est
2562 2125 2575 2162 :
2609 2109 2744 2180 quia
2763 2109 2862 2179 qui
2882 2108 3151 2179 petebant
3177 2108 3425 2163 honores
3451 2112 3503 2162 et
3534 2124 3653 2162 ma-

1951 2201 2239 2269 gistratus,
2294 2199 2590 2253 ambibant
2635 2203 2689 2252 et
2734 2198 3047 2252 circuibant
3095 2198 3261 2265 cives,
3313 2203 3541 2252 orantes
3586 2202 3651 2253 ut

1952 2290 2056 2343 sibi
2098 2291 2382 2344 faverent:
2414 2290 2564 2343 unde
2598 2288 2848 2343 ambitus
2881 2287 3163 2357 signiﬁcat
3197 2287 3252 2341 id
3292 2288 3447 2357 quod
3478 2288 3647 2342 hodie

1950 2382 2155 2450 vulgus
2202 2378 2511 2432 simoniam
2558 2382 2734 2433 vocat.
2792 2377 2892 2431 Hic
2930 2381 3123 2430 autem
3168 2376 3325 2441 dixit,
3370 2377 3645 2447 quoniam

1952 2468 2485 2539 ambibantjudices
2519 2471 2573 2521 et
2604 2467 2908 2521 sententias
2938 2467 3225 2521 emebant.
3273 2469 3567 2519 Anmcom.

2020 2557 2267 2630 Aulicos]
2316 2557 2551 2628 Proprie
2598 2556 2839 2611 dicimus
2889 2571 2985 2610 eos
3017 2554 3117 2626 qui
3148 2554 3206 2608 in
3238 2555 3383 2608 aulis
3424 2554 3643 2625 princi-

1950 2664 2091 2719 pum
2140 2648 2355 2710 vivunt,
2409 2662 2550 2717 quos
2588 2646 2757 2701 hodie
2806 2645 3047 2700 barbare
3109 2644 3352 2699 curiales
3426 2649 3649 2711 vocant,

1952 2737 2145 2809 Virgil.
2184 2736 2241 2791 in
2266 2754 2301 2789 II
2335 2738 2540 2805 Georg.
2572 2753 2583 2789 :

2297 2827 2579 2874 Penetrant
2613 2824 2760 2873 aulas
2787 2826 2838 2873 et
2868 2822 3052 2871 limina
3081 2836 3282 2885 regum.

1954 2908 2093 2962 Nam
2125 2906 2281 2961 curia
2325 2924 2357 2960 a
2389 2923 2526 2961 cura
2555 2905 2762 2960 dicitur
2793 2906 2969 2973 locus,
3003 2904 3101 2957 ubi
3130 2902 3425 2975 publicum
3456 2902 3646 2957 conci-

1952 2997 2094 3050 lium
2119 2996 2379 3050 habetur.
2405 2998 2701 3049 AGRICOLA.

2015 3089 2158 3141 Esne
2191 3090 2300 3147 ὄνος
2340 3090 2465 3161 πρὸς
2506 3085 2686 3160 λύραν]
2738 3084 2827 3139 Sic
2866 3084 3056 3154 legere
3107 3086 3191 3137 est
3236 3082 3297 3136 in
3333 3083 3649 3154 exemplari

1945 3177 2097 3248 quod
2127 3177 2373 3231 Joannes
2409 3176 2686 3232 Caesarius
2720 3175 2892 3229 homo
2931 3172 3293 3230 doctissimus
3326 3171 3468 3227 mihi
3501 3188 3650 3227 com-

1945 3266 2231 3320 modavit:
2276 3266 2428 3337 quod
2462 3266 2892 3336 interpretatur,
2931 3264 3139 3318 Asinus
3170 3280 3228 3317 es
3251 3263 3324 3317 ad
3354 3263 3557 3335 lyram.
3583 3264 3648 3318 In

1944 3356 2201 3427 ejusdem
2259 3356 2487 3425 magine
2539 3356 2660 3409 11th
2723 3354 3013 3413 habentur
3076 3353 3360 3424 ascripta:
3426 3357 3454 3410 ἤ
3513 3355 3640 3425 πρὸς

1946 3445 2104 3520 )ύραν
2137 3451 2248 3506 ὄνος
2299 3444 2478 3511 τελεῖς,
2503 3444 2559 3498 id
2612 3448 2716 3513 est,
2767 3447 2852 3497 An
2886 3444 2955 3497 ad
2987 3444 3169 3513 lyram
3220 3443 3411 3496 asinus
3452 3440 3554 3495 es?
3585 3442 3648 3495 In

1947 3536 2187 3606 epistola
2219 3550 2349 3589 vero
2389 3534 2457 3589 ab
2518 3533 2810 3589 .Edicollio
2859 3533 2929 3587 ad
2982 3548 3074 3587 me
3119 3531 3271 3598 data,
3319 3533 3406 3585 An
3449 3547 3505 3584 es
3536 3534 3645 3591 duo;

1946 3625 2155 3699 λύραςῗ
2188 3625 2454 3692 subaudi,
2504 3622 2783 3697 ἀκροάτης,
2819 3622 2875 3677 id
2908 3627 3010 3689 est,
3053 3639 3111 3676 es
3144 3621 3339 3675 asinus
3371 3622 3507 3691 lyra:
3538 3636 3646 3674 au-

1948 3716 2241 3769 scultator.
2295 3715 2629 3785 Rodolphus
2676 3712 2943 3782 Agricola
2982 3711 3232 3767 exaravit
3254 3712 3446 3766 Grmca
3481 3710 3635 3764 Lati-

1948 3806 2036 3860 nis
2067 3804 2291 3871 litteris,
2324 3804 2567 3857 forsitan
2598 3819 2663 3856 eo
2710 3802 2863 3873 quod
2902 3801 2950 3855 is
2991 3802 3153 3872 cujus
3202 3801 3331 3855 usui
3376 3800 3648 3855 scriberet

1950 3897 2142 3951 Graeca
2182 3893 2443 3947 nesciret.
2505 3892 2648 3947 Sunt
2678 3896 2869 3946 autem
2898 3891 3058 3945 haec:
3092 3896 3225 3963 ’Ἄρα
3272 3887 3319 3942 εἷ
3362 3894 3474 3952 ὄνος
3521 3890 3649 3964 πρὸς

1949 3983 2147 4058 16pm;
2175 3983 2230 4037 id
2283 3986 2389 4051 est,
2423 3984 2508 4035 An
2545 3998 2603 4035 es
2648 3981 2843 4035 asinus
2895 3981 2967 4035 ad
3007 3980 3236 4052 lyram?
3277 3980 3495 4035 Dicitur
3541 3979 3648 4033 hoc

1950 4074 2221 4145 adagium
2251 4072 2310 4126 in
2343 4087 2437 4125 eos
2485 4070 2585 4141 qui
2615 4070 2809 4123 hebeti
2844 4074 2977 4123 sunt
3019 4069 3275 4140 ingenio,
3307 4069 3506 4123 crassis
3545 4085 3644 4122 au—

1950 4165 2126 4232 ribus,
2162 4162 2490 4233 nulliusque
2533 4158 2759 4230 judicii,
2793 4159 2871 4213 ita
2898 4162 2963 4212 ut
2989 4175 3056 4212 ea
3076 4175 3205 4229 quas
3235 4158 3503 4213 dicuntur
3522 4156 3641 4229 lmi-

1950 4270 2059 4309 nus
2105 4252 2447 4323 intelligant.
2494 4251 2664 4305 Divus
2718 4249 3097 4320 Hieronymus
3157 4249 3229 4303 ad
3283 4248 3639 4302 Marcellam:

1877 4335 1918 4388 D
1948 4344 2123 4399 Asino
2157 4343 2370 4414 quippe
2418 4343 2541 4413 lyra
2596 4341 2883 4411 superﬂue
2931 4340 3101 4396 canit.
3163 4338 3319 4394 Idem
3339 4338 3640 4409 {adversus

1947 4433 2357 4504 Vigilantium:
2413 4432 2753 4501 Quanquam
2821 4430 2991 4484 stulte
3062 4428 3292 4495 faciam,
3362 4428 3637 4498 magistro

1945 4530 2281 4578 cunctorum
2330 4522 2631 4592 magistros
2680 4536 2959 4592 qumrere,
3010 4523 3067 4573 et
3098 4518 3151 4573 ei
3191 4518 3424 4573 modum
3455 4518 3643 4588 impo-

1946 4630 2102 4681 nere,
2149 4612 2246 4685 qui
2297 4611 2453 4684 loqui
2486 4610 2678 4672 nescit,
2722 4615 2779 4664 et
2813 4614 2998 4664 tacere
3037 4626 3153 4663 non
3185 4612 3390 4679 potest,
3432 4609 3642 4663 Verum

1944 4708 2028 4758 est
2053 4703 2191 4756 illud
2224 4702 2375 4773 apud
2407 4702 2625 4756 Grmcos
2670 4698 3061 4770 proverbium.
3114 4704 3264 4759 Ὄνος
3295 4696 3470 4770 λύρας.
3522 4698 3639 4752 Lu-

1943 4793 2139 4847 cianus
2165 4792 2232 4846 de
2265 4791 2333 4845 iis
2364 4790 2464 4861 qui
2497 4789 2758 4843 mercede
2789 4787 3081 4843 serviunt:
3127 4788 3273 4851 Quid
3303 4787 3639 4843 commercii

1943 4883 2106 4937 asino
2128 4897 2257 4936 cum
2276 4881 2397 4953 lyra
2414 4880 2442 4934 ?
2466 4876 2681 4943 ἐξαύδα,
2710 4879 2780 4950 μὴ
2806 4877 2954 4928 κεῦθε
2970 4880 3087 4948 νόῳ.
3111 4878 3173 4931 In
3193 4876 3427 4932 Caesarii
3446 4876 3642 4933 libello

1943 4973 2067 5028 haec
2109 4972 2300 5026 Graeca
2353 4973 2503 5038 sunt,
2545 4985 2673 5040 quae
2704 4967 2781 5020 sic
2812 4967 3301 5038 interpretantur:
3338 4968 3646 5039 Eloquere,

1944 5079 2016 5117 ne
2047 5062 2292 5116 occultes
2325 5058 2661 5115 intellectui.
2695 5058 2877 5122 Quam
2908 5057 3065 5112 dedit
3094 5057 3419 5113 Edicollius
3451 5058 3519 5111 ad
3549 5072 3643 5111 me

1943 5152 2242 5224 epistolam
2301 5153 2422 5204 haec
2484 5149 2683 5204 habet:
2757 5147 2996 5219 Ἒξηγέου
3064 5146 3175 5219 ἐμοὶ
3243 5147 3291 5198 ἐν
3339 5149 3428 5219 μέν
3459 5144 3641 5215 ἀδήλῳ

1941 5241 2247 5295 τίθεσθαιού
2293 5242 2473 5307 πείθω,
2526 5255 2655 5311 qua:
2688 5238 2766 5293 sic
2803 5238 2937 5293 licet
2973 5236 3362 5309 interpretari,
3412 5238 3642 5304 Expone

1944 5332 2274 5403 Rodolphus
2304 5330 2465 5398 mihi,
2496 5329 2557 5383 in
2578 5329 2798 5383 incerto
2831 5326 3068 5400 quidem
3095 5326 3233 5399 poni
3262 5341 3373 5380 non
3400 5324 3635 5377 suadeo.

1944 5422 2271 5493 Rodolphus
2302 5419 2441 5490 legit
2460 5420 2580 5474 haec
2602 5419 2791 5473 Grzeca
2815 5434 2827 5472 :
2861 5417 3289 5490 Ἐξομολόγηο-αι,
3313 5417 3363 5465 τί
3387 5431 3443 5465 σε
3464 5410 3634 5481 λυπεῖ,

1942 5512 2002 5568 id
2029 5515 2133 5577 est,
2168 5510 2451 5566 Conﬁtere
2476 5508 2616 5581 quid
2645 5512 2700 5563 te
2731 5508 3046 5563 contristet.

2012 5603 2359 5671 Bibliotheca,
2407 5602 2593 5657 Graece
2646 5597 2976 5671 βιϐλιοθήκη,
3022 5592 3429 5667 repositorium
3467 5591 3643 5648 libro-
