4054 6184
369 185 474 238 919

1112 179 1457 235 APPENDIX
1495 179 1586 232 AD
1628 175 1872 235 LIBROS
1916 178 2002 232 DE
2046 175 2568 234 CONSOLATIONE
2608 173 3106 230 PHILOSOPHUS.
3736 177 3826 228 920

370 331 521 370 rum.
555 313 733 375 Βιϐλος
767 313 919 368 enim
967 313 1374 384 interpretatur
1423 327 1693 382 papyrus,
1723 312 1930 382 juncus
1964 327 2056 365 co-
2094 312 2142 366 A
2168 309 2257 364 his
2302 324 2436 379 ergo
2464 309 2584 379 jam
2623 305 3069 363 satis.Checratis
3113 309 3301 361 autem
3347 319 3542 359 curam
3570 304 3824 358 habemus

372 405 499 470 dex,
532 403 698 470 liber,
729 403 997 472 bombyx.
1027 402 1299 456 Nonnulli
1321 401 1574 455 scribunt
1606 416 1709 471 per
1735 420 1784 468 υ,
1816 400 2058 454 maxime

369 493 698 548 Theodorus
726 493 888 546 Gaza.
927 492 1223 544 Invenitur
1256 496 1311 545 et
1340 490 1518 551 Bu’flo;
1571 490 1706 545 urbs
1734 490 2056 558 Phoenicim,

374 599 498 655 quas
533 598 634 652 per
664 601 692 631 υ
725 597 950 652 semper
977 581 1280 634 scribitur:
1329 580 1654 635 differentia
1683 581 1842 651 cujus
1885 579 2058 651 pleri-

373 688 484 743 que
519 670 823 743 {jo‘mg'pro
859 671 1049 725 codice
1079 687 1182 741 per
1216 691 1231 720 ι
1259 670 1425 723 scribi
1467 671 1778 740 afﬁrmant,
1802 687 1904 741 per
1933 686 2059 724 mu-

372 762 647 816 tationem
677 760 936 815 dichroni
961 761 1017 813 in
1040 760 1402 824 dichronum,
1435 765 1500 813 ut
1529 761 1764 814 lsaccius
1795 761 1853 813 in
1887 761 2059 830 Lyco-

372 850 612 922 phronis
657 849 1128 920 interpretatione
1173 854 1430 904 testatur.
1477 851 1582 903 Per
1615 849 2059 904 diminutionem

374 944 577 993 neutro
609 955 818 1008 genere
842 937 1050 992 dicitur
1083 936 1286 1009 βίϐλων
1319 938 1606 1006 volumen,
1635 937 1858 991 libellus
1885 955 1896 1004 ;
1928 939 2056 995 θήκη

374 1033 567 1083 autem
591 1027 786 1081 Latine
821 1028 1028 1081 dicitur
1055 1027 1234 1093 theca,
1271 1028 1495 1097 vagina,
1529 1028 1872 1097 sepulcrum,
1911 1027 2062 1080 locu-

374 1119 480 1185 lus,
507 1117 934 1189 repositorium.
983 1118 1051 1170 Μ.
1087 1116 1300 1169 Tullius
1337 1117 1397 1170 in
1431 1133 1530 1170 xm
1563 1117 1948 1186 Epistolarum
1978 1115 2061 1169 fa-

371 1206 722 1259 miliarium:
751 1205 1048 1274 Dionysius
1080 1221 1272 1258 servus
1302 1220 1484 1272 meus,
1521 1205 1620 1276 qui
1652 1220 1840 1258 meam
1869 1205 2062 1258 biblio-

373 1296 598 1350 thecam
632 1295 944 1348 multorum
978 1309 1348 1348 nummorum
1376 1295 1656 1360 tractavit,
1689 1309 1820 1347 cum
1851 1295 2062 1348 multos

375 1386 552 1439 libros
596 1383 987 1454 surripuisset,
1032 1400 1134 1437 nec
1165 1400 1222 1437 se
1255 1383 1493 1453 impune
1527 1383 1778 1437 laturum
1810 1388 2058 1454 putaret,

377 1474 615 1544 aufugit.
653 1473 848 1527 Latine
895 1473 1131 1527 libraria
1162 1474 1390 1539 dicitur,
1433 1473 1586 1544 quod
1619 1474 1790 1527 etiam
1826 1474 2060 1528 nomine

375 1564 728 1633 significatur
753 1564 910 1616 locus
942 1562 1039 1616 ubi
1071 1562 1201 1616 libri
1229 1564 1454 1617 venales
1476 1567 1860 1633 reponuntur.
1885 1563 2062 1617 Aulus

377 1653 590 1708 Gellius
608 1653 752 1706 libro
774 1652 1362 1707 NoctiumAtticarum
1380 1653 1600 1724 quinto,
1621 1653 1803 1723 capite
1826 1657 2060 1724 quarto:

375 1741 540 1812 Apud
563 1741 837 1811 sigillaria
860 1741 1005 1795 forte
1034 1741 1092 1794 in
1116 1741 1349 1796 libraria
1372 1758 1475 1812 ego
1493 1746 1548 1795 et
1570 1742 1625 1796 L.
1641 1743 1850 1796 Paulus
1873 1746 2064 1813 poeta,

375 1832 461 1886 vir
493 1832 770 1886 memoria
793 1835 984 1884 nostra
1013 1831 1391 1893 doctissimus,
1426 1832 1884 1886 consederamus.

446 1922 539 1976 Ad
582 1921 804 1975 caelestis
851 1920 1059 1974 ordinis
1095 1919 1392 1992 exemplar]
1442 1921 1599 1975 Sicut
1641 1920 1792 1975 enim
1819 1921 2069 1975 ccelestia

374 2011 693 2066 certissimo
728 2009 1056 2079 diriguntur
1091 2010 1311 2077 ordine,
1357 2015 1633 2081 perpetuo
1675 2013 1938 2065 constant
1977 2016 2067 2065 te-

372 2117 514 2155 nore
586 2114 923 2169 summaque
1002 2103 1414 2169 conservantur
1481 2098 1822 2154 concordia:
1889 2104 1945 2154 et
2009 2099 2069 2153 in

372 2189 609 2245 homine
644 2205 848 2258 corpus
894 2193 976 2242 est
1027 2187 1201 2242 animi
1251 2189 1493 2264 imperio
1527 2189 1968 2259 subjugandum,
2015 2193 2070 2242 et

375 2279 658 2350 appetitus
701 2282 851 2331 recta
899 2277 1120 2331 ratione
1154 2278 1556 2346 moderandus,
1587 2283 1758 2349 atque
1790 2279 1848 2332 in
1881 2278 2066 2332 omni-

373 2368 479 2422 bus
500 2366 915 2433 convenientia,
951 2367 1111 2433 ordo,
1157 2372 1698 2438 temperamentum,
1733 2366 2068 2421 concordia-

375 2474 488 2529 que
527 2457 835 2527 diligenter
874 2456 1244 2510 observanda.

439 2549 634 2601 Beatus
703 2549 820 2612 fore
889 2545 1244 2614 respublicas]
1304 2544 1559 2598 Valerius
1604 2543 1878 2598 Maximus
1920 2544 2069 2599 libro

375 2635 660 2707 septimo:
694 2636 817 2690 Jam
873 2635 1126 2688 Platonis
1173 2633 1360 2687 verbis
1404 2633 1654 2699 astricta,
1706 2634 1800 2687 sed
1838 2650 2068 2688 sensum

376 2726 695 2798 praevalens
728 2724 1047 2778 sententia:
1082 2722 1180 2793 qui
1205 2727 1326 2776 tum
1363 2723 1597 2776 demum
1627 2723 1857 2777 beatum
1889 2728 2065 2777 terra-

375 2831 508 2870 rum
554 2814 751 2868 orbem
785 2815 1043 2867 futurum
1090 2811 1435 2882 praedicavit,
1470 2828 1597 2866 cum
1641 2817 1738 2865 aut
1784 2813 2069 2882 sapientes

377 2920 644 2975 regnare,
679 2907 776 2956 aut
805 2918 969 2971 reges
1013 2917 1211 2971 sapere
1256 2901 1574 2972 coepissent.
1620 2902 1798 2956 Julius
1843 2902 2070 2973 Capito-
2110 2906 2150 2962 C
2181 2901 2681 2993 Segit’h’l‘t'n’éilim
2731 2901 2880 2991 Sim],
2913 2901 2965 2991 εἰ
2999 2937 3263 3005 servitus,

377 2994 529 3048 linus
559 2993 617 3046 in
656 2991 780 3046 Vita
807 2991 876 3045 Μ.
907 2990 1140 3044 Antonii
1171 2990 1505 3061 Philosophi
1549 2993 1791 3046 Romani
1822 2993 2070 3062 impera-

378 3083 549 3137 toris:
585 3081 880 3135 Sententia
933 3080 1188 3133 Platonis
1241 3097 1469 3151 semper
1513 3080 1571 3135 in
1625 3098 1722 3136 ore
1758 3081 1910 3136 illius
1940 3082 2067 3150 fuit,

382 3173 610 3226 Florere
661 3168 933 3237 civitates,
969 3169 1019 3222 si
1068 3175 1165 3223 aut
1198 3170 1527 3240 philosophi
1567 3171 1936 3241 imperarent,
1975 3177 2073 3226 aut

379 3261 752 3330 imperatores
799 3257 1358 3329 philosopharentur.
1420 3259 1764 3313 Prudentius
1806 3261 1866 3313 in
1910 3260 2070 3331 Sym-

381 3350 649 3404 machum
678 3351 966 3402 oratorem
993 3365 1004 3401 :

535 3454 795 3501 Nimirum
821 3453 1037 3516 pulchre
1065 3453 1275 3516 quidam
1305 3453 1640 3503 doctissimus
1673 3459 1812 3505 esset

533 3516 752 3564 Publica
780 3529 882 3573 res,
915 3517 1103 3578 inquit,
1131 3520 1260 3564 tunc
1291 3516 1555 3565 fortunata
1581 3518 1724 3572 satis,
1758 3518 1800 3565 si

537 3578 630 3627 Vel
660 3591 809 3640 reges
839 3583 1098 3641 saperent,
1132 3578 1215 3627 vel
1249 3585 1533 3641 regnarent
1562 3580 1841 3641 sapientes.

460 3679 537 3732 Tu
571 3677 809 3747 ejusdem
857 3680 968 3732 υἱνὶ
1020 3677 1128 3747 ore]
1173 3678 1369 3732 Exstat
1414 3678 1663 3732 Platonis
1717 3678 1954 3749 epistola
2004 3680 2076 3734 ad

385 3766 677 3821 Architam
694 3766 1086 3834 Tarentinum,
1109 3783 1280 3837 quam
1300 3765 1577 3821 Marsilius
1595 3767 1819 3821 Ficinus
1837 3769 1988 3823 hunc
2015 3769 2074 3824 in

385 3855 621 3910 modum
663 3855 1071 3925 interpretatus
1120 3862 1239 3910 est:
1277 3857 1433 3909 Plato
1478 3857 1721 3911 Architm
1767 3859 2074 3913 Tarentino

386 3945 532 3999 bene
563 3957 749 4013 agere.
783 3945 1075 3998 Venerunt
1124 3944 1192 3998 ad
1240 3961 1344 3999 nos
1402 3945 1674 4017 Archippi
1726 3947 2074 4002 Philonidis-

387 4049 498 4105 que
524 4032 858 4102 familiares,
889 4033 1136 4088 ferentes
1170 4033 1470 4102 epistolam
1502 4051 1676 4105 quam
1708 4036 1788 4090 eis
1818 4037 2074 4105 dederas,

387 4139 450 4178 ac
481 4123 550 4177 de
589 4123 758 4177 rebus
798 4123 910 4176 tuis
954 4139 1082 4194 qua:
1131 4124 1386 4192 oportuit
1438 4125 1789 4179 nuntiantes.
1842 4127 2077 4181 Publica

2167 399 2227 453 in
2256 399 2575 469 praesentia,
2623 397 3076 467 habebimusque
3102 395 3162 450 in
3202 401 3517 467 posterum,
3547 399 3601 448 et
3627 395 3703 447 tui
3725 411 3834 464 gra-

2169 488 2264 555 tia,
2299 492 2353 542 et
2382 487 2557 558 patris
2596 488 2718 559 ejus
2750 487 3109 557 Phrynionis,
3146 491 3204 540 et
3245 490 3483 557 propter
3519 484 3698 554 ipsum
3725 484 3834 538 ado-

2168 578 2493 631 lescentem.

2239 667 2444 732 Quibus
2475 671 2650 720 autem
2696 662 3105 736 deferentibus]
3139 664 3364 735 Colligit
3396 662 3724 734 gravitatem
3764 680 3835 715 ca-

2170 772 2265 810 sus
2305 772 2371 810 ex
2418 755 2758 826 indignitate
2805 759 3218 822 accusatorum,
3283 771 3312 807 e
3362 754 3572 824 quibus
3628 752 3839 804 Basilius

2171 859 2301 897 cum
2355 847 2501 898 esset
2553 847 2774 897 amotus
2815 859 2844 896 e
2897 843 3068 897 domo
3120 842 3287 914 regis,
3341 845 3581 913 propter
3610 840 3840 910 inopiam

2169 937 2394 987 coactus
2425 936 2508 986 est
2530 948 2662 986 eum
2697 949 2980 986 accusare.
3017 932 3204 1002 Opilio
3240 938 3295 985 et
3323 930 3698 996 Gaudentius,
3729 945 3837 982 cum

2170 1027 2358 1078 essent
2387 1022 2529 1092 jussi
2572 1021 2652 1076 ire
2705 1022 2762 1075 in
2805 1021 3070 1075 exsilium
3121 1025 3353 1092 propter
3396 1020 3612 1073 scelera
3645 1035 3755 1084 sua,
3799 1026 3841 1074 et

2169 1115 2369 1181 postea
2396 1128 2452 1165 se
2473 1110 2758 1181 rprazsidio
2800 1112 3056 1165 locorum
3088 1126 3378 1163 sacrorum
3420 1114 3732 1172 tuerentur,
3764 1109 3844 1161 ite-

2171 1217 2415 1272 rumque
2464 1200 2752 1254 statuisset
2797 1216 2919 1266 rex,
2972 1199 3081 1253 nisi
3130 1201 3280 1253 intra
3310 1206 3534 1252 certum
3568 1199 3712 1250 diem
3743 1198 3841 1250 abi-

2171 1294 2298 1344 rent
2317 1290 2386 1344 ab
2409 1289 2548 1344 urbe
2572 1291 2860 1355 ltavenna,
2890 1288 3160 1359 stigmata
3182 1289 3560 1342 inurerentur
3591 1287 3843 1340 frontibus

2172 1396 2370 1433 eorum
2405 1392 2417 1434 :
2450 1379 2649 1434 eodem
2685 1383 2877 1432 tamen
2913 1378 3003 1432 die
3036 1394 3150 1449 quo
3173 1379 3422 1448 jusserat
3464 1377 3574 1429 ista
3603 1392 3711 1442 rex,
3737 1391 3842 1428 cum

2171 1469 2581 1540 proﬁterentur
2624 1473 2975 1521 accusatores
3037 1484 3094 1521 se
3137 1467 3339 1534 Boetii,
3384 1466 3568 1520 factus
3609 1470 3688 1517 est
3735 1481 3841 1516 reus

2170 1559 2308 1629 ipse,
2343 1558 2507 1612 etilli
2554 1557 2736 1611 auditi
2770 1563 2922 1610 sunt.
2956 1557 3096 1621 Quid
3145 1572 3280 1627 ergo
3332 1555 3632 1624 indignius
3678 1554 3843 1623 potuit

2105 1617 2144 1668 Β
2177 1647 2325 1713 ﬁeri,
2356 1663 2529 1717 quam
2561 1647 2605 1700 si
2637 1662 2740 1700 nec
2773 1645 2997 1699 Boetius
3030 1645 3242 1699 meruit
3272 1644 3550 1711 accusari,
3577 1648 3632 1696 et
3678 1643 3751 1696 illi
3773 1643 3840 1695 iu-

2177 1736 2339 1806 digni
2369 1739 2531 1790 erant
2561 1736 2660 1806 qui
2687 1740 3036 1789 accusarent.
3070 1739 3362 1789 Aemcom.

2238 1824 2632 1893 Deferentibus]
2675 1824 2905 1876 Deferre
2941 1823 3166 1893 proprie
3214 1821 3504 1892 signiﬁcat
3547 1834 3837 1890 apportare.

2177 1912 2373 1984 Virgil.
2408 1913 2759 1967 intv/lineid.
2790 1928 2801 1965 :

2672 2000 2868 2049 Eadem
2909 2000 3070 2063 impia
3117 1999 3258 2048 fama
3303 1998 3504 2047 furenti

2303 2063 2501 2112 Detulit
2530 2064 2719 2112 armari
2746 2064 2984 2113 classem.

2181 2144 2396 2198 Deinde
2446 2145 2733 2198 detortum
2771 2142 3189 2197 consuetudine
3246 2142 3299 2196 id
3336 2142 3581 2196 verbum
3624 2139 3680 2193 in
3705 2140 3838 2209 pejo-

2178 2249 2301 2288 rem
2347 2232 2847 2304 significationem,
2890 2239 2954 2286 ut
3004 2231 3289 2302 signiﬁcet
3336 2231 3632 2285 criminari
3671 2245 3837 2299 quem-

2179 2339 2372 2395 quam,
2408 2327 2463 2376 et
2494 2323 2711 2376 occulte
2741 2321 3096 2376 insimulare.
3128 2321 3454 2376 Iuvenalis:

2365 2411 2570 2460 Stoicus
2600 2409 2794 2459 occidit
2815 2410 3033 2459 Boream
3063 2409 3268 2460 delator
3296 2410 3550 2458 amicum.

2179 2493 2473 2547 Acmcom.

2249 2581 2515 2652 Percussi]
2547 2580 2743 2636 Melius
2785 2580 2892 2634 erit
2936 2579 3183 2651 perculsi
3231 2584 3292 2633 ut
3323 2580 3572 2651 legatur.
3617 2577 3701 2632 Sic
3735 2577 3839 2630 Cor-

2161 2667 2366 2725 'nelius
2407 2671 2666 2725 Tacitus:
2717 2670 2982 2724 Perculso
3033 2671 3262 2736 Seneca,
3295 2674 3629 2740 promptum
3656 2666 3751 2719 fuit
3771 2665 3842 2718 Se-

2179 2760 2340 2814 nium
2373 2760 2585 2814 Rufum
2607 2759 2976 2814 imminuere.
3009 2760 3311 2813 AGRICOLA.

2250 2848 2578 2920 Ministerio]
2646 2848 2927 2902 Differunt
2992 2847 3288 2901 servitium
3347 2851 3406 2901 et
3473 2842 3834 2899 ministerium.

3310 2936 3692 2990 conditionem
3735 2931 3834 2983 vitm

2181 3027 2484 3098 significat,
2509 3043 2620 3098 qua
2651 3027 2780 3098 quis
2823 3027 3145 3081 libertatem
3177 3025 3407 3079 amittit.
3442 3024 3718 3079 Tibullus:

2367 3115 2461 3163 llic
2491 3115 2620 3163 mihi
2645 3115 2917 3163 servitium
2947 3114 3118 3174 video,
3147 3113 3527 3176 dominamque
3560 3115 3788 3175 paratam,

2427 3178 2543 3226 Jam
2571 3177 2701 3226 mihi
2729 3177 2944 3227 libertas
2975 3177 3064 3224 illa
3095 3181 3314 3239 paterna
3337 3176 3474 3225 vale.

2180 3259 2556 3313 Ministerium
2590 3275 2724 3312 vero
2756 3275 2988 3312 omnem
3011 3273 3240 3328 operam
3267 3274 3397 3328 quae
3420 3257 3591 3311 etiam
3615 3255 3689 3308 vel
3719 3267 3835 3306 mer-

2179 3350 2315 3404 cede
2346 3349 2433 3402 vel
2456 3348 2652 3419 quavis
2678 3347 3003 3402 conditione
3035 3349 3344 3417 praebetur.
3401 3354 3688 3401 AGRICOLA.

2246 3439 2433 3492 Alieni
2465 3435 2613 3508 aeris]
2649 3439 2737 3490 Ais
2766 3436 3018 3490 alienum
3051 3437 3200 3506 apud
3228 3441 3450 3490 veteres
3495 3435 3736 3490 debitum
3761 3445 3833 3482 vo-

2182 3530 2359 3581 catur.
2398 3527 2532 3580 Inde
2566 3533 2623 3580 et
2644 3526 2907 3581 Horatius
2929 3527 2988 3579 in
3017 3543 3053 3579 ιι
3086 3525 3473 3596 Epistolarum
3505 3523 3674 3578 dixit:

2801 3615 2916 3663 Meo
2942 3627 3057 3662 sum
3087 3629 3287 3677 pauper
3309 3615 3360 3662 in
3386 3628 3508 3662 aere.

2183 3695 2353 3759 Quasi
2401 3694 2636 3762 diceret,
2691 3696 2814 3766 Ipse
2862 3710 3068 3765 parum
3126 3696 3272 3763 aeris,
3319 3696 3431 3748 hoc
3481 3698 3563 3748 est
3609 3687 3826 3763 pecunia!

2183 3785 2367 3840 habeo
2390 3785 2525 3847 ;sed
2549 3801 2663 3839 non
2689 3784 2872 3839 habeo
2903 3801 2979 3838 {es
3002 3785 3274 3853 alienum,
3309 3785 3418 3839 hoc
3446 3788 3548 3850 est,
3584 3779 3712 3835 nulli
3733 3791 3830 3830 sum

2185 3873 2425 3929 debitor.
2458 3877 2757 3929 Acmcom.

2247 3962 2507 4032 Fraudcs]
2543 3963 2862 4033 Aliquando
2904 3962 3059 4016 fraus
3101 3962 3298 4017 dolum
3327 3963 3565 4028 malum,
3596 3959 3648 4013 id
3669 3961 3740 4011 est
3758 3954 3829 4007 de-

2186 4052 2526 4122 ceptionem,
2563 4051 2863 4122 signiﬁcat.
2893 4052 3088 4122 Virgil.
3125 4052 3184 4105 in
3215 4068 3265 4105 vi
3294 4073 3308 4106 :

2805 4141 2868 4189 Et
2891 4140 3034 4189 fraus
3054 4141 3250 4189 innexa
3279 4141 3480 4190 clienti.

391 4213 624 4284 quidem
671 4213 910 4301 civitatis
942 4213 1185 4301 negotia
1219 4213 1432 4284 absque
1466 4214 1801 4268 difﬁcultate
1831 4231 2074 4287 perege—
2115 4248 2158 4301 D
2190 4221 2512 4292 Aliquando
2558 4219 2831 4275 delictum
2889 4220 3190 4290 signiﬁcat,
3257 4226 3318 4273 ut
3365 4221 3476 4274 hic.
3547 4215 3746 4273 Plinius
3786 4211 3830 4262 in

388 4303 542 4355 runt.
580 4301 773 4366 Neque
800 4300 950 4354 enim
983 4300 1294 4354 admodum
1316 4301 1600 4355 laboriosa
1628 4307 1807 4356 erant.
1840 4305 1913 4358 Te
1945 4321 2077 4359 vero

390 4394 768 4445 narraverunt
811 4390 1152 4458 permoleste
1203 4389 1369 4456 ferre,
1409 4391 1560 4460 quod
1597 4407 1627 4444 a
1661 4392 1905 4461 publicis
1943 4394 2077 4448 civi-

389 4478 520 4534 tatis
569 4478 1035 4548 occupationibus
1086 4483 1142 4532 te
1197 4479 1436 4532 liberare
1483 4496 1600 4532 non
1659 4481 1866 4536 valeas.
1919 4483 2079 4546 Quod

393 4568 572 4639 igitur
601 4567 995 4622 dulcissimum
1024 4567 1152 4620 vitae
1185 4583 1365 4637 genus
1397 4567 1470 4620 sit
1498 4583 1666 4635 agere
1692 4585 1812 4637 sua,
1843 4587 2078 4640 praeser-

392 4657 496 4711 tim
519 4657 564 4710 si
596 4657 721 4726 quis
741 4657 877 4710 talia
897 4657 1133 4727 elegerit
1156 4656 1434 4722 facienda,
1467 4657 1659 4727 qualia
1692 4664 1776 4727 tu,
1811 4661 2082 4715 omnibus

395 4746 573 4800 ferme
602 4750 688 4799 est
726 4745 1114 4799 manifestum.
1147 4746 1257 4800 Sed
1305 4745 1444 4800 illud
1476 4763 1701 4818 quoque
1734 4754 1785 4802 te
1831 4750 2084 4806 conside-

395 4849 521 4888 rare
553 4837 799 4902 oportet,
837 4835 1058 4887 nullum
1111 4840 1366 4888 nostrum
1416 4836 1522 4889 sibi
1554 4837 1660 4890 soli
1707 4841 1906 4891 natum
1938 4854 2081 4905 esse,

396 4923 492 4977 sed
524 4926 683 4976 ortus
724 4923 906 4975 nostri
938 4928 1157 4992 partem
1203 4923 1310 4978 sibi
1343 4924 1588 4994 patriam
1620 4925 1924 4994 vindicare,
1958 4945 2085 4998 par-

394 5018 512 5068 tem
549 5015 833 5082 parentes,
887 5017 1108 5082 partem
1167 5014 1412 5067 amicos:
1479 5015 1657 5066 multa
1706 5015 1941 5084 insuper
1982 5033 2085 5086 pro

395 5108 726 5173 temporum
777 5100 1098 5155 diversitate
1168 5104 1336 5157 nobis
1381 5102 1655 5170 accidere,
1715 5104 1925 5173 quibus
1973 5106 2086 5159 vita

394 5198 591 5246 nostra
631 5196 902 5260 occupata
936 5197 1036 5244 est.
1080 5192 1324 5245 Vocante
1356 5193 1534 5260 igitur
1565 5199 1618 5246 te
1652 5194 1831 5262 patria
1863 5194 1986 5264 ipsa
2017 5194 2087 5247 ad

395 5282 809 5352 rempublicam
859 5281 1310 5350 gubernandam,
1364 5283 1675 5336 absurdum
1717 5282 1909 5335 forsan
1941 5287 2087 5336 esset

397 5387 514 5423 non
543 5385 767 5439 parere,
805 5369 1126 5439 praesertim
1159 5385 1287 5422 cum
1320 5370 1490 5424 simul
1539 5371 1775 5435 accidat,
1808 5376 1870 5425 ut
1903 5372 2087 5426 aditus

400 5458 586 5528 pravis
617 5458 947 5512 hominibus
972 5457 1360 5528 relinquatur:
1399 5461 1496 5527 qui
1537 5462 1695 5513 nulla
1724 5461 1898 5531 ipsius
1934 5463 2083 5532 quod

401 5547 686 5616 optimum
717 5558 820 5614 est,
866 5547 1089 5602 ratione
1139 5546 1579 5617 proﬁciscuntur
1608 5551 1677 5604 ad
1719 5550 1965 5620 publica.
2008 5551 2086 5604 De

2189 4311 2375 4382 primo
2425 4310 2704 4364 Naturalis
2744 4309 3041 4364 Historias:
3091 4309 3316 4363 Nemini
3357 4308 3543 4363 fraudi
3577 4306 3687 4366 fuit,
3719 4316 3829 4372 quo-

2192 4415 2420 4470 cunque
2447 4399 2615 4453 modo
2655 4403 2851 4469 posset
2871 4399 3003 4452 deos
3037 4399 3236 4452 colere.
3277 4401 3571 4452 AGRICOLA.

2262 4487 2524 4558 Censura]
2577 4489 2811 4557 Proprie
2887 4487 3176 4558 siguiiicat
3232 4486 3644 4558 magistratum,
3699 4489 3832 4550 quem

2191 4578 2338 4648 gerit
2368 4594 2584 4632 censor.
2628 4578 2796 4630 Erant
2846 4583 3038 4630 autem
3077 4577 3190 4630 duo
3223 4592 3488 4630 censores
3530 4576 3724 4630 Bome,
3760 4563 3834 4634 qui

2193 4667 2468 4721 censendo
2500 4667 2738 4736 populo.
2772 4666 2880 4719 hoc
2921 4670 3008 4720 est
3037 4665 3407 4719 numerandis
3434 4664 3639 4717 civibus
3667 4660 3832 4712 [toma-

2195 4757 2302 4824 nis,
2334 4762 2390 4809 et
2423 4756 2698 4826 cujusque
2739 4755 2950 4816 censui,
2988 4756 3094 4809 hoc
3133 4760 3217 4808 est
3266 4754 3478 4808 divitiis
3516 4742 3832 4806 mstimandist

2193 4849 2481 4917 praeerant
2503 4849 2560 4899 et
2591 4844 2885 4898 moribus:
2917 4845 3068 4898 unde
3100 4849 3154 4898 et
3186 4843 3444 4914 magistri
3479 4853 3688 4896 morum
3717 4833 3832 4888 dice-

2194 4936 2420 4990 bantur.
2461 4934 2619 4988 Unde
2644 4933 2962 4990 iuvenalis:

2375 5023 2471 5071 Dat
2502 5023 2710 5070 veniam
2741 5023 2932 5081 corvis,
2960 5027 3116 5071 vexat
3139 5036 3358 5071 censura
3391 5019 3668 5070 columbas.

2199 5103 2302 5157 Ubi
2334 5108 2527 5157 tamen
2561 5119 2663 5172 per
2685 5104 3079 5173 synecdochen
3101 5119 3203 5172 pro
3229 5103 3552 5156 censoribus
3581 5090 3828 5163 accipitur,

2198 5193 2287 5246 hic
2323 5192 2516 5245 itidem
2552 5209 2649 5262 per
2696 5192 3090 5262 synecdochen
3125 5208 3226 5261 pro
3259 5191 3577 5262 cognitione
3605 5186 3680 5239 vel
3704 5175 3829 5251 judi-

2197 5282 2284 5336 cio
2317 5282 2566 5334 censoris
2593 5281 2820 5335 dicitur.
2855 5285 3145 5335 AGRICOLA.

2261 5369 2494 5442 zEdiu-m]
2560 5370 2719 5424 .IEdes
2781 5370 3056 5440 singulari
3119 5386 3358 5424 numero
3410 5386 3509 5441 pro
3559 5377 3697 5418 sacra
3734 5353 3827 5410 aede

2199 5461 2470 5531 ponitur:
2519 5459 2595 5512 sic
2638 5459 2900 5514 dicebant
2940 5465 3192 5514 veteres:
3242 5461 3421 5515 andem
3463 5460 3643 5518 Vestra,
3681 5448 3822 5503 0ὶάοω

2199 5548 2530 5604 Concordiae
2561 5564 2663 5618 pro
2689 5549 2919 5620 templis
2944 5566 2956 5616 ;
2987 5549 3193 5621 plurali
3221 5565 3353 5604 vero
3374 5560 3618 5603 "numero
3647 5543 3821 5596 tantum
