4054 6184
143 277 233 330 921
1140 273 1528 329 MURMELLII
1570 275 1654 328 ET
1693 274 2064 331 AGRICOLjE
2105 275 2630 332 COMMENTARIA.

3539 280 3644 332 922

139 397 434 468 profertur,
466 396 692 468 quando
723 397 959 451 domum
989 395 1273 468 significat
1305 414 1317 452 ε
1353 402 1694 469 tantumque
1727 414 1826 452 no-
1863 402 1910 455 A
1940 398 2046 452 bus
2078 399 2475 453 continebatur
2509 399 2705 454 conari
2738 414 2871 454 eum
2917 403 2977 454 ut
3005 399 3282 471 populum
3315 401 3638 456 Romanum

141 487 332 540 bilium
374 487 580 540 domus
609 486 759 540 aedes
807 485 1119 541 dicuntur:
1177 487 1347 542 credo
1388 492 1634 558 utraque
1674 488 1825 542 dicta

141 578 234 642 ita,
259 575 392 646 quia
413 577 628 646 templa
659 577 936 631 etdomus
966 577 1248 632 nobilium
1281 577 1472 646 editze,
1501 578 1558 633 id
1585 582 1668 632 cst
1697 579 1825 632 altae

140 669 286 720 sunt.
317 667 604 720 Aearcou.

205 757 461 810 Ravenna
501 753 655 826 urbe]
729 756 839 808 Hoc
909 758 1011 824 est,
1088 759 1286 810 contra
1359 756 1828 826 superstitionem

139 844 639 913 grammaticorum
661 848 1006 909 nostrorum,
1034 845 1132 916 qui
1157 845 1360 900 docent
1384 847 1442 899 in
1466 847 1824 916 appositione

139 948 360 1003 semper
416 932 768 987 communius
820 934 1142 1002 praecedere
1191 934 1401 989 debere
1453 951 1464 988 :
1521 935 1613 990 hic
1672 935 1828 990 enim

139 1022 273 1075 urbe
305 1021 458 1092 quod
489 1021 850 1076 communius
882 1027 985 1088 est,
1011 1023 1290 1093 sequitur.
1326 1026 1621 1078 Acmcom.

203 1113 371 1166 Notas
420 1111 676 1178 insigniti
722 1112 1022 1181 frontibus]
1078 1113 1284 1182 Figura
1311 1112 1832 1183 loquendiGrazca

140 1206 235 1268 est,
269 1217 445 1270 quam
467 1205 656 1255 tamen
683 1201 886 1255 melius
917 1208 972 1255 et
995 1202 1409 1272 significantius
1440 1204 1828 1273 expressisset,

137 1292 176 1344 si
200 1290 452 1356 dixisset,
485 1290 636 1344 notis
680 1291 936 1360 insigniti
968 1292 1269 1345 frontibus.
1305 1293 1445 1346 Nota
1476 1292 1632 1346 enim
1679 1294 1831 1364 quod

139 1383 279 1435 velut
325 1382 774 1435 instrumentum
820 1382 992 1451 hujus
1031 1382 1190 1436 verbi
1231 1382 1490 1452 insigniti
1522 1383 1825 1452 significat,

139 1486 365 1541 prorsus
395 1470 479 1524 illi
509 1470 568 1524 in
601 1470 844 1524 ablativo
869 1470 1038 1540 jungi
1071 1471 1268 1524 debuit
1298 1487 1310 1524 :
1346 1471 1552 1525 deinde
1584 1471 1826 1541 insigni-

139 1567 220 1614 tus
248 1560 523 1624 frontem,
555 1559 699 1614 sicut
727 1559 888 1613 albus
913 1560 1138 1629 pedem,
1172 1560 1350 1614 flavus
1382 1576 1627 1627 comam,
1664 1561 1832 1616 usita-

142 1651 244 1703 tius
273 1655 331 1703 et
361 1649 705 1702 intellectius
733 1647 951 1702 fuisset.
986 1651 1281 1702 Acarcom.

198 1738 519 1807 Severitati]
571 1738 840 1792 Severum
886 1737 1318 1808 iuterpretatur,
1371 1738 1534 1808 quasi
1585 1754 1831 1810 sequens

141 1844 353 1895 verum,
400 1827 561 1897 cujus
612 1827 963 1880 contrarium
1021 1828 1254 1898 proprie
1304 1833 1388 1881 est
1423 1828 1829 1896 indulgentia:

145 1918 281 1971 unde
331 1921 391 1971 et
438 1915 572 1970 alibi
622 1916 769 1970 sicut
813 1920 1054 1982 sanctos,
1105 1916 1185 1970 ita
1226 1932 1453 1971 severos
1489 1918 1714 1988 judices
1772 1918 1836 1972 in

143 2007 298 2062 laude
331 2007 518 2077 ponit.
554 2005 816 2060 Horatius
861 2022 874 2059 :

571 2095 763 2143 Forum
793 2094 1075 2158 putealque
1107 2093 1329 2142 Libonis

282 2157 550 2206 Mandabo
582 2158 752 2216 siccis,
775 2157 1004 2205 adimam
1037 2161 1246 2205 cantare
1274 2158 1486 2206 severis.

143 2239 344 2304 Astrui,
384 2239 438 2292 id
472 2243 558 2292 est
583 2223 839 2308 adjungi‘,
868 2237 937 2290 ab
967 2236 1044 2290 ad
1075 2242 1130 2290 et
1157 2243 1330 2290 struo.
1364 2239 1663 2292 AGRICOLA.

206 2328 491 2400 Suscepta]
523 2330 766 2396 Accepta
795 2326 1150 2380 commodius
1191 2326 1405 2380 dictum
1437 2326 1655 2381 fuisset.
1691 2327 1835 2381 Nam

145 2419 448 2474 delationes
478 2417 712 2488 proprie
765 2416 1105 2486 suscipiunt,
1165 2415 1223 2469 id
1271 2420 1373 2481 est,
1437 2416 1688 2470 subeunt
1739 2421 1840 2470 aut

147 2509 420 2562 sustinent
450 2505 890 2572 accusationem,
938 2505 1117 2575 judex
1149 2504 1404 2576 accipere
1451 2504 1662 2559 rectius
1694 2505 1838 2559 dici-

147 2602 244 2652 tur.
271 2601 571 2652 Acmcom.

208 2682 389 2755 Artes]
435 2685 600 2736 Artes
632 2681 978 2752 quandoque
1028 2696 1131 2752 pro
1161 2681 1420 2737 moribus
1453 2682 1834 2755 accipiuntur.

149 2773 426 2828 Iuvenalis
449 2787 462 2824 :

575 2857 814 2922 Quando;
830 2858 1033 2907 artibus
1064 2858 1276 2922 (inquit)
1305 2859 1543 2909 honestis

318 2921 514 2970 Nullus
545 2921 602 2970 in
639 2921 773 2970 urbe
804 2920 968 2969 locus.

153 3005 495 3074 Quandoque
526 3019 633 3072 pro
663 3003 958 3068 doctrinis,
982 3006 1046 3057 ut
1072 3002 1360 3058 Iuvenalis
1389 3017 1402 3057 :

385 3093 568 3141 Artem
604 3090 855 3140 scindens
880 3089 1156 3139 Theodori.

151 3175 208 3228 Et
233 3173 533 3228 Terentius
567 3188 580 3227 :

320 3261 481 3320 Quod
513 3261 646 3312 forte
673 3259 880 3320 cecidit,
911 3259 962 3309 id
994 3262 1104 3309 arte
1135 3262 1194 3309 ut
1223 3259 1472 3323 corrigas.

153 3343 498 3414 Quandoque
531 3348 716 3397 astum
749 3346 848 3395 aut
893 3341 1110 3395 dolum.
1141 3339 1375 3395 Ovidius
1406 3340 1468 3393 in
1499 3357 1516 3392 ι
1565 3341 1635 3394 de
1667 3340 1839 3394 Arte:

319 3434 472 3502 Tunc
525 3431 693 3502 aperit
748 3433 953 3502 mentes
983 3443 1104 3502 ωινρο
1144 3429 1412 3502 rarissima
1446 3432 1626 3478 nostro

388 3493 726 3557 Simplicitas,
762 3496 899 3542 artes
934 3493 1233 3542 cxcutiente
1264 3493 1390 3541 Deo.

156 3581 439 3631 Acmcom.

217 3669 367 3720 ltane
419 3665 566 3718 nihil
627 3664 918 3718 fortunam
984 3662 1229 3733 puduit?
1280 3663 1439 3717 Itane
1482 3661 1692 3716 nullius
1755 3661 1837 3714 rei

158 3757 347 3825 puduit
396 3752 725 3809 fortunam?
775 3751 922 3806 Nihil
958 3752 1181 3821 puduit,
1226 3751 1436 3805 locutio
1487 3755 1572 3804 est
1620 3751 1846 3804 Grazca-

157 3845 285 3899 nica.
319 3845 438 3909 Sic,
469 3846 612 3896 teste
646 3840 957 3906 Prisciano,
987 3841 1284 3894 Terentius
1315 3840 1374 3894 in
1396 3839 1666 3910 Adelphis
1696 3854 1843 3893 novo

159 3949 300 3986 more
335 3930 658 3985 secundum
688 3931 908 3981 Graecos
936 3927 1080 3980 dixit
1113 3943 1126 3980 :

393 4017 561 4072 Quem
591 4029 763 4078 neque
798 4015 962 4078 pudet
984 4015 1292 4078 quidquam.

159 4096 213 4148 Et
238 4096 450 4151 iterum
485 4113 497 4149 :

395 4185 489 4234 Hei
516 4184 666 4241 mihi,
705 4197 812 4233 non
845 4189 894 4233 te
925 4183 1025 4233 hoc
1055 4182 1234 4247 pudet.

222 4268 276 4321 Si
303 4265 512 4338 minus]
545 4266 603 4320 Si
634 4281 770 4333 non,
802 4265 1044 4320 subaudi
1080 4263 1288 4335 puduit
1325 4263 1635 4317 fortunam.
1666 4261 1847 4315 Inno—

163 4357 368 4423 ccntiae,
406 4355 774 4426 subintellige
805 4371 969 4409 mere.

223 4447 293 4500 At
358 4447 738 4501 accusantium
780 4446 1033 4510 vilitatis]
1083 4444 1211 4497 Ηωε
1241 4446 1324 4496 est
1352 4457 1486 4496 vera
1527 4439 1693 4494 lectio
1727 4456 1856 4509 quae

166 4533 393 4590 habetur
439 4535 498 4588 in
533 4534 851 4588 emendatis
897 4531 1337 4604 exemplaribus,
1390 4529 1855 4584 subaudiendum

167 4628 237 4676 est
266 4625 566 4695 puduisset
591 4640 738 4677 eam.

233 4714 499 4783 Vititatis]
533 4711 920 4783 Improbitatis
953 4715 1010 4766 et
1037 4708 1407 4781 impuritatis.
1451 4707 1855 4762 Accusantium

169 4816 346 4858 eorum
379 4803 480 4874 qui
509 4819 600 4856 me
626 4805 982 4856 accusarunt.

228 4894 298 4945 At
326 4894 482 4962 cujus
525 4894 772 4946 criminis
821 4889 1142 4957 arguimur?
1180 4889 1292 4942 Hoc
1323 4887 1447 4940 loco
1497 4885 1747 4940 ostendit
1777 4884 1858 4938 in-

170 4977 488 5048 dignitatem
523 4979 905 5035 damnationis
949 4995 1016 5032 ex
1056 4977 1135 5031 eis
1174 4993 1300 5048 qua:
1346 4975 1429 5030 illi
1461 4975 1528 5028 ab
1561 4978 1856 5028 accusato-

171 5068 312 5122 ribus
363 5070 787 5140 objiciebantur
833 5085 1015 5139 usque
1059 5068 1126 5121 ad
1177 5082 1307 5121 eum
1353 5067 1564 5120 locum.
1611 5065 1719 5118 Sed
1775 5065 1857 5124 fas

173 5156 326 5212 fuerit
357 5160 608 5213 nefarios
656 5159 941 5213 homines.
983 5157 1146 5212 Ponit
1181 5158 1374 5226 itaque
1416 5156 1529 5209 duo
1560 5154 1800 5208 crimina
1840 5170 1852 5208 :

173 5261 337 5301 unum
369 5254 490 5302 erat
537 5248 688 5319 quod
741 5246 1035 5300 dicebatur
1083 5243 1443 5316 impedivisse
1490 5242 1757 5297 nuntium
1789 5259 1858 5296 ne

175 5335 232 5387 ad
265 5353 454 5407 regem
495 5337 773 5408 perferret
815 5336 1032 5390 litteras
1083 5335 1293 5406 quibus
1337 5332 1742 5388 continebatur
1778 5349 1860 5384 se-

176 5430 356 5478 natum
390 5427 596 5482 sentire
648 5431 844 5480 contra
888 5440 1105 5493 regem,
1137 5429 1200 5477 ut
1238 5424 1314 5476 sic
1348 5428 1587 5493 propter
1626 5422 1732 5474 hoc
1773 5437 1858 5474 se-

177 5517 328 5566 natus
386 5515 545 5569 fieret
591 5515 738 5569 laesae
805 5512 1120 5582 majestatis
1170 5512 1340 5581 regiae
1387 5514 1547 5565 'reus.
1600 5511 1858 5562 Alterum

177 5602 379 5656 crimen
415 5608 552 5667 erat,
596 5604 750 5674 quod
804 5601 1096 5657 dicebatur
1146 5601 1361 5654 litteras
1402 5599 1694 5669 scripsisse
1731 5597 1858 5668 qui-

1936 488 2145 543 iterum
2190 489 2248 542 iu
2289 489 2610 543 libertatem
2662 491 3004 544 restitueret.
3054 491 3150 544 liis
3195 490 3496 560 utriusque
3539 507 3638 545 or-

1935 578 2067 632 dine
2114 579 2436 647 respondet.
2482 579 2736 632 Primum
2784 579 3012 646 fatetur,
3066 579 3166 633 sed
3209 579 3345 633 dicit
3388 585 3540 634 recte
3575 597 3634 634 se

1936 668 2153 722 fecisse.
2194 667 2516 722 Secundum
2562 673 2751 738 negat.
2802 668 2946 722 Dicit
2992 684 3128 739 ergo
3173 669 3524 722 sublevando
3577 673 3632 723 et

1937 758 2354 811 contemnendo
2413 757 2649 822 crimen,
2698 759 2848 829 quod
2911 759 3179 829 objicitur
3239 758 3365 812 sibi.
3431 759 3633 824 Quale,

1938 846 2148 918 inquit,
2183 851 2267 901 est
2297 846 2515 901 crimen
2563 848 2714 918 quod
2757 847 3026 918 objicitur
3076 846 3240 916 mihi,
3274 847 3322 900 si
3371 847 3453 899 vis
3496 847 3638 902 scire

1940 953 2246 1004 summam,
2283 936 2387 990 hoc
2431 941 2532 1004 est,
2580 941 2765 990 totum
2796 937 2990 1006 paucis
3039 937 3225 990 verbis
3256 937 3642 1006 comprehen-

1940 1042 2066 1079 sum
2107 1042 2119 1079 :
2166 1027 2273 1080 hoc
2317 1030 2401 1079 est
2462 1026 2679 1080 crimen
2731 1031 3011 1089 nostrum,
3059 1027 3213 1096 quod
3251 1025 3494 1080 dicimur
3541 1041 3642 1078 nos

1941 1115 2223 1185 cupivisse
2269 1120 2334 1169 ut
2380 1120 2610 1169 senatus
2657 1132 2771 1168 non
2815 1116 3201 1169 damnaretur.
3261 1115 3315 1168 Si
3370 1115 3454 1168 vis
3502 1115 3643 1167 scire

1942 1205 2230 1276 quomodo
2265 1206 2418 1259 istud
2473 1205 2774 1258 fecerimus
2808 1222 2819 1258 :
2856 1205 3101 1258 dicimur
3139 1220 3270 1258 eum
3300 1203 3398 1274 qui
3429 1204 3540 1257 ibat
3573 1207 3644 1258 ad

1941 1312 2136 1365 regem
2170 1295 2537 1366 impedivisse
2571 1312 2640 1348 ne
2672 1296 2949 1364 perferret
2971 1296 3316 1348 documenta
3344 1299 3397 1347 et
3434 1294 3646 1363 proba-

1940 1384 2124 1438 tiones
2155 1385 2224 1437 ad
2269 1400 2489 1453 regem,
2547 1384 2754 1455 quibus
2797 1384 3107 1437 conabatur
3139 1384 3342 1437 docere
3377 1388 3641 1436 senatum

1939 1470 2152 1524 laesisse
2185 1471 2543 1540 majestatem
2589 1473 2757 1541 regis.
2794 1472 3117 1541 lnterrogat
3160 1471 3336 1541 igitur
3386 1470 3646 1524 Philoso-

1940 1559 2136 1628 phiam
2169 1559 2307 1629 quid
2357 1559 2452 1612 illa
2489 1559 2714 1629 jubeat,
2763 1577 2835 1613 an
2882 1561 3082 1614 debeat
3132 1575 3340 1629 negare
3385 1560 3530 1612 istud
3582 1562 3647 1612 ut

1944 1653 2172 1702 maneat
2203 1648 2412 1714 salvus,
2443 1654 2499 1702 et
2532 1649 2588 1702 in
2629 1665 2874 1718 persona
2903 1665 3005 1702 sua
3045 1666 3159 1702 non
3202 1649 3372 1702 faciat
3416 1647 3646 1717 aliquod

1947 1737 2193 1792 dedecus
2235 1737 2639 1807 Philosophiae,
2687 1738 2786 1791 sed
2831 1737 2966 1790 dicit
3003 1737 3247 1790 voluisse
3293 1754 3350 1790 se
3382 1737 3535 1790 istud
3562 1737 3643 1789 fa-

1945 1843 2093 1894 cere,
2153 1830 2207 1880 et
2265 1842 2492 1896 semper
2545 1826 2708 1880 velle.
2762 1828 2973 1880 Contra
3038 1830 3231 1879 tamen
3290 1826 3336 1879 si
3387 1826 3647 1896 “,fateatur

1946 1916 2117 1982 istud,
2177 1915 2399 1969 delator
2435 1915 2561 1984 jam
2616 1915 2871 1984 perficiet
2909 1916 3017 1968 hoc
3064 1916 3213 1985 quod
3249 1915 3534 1985 cogitavit,
3593 1918 3648 1968 et

1945 2019 2057 2058 non
2088 2003 2301 2072 poterit
2332 2003 2600 2073 impediri
2654 2001 2722 2056 ab
2754 2002 3135 2056 accusatione.
3179 2002 3380 2056 Subdit
3431 2001 3639 2055 deinde

1944 2097 2163 2146 rectum
2195 2107 2314 2146 esse
2347 2092 2495 2162 quod
2525 2091 2702 2148 voluit
2722 2095 2981 2144 senatum
3006 2091 3225 2144 salvum
3257 2106 3376 2143 esse
3412 2107 3423 2143 :
3468 2106 3650 2160 quan-

1947 2198 2120 2252 quam
2172 2185 2400 2234 senatus
2443 2179 2684 2234 decretis
2751 2180 2866 2232 suis
2927 2178 3060 2248 (hoc
3111 2183 3197 2232 est
3245 2179 3488 2247 statutis)
3529 2184 3648 2232 tam

1947 2271 2095 2324 male
2127 2269 2196 2324 de
2246 2285 2312 2323 eo
2347 2269 2643 2336 meruerit,
2688 2271 2752 2322 nt
2794 2284 2911 2321 non
2956 2267 3191 2321 deberet
3228 2265 3475 2336 amplius
3522 2281 3649 2318 me-

1948 2360 2056 2414 rito
2087 2361 2330 2413 salutem
2363 2359 2484 2428 ejus
2506 2363 2724 2428 optare,
2757 2361 2949 2411 tamen
2974 2356 3361 2426 imprudentia
3393 2359 3646 2422 senatus,

1949 2449 2220 2520 quimale
2265 2449 2335 2502 de
2366 2464 2434 2501 eo
2477 2452 2770 2502 statuerat:
2821 2464 2933 2500 non
2965 2463 3128 2516 posse
3177 2450 3399 2500 mutare
3445 2444 3650 2498 merita

1948 2554 2164 2604 rerum,
2216 2538 2322 2592 hoc
2365 2541 2467 2604 est,
2521 2542 2584 2591 ut
2628 2537 2685 2591 id
2741 2537 2890 2607 quod
2944 2541 3164 2590 rectum
3212 2535 3376 2590 ﬁeret
3417 2538 3652 2605 propter

1950 2644 2110 2681 suam
2144 2627 2486 2681 sententiam
2517 2626 2822 2698 iniquum;
2852 2626 3055 2680 deinde
3097 2625 3270 2680 etiam
3302 2641 3370 2678 ex
3400 2639 3650 2678 consue-

1950 2715 2150 2770 tudine
2182 2714 2466 2768 societatis
2496 2715 2736 2784 putabat
2764 2730 2878 2767 non
2925 2713 3094 2768 licere
3133 2713 3241 2766 sibi
3267 2712 3434 2766 aliter
3462 2711 3650 2766 dicere

1951 2821 2122 2876 quam
2152 2821 2242 2858 res
2278 2804 2534 2858 haberet.
2567 2805 2972 2858 Verumtamen
3005 2807 3201 2856 utrum
3246 2801 3356 2856 ista
3397 2805 3548 2854 recte
3579 2815 3652 2853 an

1949 2911 2108 2948 secus
2157 2894 2304 2948 facta
2354 2893 2466 2946 sint
2522 2893 2711 2946 caeteri
2766 2892 2918 2946 docti
2976 2895 3032 2944 et
3092 2891 3376 2961 sapientes
3434 2889 3647 2942 debent

1884 3001 1924 3056 (ς
1955 2985 2239 3038 aestimare
2292 3000 2304 3037 :
2355 2983 2490 3053 quia
2538 2997 2661 3035 rem
2709 2983 2979 3050 scriptam
3029 2980 3278 3050 reliquit,
3331 2979 3652 3033 orationem

1952 3073 2215 3126 videlicet
2246 3089 2357 3142 qua
2388 3069 2776 3125 defensionem
2823 3070 3064 3140 scripsit.
3120 3067 3353 3133 Deinde,
3404 3070 3541 3124 Nam
3588 3067 3653 3120 de

1953 3165 2280 3230 compositis,
2331 3160 2641 3230 respondet
2683 3159 2930 3212 secundo
2971 3157 3220 3225 crimini,
3267 3157 3458 3211 dicens
3507 3153 3652 3210 nihil

1954 3265 2097 3320 opus
2149 3266 2268 3303 esse
2319 3249 2506 3302 dicere
2547 3248 2615 3301 de
2673 3246 2782 3300 hoc
2837 3247 2992 3317 quod
3033 3246 3233 3299 litterze
3284 3245 3441 3298 falsas
3490 3247 3653 3297 erant

1953 3337 2537 3409 compositm,'quibus
2568 3336 2861 3390 dicebatur
2893 3336 3012 3406 ipse
3048 3333 3294 3387 voluisse
3324 3335 3562 3387 Romam
3593 3333 3655 3386 in

1953 3428 2277 3482 libertatem
2320 3426 2628 3490 vindicare,
2663 3424 2813 3497 quod
2855 3424 3019 3477 facile
3051 3424 3328 3494 potuisset
3359 3437 3426 3475 ex
3469 3420 3656 3476 verbis

1953 3518 2092 3589 ipsis
2150 3521 2570 3580 accusatornm,
2638 3515 2684 3568 si
2743 3513 3065 3584 potuissent
3127 3513 3210 3565 illi
3269 3515 3469 3565 contra
3522 3526 3654 3563 eum

1955 3607 2170 3662 audire.
2207 3605 2424 3660 Deinde
2446 3605 2581 3658 dicit
2618 3603 2773 3657 istud
2803 3620 2860 3656 se
2893 3618 3008 3656 non
3039 3601 3259 3662 fecisse,
3297 3601 3430 3671 quia
3479 3601 3658 3654 Roma

1951 3697 2070 3766 jam
2104 3697 2176 3749 sit
2209 3702 2323 3749 tam
2353 3710 2644 3764 oppressa,
2681 3696 2743 3745 ut
2774 3709 2886 3745 non
2919 3693 3102 3762 possit
3129 3691 3247 3745 ulla
3279 3691 3507 3744 libertas
3533 3705 3656 3743 am-

1956 3786 2106 3856 plius
2145 3783 2361 3855 sperari
2407 3799 2419 3836 :
2471 3787 2526 3836 et
2570 3782 2616 3834 si
2658 3781 2936 3852 potuisset
2977 3781 3171 3850 aliqua
3213 3795 3340 3850 spes
3381 3779 3554 3832 fuisse
3585 3777 3652 3830 li-

1958 3873 2212 3939 bertatis,
2247 3889 2305 3925 se
2345 3873 2452 3925 hoc
2492 3875 2607 3924 tam
2642 3871 2855 3924 occulte
2905 3869 3237 3922 habiturum
3269 3868 3462 3934 fuisse,
3507 3872 3572 3921 ut
3599 3866 3658 3920 id

1958 3977 2326 4032 nequaquam
2361 3959 2626 4013 debuerit
2675 3959 2746 4012 ad
2815 3959 3078 4012 notitiam
3129 3958 3280 4028 regis
3337 3955 3656 4028 pervenire,

1960 4051 2444 4122 quemadmodum
2467 4047 2696 4113 Canius,
2734 4048 2896 4116 cujus
2919 4062 3090 4116 supra
3119 4047 3252 4100 fecit
3277 4046 3656 4111 mentionem,

1961 4139 2060 4210 qui
2093 4144 2148 4192 et
2189 4155 2218 4191 a
2251 4139 2384 4193 Caio
2429 4137 2686 4207 Caligula
2716 4138 2936 4191 Caesare
2974 4134 3190 4188 occisus
3230 4139 3335 4199 est,
3370 4134 3662 4203 respondit

1963 4228 2189 4294 Caesari,
2232 4244 2362 4282 cum
2411 4227 2624 4282 diceret
2668 4226 2728 4278 in
2756 4224 3002 4296 quadam
3034 4222 3429 4292 conjuratione
3468 4226 3664 4275 contra

1891 4312 1932 4365 Ι)
1965 4319 2242 4373 Caesarem
2270 4318 2416 4371 facta
2445 4317 2635 4388 ipsum
2666 4315 2838 4368 fuisse
2869 4311 3179 4378 conscium,
3212 4312 3440 4366 dicens:
3468 4310 3524 4364 Si
3553 4326 3660 4379 ego

1964 4408 2272 4473 scivissem,
2303 4411 2363 4460 tu
2393 4404 2741 4470 nescivisses,
2774 4404 2882 4458 hoc
2913 4407 2998 4456 est
3026 4407 3143 4456 tam
3187 4401 3506 4471 prudenter
3535 4415 3660 4453 rem

1963 4497 2282 4567 gessissem,
2337 4500 2396 4548 ut
2436 4500 2497 4548 tu
2542 4511 2657 4547 non
2705 4493 2981 4563 potuisses
3031 4491 3345 4562 percipere.
3398 4492 3529 4544 Post
3557 4488 3660 4557 ibi,

1963 4586 2080 4652 Qua
2128 4589 2183 4639 in
2203 4602 2260 4639 re
2286 4587 2590 4651 arguimur.
2642 4586 2896 4653 Arguere
2931 4581 3277 4652 quandoque
3334 4580 3655 4650 reprehen-

1964 4675 2097 4730 dere
2130 4678 2234 4741 est,
2261 4679 2322 4727 ut
2343 4673 2453 4740 hic,
2492 4677 2546 4726 et
2569 4673 2765 4743 Virgil.
2799 4671 2859 4724 in
2882 4688 2934 4724 χι
2964 4687 2975 4723 :

2958 4759 3143 4821 Meque
3182 4757 3386 4806 timoris

2149 4843 2338 4905 Argue,
2375 4845 2429 4890 tu
2461 4843 2680 4890 Drance.

1965 4925 2315 4996 Quandoque
2337 4923 2578 4993 probare
2609 4921 2912 4991 significat,
2937 4923 3000 4974 ut
3027 4918 3314 4974 Iuvenalis
3352 4935 3364 4974 :

2465 5011 2648 5060 Molles
2679 5010 2821 5072 quod
2843 5011 2898 5057 in
2931 5023 3056 5058 aure
3081 5010 3326 5058 fenestra:

2120 5075 2419 5138 Arguerint,
2449 5075 2573 5123 licet
2602 5075 2711 5136 ipse
2741 5086 2949 5134 negem.

1971 5158 2127 5213 Unde
2176 5163 2232 5211 et
2279 5160 2689 5227 argumentum
2741 5152 3000 5207 definivit
3050 5153 3244 5207 Cicero
3292 5166 3412 5204 esse
3463 5149 3665 5221 proba-

1968 5247 2079 5301 bile
2109 5247 2410 5301 inventum
2445 5245 2512 5299 ad
2554 5244 2882 5298 faciendum
2913 5244 3105 5297 fidem.
3142 5241 3303 5297 Ovid.
3338 5241 3395 5294 in
3429 5256 3444 5292 ι
3493 5240 3665 5292 Meta-

1969 5337 2178 5406 morph
2213 5353 2248 5390 .:

2092 5426 2415 5487 Argumenta
2445 5423 2650 5479 damus,
2679 5435 2781 5484 qua
2811 5421 2978 5470 simus
3005 5418 3209 5481 origine
3235 5415 3363 5464 nati.

1969 5509 2260 5560 Acmcom.

2041 5594 2337 5664 Summam]
2387 5593 2624 5648 Summa
2674 5592 2882 5647 dicitur
2935 5585 3189 5644 collectio
3222 5584 3304 5639 rei
3331 5581 3669 5654 multiplicis
