4054 6184
424 286 524 336 9'23
970 294 985 301 ‘
1159 282 1497 337 APPENDIX
1538 283 1629 334 AD
1674 281 1925 336 LIBROS
1970 282 2054 333 DE
2095 281 2614 337 CONSOLATIONE
2654 282 3166 338 PHILOSOPIIM‘J.
3777 292 3859 341 θ’ὶί

419 410 518 460 aut
546 420 866 459 numerosas
897 405 957 459 in
1001 420 1181 459 unum
1215 405 1565 476 principium
1604 405 1757 459 velut
1792 409 1961 475 caput
1990 421 2104 476 quo
2143 407 2190 458 A
2217 407 2451 476 quidem
2481 412 2536 461 et
2562 406 2721 460 nefas
2744 422 2776 459 a
2807 407 2978 460 fando
3003 406 3288 462 dicuntur.
3328 408 3480 464 Unde
3497 409 3742 481 Virgilius
3765 412 3817 465 in
3851 431 3864 467 ι

415 496 640 565 reliqua
674 494 868 548 omnia
899 494 1283 549 continentur.
1319 496 1543 549 Cornel.
1575 495 1799 549 Tacitus
1827 509 1837 552 :
1886 496 2112 549 Flaccus

416 598 683 638 summan
709 598 903 635 rerum
936 582 986 636 ei
1034 582 1333 651 permisit;
1384 582 1462 636 sic
1495 586 1549 636 et
1584 583 1843 653 pecunia:
1876 587 1974 637 aut
2015 600 2109 637 ra-

413 674 637 727 tionum
684 688 935 725 summas
984 672 1245 740 dicimus,
1303 672 1411 725 hoc
1451 676 1556 739 est,
1602 689 1909 727 numerum
1940 674 2109 728 colle-

420 767 591 816 ctum.
617 762 905 815 Juvenalis
937 776 949 815 ε

1316 850 1565 913 Majorem
1592 851 1777 899 tertius
1805 851 1897 899 illo

544 914 831 974 Summam,
861 925 1019 976 quam
1049 912 1245 976 patulas
1271 913 1359 961 vix
1385 912 1597 977 ceperat
1616 913 1846 976 angulus
1872 927 2025 962 arcus.

422 1015 719 1068 AGRICOLA.

490 1103 814 1171 Secundum]
847 1101 1097 1155 Dicimus
1139 1100 1446 1154 concilium
1478 1100 1794 1170 publicum,
1828 1117 1996 1172 quem
2027 1101 2114 1156 in-

419 1192 569 1247 docti
604 1192 782 1245 nostri
815 1191 1174 1245 consulatum
1212 1195 1431 1245 vocant.
1468 1191 1804 1244 Consulatus
1836 1196 1921 1245 est
1961 1191 2113 1244 enim

420 1284 604 1336 honor
647 1281 916 1347 consulis,
972 1280 1115 1334 sicut
1170 1284 1419 1350 praetura
1461 1280 1665 1347 honor,
1733 1296 1907 1351 quem
1970 1282 2115 1351 gerit

418 1375 631 1440 j'n‘wtor
658 1386 671 1424 :
707 1385 878 1440 quem
920 1370 1121 1438 vulgus
1149 1370 1469 1423 consultum
1502 1374 1681 1436 vocat,
1707 1370 1887 1423 dictus
1919 1376 1996 1423 est
2027 1386 2113 1424 se-

417 1464 583 1512 natus
622 1475 653 1512 a
684 1458 862 1525 senio,
898 1462 960 1511 ut
1009 1458 1087 1511 ait
1121 1458 1420 1512 Sallustius
1462 1458 1519 1511 in
1564 1458 1825 1511 Catilina.
1876 1458 2109 1525 Delecti,

416 1549 621 1619 quibus
662 1565 867 1618 corpus
909 1548 1071 1600 annis
1118 1547 1435 1612 inﬁrmum,
1486 1547 1787 1617 ingenium
1831 1547 2114 1617 sapientia

416 1638 670 1690 validum
715 1637 937 1707 reipub.
976 1636 1369 1690 consulebant.
1406 1636 1709 1705 Majestatis
1750 1652 1910 1690 reum
1945 1636 2109 1691 illum

415 1726 610 1779 dicunt
633 1725 731 1796 qui
762 1731 1057 1779 accusatur
1088 1724 1321 1795 aliquid,
1357 1724 1511 1795 quod
1552 1724 1611 1777 in
1646 1724 1958 1794 perniciem
1988 1726 2108 1779 rei—

418 1816 664 1886 publicae.
714 1821 811 1869 aut
860 1816 1134 1885 principis
1198 1819 1410 1883 vergat,
1460 1819 1750 1868 tentasse:
1802 1816 1891 1870 vel
1937 1817 2111 1870 etiam

420 1908 575 1977 quod
608 1906 665 1959 in
699 1906 1202 1975 dedecusinsigne,
1232 1905 1381 1959 unde
1418 1905 1626 1957 dicitur
1648 1905 1783 1958 laesa
1823 1906 2107 1975 majestas,

419 2002 474 2049 et
500 2012 629 2049 reus
660 1996 805 2049 lassae
839 1995 1167 2065 majestatis,
1197 1999 1251 2047 et
1282 1994 1412 2047 inde
1445 1994 1754 2048 emissione
1782 1995 1937 2048 verbi
1962 1997 2107 2049 lassa).

419 2084 730 2155 majestatis
758 2100 887 2138 reus
921 2084 1147 2150 dicitur,
1181 2082 1456 2154 quoniam
1487 2083 1564 2136 sic
1589 2083 2108 2153 satisintelligitur.

419 2177 603 2230 Reum
648 2191 679 2227 a
717 2190 846 2228 reor
890 2173 1112 2227 videtur
1167 2190 1285 2227 esse
1329 2173 1565 2240 dictum,
1615 2173 1751 2244 quia
1801 2189 2015 2241 remur,
2050 2173 2106 2226 id

420 2270 503 2319 est
541 2264 898 2335 suspicamur
937 2263 1103 2316 illum
1135 2264 1286 2333 quod
1320 2262 1593 2333 objicitur
1632 2264 1690 2317 id
1728 2263 1945 2329 fecisse,
1972 2262 2110 2316 dici-

418 2360 628 2424 turque
656 2354 888 2424 proprie
920 2353 1018 2424 qui
1048 2352 1106 2405 in
1134 2353 1227 2423 jus
1275 2357 1504 2406 vocatus
1536 2357 1637 2407 est.
1674 2352 1834 2407 Ovid.
1870 2353 1930 2406 in
1974 2369 2011 2405 11
2041 2352 2110 2407 de

418 2446 553 2497 Arte
582 2460 594 2496 :

666 2531 781 2579 Non
811 2534 1015 2579 tantum
1044 2529 1276 2592 trepidos
1308 2532 1365 2579 ut
1390 2531 1568 2577 tueare
1600 2543 1735 2579 reos.

418 2613 694 2665 Vocamus
724 2612 895 2665 etiam
944 2611 1289 2682 quandoque
1338 2626 1500 2664 reum
1519 2627 1649 2664 eum
1679 2610 1778 2681 qui
1815 2610 1937 2681 jam
1965 2610 2107 2665 obli-

417 2706 607 2773 gatus,
640 2702 729 2755 vel
759 2700 983 2756 debitor
1016 2718 1028 2755 :
1074 2701 1225 2754 unde
1260 2701 1377 2753 voti
1419 2716 1547 2754 reus
1589 2700 1797 2754 dicitur
1827 2701 1925 2771 qui
1956 2718 2109 2754 asse-

418 2784 582 2844 cutus
609 2794 696 2844 est
721 2790 777 2844 id
801 2805 904 2860 pro
935 2805 1049 2859 quo
1082 2792 1277 2841 votum
1320 2787 1474 2855 fecit,
1512 2789 1730 2843 solvere
1758 2789 2017 2860 cogitur:
2054 2794 2111 2845 et

413 2877 808 2949 jurisconsulti
835 2877 973 2930 duos
1015 2892 1143 2929 reos
1169 2874 1542 2944 promittendi
1582 2882 1801 2945 vocant,
1840 2878 1939 2948 qui
1967 2894 2109 2949 pro-

417 2966 696 3021 mittendo
728 2984 785 3021 se
818 2966 1056 3037 quisque
1082 2966 1497 3036 obligaverunt.
1529 2968 1823 3021 Aomcom.

484 3056 803 3127 Impedissc]
838 3056 1119 3127 lmpedire
1154 3060 1209 3111 et
1240 3056 1509 3128 expedire
1559 3074 1592 3111 a
1630 3057 1874 3127 pedibus
1921 3055 2111 3127 ligan-

418 3146 503 3200 dis
534 3150 590 3200 et
620 3145 901 3199 solvendis
932 3146 1081 3199 dicta
1112 3151 1280 3200 sunt:
1318 3147 1525 3201 deinde
1551 3146 1966 3201 consuetudine
2008 3146 2115 3200 sol-

415 3251 545 3289 vere
574 3240 628 3288 et
658 3235 852 3304 ligare.
887 3234 1151 3289 Horatius
1182 3235 1240 3287 in
1274 3235 1461 3305 primo
1491 3235 1821 3289 Carminum
1849 3251 1861 3289 :

540 3327 691 3373 Nunc
721 3324 875 3372 viridi
901 3326 1099 3372 crinem
1127 3323 1275 3371 decet
1300 3324 1553 3387 impedire
1578 3328 1769 3387 myrto.

418 3405 632 3460 Deinde
664 3403 964 3474 impedire,
1007 3405 1271 3471 retinere,
1306 3405 1393 3457 vel
1424 3405 1685 3459 resistere
1717 3404 2018 3475 significat,
2054 3408 2117 3459 ut

415 3495 528 3549 hic.
556 3494 749 3547 Cicero
774 3493 831 3545 in
863 3492 1050 3561 primo
1083 3491 1414 3545 Ofﬁciorum
1441 3508 1452 3546 :
1476 3494 1554 3545 De
1587 3493 1757 3547 rebus
1794 3494 1932 3563 ipsis
1956 3497 2114 3549 utere

415 3589 515 3638 tuo
542 3580 777 3652 judicio,
809 3580 950 3634 nihil
974 3580 1129 3633 enim
1159 3580 1435 3650 impedio.
1470 3585 1764 3636 AGRICOLA.

489 3670 745 3742 Cessabtt]
827 3670 1055 3725 Cessare
1122 3670 1433 3741 aliquando
1522 3672 1804 3743 signiﬁcat
1860 3673 2113 3730 otiosum

417 3777 555 3815 esse.
592 3761 815 3813 Persius
841 3776 853 3813 :

540 3848 606 3897 At
634 3849 676 3895 si
704 3852 761 3895 tu
786 3862 973 3906 cesses,
1003 3850 1055 3897 et
1081 3847 1210 3911 ﬁgas
1240 3849 1295 3897 in
1326 3853 1443 3899 cute
1480 3850 1661 3899 solem.

416 3929 503 3984 Sic
524 3928 779 3982 horatius
808 3945 820 3982 :
877 3930 1137 3983 Cessator
1169 3932 1396 3996 Damus,
1442 3932 1500 3985 id
1531 3937 1616 3986 est
1657 3932 1892 3999 otiosus,
1924 3933 2112 4005 piger,

416 4024 713 4075 cunctator
743 4021 973 4073 Damus.
1007 4020 1332 4091 Aliquando
1373 4020 1656 4090 signiﬁcat
1699 4022 1983 4094 desinere,
2016 4028 2115 4079 aut

414 4111 590 4179 ﬁnem
621 4109 824 4175 facere,
857 4112 921 4162 ut
950 4109 1055 4164 hoc
1078 4110 1223 4164 loco.
1252 4110 1485 4165 Ovidius
1510 4111 1569 4163 in
1598 4129 1613 4164 ι
1641 4111 1711 4165 de
1736 4112 1870 4165 Arte
1900 4128 1912 4167 :

540 4198 624 4248 Sic
656 4211 719 4247 ne
750 4198 1054 4265 perdiderit,
1088 4212 1196 4247 non
1225 4202 1395 4247 cessat
1420 4199 1638 4261 perdere
1666 4199 1827 4249 lusor.

2223 496 2445 550 Eneid.
2480 512 2584 566 pro
2616 500 2861 567 utroque
2887 495 3066 552 dixit:

2346 585 2417 634 At
2445 588 2647 648 sperate
2678 585 2803 634 deos
2836 600 3095 637 memores
3121 585 3265 635 fandi
3293 590 3447 651 atque
3481 587 3700 646 nefandi,

2224 670 2421 737 estque
2468 666 2551 720 fas
2602 667 2752 737 quod
2791 670 2902 720 Deo
2954 673 3184 720 auctore
3236 670 3319 721 vel
3354 669 3595 721 naturali
3638 668 3868 740 aequitate

2222 755 2462 811 facimus
2496 770 2507 809 :
2534 754 2677 809 sicut
2701 756 2816 826 jus,
2851 759 3001 827 quod
3033 758 3515 829 hominumjussu
3546 759 3623 811 ﬁt.

2294 845 2513 917 Merita]
2548 847 2654 898 Per
2693 846 3132 901 translationem
3164 864 3265 918 pro
3293 847 3474 919 pretio
3510 846 3662 901 dixit.

2294 937 2563 991 Socratico
2610 934 2836 1008 decreto]
2898 936 3042 1001 Quia
3089 938 3362 1003 Socrates,
3420 953 3549 990 cum
3607 942 3742 991 esset
3776 954 3874 991 mos

2222 1027 2460 1083 Athenis
2509 1032 2569 1080 ut
2609 1042 2704 1082 reo
2754 1027 2860 1080 civi
2899 1026 3329 1096 permitteretur
3370 1027 3652 1080 aestimare
3684 1044 3875 1097 poenam

2224 1135 2395 1189 quam
2427 1137 2483 1174 se
2524 1121 2778 1175 crederet
2812 1116 3106 1184 meritum,
3144 1116 3313 1187 idque
3347 1122 3605 1170 accusata
3651 1117 3729 1169 illi
3754 1119 3875 1187 judi-

2223 1224 2313 1263 ces
2362 1211 2776 1280 permitterent,
2818 1207 2957 1261 dixit
3006 1206 3273 1260 meritum
3323 1223 3379 1260 se
3418 1211 3479 1258 ut
3529 1206 3743 1276 publice
3790 1206 3873 1258 sibi

2223 1300 2599 1354 Athenienses
2632 1301 2842 1353 victum
2876 1298 3098 1351 darent.
3137 1295 3325 1350 Noluit
3361 1296 3519 1349 enim
3550 1312 3676 1349 cum
3715 1312 3766 1349 se
3794 1296 3876 1349 sci-

2224 1393 2310 1441 ret
2336 1389 2473 1442 nihil
2498 1406 2666 1460 pcena
2697 1390 2938 1459 dignum
2982 1387 3199 1451 fecisse,
3232 1385 3519 1439 aestimare
3561 1391 3653 1438 aut
3685 1400 3877 1437 censere

2226 1478 2340 1531 ulla
2370 1495 2538 1549 poena
2567 1496 2623 1532 se
2658 1478 2918 1547 dignum,
2954 1492 3285 1547 quanquam
3312 1477 3389 1529 ita
3418 1478 3566 1528 esset
3594 1475 3729 1527 iram
3750 1474 3872 1543 juii‘

2224 1583 2355 1621 cum
2406 1569 2769 1639 placatiorem
2829 1566 3131 1621 habiturus
3187 1584 3199 1620 :
3263 1582 3375 1635 quo
3439 1570 3557 1617 tam
3612 1564 3773 1616 libero
3814 1580 3872 1616 re-

2228 1672 2436 1726 sponso
2457 1656 2608 1710 illius
2632 1655 2904 1710 commoti
2921 1654 3160 1725 judices,
3189 1654 3370 1724 quasi,
3393 1656 3769 1707 contemneret
3787 1668 3874 1717 eos,

2222 1746 2290 1798 ad
2320 1752 2563 1800 mortem
2598 1762 2729 1799 eum
2762 1747 3308 1798 condemnaverunt.

2292 1835 2528 1907 Decreto]
2591 1836 2652 1889 Id
2701 1840 2801 1901 est,
2839 1835 2989 1904 quod
3038 1834 3227 1888 Graece
3274 1830 3449 1904 δόγμα
3481 1831 3703 1897 dicitur,
3757 1829 3877 1901 quod

2220 1922 2436 1976 indocti
2480 1941 2583 1993 pro
2622 1925 2876 1978 doctrina
2923 1923 3261 1993 accipiunt:
3310 1938 3444 1976 cum
3495 1922 3645 1991 apud
3693 1922 3877 1975 Graecos

2218 2014 2392 2066 etiam
2423 2013 2702 2084 quidquid
2734 2014 3000 2083 populus,
3022 2011 3238 2077 statuit,
3265 2012 3477 2082 dogma
3511 2010 3879 2075 vocetur,sicut

2218 2104 2369 2172 apud
2397 2119 2497 2155 nos
2526 2104 2815 2156 decretum
2848 2102 3067 2173 populi,
3102 2102 3395 2155 decretum
3420 2100 3710 2170 principis.

2285 2194 2515 2261 Sericm]
2560 2193 2743 2247 Series
2794 2196 2977 2261 potest
3025 2208 3144 2245 esse
3177 2208 3207 2243 a
3247 2191 3493 2243 serendo
3535 2190 3698 2247 dicta,
3741 2188 3871 2258 quasi

2216 2282 2353 2335 ordo
2388 2298 2579 2335 rerum
2610 2281 2846 2350 aprimo
2872 2280 3108 2349 semine,
3144 2280 3202 2333 id
3234 2284 3318 2334 est
3346 2278 3593 2350 origine.
3620 2278 3809 2333 Statius
3832 2277 3873 2328 in

2216 2372 2405 2442 primo
2431 2371 2747 2425 Thebaidos
2783 2387 2795 2424 :

2371 2461 2549 2524 Longa
2573 2465 2713 2510 retro
2738 2459 2918 2509 series.

2216 2545 2521 2598 AGRICOLA.

2284 2632 2459 2701 Stylo]
2512 2634 2553 2690 A
2598 2632 2789 2686 Graeco
2824 2629 3029 2696 στύλος,
3061 2628 3118 2683 id
3163 2632 3250 2683 est
3294 2627 3568 2682 columna
3612 2624 3775 2692 venit,
3803 2623 3874 2676 cui

2215 2719 2387 2773 simili
2436 2725 2520 2774 est
2547 2722 2743 2791 stylus,
2788 2720 3175 2790 accipiturque
3222 2734 3323 2788 pro
3393 2717 3692 2787 scriptura.
3740 2713 3865 2767 Unde

2218 2809 2411 2863 Cicero
2443 2810 2501 2863 in
2532 2809 2641 2863 Ide
2672 2810 2909 2863 Oratore
2940 2807 3082 2861 dixit
3110 2807 3323 2876 stylum
3369 2805 3653 2875 optimum
3687 2800 3869 2857 dicendi

2218 2899 2513 2952 artiﬁcem.
2584 2897 2758 2951 Prisci
2816 2897 3017 2950 ceratis
3066 2896 3275 2949 tabulis
3325 2894 3583 2949 scribere
3632 2893 3866 2947 solebant.

2152 3001 2191 3055 C
2225 2989 2455 3045 Ovidius
2486 2988 2546 3041 in
2573 2987 2759 3058 primo
2792 2987 2861 3040 de
2886 2989 3058 3039 Arte:

2407 3078 2533 3126 Cera
2578 3081 2682 3125 tuas
2718 3076 2947 3140 primum
2980 3073 3193 3123 conscia
3222 3074 3417 3123 mentis
3452 3076 3554 3122 cat.

2222 3162 2517 3215 AGRICOLA.

2295 3247 2576 3320 Memoriae]
2606 3248 2665 3303 Id
2689 3251 2771 3302 est
2800 3243 3333 3302 commemorationi
3367 3242 3728 3315 posteritatis.

2292 3338 2530 3410 Litteris]
2567 3337 2775 3392 Littera
2822 3337 3025 3391 litterae
3053 3337 3113 3389 in
3160 3334 3442 3405 singulari
3474 3349 3707 3388 numero
3750 3327 3869 3401 apud

2223 3433 2476 3483 oratores
2500 3444 2605 3499 pro
2638 3427 2915 3499 singulari
2948 3428 3134 3497 ﬁgura
3162 3429 3257 3480 aut
3288 3425 3615 3479 charactere
3647 3419 3869 3494 quoscri-

2221 3508 2411 3574 bimus
2443 3518 2717 3589 accipitur
2749 3535 2761 3572 :
2787 3524 2853 3571 ut
2877 3522 2961 3571 est
2982 3535 3034 3584 a,
3072 3518 3121 3584 b,
3154 3517 3239 3571 vel
3267 3531 3315 3568 c.
3341 3517 3452 3569 Pro
3477 3514 3705 3584 epistola
3725 3511 3871 3564 solum

2220 3608 2279 3662 in
2310 3609 2519 3679 plurali
2544 3609 2767 3662 dicitur.
2801 3608 2986 3672 Quare
3006 3606 3200 3661 Cicero
3224 3622 3366 3660 unas
3386 3621 3613 3676 semper
3629 3608 3718 3657 aut
3741 3602 3869 3655 binas

2225 3702 2323 3752 aut
2376 3702 2568 3752 ternas
2610 3698 2826 3752 litteras
2876 3697 3028 3751 dicit.
3096 3699 3281 3751 Poeta:
3328 3700 3528 3749 tamen
3585 3691 3870 3748 necessitate

2222 3786 2393 3840 metri
2422 3786 2481 3840 in
2512 3787 2793 3858 singulari
2835 3802 2938 3859 pro
2966 3786 3208 3857 epistola
3241 3783 3555 3855 accipiunt.
3591 3781 3796 3839 Ovidius
3826 3778 3869 3830 in

2223 3876 2491 3946 Epistolis
2526 3893 2539 3930 :

2352 3984 2521 4040 Quam
2551 3982 2698 4045 legis,
2727 3996 2757 4031 a
2784 3985 2935 4045 rapta
2966 3981 3246 4045 Breyseide
3273 3980 3451 4031 littera
3484 3980 3644 4029 venit.

2221 4085 2526 4241 Αϐἒέῗῗγξέ]
2571 4169 2806 4241 proprie
2852 4170 3124 4225 adhibere
3165 4170 3253 4224 vel
3297 4169 3587 4240 applicare
3617 4163 3871 4238 signiﬁcat,

416 4278 622 4348 Estque
652 4259 1138 4349 frequentativum
1184 4296 1216 4332 a
1246 4259 1435 4348 cedo;
1454 4280 1591 4351 quia
1637 4285 1883 4335 cessator
1922 4282 2106 4338 labori
2146 4305 2189 4358 ο
2221 4262 2289 4317 ab
2317 4263 2389 4358 αξξ
2416 4267 2470 4316 et
2499 4267 2662 4358 ίθηῗρ·
2698 4261 2932 4358 ΡῙὲξξίΠξ
2962 4260 3021 4314 in
3043 4259 3280 4330 οδΡῖίνίε
3311 4259 3538 4313 duObus
3565 4274 3576 4311 ί

414 4367 579 4421 cedit.
616 4370 915 4422 AGRICOLA.

486 4457 730 4527 Ordinis]
764 4457 913 4512 Ordo
954 4460 1037 4509 est
1068 4456 1366 4527 dispositio
1410 4462 1565 4513 certa
1603 4474 1817 4527 rerum,
1851 4476 1965 4532 qua
2007 4463 2115 4517 col—

2343 4350 2495 4400 Nunc
2517 4351 2717 4400 cultros
2747 4350 2951 4399 attinet.

2223 4451 2573 4522 Quandoque
2609 4450 2891 4522 signiﬁcat
2936 4449 2994 4503 id
3040 4448 3191 4520 quod
3233 4464 3374 4518 opus
3421 4451 3529 4511 est,
3569 4450 3629 4501 ut
3654 4445 3750 4498 hoc
3776 4442 3870 4494 loco

413 4547 631 4600 locatur
678 4546 817 4617 quid
855 4546 1111 4617 primum
1164 4546 1255 4612 sit,
1305 4548 1444 4618 quid
1489 4549 1828 4620 secundum,
1865 4528 1921 4606 ét
1971 4552 2112 4623 quid
2220 4541 2457 4608 Quintil,
2484 4541 2543 4594 in
2576 4557 2650 4593 xu
2680 4538 3117 4594 Institutionum
3151 4554 3163 4592 :
3199 4537 3340 4603 Quid
3370 4537 3581 4592 attinet
3612 4541 3719 4590 tam
3750 4528 3869 4586 mul-

414 4635 696 4706 deinceps.
730 4635 992 4690 Horatius
1016 4652 1029 4690 :

571 4724 778 4773 Ordinis
808 4724 922 4774 hzec
946 4725 1113 4773 virtus
1143 4725 1259 4784 erit,
1297 4727 1349 4773 et
1378 4725 1574 4774 Venus.

414 4816 586 4869 Erant
612 4819 798 4868 autem
830 4814 888 4868 in
921 4816 1136 4887 populo
1178 4816 1437 4870 Romano
1473 4821 1586 4870 tres
1618 4817 1866 4887 ordines,
1899 4818 2105 4889 plebis,

415 4908 472 4958 et
503 4907 750 4974 patrum,
786 4903 845 4957 id
894 4909 977 4958 est
1019 4910 1268 4973 senatus,
1318 4909 1373 4959 et
1412 4911 1696 4977 equester,
1738 4908 1836 4979 qui
1882 4909 2108 4963 medius

383 4996 535 5065 'erat
564 4992 713 5046 inter
742 4993 969 5063 plebem
1017 4998 1073 5048 et
1115 5000 1325 5064 patres.
1376 4997 1667 5067 Equestris
1705 4998 1921 5052 ordinis
1953 5003 2107 5069 sunt,

413 5082 511 5155 qui
542 5081 713 5136 hodie
755 5083 823 5136 ab
871 5083 1113 5137 indoctis
1168 5084 1377 5139 milites
1425 5091 1715 5141 vocantur.
1762 5088 1901 5141 Nam
1943 5089 2107 5143 miles

411 5189 644 5227 omnem
672 5172 836 5227 illum
868 5173 1153 5243 signiﬁcat
1184 5175 1281 5245 qui
1326 5174 1678 5243 stipendium
1716 5177 1864 5231 bello
1915 5194 2104 5232 mere-

410 5268 525 5330 tur,
558 5278 695 5333 ergo
735 5262 871 5317 dicit
899 5262 1054 5315 illius
1087 5264 1323 5329 ordinis,
1357 5262 1412 5317 id
1447 5267 1535 5316 est
1564 5266 1853 5319 senatorii.

481 5349 675 5423 Nefas]
713 5353 813 5406 Fas
842 5356 897 5406 et
918 5351 1094 5417 nefas,
1139 5351 1284 5405 sicut
1328 5352 1566 5407 damnas
1601 5360 1657 5409 et
1687 5355 1902 5409 inﬁcias
1942 5355 2106 5411 inde-

413 5440 703 5496 clinabilia
732 5446 883 5496 sunt.
920 5440 1169 5495 Dicimus
1212 5444 1402 5496 autem
1434 5441 1654 5497 inﬁcias
1684 5460 1768 5513 eo,
1815 5445 1871 5500 id
1904 5451 1988 5500 est
2016 5447 2105 5500 in-

411 5530 573 5584 ﬁcior
603 5532 691 5585 vel
715 5547 886 5601 nego,
914 5537 968 5586 et
996 5530 1391 5603 jurisconsulti
1430 5532 1624 5587 dicunt
1657 5551 1669 5588 :
1706 5535 1885 5590 Titius
1924 5537 2105 5591 hazres

413 5634 575 5677 meus
600 5620 733 5675 Teio
763 5624 993 5678 centum
1026 5621 1262 5677 damnas
1289 5625 1428 5691 esto,
1461 5622 1519 5677 id
1559 5627 1640 5678 est
1664 5623 1964 5696 obligatus.
2002 5627 2103 5682 Fas

2220 4630 2291 4684 tis
2323 4630 2506 4695 annis,
2537 4634 2639 4684 etc.

2293 4722 2400 4785 Uti]
2432 4721 2563 4773 Utor
2593 4717 3207 4788 accusativojungitur.
3242 4716 3483 4781 Quintil.
3517 4716 3577 4770 in
3628 4732 3642 4768 ι
3672 4708 3865 4766 Institu-

2216 4810 2442 4864 tionum
2492 4825 2503 4861 ε
2558 4809 2841 4863 Utendum
2873 4813 2958 4861 est
2996 4823 3129 4863 eum
3171 4824 3522 4874 sermonem,
3553 4807 3758 4874 hocque
3792 4813 3865 4851 ve—

2216 4900 2423 4953 tustius
2452 4902 2554 4965 est,
2582 4902 2644 4951 ut
2686 4896 2932 4951 ablativo
2960 4898 3236 4969 jungatur
3283 4897 3553 4952 usitatius
3589 4898 3687 4951 est.
3729 4892 3865 4946 Juve-

2214 4989 2361 5045 nalis
2389 5004 2399 5043 :

2558 5074 2713 5124 Modo
2744 5075 2840 5125 sub
2870 5074 3040 5125 lodice
3072 5075 3268 5125 relictis

2343 5139 2512 5189 Uteris
2542 5139 2597 5187 in
2620 5139 2789 5188 turba.

2214 5241 2516 5295 AGRICOLA.

2286 5325 2569 5399 Licuisset]
2603 5327 2793 5382 Licere
2830 5327 3057 5399 proprie
3102 5326 3309 5383 dicitur
3342 5324 3400 5382 id
3430 5324 3584 5397 quod
3617 5323 3739 5394 jure
3773 5329 3862 5371 non

2214 5423 2457 5474 vetetur.
2495 5418 2725 5473 Persius
2755 5434 2767 5472 :

2339 5526 2446 5576 Cur
2471 5527 2598 5575 mihi
2630 5540 2739 5575 non
2768 5526 2937 5584 liceat,
2962 5525 3126 5589 jussit
3154 5525 3504 5589 quodcunque
3534 5515 3797 5570 voluntas?

2214 5624 2506 5698 Accipitur
2533 5626 2703 5682 etiam
2730 5642 2834 5697 pro
2866 5642 3083 5698 prosse.
3120 5626 3315 5697 Virgil.
3342 5625 3402 5680 in
3429 5640 3479 5678 ιν
3509 5619 3735 5677 :Eneid.:
