4054 6184
153 323 266 374 925

286 443 400 492 Non
432 441 584 492 licuit
609 441 824 492 thalami
853 445 1122 506 expertem
1151 443 1264 493 sine
1289 443 1509 492 crimine
1533 443 1691 493 vitam

287 507 486 570 Degere
511 519 656 555 more
684 506 848 555 ferte?

152 588 470 642 AGRICOLA.

231 677 482 746 Sperari]
533 677 772 746 Sperare
826 675 1057 748 proprie
1111 676 1397 748 signiﬁcat
1439 675 1575 730 boni
1616 675 1854 747 alicujus

152 766 342 820 futuri
374 765 709 837 opinionem
740 766 968 833 habere,
1006 765 1191 821 uthic.
1218 766 1488 837 Virgil.in
1519 783 1570 820 ιν
1601 767 1852 821 1Eneid.:

291 872 728 937 Sperorequidem
760 873 946 922 mediis
977 873 1039 936 (si
1070 873 1197 937 quid
1226 875 1312 937 pia
1338 873 1560 923 numina
1585 872 1826 937 possunt)

289 934 561 999 supplicia
589 936 882 985 hausurum
912 934 1162 1000 scapulis.

151 1035 522 1107 Quandoque
554 1054 656 1106 pro
711 1052 778 1090 eo
830 1037 979 1108 quod
1032 1043 1114 1091 est
1160 1038 1420 1092 futurum
1462 1038 1860 1110 qualecunque

153 1131 517 1195 exspectare.
551 1126 818 1196 Virgilius
848 1127 907 1180 in
939 1126 1126 1196 primo
1158 1127 1467 1182 [1211611105.-

285 1213 355 1262 Αῒ.
386 1218 589 1277 sperate
619 1215 744 1264 deos
775 1229 1033 1265 memores
1063 1216 1208 1264 fandi
1243 1219 1398 1279 atque
1430 1215 1661 1265 nefandi.

153 1295 465 1349 Terentius
498 1295 557 1348 in
592 1296 1047 1350 Heautontimor.
1086 1313 1098 1350 :

285 1383 408 1430 Una
441 1396 558 1445 spes
587 1387 681 1441 est,
715 1384 1006 1434 esurituros
1032 1377 1141 1433 non
1174 1385 1318 1434 satis.

154 1467 240 1517 AG
256 1449 480 1518 nicom.

228 1555 388 1624 Caio]
423 1554 588 1608 Caius
619 1559 674 1608 et
704 1556 908 1623 Cneus,
926 1555 1070 1610 sicut
1095 1555 1346 1610 curculio
1363 1555 1516 1626 quod
1533 1570 1763 1610 vermen
1779 1553 1861 1609 si-

155 1642 424 1712 gniﬁcat,
450 1659 551 1714 per
581 1643 970 1713 ciseribuntur,
989 1645 1081 1698 sed
1097 1661 1241 1716 pcrg
1260 1647 1546 1715 leguntur.
1564 1649 1855 1700 AGRICOLA.

231 1733 478 1802 Caesare]
511 1734 622 1787 Hoc
653 1750 769 1788 non
802 1740 885 1789 est
915 1735 1210 1804 dignitatis
1244 1752 1478 1804 nomen,
1503 1735 1600 1789 sed
1627 1733 1859 1788 familiae

156 1838 292 1892 quae
327 1823 529 1876 Romae
581 1823 706 1891 fuit,
740 1840 805 1877 ex
833 1840 945 1894 qua
976 1829 1131 1878 ortus
1164 1824 1270 1877 fuit
1306 1824 1486 1878 Julius
1517 1825 1722 1891 Caesar,
1762 1823 1861 1894 qui

153 1910 390 1980 primus
421 1911 741 1966 libertatem
773 1913 1092 1968 Romanam
1129 1915 1446 1984 oppressit:
1478 1914 1628 1968 unde
1662 1930 1860 1967 omnes

155 2001 261 2070 qui
296 2001 480 2055 secuti
512 2006 643 2054 sunt
671 2002 1046 2073 imperatores
1070 2004 1177 2058 hoc
1207 2003 1314 2056 sibi
1346 2020 1558 2057 nomen
1587 2009 1861 2073 tanquam

153 2091 399 2143 titulum
434 2091 704 2160 legitimae
755 2093 1126 2146 successionis
1177 2109 1471 2162 sumpsere
1517 2110 1528 2146 :
1575 2093 1644 2146 ad
1682 2095 1857 2145 Nero-

150 2196 296 2234 nem
329 2186 526 2234 tamen
551 2183 1201 2252 usqueautcognatione
1222 2189 1321 2237 aut
1345 2183 1649 2252 adoptione
1678 2182 1862 2253 impe-

152 2275 385 2324 ratores
417 2271 551 2325 huic
579 2271 810 2326 familiae
843 2273 1049 2326 annexi
1071 2274 1228 2326 fuere
1264 2289 1276 2327 :
1313 2278 1440 2343 post
1473 2273 1754 2326 Neronem
1781 2288 1864 2326 re-

153 2359 306 2430 liqui
340 2360 532 2414 solum
570 2361 953 2430 usurpatione
990 2362 1132 2416 illud
1163 2377 1478 2432 sumpsere.
1529 2363 1858 2415 AGRICOLA.

227 2449 569 2521 Germanici]
611 2451 980 2505 Germanicus
1033 2451 1179 2519 iste,
1222 2450 1385 2505 Drusi
1424 2451 1664 2505 Neronis
1688 2450 1861 2517 ﬁlius,

153 2540 316 2594 hunc
340 2541 541 2595 Caium
574 2541 794 2612 genuit,
830 2546 886 2595 et
930 2541 1307 2612 Agrippinam
1332 2539 1572 2595 Neronis
1597 2544 1860 2607 matrem,

155 2635 449 2698 praeterea
480 2630 779 2700 aliosquos
804 2630 1168 2684 nihilattinet
1186 2645 1546 2684 enumerare.
1571 2630 1668 2684 Hic
1694 2629 1862 2684 Caius

155 2719 607 2786 cognominatus
637 2725 723 2773 est
752 2720 1027 2790 Caligula,
1081 2736 1112 2774 a
1158 2720 1341 2790 caliga
1391 2719 1622 2773 militari
1657 2719 1859 2786 dictus,

155 2822 340 2878 quam
370 2809 574 2879 vulgus
605 2825 831 2864 ocream
858 2813 1018 2864 vocat
1051 2827 1064 2863 :
1099 2810 1234 2880 quia
1261 2811 1318 2864 in
1354 2809 1550 2863 castris
1577 2809 1686 2863 fuit
1716 2809 1864 2864 edu-

156 2902 347 2951 catus.
383 2899 526 2953 Nam
557 2899 707 2970 quod
739 2915 837 2952 nos
869 2899 1112 2969 caligam
1145 2900 1316 2970 vulgo
1346 2915 1632 2964 vocamus,
1687 2898 1744 2952 id
1783 2902 1866 2953 est

156 2987 324 3058 quod
352 2992 570 3080 veteres
599 2989 826 3042 bracam
860 2989 1158 3043 dicebant:
1193 2988 1346 3043 unde
1382 2989 1624 3042 bracatae
1667 2989 1860 3043 Galliae
1902 3025 1941 3080 ρ

154 3092 380 3130 nomen
413 3075 537 3131 fuit.
574 3079 747 3132 Braca
779 3078 929 3132 enim
962 3078 1118 3149 quod
1152 3095 1182 3132 a
1213 3077 1373 3132 nobis
1405 3081 1654 3144 vocatur,
1679 3078 1735 3131 id
1767 3092 1862 3131 ve-

154 3170 344 3218 tustas
359 3166 656 3233 femorale,
675 3168 758 3221 vel
774 3167 1027 3238 subligar
1041 3168 1298 3222 vocabat.
1326 3167 1514 3238 lnquit
1538 3174 1593 3221 et
1625 3168 1858 3238 inquam

153 3255 361 3321 verba,
389 3257 700 3324 ponuntur
729 3257 789 3310 in
844 3258 1102 3312 oratione
1150 3258 1445 3324 duntaxat,
1492 3257 1723 3326 quando
1767 3273 1862 3309 eos

155 3345 320 3414 ipsos
351 3343 626 3414 ﬁngimus
666 3346 982 3417 loquentes,
1022 3346 1229 3417 quibus
1259 3363 1326 3401 ea
1374 3346 1700 3401 tribuimus.
1738 3347 1862 3399 Non

153 3439 319 3488 recte
351 3436 506 3488 enim
539 3435 724 3489 dices:
760 3437 860 3490 llle
897 3436 1089 3507 inquit
1123 3441 1462 3507 occupatum
1500 3452 1557 3491 se
1589 3452 1729 3503 esse,
1760 3452 1861 3490 nec

153 3540 334 3592 posse
367 3525 591 3591 venire;
630 3526 728 3580 sed
762 3525 1068 3579 dicendum
1101 3530 1184 3580 est
1215 3542 1228 3580 :
1259 3526 1355 3579 Ille
1384 3526 1590 3598 inquit,
1628 3542 1865 3597 occupa-

158 3617 248 3667 tus
286 3630 442 3684 sum,
487 3631 594 3670 nec
631 3632 866 3686 possum
905 3616 1118 3671 venire.
1164 3617 1537 3687 Loquendum
1586 3620 1669 3671 est
1708 3616 1861 3670 enim

160 3720 406 3773 semper
467 3705 686 3758 eisdem
740 3706 925 3759 verbis
970 3707 1178 3778 quibus
1225 3707 1350 3776 ipsa
1390 3722 1631 3777 persona
1664 3706 1862 3778 (quam

155 3793 520 3864 inducimus)
552 3799 696 3848 esset
721 3795 998 3850 locutura.
1033 3796 1319 3850 Iuvenalis
1361 3812 1373 3850 :

293 3901 378 3949 Nil
416 3904 593 3950 actum
620 3905 698 3951 est
733 3903 939 3964 (inquit)
971 3903 1073 3950 nisi
1107 3904 1269 3951 Pmno
1301 3902 1466 3950 milito
1497 3906 1676 3965 portas

290 3965 627 4027 Frangimus,
658 3968 706 4014 et
737 3966 910 4015 media
935 3966 1184 4014 vexillum
1214 3979 1354 4029 pono
1382 3967 1624 4015 suburra.

161 4064 226 4118 Et
261 4062 381 4116 alio
413 4063 539 4118 loco
570 4080 582 4117 :

519 4150 974 4217 Quandoartibus
998 4151 1216 4217 (inquit)
1243 4151 1482 4202 honestis

293 4213 485 4263 Nullus
516 4215 570 4263 in
605 4215 728 4263 urbe
752 4214 918 4264 locus.

159 4297 464 4350 AGRICOLA.

231 4389 319 4440 At
345 4386 504 4454 cujus
552 4383 815 4458 criminis]
867 4385 1016 4441 Ordo
1047 4391 1132 4441 est
1163 4403 1176 4443 :
1213 4391 1283 4443 At
1318 4387 1527 4459 quaeris
1573 4402 1860 4442 summam

163 4477 292 4547 ejus
324 4475 586 4530 criminis
616 4476 780 4547 cujus
807 4477 1128 4546 arguimur.

231 4567 502 4633 Atvolui,
535 4581 628 4620 nec
658 4581 900 4634 unquam
933 4567 1065 4621 velle
1094 4566 1372 4637 desistam]
1403 4566 1672 4634 Subaudi,
1707 4583 1865 4620 sena-

162 4660 289 4709 tum
316 4656 538 4709 salvum
569 4670 708 4708 esse.

237 4747 522 4801 Socratico
542 4744 772 4814 decreto]
804 4746 1041 4799 Decreto
1063 4745 1328 4812 Socratis,
1363 4745 1523 4815 cujus
1553 4745 1705 4815 apud
1737 4745 1862 4799 Pla-

163 4833 945 4889 toneminThezetetohaeead
977 4834 1461 4889 huncsuntverba
1490 4851 1501 4888 :
1530 4835 1662 4888 Mihi
1690 4835 1858 4906 plane

165 4925 330 4980 nefas
345 4941 467 4979 esse
482 4924 722 4988 videtur,
737 4924 1039 4978 admittere
1053 4924 1276 4986 falsum,
1292 4941 1355 4978 ac
1369 4941 1565 4978 verum
1581 4925 1861 4979 retellere.

237 5017 464 5085 Quoquo
496 5014 675 5084 modo]
713 5016 1067 5086 Quocumque
1099 5014 1293 5068 modo.

239 5106 392 5172 Slylo
415 5107 581 5159 etiam
602 5107 973 5170 memoriaeque
999 5102 1286 5175 mandavi]
1314 5103 1474 5157 Hunc
1501 5103 1679 5158 Boetii
1700 5103 1862 5158 libel-

168 5195 290 5248 lum
315 5211 466 5248 nunc
493 5197 711 5247 exstare
742 5210 855 5247 non
886 5209 1036 5247 reor.

240 5284 360 5349 Qua
391 5289 448 5336 in
488 5284 566 5353 re]
606 5282 862 5338 Ostendit
891 5282 983 5336 hic
1030 5281 1435 5352 indignitatem
1471 5281 1713 5336 fortunae
1747 5299 1865 5336 sua:

170 5389 242 5428 ex
278 5373 570 5442 judicibus
617 5373 751 5438 suis,
803 5373 1012 5444 quibus
1063 5373 1493 5426 condemnatus.
1548 5372 1690 5434 Quia
1732 5388 1864 5426 vero

170 5463 425 5533 duplices
467 5467 602 5516 sunt
632 5463 890 5516 omnium
925 5463 1379 5532 rerumjudices,
1409 5462 1559 5515 Deus
1592 5466 1646 5515 et
1669 5461 1864 5514 homi-

173 5569 294 5618 nes,
328 5554 399 5607 de
452 5552 646 5607 divino
682 5551 897 5622 judicio
942 5552 1102 5622 prius
1133 5551 1526 5622 conqueritur,
1561 5549 1766 5605 deinde
1795 5551 1865 5604 de

177 5642 454 5708 humano,
499 5641 556 5697 id
591 5646 673 5696 est
709 5647 942 5697 senatus
985 5640 1225 5712 judicio.
1266 5641 1410 5697 Dicit
1447 5641 1642 5712 itaque
1676 5639 1867 5697 :Licet

1150 317 1529 374 MURMELLII
1572 320 1660 375 ET
1696 319 2065 375 AGRICOLA‘J
2108 317 2624 374 COMMENTAHIA.

3556 318 3660 371 926

1887 445 1934 498 A
1962 444 2124 499 dolor
2151 444 2504 499 adversitatis
2556 444 2804 499 multum
2856 442 3218 513 occupaverit
3249 446 3305 497 et
3342 442 3662 498 turbaverit

1968 538 2246 599 mentem,
2289 534 2543 588 nondum
2594 537 2788 588 tamen
2817 532 2895 586 ita
2935 548 3136 602 expers
3167 531 3428 598 rationis,
3465 536 3526 586 ut
3574 533 3661 585 in-

1967 624 2138 694 digne
2183 624 2361 677 feram
2396 623 2686 693 improbos
2740 627 3091 676 accusatores
3139 626 3371 675 conatos
3403 637 3525 676 esse
3557 638 3655 676 ne-

1967 713 2206 767 fandum
2247 717 2445 767 contra
2494 729 2605 780 me,
2658 712 2792 783 quia
2845 712 2988 765 velle
3035 711 3248 781 pejora,
3293 715 3378 765 est
3421 712 3542 765 fere
3591 727 3660 765 ex

1970 803 2193 857 defectu
2226 807 2282 857 et
2312 803 2645 856 inﬁrmitate
2677 803 2943 855 humanae
2963 805 3181 854 naturae
3203 817 3215 867 ;
3241 801 3338 854 sed
3368 801 3511 854 illud
3549 816 3663 853 ma-

1969 893 2055 963 gis
2105 897 2240 964 puto
2296 893 2643 960 mirandum,
2691 907 2858 962 posse
2890 891 3068 965 malos
3099 891 3374 960 perﬁcere
3425 906 3491 944 ea
3535 906 3664 961 qua:

1968 983 2169 1037 volunt
2210 987 2405 1036 contra
2445 983 2643 1050 bonos,
2679 997 2809 1034 cum
2840 981 2990 1034 Deus
3021 980 3145 1033 sine
3175 981 3338 1049 cujus
3377 979 3663 1049 permissu

1971 1073 2116 1126 nihil
2162 1076 2352 1143 potest
2383 1055 2530 1140 ﬁcri,
2564 1071 2619 1124 id
2649 1070 2862 1136 videat;
2899 1072 3126 1124 monstri
3163 1069 3317 1122 enim
3357 1071 3531 1122 simile
3561 1071 3662 1136 est,

1969 1163 2079 1217 hoc
2111 1166 2213 1229 est,
2255 1160 2587 1215 incredibile
2627 1164 2711 1214 est
2766 1159 2825 1212 id
2855 1175 2985 1212 eum
3019 1159 3223 1212 debere
3259 1158 3397 1211 velle
3423 1157 3660 1228 permit-

1970 1256 2111 1318 tere,
2153 1251 2296 1304 sicut
2343 1250 2580 1321 quidam
2631 1247 3004 1319 philosophus
3047 1248 3170 1301 ait:
3217 1247 3274 1301 Si
3317 1252 3403 1300 est
3455 1245 3662 1316 aliquis

1972 1343 2141 1402 Deus,
2176 1341 2462 1411 quomodo
2512 1343 2703 1411 potest
2731 1355 2852 1392 esse
2904 1338 3138 1408 aliquod
3173 1336 3432 1390 malum?
3469 1336 3515 1388 si
3546 1352 3664 1389 non

1971 1434 2056 1484 est
2098 1432 2262 1497 Deus,
2309 1431 2458 1484 unde
2496 1427 2839 1501 proveniunt
2883 1427 3074 1481 bona?
3115 1428 3242 1480 Post
3293 1425 3394 1494 ibi,
3427 1424 3536 1478 Sed
3571 1427 3662 1489 fas

1971 1519 2161 1584 fuerit,
2204 1515 2447 1570 ostendit
2479 1532 2544 1570 ex
2574 1515 2788 1586 judicio
2847 1517 3078 1567 senatus
3121 1512 3356 1581 indigne
3388 1528 3447 1564 se
3497 1510 3565 1564 ab
3596 1527 3662 1563 eo

1971 1607 2431 1670 condemnatum,
2490 1605 2662 1676 idque
2711 1603 2965 1674 primum
2998 1617 3065 1657 ex
3114 1618 3359 1671 persona
3411 1603 3661 1666 senatus,

1903 1739 1941 1793 Β
1974 1713 2147 1768 quem
2182 1694 2699 1765 accusatumfapud
2731 1709 2924 1764 regem
2975 1708 3077 1746 suo
3111 1691 3361 1762 periculo
3395 1704 3664 1743 servave-

1973 1792 2059 1841 rat
2092 1803 2104 1841 :
2144 1786 2352 1840 deinde
2384 1801 2447 1838 ex
2479 1784 2678 1838 ordine
2706 1783 2925 1854 judicii,
2961 1781 3096 1852 quia
3127 1781 3328 1833 absens
3359 1794 3476 1831 non
3504 1776 3662 1830 audi-

1969 1882 2080 1944 tur,
2114 1892 2215 1930 nec
2253 1875 2486 1945 cognita
2517 1891 2683 1927 causa
2731 1873 3146 1926 condemnatus
3179 1873 3280 1923 est.
3322 1866 3466 1920 Dicit
3495 1882 3654 1936 ergo,

1970 1965 2250 2035 placuerit
2278 1965 2407 2018 licet
2453 1965 2565 2017 Deo
2597 1968 2661 2017 ut
2709 1963 2807 2034 qui
2839 1963 3020 2016 bonos
3053 1975 3252 2013 omnes
3283 1957 3543 2022 oderant,
3578 1955 3662 2008 illi

1971 2055 2143 2108 etiam
2176 2071 2287 2123 me,
2325 2053 2425 2124 qui
2456 2053 2638 2106 bonos
2673 2056 2727 2106 et
2760 2057 3025 2105 senatum
3053 2047 3454 2111 defendebam,
3489 2061 3661 2116 cupe-

1972 2148 2098 2197 rent
2130 2146 2335 2215 perire,
2367 2160 2484 2197 non
2516 2148 2708 2196 tamen
2741 2142 3104 2196 merebamur
3134 2138 3212 2191 ita
3245 2138 3310 2190 de
3343 2140 3565 2201 senatu,
3601 2138 3663 2188 ut

1969 2232 2016 2286 is
2059 2234 2166 2288 hoc
2199 2233 2387 2304 ipsum
2423 2233 2633 2287 vellet:
2674 2230 2809 2304 quia
2841 2245 2970 2284 cum
3005 2229 3236 2283 Veronae
3279 2223 3661 2280 Theodericus

1970 2338 2070 2377 rex
2110 2328 2344 2394 cuperet
2388 2323 2605 2376 crimen
2651 2337 2764 2392 quo
2819 2319 3061 2374 Albinus
3107 2319 3400 2370 accusatus
3436 2316 3558 2366 erat
3601 2310 3660 2363 in

1971 2416 2229 2466 senatum
2278 2411 2673 2466 transfundere
2725 2409 2878 2465 :scis
2936 2414 2997 2462 tu
3047 2403 3436 2474 Philosophia,
3487 2415 3659 2471 quam

1971 2518 2181 2573 magno
2224 2501 2478 2572 periculo
2517 2517 2646 2554 meo
2696 2496 3050 2554 defenderim
3081 2499 3364 2559 senatum,
3410 2507 3514 2562 pro
3546 2505 3661 2560 quo

1971 2592 2249 2647 beneﬁcio
2274 2597 2465 2646 tamen
2487 2591 2629 2645 falsa
2659 2589 2942 2644 sententia
2968 2604 3000 2641 a
3018 2589 3219 2642 senatu
3247 2583 3662 2638 condemnatus

1972 2697 2122 2735 sum.
2154 2681 2393 2747 Deinde,
2429 2685 2497 2736 Et
2517 2682 2671 2749 cujus
2694 2695 2935 2745 unquam
2964 2676 3228 2743 facinoris
3249 2674 3275 2727 ?
3315 2669 3543 2740 Colligit
3571 2667 3659 2722 in-

1974 2770 2315 2841 dignitatem
2343 2771 2546 2840 judicii
2577 2787 2642 2824 ex
2674 2769 2846 2824 modo
2876 2767 3050 2834 illius,
3086 2765 3278 2820 dicens
3313 2778 3326 2815 :
3356 2763 3658 2830 Nunquam

1973 2861 2035 2915 in
2072 2861 2386 2933 judicando
2426 2862 2505 2915 ita
2559 2861 2619 2914 in
2651 2856 3029 2929 apertissimis
3088 2853 3396 2908 sceleribus
3440 2848 3660 2920 judices

1975 2951 2357 3017 consentiunt,
2393 2955 2456 3004 ut
2489 2966 2604 3004 non
2647 2948 2854 3019 aliquis
2899 2948 3192 2999 moveatur
3233 2942 3302 2995 ad
3337 2938 3660 2994 misericor-

1971 3042 2122 3096 diam
2154 3058 2217 3094 ex
2248 3041 2355 3105 his,
2389 3029 3472 3110 velpropterea’quodomneshomines
3496 3024 3660 3097 proni

1971 3136 2104 3186 sunt
2133 3131 2206 3185 ad
2235 3130 2545 3185 errandum
2577 3134 2633 3182 et
2661 3128 2731 3181 ad
2758 3125 3081 3180 faciendum
3117 3137 3242 3193 quae
3271 3135 3388 3174 non
3416 3117 3665 3172 debeant

1971 3220 2098 3275 fieri
2123 3236 2136 3287 ;
2171 3220 2258 3274 vel
2279 3219 2451 3272 etiam
2477 3218 2633 3289 quod
2663 3217 2894 3271 fortuna
2920 3210 3244 3268 communis
3275 3213 3378 3275 est,
3406 3211 3460 3260 et
3489 3221 3659 3259 neruo

1970 3313 2158 3364 certus
2183 3314 2266 3364 est
2294 3309 2431 3380 quid
2452 3309 2563 3379 ipsi
2601 3307 2709 3362 sibi
2737 3305 2918 3376 possit
2940 3301 3228 3357 obvenire.
3266 3301 3380 3368 Ego
3414 3295 3586 3351 etiam
3618 3292 3663 3346 si

1972 3399 2338 3471 quantumvis
2396 3413 2605 3467 magna
2673 3396 2887 3449 scelera
2935 3391 3242 3447 voluissem
3292 3389 3498 3453 facere,
3547 3399 3661 3437 non

1970 3494 2165 3544 tamen
2194 3488 2313 3556 nisi
2354 3492 2452 3541 aut
2481 3487 2790 3552 confessus,
2844 3486 2942 3537 aut
2989 3480 3304 3546 convictus,
3339 3474 3660 3530 debuissem

1969 3578 2185 3650 puniri.
2244 3579 2403 3632 Nunc
2451 3575 2809 3631 non'audita
2852 3571 3182 3628 defensione
3236 3582 3384 3632 mea,
3433 3562 3532 3635 qui
3582 3561 3664 3616 fui

1971 3669 2300 3740 quingentis
2343 3667 2598 3723 millibus
2639 3680 2914 3736 passuum
2970 3664 3226 3715 remotus
3283 3657 3351 3710 ab
3403 3654 3560 3719 urbe,
3603 3655 3665 3705 ut

1970 3764 2104 3828 pote
2157 3757 2342 3828 Papiae
2397 3757 2458 3810 in
2504 3770 2728 3809 carcere
2783 3754 3087 3808 damnatus
3117 3763 3242 3802 sum
3285 3746 3354 3800 ad
3392 3748 3661 3798 mortem.

1972 3848 2260 3902 Exclamat
2291 3862 2449 3915 ergo,
2483 3847 2524 3900 Ο
2563 3843 2794 3898 meritos
2833 3844 3024 3911 patres
3053 3838 3064 3893 l
3097 3839 3206 3892 hoc
3246 3839 3330 3890 est
3371 3837 3657 3898 senatum,

1974 3943 2036 3991 ut
2062 3952 2231 3990 nemo
2263 3934 2445 4006 possit
2476 3934 2544 3988 de
2590 3932 2765 3985 simili
2795 3930 3034 3985 crimine
3090 3923 3370 3991 convinci,
3406 3923 3512 3977 hoc
3541 3920 3665 3976 vult

1973 4027 2160 4082 dicere
2191 4042 2203 4079 :
2245 4025 2487 4079 Senatus
2515 4021 2752 4076 meritus
2775 4024 2858 4074 est
2881 4023 2943 4073 ut
2972 4033 3142 4072 nemo
3174 4015 3378 4070 debeat
3407 4027 3540 4066 eum
3563 4011 3658 4064 de-

1971 4116 2226 4183 fendere,
2264 4115 2399 4185 quia
2433 4116 2668 4184 prOpter
2721 4111 2831 4164 hoc
2861 4109 3079 4163 crimen
3132 4104 3282 4176 quod
3325 4101 3480 4156 volui
3526 4114 3661 4154 eum

1975 4205 2299 4274 defendere,
2327 4203 2613 4257 convictus
2640 4216 2789 4268 sum,
2819 4204 2874 4278 et
2904 4197 2973 4253 ab
3001 4213 3067 4251 eo
3101 4195 3423 4250 damnatus.
3459 4187 3655 4259 Sequi-

1973 4301 2085 4351 tur.
2118 4296 2290 4365 Cujus
2321 4293 2725 4364 indignitatem
2757 4293 2965 4344 reatus.
2999 4289 3290 4342 AGRICOLA.

2044 4387 2150 4456 Ita]
2199 4385 2378 4441 Hodie
2429 4399 2626 4438 omnes
2675 4382 2793 4436 fere
2826 4377 3036 4433 indocti
3066 4392 3170 4447 pro
3203 4368 3468 4428 adverbio
3499 4365 3665 4421 afﬁr-

1972 4476 2170 4530 mandi
2199 4480 2460 4539 utuntur,
2496 4472 2650 4545 quod
2681 4485 2914 4542 prorsus
2947 4468 3216 4535 corrupte
3238 4463 3300 4516 ﬁt
3332 4477 3344 4514 :
3388 4462 3474 4514 est
3505 4456 3661 4512 enim

1972 4565 2363 4620 similitudinis
2387 4563 2592 4635 potius.
2627 4561 2894 4631 Virgilius
2920 4559 2978 4613 in
3014 4553 3316 4610 undecimo
3351 4551 3381 4621 ε]

2101 4654 2251 4702 Haud
2277 4655 2348 4702 ita
2379 4667 2461 4701 me
2489 4652 2689 4714 experti
2714 4651 2870 4699 Bitias
2897 4651 2948 4697 et
2979 4644 3252 4697 Pandarus
3281 4641 3487 4704 ingens.

1974 4757 2056 4809 Ita
2082 4754 2240 4820 dixit,
2272 4753 2326 4807 id
2361 4756 2444 4805 est
2473 4751 2682 4805 taliter.
2717 4751 3010 4803 Aomcom.

2045 4840 2343 4914 Ilebetavit]
2376 4840 2524 4896 Dixit
2557 4837 2963 4909 metaphorice,
3001 4850 3131 4888 nam
3155 4829 3388 4903 proprie
3415 4828 3485 4883 de
3510 4826 3664 4881 ferro

1974 4940 2071 4988 aut
2100 4934 2210 4988 alio
2243 4931 2447 5004 quovis
2480 4931 2549 4984 ad
2588 4929 2898 4983 secandum
2929 4929 3072 4996 tapto
3107 4922 3333 4977 dicitur.
3365 4921 3658 4974 AGRICOLA.

2042 5025 2241 5080 Contra
2286 5017 2566 5091 virtutem]
2615 5020 2721 5073 Per
2763 5014 3162 5086 synecdochen
3216 5010 3358 5066 dixit
3399 5007 3655 5063 accidens

1973 5129 2074 5183 pro
2106 5113 2384 5182 subjecto,
2410 5109 2467 5163 id
2499 5113 2584 5163 est
2613 5111 2810 5160 contra
2838 5105 3040 5159 bonos.
3076 5106 3372 5157 AGnICOLA.

2043 5181 2283 5272 Molitos]
2318 5198 2519 5266 Moliri,
2555 5198 2611 5252 id
2643 5200 2725 5250 est
2754 5211 2884 5250 cum
2925 5209 3135 5263 magna
3155 5192 3329 5260 mole,
3360 5188 3416 5242 id
3446 5189 3528 5242 est
3553 5181 3657 5238 dif-

1974 5291 2222 5346 ﬁcultate
2251 5288 2465 5343 conari.
2489 5286 2642 5356 Virg.
2680 5286 2740 5338 in
2772 5301 2821 5339 1v
2853 5283 3068 5338 Aineid.
3099 5297 3112 5336 :

2096 5381 2200 5428 Nec
2231 5391 2390 5441 super
2419 5377 2528 5440 ipse
2559 5389 2655 5424 sua
2683 5373 2899 5424 molitur
2928 5371 3083 5422 laude
3109 5368 3378 5419 laborem?

2042 5458 2314 5530 Effecisse]
2345 5460 2544 5512 Facere
2567 5461 2624 5511 et
2652 5456 2876 5510 efﬁcere
2919 5452 3279 5507 manifestam
3309 5444 3519 5500 habent
3551 5443 3664 5498 dif—

1973 5549 2295 5604 ferentiam.
2340 5548 2480 5602 Nam
2522 5547 2764 5601 facimus
2812 5545 2993 5599 multa
3032 5555 3183 5609 saepe
3234 5536 3354 5589 siue
3404 5533 3654 5588 ett'ectu:

1975 5639 2074 5696 sed
2114 5637 2358 5706 efﬁcere,
2392 5640 2476 5693 est
2507 5636 2724 5708 aliquid
2760 5633 2914 5706 quod
2945 5630 3081 5686 facis
3126 5625 3352 5699 assequi
3387 5641 3400 5679 :
3435 5624 3512 5679 sic
3542 5640 3664 5681 me-
