4054 6184
451 280 552 329 927

1189 284 1540 338 APPENDIX
1578 286 1669 337 Λῐ)
1715 285 1960 343 LIBROS
2002 289 2091 344 DE
2135 290 2657 348 CONSOLATIONE
2700 294 3200 353 PHILOSOPIIIA'I.
3793 316 3879 370 928

458 409 615 463 dicus
641 428 791 482 saepe
822 412 1177 480 i‘acitomnia,
1210 419 1275 468 ut
1295 420 1457 469 sanet
1475 421 1779 485 azgrotum,
1817 420 1915 474 sed
1946 424 2140 475 tamen
2177 424 2223 477 A
2255 423 2337 477 cie
2369 424 2644 496 accipitur
2678 443 2690 483 :
2719 428 2855 500 quia
2884 429 3087 499 exitus,
3121 432 3229 487 hoc
3259 437 3340 488 est
3358 438 3677 508 peremptio,
3708 440 3880 500 sitcui-

461 515 573 553 non
605 506 768 554 sanat
805 503 928 555 :sed
962 502 1007 555 si
1039 503 1232 565 efﬁcit,
1268 504 1418 559 utsit
1450 507 1778 577 sanus,jam
1812 508 1931 563 sine
1966 511 2141 565 dubio

451 595 629 643 sanat.
662 593 960 645 AGRICOLA.
1248 636 1253 645 .

526 678 819 750 Dctcriora]
859 679 1138 745 Deterior,
1187 697 1217 733 a
1251 680 1445 736 detero
1491 682 1662 736 verbo
1697 684 1924 742 dicitur.
1984 688 2140 744 Unde

453 771 509 820 et
555 768 789 821 Plautus
838 768 898 821 in
932 770 1193 823 eamdem
1249 771 1722 841 signiﬁcationem
1772 776 2139 833 detritionem

449 872 552 927 pro
574 857 940 927 improbitate
974 864 1027 911 et
1057 860 1488 930 detrimentum,
1514 878 1720 917 noxam
1751 866 1837 918 vel
1865 866 2140 922 damnum

447 963 732 1001 vocamus.
767 949 1057 1002 Acmcom.

518 1038 779 1107 Monstri]
819 1039 1126 1092 Monstrum
1178 1057 1210 1092 a
1253 1043 1622 1096 monstrando
1680 1060 1691 1097 :
1742 1045 1875 1115 quia
1922 1050 2138 1101 veteres

446 1126 724 1193 putabant
754 1127 977 1196 quoties
1027 1134 1282 1181 monstra
1326 1132 1763 1200 proveniebant,
1816 1152 1881 1188 ex
1906 1137 1985 1189 eis
2015 1153 2136 1191 ma-

446 1229 622 1283 guum
656 1216 885 1286 aliquod
918 1219 1156 1285 malum,
1177 1224 1275 1272 aut
1306 1220 1527 1274 cladem
1557 1221 1956 1279 imminentem
1982 1242 2139 1281 mon-

445 1304 628 1369 strari,
684 1304 830 1358 sicut
878 1309 932 1357 et
967 1312 1257 1360 ostentum
1312 1309 1379 1362 ab
1425 1312 1797 1379 ostendendo,
1843 1316 1991 1384 quod
2026 1316 2136 1370 ali-

443 1392 579 1461 quid
614 1408 677 1445 eo
704 1392 961 1447 futurum
996 1397 1351 1463 ostendatur,
1382 1403 1438 1451 et
1469 1404 1823 1468 portentum,
1860 1404 1995 1472 quia
2028 1403 2132 1457 ali-

442 1480 576 1550 quid
609 1483 931 1549 protendat,
974 1484 1029 1537 id
1063 1490 1148 1538 est
1211 1487 1560 1555 pronuntiet,
1625 1494 1679 1542 et
1710 1490 2042 1561 prodigium
2100 1510 2133 1547 a

440 1570 639 1638 procul
676 1571 901 1640 agendo
936 1572 1162 1635 dicitur,
1200 1575 1335 1644 quia
1376 1577 1630 1631 solebant
1661 1581 1970 1633 monstrosi
2001 1598 2129 1652 par-

441 1662 551 1721 tus,
586 1659 871 1729 siquidem
921 1661 1162 1715 humani
1207 1669 1413 1726 essent,
1457 1666 1748 1736 deportari
1795 1669 1853 1722 in
1885 1670 2126 1738 deserta,

436 1746 497 1799 in
550 1748 762 1801 silvas:
816 1749 863 1801 si
916 1755 1253 1806 cmterorum
1303 1753 1660 1824 animalium,
1696 1756 2127 1815 infodiebantur

436 1834 565 1890 vivi.
597 1837 892 1891 Acmcom.

507 1925 732 1989 Quidem
783 1932 993 1982 tuorum
1025 1931 1409 1999 familiarium]
1446 1932 1725 1988 Carneadi
1757 1936 1907 1990 claro
1930 1937 2127 2009 impri-

435 2014 543 2068 mis
575 2015 795 2070 auctori
827 2034 984 2072 novae
1010 2020 1331 2075 Academiae
1367 2022 1637 2077 tribuitur
1662 2025 1784 2080 haec
1815 2028 2118 2082 sententia.

432 2105 728 2159 Aomcom.

504 2194 917 2268 Familiarium]
942 2198 1179 2252 Familia
1203 2217 1235 2253 a
1262 2200 1542 2255 famulatu
1574 2202 1722 2257 dicta
1756 2209 1843 2259 est
1876 2209 1930 2259 et
1955 2205 2120 2260 fami-

433 2281 590 2336 liaris
621 2301 815 2338 servus
846 2302 857 2339 :
885 2288 1360 2344 obtinuitdeinde
1382 2293 1732 2346 consuetudo
1760 2296 2122 2363 utcoguatio-

431 2388 557 2426 neu:
597 2373 945 2442 signiﬁcaret
970 2377 1205 2443 familia,
1241 2379 1391 2434 unde
1428 2382 1864 2450 patresfamilias
1900 2389 1955 2438 et
1992 2401 2119 2439 ma-

430 2464 545 2515 tres
577 2466 632 2515 et
660 2462 1080 2518 ﬁliosfamilias.
1112 2469 1407 2521 AGRICOLA.

500 2551 805 2621 Siquidem]
842 2553 941 2606 Hic
972 2555 1277 2623 legendum
1300 2556 1734 2627 estdistinctim,
1767 2564 1828 2614 ut
1849 2562 1962 2617 sint
1988 2563 2115 2619 duae

430 2638 705 2693 dictiones
743 2658 753 2694 :
788 2643 1134 2714 quandoque
1149 2644 1639 2716 enimjunguntur
1660 2655 1714 2703 et
1737 2666 1851 2704 uno
1882 2660 2116 2708 accentu

430 2728 825 2798 proferuntur,
864 2736 1000 2785 tunc
1038 2733 1316 2803 accipitur
1355 2752 1460 2805 pro
1514 2741 1681 2792 certe.
1736 2740 1953 2795 Plinius
2008 2744 2113 2799 ini

428 2818 711 2872 Naturalis
744 2819 1024 2875 Historiae.
1050 2822 1360 2893 iSiquidem
1409 2826 1613 2881 coloris
1643 2832 1884 2884 mutant.
1941 2832 2115 2887 Acm-

427 2920 589 2960 COLA.

495 2997 771 3061 Sanguine
790 3001 1000 3069 petant]
1034 3002 1139 3053 Per
1165 3003 1624 3060 antonomasiam
1659 3006 1873 3061 dictum
1904 3013 2005 3076 est,

423 3088 505 3138 est
532 3087 767 3142 exitium
800 3091 1060 3158 cupiunt.
1092 3093 1394 3149 AGRICOLA.

492 3174 702 3248 Petunt]
736 3180 870 3232 Peto
899 3178 1560 3255 signiﬁcatLquandoque
1587 3202 1757 3257 posco
1787 3203 1799 3242 :
1827 3192 1891 3242 ut
1921 3189 2107 3243 Horat.

419 3262 481 3317 in
506 3279 547 3317 II
590 3265 796 3337 Epist]:

544 3372 693 3427 Quod
730 3372 917 3434 cupide
938 3374 1104 3436 petiit,
1134 3379 1339 3426 mature
1368 3378 1525 3441 plena
1550 3381 1780 3444 reliquit.

417 3466 743 3536 Aliquando
778 3469 916 3523 adeo
953 3486 966 3524 :
1002 3471 1079 3524 sic
1131 3474 1386 3528 Valerius
1417 3477 1475 3532 in
1510 3495 1543 3530 ιι
1591 3495 1603 3531 :
1647 3481 1759 3533 Rus
1792 3484 1993 3551 petens
2019 3500 2105 3538 re-

417 3556 617 3609 deunti
649 3556 705 3609 in
738 3558 938 3612 urbem
988 3567 1336 3617 narraverat.
1371 3566 1696 3636 Aliquando
1745 3586 1870 3637 oro,
1906 3572 2101 3643 sicque

407 3644 675 3714 jungitur
705 3651 1023 3703 accusativo
1068 3667 1197 3705 cum
1230 3652 1474 3709 ablativo
1514 3656 1928 3716 interveniente
1960 3680 2105 3733 prte-

418 3734 717 3805 positione.
752 3736 1139 3799 Quintilianus
1173 3740 1231 3795 in
1262 3743 1458 3797 matris
1490 3746 1731 3801 Infamia
1769 3766 1782 3803 :
1814 3751 1957 3805 Illud
1994 3770 2025 3805 a
2054 3760 2106 3808 te

418 3824 611 3876 civitas
640 3824 960 3879 novissimis
982 3830 1245 3897 precibus
1276 3838 1428 3902 peto.
1464 3835 1715 3890 Dicimus
1747 3839 1940 3909 etiam,
1971 3846 2104 3912 peto

416 3913 578 3968 illum
608 3913 781 3980 ferro,
814 3921 943 3983 peto
988 3918 1293 3989 lapidibus,
1348 3923 1401 3977 id
1438 3930 1533 3983 est
1557 3927 1706 3997 jacio
1739 3929 1797 3983 in
1832 3946 1983 4000 eum,
2017 3934 2105 3987 vel

415 4002 529 4057 vim
564 4003 770 4060 infero.
808 4006 1074 4076 Virgilius
1106 4008 1165 4063 in
1189 4011 1381 4066 Bucol.
1411 4030 1423 4066 :

537 4093 673 4141 Malo
702 4107 785 4141 me
818 4094 1065 4145 Galathea
1095 4099 1242 4160 petit,

414 4172 473 4226 id
503 4177 585 4225 est
610 4173 747 4242 jacit
771 4174 830 4227 in
862 4192 951 4228 me
983 4179 1218 4233 malum.
1253 4179 1559 4238 Aomcom.

482 4262 763 4334 Patribus]
827 4265 1018 4318 Patres
1067 4267 1427 4334 {vocabantur
1475 4278 1723 4328 senatus.
1774 4276 2095 4333 Sallustius.

412 4353 636 4420 Hosque
663 4352 752 4405 vel
782 4356 947 4406 aetate
977 4356 1060 4409 vel
1095 4372 1244 4410 curae
1284 4358 1663 4419 similitudine
1694 4368 1972 4422 vocabant
2001 4385 2095 4439 pa—
2134 4384 2177 4437 1)

409 4443 543 4493 tres.
574 4444 865 4495 Acarcom.

477 4528 731 4600 Praesens]
773 4530 1005 4597 Dicitur,
1040 4532 1348 4602 quicoram
1378 4542 1478 4601 est,
1517 4538 1725 4595 dicitur
1758 4546 1812 4597 et
1846 4544 2094 4615 ﬁgurate

408 4632 660 4686 praesens
685 4618 809 4686 hoc,
847 4621 1001 4689 quod
1024 4628 1109 4676 est
1135 4623 1350 4678 efﬁcax.
1374 4626 1527 4697 Virg.
1564 4628 1622 4682 in
1644 4633 1835 4686 Bucol.
1867 4651 1879 4689 :

530 4706 633 4754 Nec
663 4710 769 4755 tam
792 4713 1079 4770 praesentes
1105 4710 1230 4759 alibi
1261 4727 1579 4776 cognoscere
1614 4718 1784 4769 divos.

409 4802 791 4865 Quintilianus
818 4806 875 4859 in
900 4809 1127 4863 Veneno
1155 4812 1350 4881 effuso,
1375 4815 1439 4867 Et
1465 4814 1619 4870 virus
1639 4825 2095 4887 praesentaneum

406 4906 564 4961 paro,
599 4895 752 4962 quod
777 4896 983 4962 subito,
1016 4900 1167 4968 quod
1195 4902 1388 4957 statim
1420 4912 1770 4977 corrumpat.
1792 4910 2092 4967 AGRICOLA.

482 4982 719 5070 Veronae]
754 4985 975 5038 Verona
1006 4989 1282 5058 oppidum
1330 4998 1411 5047 est
1461 4996 1637 5049 Italia:
1670 5001 2089 5070 transpadanae,

404 5069 558 5139 quod
605 5071 858 5125 medium
908 5074 1128 5130 Athesis
1169 5080 1375 5135 tluvius
1414 5084 1667 5152 perﬂuit,
1714 5086 1771 5140 in
1804 5069 2090 5148 radicibus

400 5158 633 5228 Alpium
666 5161 1083 5218 Vindelicarum
1112 5170 1379 5236 positum.
1414 5174 1712 5228 AGRICOLA.

473 5250 755 5303 Dicturum
787 5253 942 5322 quid]
977 5255 1408 5327 Proaliquidzet
1432 5261 1737 5331 legendum
1764 5270 1868 5335 est,
1892 5269 2091 5323 tradu-

400 5339 487 5388 cto
510 5337 570 5390 in
600 5342 1022 5407 przecedentem
1044 5344 1352 5401 dictionem
1381 5358 1639 5422 accentu,
1666 5354 1829 5421 sicut,
1850 5373 1970 5426 que,
2002 5374 2085 5426 ve,

398 5439 485 5487 ne,
518 5425 781 5494 legimus.
810 5433 1111 5485 AGRICOLA.

467 5513 660 5579 Emitiij
684 5517 925 5571 Exitium
946 5519 1307 5590 abexeundo,
1325 5524 1469 5580 sicut
1484 5528 1715 5585 initium
1744 5533 1813 5587 ab
1830 5534 2083 5590 ineundo

398 5598 615 5654 dictum
647 5607 732 5658 est
762 5606 1031 5676 ﬁgurate,
1055 5609 1200 5664 sicut
1233 5614 1412 5668 multa
1436 5632 1540 5686 pro
1572 5620 1728 5675 clade
1760 5623 1846 5676 vel
1891 5626 2081 5693 perni-

2252 530 2363 584 que
2397 532 2621 570 summa
2651 517 2857 573 clades.
2891 520 3182 576 Acaxcona.

2322 605 2639 678 Securitate]
2675 608 2738 661 Id
2764 613 2848 663 est
2877 612 3145 680 neglectu
3163 613 3263 680 ,vel
3295 618 3612 689 contemptu
3646 635 3657 672 :
3689 636 3879 677 securus

2251 693 2405 747 enim
2438 695 2559 749 sine
2591 712 2724 750 cura
2750 697 2977 753 dicitur.
3012 703 3092 754 AG
3108 717 3316 757 meum.

2318 784 2589 857 Proferre]
2619 785 2678 839 Id
2708 790 2791 839 est
2822 786 3023 842 efferre
3056 789 3165 844 hoc
3204 791 3346 849 loco.
3396 794 3641 849 Juvenal.

2373 873 2553 922 Profer
2574 874 2720 923 Galla
2749 880 2923 939 caput.

2248 960 2570 1032 Aliquando
2605 964 2893 1035 signiﬁcat
2922 966 3169 1024 differre.
3192 970 3424 1025 Plautus
3455 972 3513 1027 in
3538 976 3754 1045 captivis
3774 978 3881 1033 duo-

2248 1050 2353 1104 bus
2381 1068 2393 1105 :

2373 1140 2844 1204 Quandofprolatis
2872 1144 3031 1193 rebus
3062 1160 3151 1195 rus
3181 1147 3423 1199 homines
3450 1154 3576 1200 eunt

2246 1220 2305 1274 Id
2338 1227 2441 1287 est,
2476 1223 2663 1276 dilatis
2686 1224 2929 1294 negotiis
2948 1227 3035 1279 vel
3068 1228 3877 1307 litibus:signiﬁcatetiampro-

2245 1312 2333 1365 cut
2361 1311 2529 1365 ferre.
2558 1313 2824 1383 Virgilius
2858 1315 2917 1367 in
2951 1314 3140 1384 primo
3171 1318 3440 1373 .‘Eneidos
3477 1338 3489 1374 :

2618 1400 2784 1464 Super
2813 1404 3151 1455 Garamantes
3178 1411 3228 1455 et
3251 1407 3409 1455 Indos

2368 1462 2570 1512 Profert
2599 1462 2897 1527 imperium.

2240 1545 2542 1599 Aomcom.

2310 1634 2566 1706 Jactassc]
2605 1636 2823 1689 lactare
2864 1635 2956 1690 hic
2994 1638 3203 1708 accipit
3242 1655 3343 1710 pro
3377 1655 3443 1692 eo
3475 1641 3623 1711 quod
3653 1648 3729 1697 est
3748 1660 3876 1699 arro-

2166 1733 2206 1785 Β
2237 1728 2440 1793 ganter
2470 1724 2555 1777 vel
2588 1724 2886 1794 gloriando
2933 1743 3404 1783 commemorare.
3442 1729 3671 1792 Quintil.
3702 1733 3754 1785 in
3788 1750 3875 1788 ma-

2237 1813 2340 1867 tris
2396 1813 2681 1868 Infamia:
2729 1815 2929 1884 Magna
2975 1833 3107 1887 pars
3165 1818 3475 1872 voluntatis
3528 1822 3610 1871 est
3647 1820 3867 1889 jactatio.

2236 1904 2591 1973 Quandoque
2604 1903 2887 1972 signiﬁcat
2917 1905 3101 1959 verbis
3119 1910 3389 1977 strepere,
3408 1923 3511 1979 per
3532 1911 3873 1981 metaphoram

2236 1992 2470 2046 dictum.
2510 1992 2660 2063 Virg.
2698 1992 2758 2045 in
2786 2009 2818 2046 x
2848 1994 3073 2048 rEneid.
3102 2010 3114 2049 :

2637 2081 2787 2129 Nunc
2818 2095 2935 2130 sera
2960 2083 3206 2145 querelis.

2357 2141 2506 2191 Ilaud
2522 2142 2666 2205 justa
2686 2145 2937 2207 assurgis,
2969 2141 3123 2209 atque
3154 2148 3302 2196 irrita
3320 2148 3500 2212 jurgia
3520 2150 3682 2214 jactus

2230 2242 2465 2311 Proprie
2496 2246 2685 2296 autem
2719 2243 3001 2313 significat
3028 2244 3359 2317 frequenter
3373 2248 3749 2319 jacere.0vid.
3775 2250 3821 2303 in
3840 2266 3866 2303 ιι

2231 2331 2299 2385 de
2320 2333 2455 2385 Arte
2489 2350 2504 2386 :

2474 2421 2702 2469 Jactatas
2732 2421 3066 2486 excutiatque
3093 2423 3253 2474 faces.

2224 2501 2503 2555 AGRICOLA
2518 2542 2531 2556 .

2297 2590 2644 2661 Ostentando]
2679 2591 2975 2647 Ostentare
3006 2592 3150 2647 sicut
3178 2594 3395 2664 jactare
3434 2596 3655 2665 dicitur,
3688 2597 3771 2651 sed
3792 2596 3865 2667 ja-

2226 2683 2376 2734 ctare
2409 2680 2590 2750 magis
2622 2681 2807 2735 verbis
2838 2687 2942 2749 est,
2968 2686 3257 2737 ostentare
3282 2685 3477 2740 rebus.
3513 2689 3781 2740 Acmcou.

2293 2774 2598 2838 Facinoris]
2637 2771 2875 2825 Facinus
2907 2788 2937 2825 a
2958 2771 3215 2827 faciendo
3245 2773 3465 2828 dictum
3498 2780 3598 2838 est,
3637 2780 3689 2829 et
3715 2776 3765 2829 in
3789 2792 3863 2846 pe-

2217 2863 2405 2934 jorem
2435 2864 2658 2932 partem
2680 2877 2834 2915 nunc
2855 2862 3130 2931 accipitur
3147 2863 3445 2919 evincente
3476 2864 3861 2932 consuetudine,

2222 2952 2376 3022 apud
2407 2956 2623 3005 veteres
2654 2951 2713 3003 in
2742 2955 3046 3022 utramque
3070 2952 3458 3023 accipiebatur
3487 2959 3697 3025 partem
3726 2959 3772 3007 et
3790 2954 3863 3006 bo-

2055 3010 2113 3064 Μ
2153 3026 2192 3082 Ο
2224 3010 2356 3095 nam
2385 3045 2440 3094 et
2470 3041 2696 3094 malam.
2733 3010 2969 3095 Sallust:
2994 3041 3055 3094 in
3085 3010 3325 3096 Catilina
3361 3060 3372 3097 :
3403 3010 3512 3108 Qui
3537 3044 3771 3115 prmclari
3798 3043 3859 3097 fa-

2222 3129 2431 3183 cinoris
2461 3132 2559 3181 aut
2587 3128 2721 3181 artis
2745 3128 2907 3183 bonae
2938 3129 3149 3183 famam
3182 3130 3412 3201 quaerit.

2290 3218 2564 3288 Jugulari]
2606 3218 2879 3287 Jugulare
2911 3219 3140 3289 proprie
3171 3220 3459 3291 signiﬁcat
3476 3222 3729 3292 jugulum
3756 3237 3855 3292 per-

2222 3308 2498 3363 scindere.
2537 3310 2831 3361 Estautem
2846 3307 3085 3377 jugulus
3099 3309 3281 3363 dictus
3303 3326 3441 3380 pars
3462 3312 3559 3366 illa
3588 3309 3860 3382 quaaproxi-

2220 3415 2315 3453 ma
2346 3398 2488 3452 collo
2521 3396 2588 3450 ab
2623 3396 2864 3464 ossibus,
2899 3414 3025 3467 quas
3067 3403 3265 3469 pectus
3295 3399 3677 3455 determinant
3708 3418 3719 3454 :
3748 3416 3856 3470 quo-

2219 3489 2375 3542 niam
2419 3502 2485 3541 ea
2516 3502 2640 3540 ossa
2680 3485 3118 3540 similitudinem
3162 3488 3311 3558 jugi,
3344 3489 3418 3556 [id
3452 3495 3537 3544 est
3566 3488 3857 3544 summitatis

2219 3577 2525 3641 montium,
2558 3575 2774 3629 velveri
2801 3576 2957 3645 quod
2985 3577 3228 3631 araturis
3242 3578 3759 3651 bobusimponitur,
3780 3576 3854 3631 ha-

2216 3667 2369 3722 bent.
2394 3671 2686 3721 AGRICOLA.

2293 3755 2504 3828 Necem]
2548 3757 2760 3825 Vulgus
2803 3757 3310 3827 grammaticorum
3343 3759 3487 3814 dicit
3529 3760 3688 3831 hujus
3715 3755 3857 3812 nomi-

2214 3846 2468 3900 nativum
2516 3862 2630 3899 non
2691 3845 2954 3899 inveniri.
3017 3847 3211 3900 Cicero
3266 3853 3466 3904 tamen
3537 3865 3636 3918 pro
3689 3848 3852 3901 Milone

2214 3934 2347 3989 dicit
2376 3951 2388 3989 :
2414 3934 2733 3989 Insidiatori
2774 3951 2905 3989 vero
2939 3939 2994 3989 et
3032 3936 3243 3990 latroni
3284 3953 3419 4008 qum
3466 3942 3645 4008 potest
3683 3937 3854 4005 injuste

2212 4038 2333 4076 esse
2366 4023 2611 4079 neXTSic
2645 4029 2701 4077 et
2732 4039 2872 4093 prex
2885 4024 3057 4077 etiam
3077 4025 3703 4095 Phocasgrammaticus
3721 4022 3849 4077 dixit.

2207 4110 2487 4165 Dit‘ferunt
2518 4128 2652 4165 sane
2684 4128 2793 4167 nex
2822 4116 2878 4165 et
2911 4128 3063 4166 mors
3096 4114 3589 4183 quemadmodum
3612 4126 3787 4167 necare
3811 4112 3851 4160 et

2208 4202 2353 4255 mori
2391 4218 2401 4254 :
2432 4206 2493 4255 ut
2531 4218 2638 4255 nex
2670 4202 2743 4255 sit
2781 4217 2932 4255 mors
2962 4202 3017 4254 vi
3047 4202 3224 4270 illata,
3274 4219 3433 4257 mors
3482 4204 3849 4275 qualiscunque

2205 4289 2457 4344 hominis
2481 4290 2763 4344 interitus.
2794 4292 3092 4346 Acmcom.

2282 4382 2600 4446 Quingentis
2610 4396 2871 4449 passuum
2884 4378 3152 4452 millibus]
3172 4380 3353 4435 Latini
3368 4382 3574 4436 itinera
3603 4397 3696 4434 sua
3710 4374 3847 4432 milli-

2204 4468 2311 4522 bus
2344 4485 2613 4539 passuum
2640 4474 2961 4536 numerant,
2992 4470 3136 4523 sicut
3158 4471 3335 4524 (ἕτωοί
3363 4472 3582 4538 stadiis,
3609 4468 3736 4525 Galli
3760 4467 3849 4518 leu-

2205 4558 2302 4613 cis.
2328 4558 2590 4628 Quinque
2622 4563 2811 4612 autem
2834 4557 3014 4611 millia
3034 4575 3307 4629 passuum
3328 4564 3553 4614 tantum
3571 4556 3724 4629 spatii
3751 4552 3846 4608 efﬁ-

2205 4646 2359 4701 ciunt
2390 4652 2671 4717 quantum
2687 4647 2836 4716 apud
2852 4648 3165 4702 Germanos
3178 4649 3331 4719 quod
3356 4650 3439 4703 illi
3454 4651 3643 4703 milam
3665 4645 3844 4705 vocant,

2204 4737 2471 4807 quodque
2484 4736 2731 4807 Aigyptii
2753 4752 3154 4807 parasangam,
3174 4741 3357 4794 Persae
3387 4740 3689 4794 schmnum.
3716 4737 3845 4789 Acm-

2203 4840 2366 4880 COLA.

2269 4914 2610 4987 Propensius]
2646 4915 2705 4969 Id
2732 4919 2817 4969 est
2848 4915 3024 4986 dilige
3048 4915 3205 4982 itius,
3233 4919 3317 4971 vel
3342 4915 3681 4981 inclinatius,
3702 4929 3728 4966 a
3750 4924 3844 4982 pr0~

2199 5004 2523 5074 pandendo,
2545 5004 2761 5057 sicutin
2794 5004 3093 5076 libra,qua
3108 5012 3267 5077 parte
3284 5008 3410 5076 plus
3440 5004 3845 5092 appenditur,ea

2199 5092 2328 5163 plus
2361 5094 2678 5164 propendet
2712 5110 2723 5147 :
2759 5094 2837 5147 sic
2868 5099 2925 5147 et
2948 5111 3054 5147 nos
3098 5096 3479 5166 propendere,
3533 5102 3585 5151 et
3616 5101 3842 5164 propensx

2198 5183 2445 5237 dicimur
2477 5182 2535 5235 in
2568 5182 2624 5235 id
2649 5182 2809 5252 cujus
2834 5184 3037 5253 majori
3059 5184 3244 5238 studio
3268 5190 3547 5239 tenemur.
3581 5187 3835 5237 Aomcors.

2267 5272 2679 5340 Proscriptioni]
2718 5273 3151 5343 Proscriptionis
3202 5292 3411 5329 nomen
3441 5292 3473 5328 a
3506 5274 3659 5327 bellis
3687 5266 3839 5322 civili-

2195 5359 2300 5412 bus
2334 5360 2508 5427 venit,
2546 5362 2819 5430 quoniam
2849 5362 2909 5415 in
2939 5363 3196 5417 civilibus
3229 5364 3684 5427 dissensionibus,
3718 5355 3839 5409 sicut

2194 5447 2422 5503 fuerant
2450 5450 2603 5503 Marii
2639 5454 2696 5503 et
2721 5451 2907 5520 Sylla},
2929 5452 3164 5507 Cassaris
3182 5458 3239 5507 et
3271 5452 3521 5524 Pompeii
3545 5456 3599 5504 et
3626 5448 3839 5514 reliquo-

2193 5553 2340 5605 rum,
2375 5539 2473 5608 qui
2501 5540 2743 5592 victores
2780 5544 2959 5605 erant,
2999 5542 3232 5596 nomina
3264 5560 3461 5597 eorum
3491 5542 3586 5613 qui
3616 5540 3836 5592 diversa-

2192 5644 2319 5681 rum
2353 5628 2603 5698 partium
2641 5628 2820 5697 fuere,
2880 5630 2938 5685 in
2988 5631 3198 5686 tabulis
3241 5633 3519 5704 descripta
3556 5628 3830 5702 ponebant,
