4054 6184
131 288 230 340 9‘29

1116 290 1506 347 MURMELLII
1545 293 1629 348 ET
1665 294 2034 351 AGRICOLAZ
2075 297 2603 355 COMMENTARIA.

3521 315 3624 366 93D

125 419 266 474 datis
285 419 556 490 prmmiis,
585 420 632 474 si
652 421 780 492 quis
801 439 1004 477 eorum
1025 441 1373 498 quemquam
1405 427 1718 496 occidisset,
1743 434 1799 483 et
1837 430 1883 484 A
1983 432 2061 485 Et
2099 432 2253 500 cujus
2284 439 2541 500 unquam]
2569 435 2650 500 Et,
2676 436 2954 505 particula
2983 438 3435 511 interrogationi
3457 459 3616 499 nunc

124 508 285 563 bonis
317 509 636 578 publicatis,
661 515 857 582 postea
890 513 1139 568 obtinuit
1167 517 1543 583 consuetudo,
1576 519 1806 573 utrele-

123 598 236 666 gati
271 601 327 650 in
359 599 642 665 exsilium,
678 602 975 674 proscripti
1000 605 1342 660 dicerentur.
1378 610 1670 660 AGRICOLA.

189 690 388 743 Contra
432 690 706 761 virtutem]
752 693 962 747 Contra
999 694 1260 748 homines
1304 697 1510 750 virtute
1540 695 1807 768 praeditos

193 779 424 832 Tuorum
454 779 678 848 quidam
724 783 1109 853 familiarium]
1158 785 1636 856 Philosophorum
1668 787 1805 858 qui-

121 865 271 920 dam.

185 957 247 1010 Si
275 957 517 1029 quidem]
555 957 635 1012 Si.

179 1046 532 1116 Sanguinem]
566 1047 875 1118 Sanguinis
903 1049 1263 1104 effusionem.

179 1136 530 1204 Propugnare
560 1136 728 1206 bonis]
762 1137 1073 1193 Defendere
1104 1139 1302 1194 bonos.

180 1225 347 1295 Quid]
382 1225 632 1296 Aliquid.

174 1315 397 1368 Innulla
415 1331 655 1384 unquam
675 1319 776 1369 mei
797 1316 956 1370 laude
971 1316 1231 1388 jactasse]
1245 1319 1490 1372 Tametsi
1509 1335 1640 1374 vera
1662 1319 1794 1381 sint,

112 1418 169 1456 ea
189 1407 388 1456 tamen
419 1419 715 1474 nunquam
744 1420 800 1457 se
823 1404 1062 1473 jactasse
1096 1406 1193 1459 ait.
1216 1406 1282 1459 Μ.
1317 1406 1439 1461 Tul.
1475 1407 1535 1461 in
1560 1425 1578 1460 1
1606 1409 1789 1463 Offic.:

111 1492 372 1546 Deforme
402 1493 602 1546 estiam
622 1498 706 1546 est
736 1493 804 1547 de
829 1494 1012 1564 seipso
1045 1495 1375 1564 przndicare,
1412 1497 1551 1550 falsa
1576 1514 1805 1566 prmser-

110 1581 224 1646 tim,
255 1588 473 1635 etcum
503 1581 768 1635 irrisione
789 1583 1148 1636 audientium
1171 1583 1386 1639 imitari
1415 1586 1657 1639 militem
1688 1587 1806 1655 glo-

110 1670 341 1724 riosum.
393 1671 561 1724 Divus
605 1672 924 1741 Cyprianus
956 1672 1029 1725 ad
1073 1673 1359 1726 Donatum
1405 1675 1509 1728 :In
1540 1676 1802 1744 proprias

110 1760 296 1814 laudes
330 1760 528 1814 odiosa
564 1760 799 1830 jactatio
829 1766 930 1816 est.
972 1761 1188 1816 Plinius
1226 1763 1292 1816 ad
1328 1763 1664 1833 Pompeium
1699 1765 1804 1819 Sa-

110 1849 364 1904 turnium
415 1865 428 1902 :
475 1849 696 1903 Etenim
742 1849 788 1902 si
848 1850 1049 1903 alienae
1093 1867 1323 1921 quoque
1362 1851 1555 1905 laudes
1596 1869 1803 1922 parum

111 1939 278 2010 equis
300 1939 540 1992 auribus
564 1938 741 2007 accipi
763 1938 948 1992 solent
969 1954 1142 2009 quam
1166 1938 1392 1993 difﬁcile
1414 1944 1496 1994 est
1518 1940 1799 2010 obtinere,

110 2042 173 2080 ne
205 2027 450 2080 molesta
495 2026 752 2080 videatur
800 2026 980 2080 oratio
1012 2027 1080 2081 de
1133 2043 1212 2094 se,
1245 2032 1344 2081 aut
1370 2029 1437 2082 de
1477 2029 1594 2083 suis
1624 2031 1799 2085 disse—

109 2114 274 2168 rentis
295 2115 326 2166 ‘?

169 2205 376 2257 Minuit
405 2204 565 2274 enim]
615 2205 763 2260 Ordo
806 2208 908 2271 est,
943 2205 1090 2274 quis,
1125 2205 1180 2259 id
1213 2210 1297 2260 est
1323 2205 1552 2276 aliquis,
1593 2206 1802 2262 minuit

109 2293 530 2361 quodammodo
570 2299 850 2347 secretum
899 2293 1263 2348 conscientia:
1303 2296 1596 2365 probantis
1631 2313 1710 2363 se,
1745 2298 1801 2352 id

112 2384 207 2444 est,
237 2379 351 2433 sibi
387 2395 489 2449 per
519 2380 789 2434 virtutem
821 2386 877 2434 et
915 2381 1210 2436 benefacta
1247 2383 1545 2452 placentis,
1579 2384 1799 2454 quoties

111 2468 447 2522 ostentando
469 2469 702 2536 factum,
752 2469 954 2539 recipit
984 2471 1250 2542 pretium,
1289 2471 1346 2526 id
1378 2477 1462 2525 est
1491 2473 1798 2542 praemium

108 2556 278 2612 famze.
314 2559 435 2613 Cic.
470 2559 529 2612 in
559 2559 810 2614 Tuscul.:
839 2561 913 2613 Te
945 2565 1157 2626 autem,
1189 2561 1235 2614 si
1256 2561 1315 2614 in
1345 2561 1524 2615 oculis
1549 2561 1624 2616 sis
1655 2563 1799 2616 mul-

109 2647 388 2716 titudinis,
422 2653 614 2702 tamen
654 2649 777 2719 ejus
811 2649 1030 2720 judicio
1061 2655 1210 2704 stare
1262 2651 1463 2717 nolim,
1500 2667 1605 2705 nec
1638 2652 1798 2722 quod

111 2736 195 2790 illa
221 2742 410 2808 putet,
457 2738 610 2792 idem
667 2744 722 2792 te
761 2744 965 2809 putare
1005 2739 1476 2810 pulcherrimum.
1519 2743 1638 2796 Tuo
1693 2741 1797 2796 tibi

106 2826 304 2895 judicio
340 2832 429 2882 est
457 2828 736 2882 utendum
769 2844 782 2883 :
816 2828 939 2882 'l‘ibi
966 2829 1012 2883 si
1039 2834 1192 2884 recta
1224 2830 1492 2900 probanti
1522 2830 1794 2901 placebis,

112 2922 228 2970 tunc
258 2933 379 2970 non
414 2918 583 2971 modo
608 2922 670 2971 tu
701 2923 754 2971 te
782 2917 982 2972 viceris
1010 2917 1188 2989 (quod
1229 2920 1401 2989 paulo
1431 2924 1560 2973 ante
1594 2920 1793 2990 praaci-

111 3004 347 3076 piebam)
383 3007 484 3061 sed
512 3023 712 3061 omnes
730 3011 783 3061 et
806 3008 1020 3062 omnia.
1055 3010 1168 3063 Hoc
1195 3009 1370 3077 igitur
1395 3008 1495 3062 tibi
1519 3025 1792 3080 propone,
1835 3043 1875 3098 Ο
1907 3057 1937 3096 e

110 3096 540 3166 amplitudinem
564 3096 744 3150 animi
777 3102 834 3151 et
864 3098 1025 3168 quasi
1056 3098 1365 3169 quamdam
1395 3098 1795 3168 exaggeratio—

110 3199 225 3237 nem
258 3202 439 3256 quam
480 3185 818 3240 altissimam
850 3186 1027 3240 animi
1067 3186 1189 3257 (qui
1215 3187 1441 3241 maxine
1475 3187 1691 3241 eminet
1736 3187 1794 3240 in

109 3273 530 3329 contemnendis
575 3280 632 3328 et
680 3273 1060 3344 despiciendis
1100 3275 1417 3343 doloribus)
1456 3291 1629 3329 unam
1675 3292 1795 3330 esse

109 3363 354 3418 omnium
392 3380 517 3418 rem
551 3363 1020 3434 pulcherrimam,
1072 3380 1256 3436 eoque
1303 3364 1711 3434 pulchriorem,
1748 3365 1794 3418 si

107 3457 246 3506 vacet
283 3453 534 3524 populo,
559 3469 748 3523 neque
767 3452 1031 3523 plausum
1055 3457 1307 3524 captans,
1336 3471 1392 3507 se
1423 3458 1647 3508 tantum
1674 3455 1796 3525 ipsa

110 3541 350 3597 delectet.
393 3542 544 3606 Quin
579 3541 754 3596 etiam
782 3541 1175 3613 mihiquidem
1200 3542 1573 3597 laudabiliora
1597 3543 1793 3597 viden-

108 3634 189 3683 tur
224 3631 446 3700 omnia,
487 3647 660 3702 quem
695 3631 816 3686 sine
859 3631 1266 3699 venditatione,
1315 3637 1370 3686 et
1417 3632 1538 3686 sine
1577 3633 1794 3702 populo

109 3723 234 3775 teste
263 3722 442 3786 ﬁunt,
473 3737 592 3774 non
631 3737 746 3790 quo
776 3719 1114 3790 fugiendum
1136 3721 1208 3774 sit
1248 3720 1464 3790 (omnia
1514 3720 1670 3774 enim
1701 3720 1794 3774 be-

108 3810 308 3865 nefacta
340 3811 409 3865 in
432 3811 558 3864 luce
585 3825 642 3864 se
666 3808 935 3863 collocari
955 3809 1197 3879 volunt),
1230 3810 1329 3864 sed
1353 3814 1544 3864 tamen
1564 3810 1788 3864 nullum

109 3900 385 3954 theatrum
415 3899 616 3953 virtuti
638 3898 984 3952 conscientia
1014 3893 1198 3968 majus
1220 3903 1320 3954 est.
1347 3899 1568 3953 Plinius
1595 3899 1663 3952 ad
1697 3899 1792 3952 Sa-

109 3990 398 4044 turninum
433 4005 447 4043 :
483 3990 768 4043 Praeterea
793 3987 1161 4042 meminimus
1184 3993 1397 4059 quanto
1423 3988 1640 4058 majore
1671 3988 1792 4041 ani-

107 4095 187 4132 mo
222 4078 544 4134 honestatis
590 4078 807 4132 fructus
841 4077 900 4130 in
931 4077 1300 4139 conscientia,
1335 4093 1508 4148 quam
1549 4077 1610 4130 in
1640 4076 1792 4130 fama

108 4175 428 4238 reponatur.
456 4167 628 4239 Sequi
651 4167 806 4222 enim
837 4166 1038 4238 gloria,
1071 4183 1190 4221 non
1222 4166 1413 4237 appeti
1437 4165 1604 4220 debet
1639 4182 1651 4219 :
1687 4182 1791 4220 nec

105 4256 144 4309 si
181 4275 307 4312 casu
357 4258 558 4329 aliquo
603 4273 718 4312 non
752 4260 1044 4328 sequatur,
1087 4256 1298 4310 idcirco
1350 4255 1506 4326 quod
1547 4253 1788 4325 gloriam

106 4348 316 4412 meruit,
373 4347 570 4402 minus
612 4346 916 4417 pulchrum
963 4350 1065 4400 est.
1099 4345 1171 4398 Hi
1204 4361 1336 4398 vero
1367 4343 1463 4415 qui
1495 4344 1792 4398 benefacta

106 4451 192 4489 sua
207 4436 397 4490 verbis
417 4435 722 4501 adornant,
746 4451 862 4489 non
877 4433 1003 4489 ideo
1025 4433 1354 4504 praedicare,
1371 4433 1507 4504 quia
1527 4432 1785 4501 fecerint,

107 4525 188 4577 sed
217 4531 274 4580 ut
303 4524 711 4596 prmdicarent,
755 4523 954 4578 fecisse
981 4523 1312 4578 creduntur.
1357 4523 1447 4577 Sic
1477 4523 1630 4594 quod
1666 4538 1786 4575 ma-

107 4615 360 4682 gniﬁcum
382 4615 665 4668 referente
680 4613 791 4667 alio
815 4612 1033 4675 fuisset,
1057 4612 1179 4683 ipso
1206 4612 1306 4683 qui
1330 4611 1568 4682 gesserit
1589 4627 1786 4665 recen-

106 4710 265 4770 sente,
316 4703 591 4757 vanescit.
635 4702 911 4756 Homines
955 4702 1109 4755 enim
1151 4717 1281 4754 cum
1325 4716 1448 4754 rem
1495 4701 1784 4754 destruere

106 4807 202 4847 non
232 4797 496 4865 possunt,
523 4791 888 4862 jactationem
923 4791 1045 4862 ejus
1075 4791 1386 4844 incessunt.
1420 4790 1499 4842 Ita
1529 4789 1575 4842 si
1606 4790 1783 4842 silen-

103 4881 163 4934 da
187 4883 406 4950 feceris,
431 4883 646 4936 factum
679 4881 901 4951 ipsum:
929 4881 977 4934 si
1005 4879 1290 4933 laudanda
1312 4895 1428 4932 non
1456 4879 1641 4944 sileas,
1666 4878 1784 4949 ipse

103 4972 356 5040 culparis.
395 4970 709 5027 Macrobius
735 4971 796 5023 in
817 4969 1122 5024 Somnium
1143 4967 1448 5039 Scipionis,
1482 4968 1784 5022 Conscien-

102 5059 170 5112 tia
196 5061 314 5132 ipsa
359 5062 642 5116 factorum
667 5059 1056 5130 egregiorum,
1091 5058 1514 5129 amplissimum
1547 5057 1777 5111 virtutis

103 5153 176 5203 est
204 5151 528 5220 praemium.
562 5149 990 5204 Ideminidem.
1016 5147 1252 5202 Virtutis
1271 5148 1524 5201 fructum
1557 5146 1782 5216 sapiens

102 5237 152 5290 in
183 5239 525 5294 conscientia
556 5238 736 5310 ponit,
773 5238 964 5292 minus
986 5237 1269 5307 perfectus
1296 5236 1355 5290 in
1381 5236 1584 5306 gloria.
1612 5236 1784 5290 Divus

104 5327 420 5382 Ambrosius
452 5329 511 5382 in
561 5328 808 5400 quadam
860 5326 1142 5397 epistola:
1179 5325 1452 5381 Abundat
1489 5324 1644 5379 enim
1675 5324 1783 5379 sibi

104 5414 338 5487 locuples
373 5417 530 5472 testis
560 5417 931 5472 conscientia.

165 5509 259 5561 Pro
292 5524 417 5561 uere
462 5510 684 5562 virtutis
726 5508 966 5578 praemiis
991 5506 1130 5572 fulsi
1161 5502 1400 5575 sceleris]
1465 5501 1778 5558 Pulchrum

104 5595 412 5652 antitheton
442 5601 542 5651 est.
875 5601 886 5608 ’

1918 525 2050 591 apta
2081 537 2092 574 :
2137 522 2216 575 sic
2247 523 2397 592 apud
2430 523 2624 593 Virgil.
2662 525 2720 577 in
2757 527 3030 580 Bucolicis
3067 545 3078 580 :

2016 613 2104 675 Ἐἰ
2131 641 2249 690 quas
2280 631 2426 676 tanta
2455 630 2552 678 fuit
2582 631 2800 680 Romam
2834 633 2930 681 tibi
2965 648 3124 682 causa
3154 635 3368 684 videndi
3397 638 3423 685 ?

1993 730 2063 783 De
2116 731 2286 783 simi.’i
2334 731 2577 800 crimine]
2613 732 2772 795 Quod
2805 733 2978 787 fuerit
3008 736 3400 806 propensioris
3439 739 3618 794 studii

1916 815 1977 870 in
2004 821 2286 884 senatum,
2322 835 2570 890 eumque
2596 821 2811 874 salvum
2843 839 2964 875 esse
2996 825 3256 879 voluerit.

1989 908 2157 976 Cujus
2188 907 2573 974 indignitatem
2612 909 2821 981 reatus]
2852 911 3110 966 Ostendit
3145 929 3294 966 nunc
3328 915 3608 985 majorem

1913 995 2315 1068 indignitatem
2338 1013 2496 1051 casus
2543 997 2649 1063 sui,
2685 1000 2836 1068 quod
2879 1016 3009 1054 cum
3043 1002 3408 1072 perspicuum
3441 1011 3614 1075 esset,

1849 1079 1852 1082 ί
1916 1101 2018 1138 nec
2051 1085 2155 1139 ista
2186 1085 2428 1140 crimina
2459 1087 2593 1140 talia
2626 1103 2767 1153 esse,
2805 1105 2932 1157 quae
2963 1091 3050 1143 vel
3096 1097 3450 1145 accusatores
3481 1109 3609 1147 cum

1915 1173 2102 1244 specie
2136 1175 2325 1244 aliqua
2368 1175 2498 1228 fidei
2530 1182 2765 1245 possent
2808 1178 3075 1246 objicere,
3108 1181 3196 1232 vel
3239 1180 3458 1250 judices
3490 1184 3610 1237 ullo

1914 1263 2102 1316 colore
2156 1264 2391 1331 justitiae
2442 1282 2541 1318 sua
2582 1266 2747 1319 laude
2791 1273 2989 1321 contra
3045 1285 3102 1320 se
3151 1271 3395 1338 petitum
3432 1287 3551 1325 esse
3599 1289 3609 1324 :

1913 1350 2048 1421 quia
2079 1352 2233 1406 enim
2266 1352 2646 1423 Philosophus
2679 1362 2818 1421 erat,
2855 1356 3341 1412 insimulaverunt
3371 1376 3608 1430 magum

1915 1456 2048 1494 eum
2081 1458 2221 1494 esse.
2267 1442 2412 1504 Quia
2453 1445 2794 1514 plerumque
2835 1447 2984 1515 apud
3024 1451 3242 1501 veteres
3286 1447 3612 1520 philosophi

1913 1528 2018 1582 hac
2051 1530 2372 1600 suspicione
2416 1533 2842 1600 premebantur.
2898 1535 3056 1589 Unde
3089 1541 3144 1589 et
3191 1537 3464 1606 Apuleius
3491 1539 3610 1592 Ma—

1915 1618 2211 1672 daurensis
2262 1621 2468 1688 magian
2513 1628 2806 1674 accusatus
2861 1623 2987 1689 fuit,
3044 1625 3206 1694 cujus
3261 1627 3608 1681 defensionis

1847 1738 1886 1790 Β
1916 1705 2100 1760 adhuc
2127 1712 2353 1760 exstant
2375 1707 2526 1772 libri,
2557 1713 2612 1760 et
2642 1710 2978 1778 Apollonius
3006 1713 3281 1780 Tyaneus,
3319 1718 3373 1766 et
3405 1715 3616 1785 Menip-

1911 1811 2019 1866 pus
2073 1795 2252 1850 habiti
2303 1801 2435 1850 sunt
2490 1796 2664 1867 magi,
2725 1802 2780 1850 et
2841 1798 3020 1851 videri
3080 1799 3248 1853 etiam
3282 1803 3606 1870 voluerunt,

1911 1901 2041 1938 cum
2081 1889 2321 1956 uterque
2363 1886 2736 1956 philosophus
2769 1893 2930 1940 esset.
2970 1889 3114 1958 Ergo
3153 1890 3288 1943 dicit
3329 1895 3614 1946 accusato-

1912 1990 2000 2028 res
2045 1974 2319 2044 objeeisse
2369 1974 2418 2028 ei
2464 1979 2700 2045 propter
2732 1977 3126 2046 cupiditatem,
3161 1983 3222 2033 ut
3253 1982 3611 2036 consulatum

1911 2066 1966 2116 et
1997 2064 2366 2133 magistratus
2398 2063 2455 2116 in
2492 2065 2627 2117 urbe
2659 2071 3123 2136 consequeretur,
3151 2084 3280 2122 cum
3309 2069 3611 2124 daemoniis

1913 2167 2044 2205 eum
2080 2151 2346 2206 habuisse
2376 2153 2786 2206 commercium
2814 2170 2826 2206 :
2862 2155 3015 2224 quod
3047 2155 3253 2210 falsum
3287 2175 3405 2212 esse
3428 2164 3614 2213 osten-

1911 2239 1993 2295 dit
2023 2257 2090 2295 ex
2131 2242 2332 2297 studiis
2359 2241 2497 2304 suis,
2534 2257 2661 2294 cum
2705 2241 2875 2296 fuerit
2903 2243 3059 2298 enim
3091 2244 3317 2299 deditus
3347 2247 3603 2316 philoso-

1910 2329 2081 2401 phias,
2118 2347 2246 2401 quae
2275 2330 2444 2400 jussit
2476 2332 2590 2384 Deo
2621 2346 2753 2384 eum
2783 2337 2838 2385 et
2873 2349 2986 2386 non
3019 2333 3124 2386 diis
3157 2335 3387 2402 servire,
3413 2337 3606 2390 verisi-

1915 2418 2050 2472 mile
2078 2435 2194 2472 non
2233 2436 2372 2483 esse,
2412 2425 2475 2473 ut
2505 2436 2562 2473 se
2597 2419 2857 2491 pessimis
2888 2421 3182 2491 spiritibus
3208 2423 3480 2493 jungeret
3506 2429 3603 2477 aut

1911 2524 2115 2562 eorum
2143 2509 2461 2564 ministerio
2487 2515 2760 2564 uteretur.
2787 2511 2998 2565 Deinde
3026 2511 3314 2583 indipsnm
3349 2515 3608 2584 coarguit

1909 2613 1977 2652 ex
2007 2598 2283 2652 modestia
2337 2600 2540 2653 domus
2571 2616 2686 2653 suae
2719 2606 2773 2653 et
2806 2601 3088 2671 probitate
3129 2603 3443 2658 amicorum
3476 2620 3603 2658 suo-

1913 2702 2064 2751 rum,
2116 2691 2172 2740 et
2217 2687 2493 2742 affinitate
2539 2689 2912 2758 Symmachi:
2957 2690 3117 2760 cujus
3157 2691 3333 2745 tiliam
3367 2708 3606 2746 uxorem

1909 2774 2014 2828 sibi
2054 2776 2324 2842 habebat,
2366 2777 2465 2847 qui
2510 2793 2624 2831 non
2665 2776 3006 2846 potuissent,
3050 2779 3095 2831 si
3123 2784 3240 2833 tam
3273 2780 3602 2835 facinorosae

1907 2863 2035 2918 vita
2064 2864 2284 2928 fuisset,
2315 2881 2506 2919 secum
2539 2865 2858 2919 convenire.
2884 2871 3190 2921 .\GRlCOLA.

1980 2953 2370 3024 Commistione]
2409 2954 2745 3008 Commistio
2782 2970 2806 3008 s
2833 2955 3041 3024 littera,
3077 2973 3192 3010 non
3228 2974 3268 3011 ac
3300 2958 3604 3014 dicendum

1944 3046 2014 3096 st.
2048 3042 2102 3096 Si
2151 3041 2306 3095 enim
2352 3042 2539 3097 mixeo
2572 3042 2632 3097 in
2669 3043 2973 3098 indicativo
3000 3044 3253 3110 haberet,
3304 3064 3599 3117 possemus

1906 3131 2150 3185 mixtum
2175 3131 2391 3186 dicere:
2414 3147 2567 3186 nunc
2589 3149 2618 3186 a
2633 3131 2862 3201 misceo,
2883 3135 3172 3204 quomodo
3188 3136 3288 3191 tiet
3308 3137 3550 3191 mixtum
3571 3139 3597 3192 ?

1904 3222 2208 3274 AGRICOLA.

1975 3310 2288 3378 Fuscarent]
2344 3310 2551 3364 Fuscus
2587 3310 2742 3364 color
2783 3315 2887 3377 est,
2913 3311 3118 3384 {qualis
3166 3315 3501 3386 corporibus
3535 3331 3599 3368 ex

1905 3401 2025 3456 solo
2055 3401 2330 3472 prevenit.
2365 3401 2560 3472 Virgil.
2603 3401 2663 3455 in
2706 3404 2922 3457 Bucol.:

2215 3507 2352 3565 Quid
2385 3511 2497 3557 tum
2523 3509 2566 3556 si
2599 3508 2778 3557 fuscus
2807 3509 3102 3573 Amyntas?

1905 3605 2136 3662 Ovidius
2167 3606 2228 3660 in
2261 3607 2506 3662 secundo
2538 3607 2606 3662 de
2636 3611 2771 3663 Arte
2805 3626 2817 3663 :

2216 3714 2509 3762 Fuscentur
2537 3728 2758 3776 corpora
2783 3729 2991 3778 campo.

1902 3813 2058 3877 Ater,
2092 3812 2250 3865 color
2289 3816 2372 3866 est
2410 3812 2720 3866 carbonum
2755 3817 2810 3867 et
2841 3813 3081 3868 vestium
3112 3831 3124 3868 :
3180 3816 3327 3870 unde
3358 3820 3413 3870 et
3444 3820 3600 3872 atra—

1903 3905 2161 3954 mentum
2199 3899 2459 3967 dicimus,
2494 3905 2549 3954 et
2569 3906 2779 3954 atratos
2811 3919 2906 3956 eos
2938 3903 3035 3973 qui
3057 3904 3241 3959 luctus
3272 3921 3439 3959 causa
3474 3925 3594 3960 mu-

1900 3993 2184 4044 taverunt.
2229 3991 2398 4059 Niger
2430 3994 2513 4044 est
2553 3989 2826 4044 obscurus
2849 3991 2944 4045 ille
2978 4009 3045 4045 ex
3083 3993 3256 4047 rubro
3285 3996 3371 4048 vel
3406 3997 3594 4049 lucido

1901 4079 1969 4133 ad
2001 4083 2189 4133 atrum
2220 4079 2457 4132 tendens
2488 4094 2500 4130 :
2538 4079 2686 4132 unde
2709 4083 2762 4132 et
2793 4079 2960 4148 nigra
2987 4081 3132 4146 vina,
3166 4087 3220 4135 et
3252 4084 3594 4152 sanguinem

1900 4167 2132 4237 nigrum
2161 4167 2425 4221 dicimus.
2452 4165 2719 4236 Virgilius
2744 4166 3071 4236 nigrantem
3094 4169 3354 4223 nimbum
3377 4171 3515 4224 dixit
3536 4172 3596 4224 in

1900 4273 1918 4310 ι
1968 4255 2180 4311 Ᾱίηθίᾱ.
2214 4255 2676 4310 Confundumtur
2709 4261 2902 4310 tamen
2942 4257 3051 4311 ista
3079 4274 3231 4328 saepe
3262 4259 3331 4312 ab
3355 4259 3596 4314 auctori-

1833 4368 1874 4421 ι)
1905 4345 2029 4401 bus.
2063 4348 2358 4401 AGRICOLA.

1970 4433 2286 4507 Sacrilegio]
2338 4433 2713 4504 Sacrilegium
2763 4435 2976 4489 dictum
3008 4439 3090 4490 est
3130 4454 3163 4490 a
3192 4436 3450 4507 legendis
3485 4439 3594 4493 hoc

1900 4527 2002 4591 est,
2039 4523 2292 4578 furandis
2325 4523 2498 4577 sacris
2533 4541 2545 4578 :
2581 4524 2785 4578 deinde
2819 4529 2872 4578 et
2901 4541 3004 4595 pro
3051 4525 3104 4578 vi
3138 4542 3263 4595 quae
3297 4525 3469 4580 sacris
3499 4527 3593 4580 in-

1896 4612 2093 4680 fertur,
2141 4612 2431 4684 accipitur.
2491 4613 2646 4667 Unde
2700 4614 2910 4667 Seneca
2956 4613 3025 4666 ad
3073 4613 3351 4668 Serenum
3388 4615 3529 4669 dixit
3582 4634 3592 4671 :

1897 4703 2047 4758 Nihil
2079 4702 2139 4756 in
2190 4719 2384 4757 rerum
2411 4707 2616 4756 natura
2655 4707 2770 4756 tam
2794 4718 3015 4755 sacrum
3047 4707 3131 4756 est
3157 4703 3310 4774 quod
3363 4705 3594 4760 sacrile-

1897 4808 2034 4862 gum
2068 4808 2184 4844 non
2214 4791 2486 4845 inveniat.
2525 4791 2738 4844 Deinde
2783 4790 3010 4844 Boetius
3041 4791 3112 4844 ad
3139 4809 3375 4847 omnem
3405 4811 3594 4849 sacro-

1895 4897 2024 4934 rum
2092 4880 2547 4951 profanationem
2592 4880 2886 4933 traducere
2928 4878 3039 4933 hoc
3088 4897 3300 4936 nomen
3345 4883 3589 4939 videtur.

1894 4970 2035 5022 Nam
2079 4985 2278 5023 omnes
2329 4968 2762 5030 incantationes,
2827 4971 2882 5023 et
2941 4970 3086 5023 ritus
3144 4969 3591 5028 invocandorum

1895 5057 2202 5128 spirituum
2217 5075 2375 5112 sacra
2389 5058 2752 5112 vocabantur.
2773 5058 2995 5114 Boetius
3009 5074 3138 5113 cum
3154 5060 3223 5114 ab
3235 5061 3344 5115 hoc
3358 5063 3590 5116 nomine

1894 5147 2184 5214 abhorret,
2227 5146 2432 5201 maluit
2473 5147 2835 5217 sacrilegium
2879 5163 3078 5202 vocare
3118 5165 3131 5203 :
3186 5167 3252 5203 ea
3291 5155 3375 5204 est
3419 5168 3588 5221 quam

1893 5236 2123 5308 proprie
2139 5237 2389 5308 magiam
2415 5252 2703 5303 vocamus,
2727 5253 2852 5307 quze
2871 5243 2974 5304 est,
2992 5255 3105 5309 qua
3137 5239 3401 5293 homines
3422 5239 3585 5302 mira,

1894 5329 1950 5379 et
1979 5342 2210 5380 omnem
2253 5326 2514 5381 ordinem
2557 5331 2654 5380 aut
2687 5325 2802 5380 vim
2834 5332 3053 5381 naturae
3087 5327 3422 5382 excedentia
3464 5327 3585 5380 elli-

1892 5416 2069 5480 eiunt,
2102 5415 2207 5469 hoc
2232 5420 2330 5482 est,
2368 5431 2541 5486 qnam
2572 5414 2787 5470 indocti
2836 5417 3290 5487 nigromantiam
3325 5421 3528 5468 vocant
3564 5432 3575 5468 :

1894 5521 2026 5558 nam
2072 5505 2260 5559 Graece
2310 5507 2664 5578 νεκρομαντία,
2718 5506 2804 5560 vel
2852 5506 3214 5560 communius
3253 5510 3586 5578 νεκρομαντέιχ

1891 5593 2099 5648 dicitur
2131 5610 2144 5648 :
2180 5610 2307 5665 quae
2339 5595 2524 5650 solum
2554 5594 2968 5650 divinationem
2995 5592 3237 5648 faciebat
3265 5609 3334 5648 ex
3365 5593 3586 5648 anima-
