4054 6184
463 286 558 338 931
1209 278 1553 331 APPENDIX
1596 278 1688 330 AD
1731 275 1974 331 LIBROS
2019 277 2106 329 DE
2145 275 2663 331 CONSOIATIONE
2701 273 3213 329 PIIILOSOPIIUE.
3819 281 3902 331 93?

460 411 568 465 bus
595 407 993 463 defunctorum
1034 420 1138 476 per
1173 402 1592 458 incantationes
1630 401 1967 455 invocantis.
2001 404 2161 456 Acai-
2195 403 2241 455 A
2273 401 2464 470 habet)
2487 401 2846 470 dignitatem.
2867 399 3166 453 Fuitenim
3189 400 3907 470 magnadignitashonestas-

481 516 622 554 ZOLA.

481 541 490 552 ,
549 516 622 554 Α.

461 516 806 656 (oPolluisseJ
838 584 1039 638 Polluo
1068 599 1097 635 a
1139 598 1308 653 porro
1331 587 1387 635 et
1441 583 1559 648 luo,
1594 580 1650 634 id
1686 584 1768 634 est
1788 597 2022 652 prorsus
2054 582 2149 635 luo

460 677 687 741 dicitur,
721 676 777 729 id
809 679 891 728 est
931 672 1179 728 maculo.
1220 674 1517 726 Acmcom.

530 764 730 836 Insita]
761 765 821 818 Id
862 762 1146 816 estindita
1175 762 1244 815 al)
1273 761 1480 814 insero.
1515 760 1812 813 AGRICOLA.

532 854 868 922 Iusti/tubas]
891 853 1048 908 Stilla
1082 856 1303 921 guttam
1335 849 1618 920 significat
1649 867 1660 903 :
1689 849 1838 902 unde
1863 852 1919 902 et
1939 845 2151 901 stillici-

457 946 788 1000 diumlocus
819 943 876 996 in
901 958 1070 1013 quem
1106 946 1282 1010 gutta:
1306 940 1513 1011 pluviae
1547 939 1614 994 de
1646 938 1806 992 tectis
1856 937 2146 992 decidunt.

457 1035 592 1089 lude
623 1032 857 1086 instillo.
901 1035 1193 1085 AGRICOLA.

525 1121 966 1192 Pythagoricum]
1009 1120 1356 1190 Pythagoras
1383 1119 1462 1184 {ex
1500 1118 1668 1172 Samo
1721 1117 1910 1170 insula
1951 1115 2148 1170 oriun-

454 1214 557 1269 dus
588 1213 712 1278 fuit,
741 1216 995 1264 versatus
1027 1214 1110 1262 est
1140 1208 1197 1262 in
1219 1208 1478 1262 ealtalize
1507 1212 1666 1278 parte
1697 1223 1825 1277 quae
1851 1206 2146 1276 quondam

455 1318 664 1373 magna
705 1299 917 1355 Graecia
960 1299 1107 1352 dicta
1156 1297 1284 1360 fuit,
1325 1296 1470 1350 circa
1498 1298 1808 1350 Tarentum
1845 1300 1900 1348 et
1949 1297 2151 1350 Croto-

453 1409 621 1448 nam:
659 1406 904 1460 cumque
933 1389 1388 1458 interrogaretur
1411 1403 1480 1440 an
1517 1392 1691 1457 σοφός,
1728 1386 1783 1439 id
1813 1389 1896 1439 est
1919 1385 2145 1454 sapiens

455 1488 620 1547 esset,
655 1478 947 1550 respondit
979 1494 1115 1543 non,
1150 1477 1247 1530 sed
1282 1475 1580 1547 φιλόσοφθς,
1613 1475 1667 1528 id
1703 1479 1785 1528 est
1815 1478 2037 1528 amator
2070 1491 2151 1527 sa-

454 1571 686 1641 pientiae
721 1586 733 1623 :
783 1573 838 1622 et
882 1583 1010 1620 cum
1052 1571 1182 1620 ante
1227 1581 1358 1618 eum
1403 1565 1504 1635 qui
1535 1563 1848 1633 'insigniori
1889 1563 2150 1616 doctrina

454 1658 683 1730 praediti
723 1660 928 1724 essent,
961 1654 1245 1724 sapientes
1283 1657 1642 1718 vocarentur,
1677 1656 1873 1722 postea
1896 1651 2146 1722 philoso-

453 1749 556 1819 phi
585 1746 752 1816 empti
780 1751 912 1798 sunt
942 1743 1149 1809 vocari,
1191 1748 1246 1796 et
1277 1759 1306 1796 a
1340 1743 1662 1812 Pythagora
1699 1745 1849 1795 secta
1888 1758 1953 1794 ea
1983 1741 2152 1795 ducta

457 1841 565 1903 est,
607 1851 779 1906 quam
827 1832 1253 1904 philosophiam
1303 1832 1555 1886 Italicam
1589 1835 1952 1885 vocaverunt.
1982 1833 2149 1885 Aeru-

457 1941 611 1980 COLA.

527 2022 658 2084 Θεῷ,
694 2012 801 2063 ἀλλ’
827 2010 884 2062 οὒ
924 2009 1072 2082 θεοῖς]
1112 2010 1173 2064 Id
1217 2014 1304 2064 est
1325 2010 1439 2064 Deo
1467 2014 1662 2064 etnon
1694 2009 1819 2064 diis.
1852 2012 2148 2064 Acmcona.

526 2103 936 2170 Convenicbant]
970 2100 1284 2154 Convenire
1313 2099 1523 2154 dicitur
1552 2100 1643 2154 hic
1674 2104 1872 2171 aptum
1906 2117 2025 2155 esse
2059 2099 2148 2154 vel

455 2194 946 2250 accommodatum
974 2207 986 2245 :
1015 2190 1323 2262 aliquando
1355 2189 1676 2245 consentire
1705 2189 2004 2261 signiﬁcat.
2041 2191 2151 2245 Ho-

454 2289 589 2341 rat.:

701 2371 766 2420 Et
793 2371 914 2419 vitae
946 2368 1280 2418 disconvenit
1309 2367 1493 2417 ordine
1519 2371 1648 2425 toto,

458 2472 516 2526 id
545 2474 630 2525 est
659 2468 962 2523 discordat.
1009 2467 1169 2522 Ovid.
1195 2467 1253 2520 in
1286 2467 1393 2521 Ide
1416 2469 1548 2520 Arte
1581 2483 1594 2521 :

581 2577 873 2626 Conveniat
902 2575 1073 2634 nobis,
1102 2588 1167 2622 ne
1198 2588 1355 2637 quam
1397 2587 1495 2622 nos
1521 2579 1642 2623 ante
1667 2587 1932 2637 rogemus.

459 2677 618 2732 Unde
639 2676 900 2740 dicimus,
928 2673 1383 2729 Convenitnobis
1404 2674 1472 2727 de
1504 2674 1609 2728 hac
1628 2690 1707 2740 re,
1730 2678 1804 2740 et,
1841 2675 2155 2729 Convenie-

456 2783 585 2821 mus
615 2767 684 2821 de
714 2765 818 2819 hac
841 2781 922 2819 re.
948 2765 1129 2818 Etiam
1149 2763 1431 2834 signiﬁcat
1448 2763 1803 2834 congregari,
1828 2764 1997 2835 idque
2021 2781 2152 2834 pro-

454 2858 647 2927 prium
691 2859 775 2910 est
822 2855 944 2925 ejus
987 2853 1392 2924 signiﬁcatum.
1438 2853 1740 2907 Sallustius
1783 2870 1795 2906 :
1843 2855 2150 2924 Postquam

458 2946 695 3002 Catilina
724 2962 818 3000 eos
849 2960 993 3015 quos
1019 2947 1442 3010 convocaverat,
1478 2943 1808 2996 convenisse
1841 2943 2011 2997 videt.
2055 2946 2148 2996 l)i-

455 3039 604 3091 citur
631 3035 826 3098 etiam,
857 3033 1098 3088 conveni
1142 3032 1265 3086 illm
1298 3031 1450 3102 apud
1483 3031 1691 3098 forum,
1726 3031 1784 3086 id
1828 3036 1913 3086 est
1943 3033 2148 3086 allocu-

459 3131 551 3180 tus
581 3141 729 3178 sum.
753 3127 1057 3178 AGRICOLA.

525 3212 787 3285 Peuctral]
825 3213 1069 3266 Interior
1112 3229 1245 3281 pars
1277 3212 1483 3265 domus
1531 3211 1740 3266 dicitur
1778 3227 1810 3266 a
1837 3216 2149 3282 penetran-

455 3305 546 3360 do.
579 3304 774 3373 Virgil.
798 3302 854 3355 in
887 3320 921 3356 ιι
962 3302 1203 3356 ΑΞιιθὶἀλ

581 3393 845 3455 Appareut
867 3391 1056 3440 Priami
1087 3394 1137 3438 et
1156 3392 1392 3437 veterum
1417 3389 1705 3451 penetralia
1723 3403 1903 3451 regum

531 3472 954 3541 Commodeque
969 3470 1110 3524 dixit
1126 3470 1352 3522 Boetius
1367 3472 1623 3539 penetral
1639 3471 1910 3524 innocens
1925 3472 2150 3538 domus,

457 3562 731 3634 quoniam
759 3561 943 3613 solent
983 3558 1211 3612 recondi
1242 3559 1475 3624 scelera,
1509 3564 1566 3612 et
1596 3559 1666 3613 ab
1696 3559 1997 3616 hominum
2023 3577 2154 3616 con-

461 3656 658 3722 spectu
681 3650 975 3703 removeri.
1012 3651 1307 3701 AGRICOLA.

529 3739 721 3806 Coetus]
770 3740 816 3790 Α
844 3737 1122 3803 coeundo,
1158 3736 1214 3790 id
1264 3740 1348 3790 est
1394 3736 1784 3793 conveniendo
1833 3738 2017 3793 dictus
2049 3745 2148 3794 est.

456 3831 533 3882 At;
545 3843 750 3881 arcem.

528 3914 698 3987 Socer]
747 3917 840 3969 Est
878 3915 1073 3969 uxoris
1115 3915 1202 3968 vel
1250 3915 1441 3968 mariti
1487 3919 1664 3985 pater,
1704 3916 1902 3970 itidem
1942 3922 2007 3971 ut
2054 3936 2148 3972 so-

457 4021 586 4059 crus
612 4010 816 4073 mater,
863 4003 960 4075 qui
988 4004 1164 4058 tiliam
1200 4008 1357 4058 tuam
1404 4004 1465 4058 in
1496 4005 1926 4060 matrimonium
1958 4007 2149 4076 habet,

456 4110 652 4165 gener,
697 4109 824 4164 qum
858 4093 1039 4146 tilium
1075 4097 1260 4160 tuum,
1285 4109 1463 4147 nurus
1495 4100 1746 4148 vocatur.
1781 4098 2076 4151 AGRICOLA.

524 4185 760 4252 Afﬁncs]
817 4184 931 4236 Hoc
965 4182 1104 4237 dixit
1134 4183 1453 4253 impropria
1475 4183 1914 4253 significatione,
1965 4186 2023 4240 id
2071 4191 2155 4241 est

457 4273 763 4343 conjuncti.
799 4273 941 4326 Nam
977 4272 1390 4326 consuetudine
1416 4273 1688 4343 accipitur
1710 4274 1896 4327 affinis
1923 4291 2025 4345 pro
2060 4293 2149 4342 eo,
2191 4313 2234 4366 Β

455 4361 552 4432 qui
584 4379 700 4416 non
735 4367 819 4416 est
849 4365 1122 4432 cognatus
1144 4361 1330 4428 nobis,
1363 4361 1463 4416 sed
1492 4362 1754 4432 cognatis
1785 4362 1998 4418 nostris
2030 4381 2146 4419 ma-

454 4452 726 4506 trimonio
750 4452 1003 4522 junctus.
1032 4453 1326 4505 Acmcom.

525 4539 789 4612 Instituti]
824 4542 884 4595 Id
930 4543 1015 4594 est
1057 4539 1382 4610 compositi,
1423 4539 1511 4594 vel
1559 4540 1877 4608 assuefacti,
1920 4542 2006 4595 vel
2037 4542 2149 4596 for-

459 4630 615 4683 mati.
655 4629 894 4693 Quintil.
950 4629 1010 4682 in
1057 4640 1076 4681 1
1119 4628 1343 4682 lnstitu.
1383 4645 1394 4682 :
1454 4630 1598 4683 Ante
1644 4629 1898 4699 palatum
1955 4647 2148 4685 eorum

458 4735 630 4789 quam
665 4735 854 4772 mores
893 4717 1268 4771 instituimus.
1322 4717 1642 4788 Aliquando
1676 4719 1879 4774 docere
1929 4718 2150 4790 signiti-

457 4812 543 4862 cat
577 4807 891 4860 instituere.
930 4807 1188 4860 Juvenal.
1221 4823 1234 4860 :

581 4896 916 4957 lnstituitque
946 4896 1103 4945 rudes
1133 4895 1320 4944 melior
1345 4895 1550 4945 locusta
1580 4897 1922 4960 propinquas.

528 4975 818 5044 Accipitur
835 4975 1009 5029 etiam
1033 4993 1137 5046 pro
1160 4993 1224 5030 eo
1251 4975 1400 5047 quod
1422 4981 1505 5030 est
1525 4993 1845 5047 proponere
1879 4978 1964 5031 vel
1982 4978 2147 5046 velle,

458 5069 521 5118 ut
551 5065 726 5118 Cicer.
764 5063 822 5118 in
846 5080 907 5117 ιιι
935 5064 1002 5118 de
1025 5065 1174 5119 Orat.
1215 5080 1228 5117 :
1263 5065 1588 5118 Instituenti
1616 5064 1778 5134 mihi,
1803 5065 2010 5129 Quinte
2042 5065 2150 5120 fra-

454 5158 560 5221 ter,
597 5154 653 5207 id
688 5158 771 5207 est
800 5153 1014 5208 volenti
1043 5154 1127 5207 vel
1160 5153 1402 5224 paranti.
1440 5157 1734 5208 Aomcom.

528 5240 830 5313 Laccreris]
867 5241 1130 5311 Figurate
1161 5256 1264 5309 per
1302 5241 1735 5295 translationem
1778 5241 1993 5297 dictum
2044 5245 2147 5312 est,

459 5329 512 5383 id
542 5337 626 5383 est
664 5331 935 5401 carparis,
972 5328 1428 5398 reprehenderis.
1463 5334 1760 5386 AGRICOLA.

531 5420 695 5488 Cujus
722 5417 1343 5487 dignitatemjj'l‘ametsi
1386 5420 1719 5491 Rodolphus
1767 5420 2031 5491 Agricola
2059 5420 2150 5491 ju-

461 5506 608 5559 dicio
641 5508 724 5561 vir
744 5506 1002 5578 alioquin
1027 5505 1325 5573 acerrimo,
1347 5507 1536 5578 legere
1566 5509 1824 5564 videatur
1846 5509 2150 5581 indignita-

461 5597 598 5663 tem,
633 5595 830 5651 malim
862 5601 1053 5653 tamen
1092 5595 1282 5667 legere
1321 5594 1488 5666 (sicut
1534 5601 1590 5654 et
1639 5598 1759 5655 fere
1800 5598 2150 5672 exemplaria

2259 507 2370 562 que
2416 490 2538 560 ejus
2570 493 2778 555 reatus,
2820 505 2933 560 quo
2967 488 3193 542 Boetius
3241 493 3531 542 accusatus
3576 494 3654 543 est
3684 492 3832 546 studii
3860 494 3905 547 in

2259 584 2516 634 senatum
2542 578 2951 650 propensioris,
2971 594 3171 632 verum
3185 594 3312 632 eam
3332 578 3472 632 falso
3490 579 3684 649 magia:
3699 581 3905 635 crimine

2258 671 2476 724 fuscare
2495 669 2909 739 denigrareque
2925 668 3205 722 delatores
3220 669 3406 722 conati
3421 673 3568 722 sunt.
3596 671 3738 722 lianc
3757 670 3907 724 lectio-

2259 775 2392 813 nem
2445 762 2653 828 prmter
2705 757 3120 828 exemplarium
3169 758 3340 812 fidem
3389 762 3649 812 astruunt
3701 775 3763 813 ea
3805 777 3905 830 quae

2259 847 2518 918 proxima
2554 863 2721 918 prosa
2773 847 3169 918 subjiciuntur.
3210 848 3286 901 De
3333 847 3683 917 objectorum
3715 849 3905 919 quidem

2257 935 2362 990 tibi
2420 936 2504 988 vel
2557 935 2850 990 honestate
2890 934 2976 989 vel
3018 935 3262 990 falsitate
3311 936 3530 990 cunctis
3579 941 3709 990 nota
3731 953 3906 991 memo-

2259 1025 2415 1079 rasti.

2329 1132 2616 1202 Ἕπουθεῴ]
2643 1133 2892 1204 Sequere
2905 1133 3084 1187 Deum
3101 1133 3342 1203 :legitur
3358 1137 3553 1188 autem
3572 1133 3678 1186 hoc
3698 1134 3906 1188 Grmcum

2257 1221 2318 1276 in
2349 1222 2657 1291 exemplari
2687 1223 2838 1293 quod
2874 1223 3015 1276 mihi
3048 1223 3426 1277 commodavit
3475 1223 3764 1288 Caesarius,
3790 1226 3833 1276 et
3862 1224 3904 1277 in

2259 1311 2496 1381 epistola
2526 1312 2757 1364 Joannis
2788 1311 3068 1365 .il'ldicollii
3097 1312 3176 1366 ’ad
3212 1329 3300 1365 me
3331 1313 3480 1365 data.
3527 1311 3765 1365 [labetur
3790 1313 3904 1365 idem

2257 1399 2317 1452 in
2349 1417 2385 1452 ιι
2420 1400 2673 1454 Chiliade
2705 1401 3140 1455 Proverhiorum
3181 1402 3418 1468 Erasmi,
3455 1411 3510 1456 et
3545 1401 3692 1471 apud
3721 1401 3905 1454 Politia-

2259 1502 2396 1540 num
2441 1487 2502 1540 in
2544 1489 2911 1543 Prmlectione
2961 1490 3281 1545 Homerica.
3331 1490 3600 1545 Refertur
3642 1494 3812 1544 autem
3852 1490 3900 1542 ad

2258 1576 2656 1648 Pythagoram,
2714 1578 2813 1649 qui
2845 1579 3088 1632 Marsilio
3123 1581 3457 1649 interprete,
3495 1579 3572 1632 sic
3609 1579 3682 1632 ait
3709 1579 3762 1631 in
3789 1595 3902 1648 sym-

2259 1666 2404 1720 bolis
2450 1683 2462 1722 :
2519 1669 2798 1735 Linguam
2865 1668 3150 1738 imprimis
3221 1685 3440 1734 coerce,
3473 1669 3652 1722 Deum
3697 1666 3899 1721 imitans.

2261 1758 2436 1810 Porro
2468 1757 2800 1827 Rodolphus
2820 1757 3080 1826 Agricola
3117 1759 3340 1812 videtur
3361 1759 3485 1812 haec
3511 1759 3698 1812 Graeca
3717 1773 3902 1827 ponere.

2261 1853 2374 1917 Θεῳ
2407 1844 2516 1897 ἀλλ’
2546 1848 2603 1897 οὕ
2649 1849 2801 1912 θεοῖς,
2850 1847 2902 1900 id
2935 1851 3037 1914 est,
3084 1848 3218 1915 Deo,
3252 1852 3308 1902 et
3352 1863 3472 1902 non
3523 1847 3631 1902 diis
3672 1846 3905 1915 (subaudi,l

2262 1935 2474 1990 servias
2508 1952 2607 1990 seu
2639 1936 3024 1991 serviendum.

2334 2045 2669 2101 Consimilem
2718 2047 2821 2099 Deo
2866 2044 3092 2114 faceres]
3122 2044 3336 2100 Seneca
3368 2045 3427 2099 in
3475 2043 3709 2115 epistola
3739 2043 3798 2097 ad
3827 2043 3907 2096 Lu-

2260 2134 2454 2189 cilium
2485 2137 2551 2189 48
2583 2151 2595 2190 :
2630 2135 2745 2188 Hoc
2775 2133 2928 2188 enim
2960 2140 3044 2188 est
3075 2134 3230 2205 quod
3262 2134 3406 2189 mihi
3430 2133 3784 2206 philosophia
3811 2149 3906 2203 pro-

2261 2225 2460 2291 mittit,
2488 2229 2554 2279 ut
2579 2240 2778 2296 parem
2811 2225 2926 2278 Deo
2958 2225 3142 2279 faciat.

2337 2335 2486 2388 Ultro
2517 2335 2776 2403 Insuper.

2331 2423 2406 2476 At
2434 2438 2556 2477 vero
2600 2423 2694 2476 hoc
2736 2420 2918 2494 etiam]
2955 2421 3217 2476 Ostendit
3242 2437 3394 2475 nunc
3422 2421 3769 2493 asperitatem
3796 2419 3903 2473 cala-

2262 2512 2476 2566 mitatis
2502 2529 2620 2566 suae
2641 2529 2707 2565 ex
2733 2529 2799 2566 eo
2823 2513 2974 2583 quod
2995 2512 3255 2582 sequitur
3277 2509 3662 2566 communiter
3683 2512 3735 2564 in
3752 2525 3904 2563 omnes

2262 2602 2461 2656 bonos.
2517 2602 2664 2656 Dicit
2723 2602 2916 2672 itaque
2963 2617 3077 2655 non
3110 2603 3293 2655 solum
3343 2602 3649 2673 indignum
3691 2617 3795 2655 esse
3819 2600 3904 2652 lia-c

2264 2692 2476 2756 omnia,
2511 2708 2640 2762 quae
2672 2692 3009 2760 gravissima
3029 2692 3406 2760 enumeravit,
3433 2709 3493 2746 se
3518 2691 3812 2762 pertulisse,
3835 2688 3904 2740 sed

2263 2780 2371 2833 hoc
2417 2781 2587 2834 etiam
2637 2781 2822 2835 adhuc
2869 2785 3080 2834 restare
3122 2781 3288 2834 malis
3319 2781 3461 2848 suis,
3513 2785 3574 2834 ut
3612 2781 3709 2833 ista
3751 2777 3904 2832 merito

2263 2869 2380 2938 pati
2430 2869 2713 2938 videatur,
2753 2875 2808 2924 et
2863 2875 3172 2941 postquam
3223 2871 3418 2924 omnia
3467 2870 3728 2940 perdidit,
3772 2868 3900 2922 etiam

2263 2958 2620 3012 honestatem
2641 2959 3076 3013 existimationis
3099 2963 3154 3012 et
3174 2959 3337 3013 fama:
3365 2959 3536 3012 bonze
3569 2959 3787 3012 amittat.
3809 2955 3901 3005 Vul-

2262 3064 2368 3119 gus
2399 3048 2552 3102 enim
2593 3049 2925 3120 imperitum
2974 3065 3041 3103 ea
3081 3050 3265 3104 solum
3301 3049 3506 3116 credit,
3545 3052 3601 3103 et
3644 3047 3898 3119 prudenter

2261 3137 2408 3192 facta
2436 3154 2577 3204 esse,
2616 3155 2744 3209 qua:
2789 3155 3064 3209 prospere
3107 3144 3166 3194 et
3194 3139 3438 3193 feliciter
3479 3138 3759 3201 eveniunt;
3786 3149 3897 3188 nunc

2261 3244 2399 3299 ergo
2431 3229 2564 3298 quia
2603 3227 2711 3281 sibi
2751 3245 2840 3282 res
2891 3244 3088 3282 omnes
3137 3228 3389 3282 adversa:
3425 3227 3725 3282 infeliciter
3766 3238 3898 3278 cesse-

2259 3321 2413 3384 ruut,
2448 3316 2711 3370 credetur
2733 3317 2939 3387 dignus
2968 3317 3052 3370 his
3085 3333 3222 3385 esse,
3258 3321 3313 3370 et
3353 3317 3466 3370 ista
3502 3317 3774 3372 meruisse.
3803 3313 3899 3364 Pes-

2260 3405 2362 3475 ibi,
2399 3406 2598 3461 Videor
2629 3411 2806 3459 autem
2854 3406 3035 3460 videre
3065 3405 3218 3472 dicit,
3267 3406 3403 3476 quia
3430 3407 3605 3475 gnune
3633 3401 3897 3458 innocentia

2262 3499 2455 3549 nostra
2487 3495 2558 3548 ab
2581 3493 2858 3565 improbis
2887 3494 3037 3548 victa
3066 3499 3149 3548 est
3175 3499 3230 3547 et
3253 3510 3548 3564 Oppressa,
3574 3496 3801 3548 futurum
3826 3494 3897 3544 est.

2263 3590 2322 3638 ut
2353 3585 2612 3639 scelerati
2644 3601 2844 3638 omnes
2881 3585 3090 3655 quibus
3121 3599 3258 3654 ergo
3292 3584 3632 3639 resistebam
3675 3580 3896 3653 gaudeant

2262 3680 2318 3728 et
2351 3673 2564 3727 similes
2614 3674 3000 3728 accusationes
3030 3679 3227 3727 contra
3270 3673 3457 3728 bonos
3489 3678 3684 3744 parent
3710 3686 3816 3725 cum
3840 3669 3897 3718 vi-

2262 3763 2433 3818 deant
2462 3763 2699 3832 impune
2733 3763 2927 3816 omnia
2947 3780 3006 3817 se
3037 3763 3219 3817 facere
3245 3779 3448 3833 posse:
3489 3764 3663 3818 bonos
3683 3776 3794 3815 vero
3817 3771 3896 3810 non

2262 3867 2502 3906 ausuros
2525 3853 2636 3906 illis
2660 3853 2946 3918 resistere,
2973 3869 3102 3906 cum
3139 3870 3196 3906 se
3236 3853 3474 3907 videant
3507 3870 3618 3906 non
3650 3853 3804 3905 solum
3829 3861 3897 3916 pe-

2261 3941 2454 3995 riculis
2503 3943 2809 4013 expositos,
2845 3942 2942 3996 sed
2974 3941 3145 3996 etiam
3192 3942 3529 3996 defensione
3560 3942 3799 4014 privatos.
3823 3935 3896 3989 Ex-

2260 4031 2470 4086 clamat
2501 4048 2634 4102 ergo
2669 4048 2680 4086 :
2719 4033 2760 4086 0
2794 4031 3071 4097 stelliferi,
3101 4036 3204 4086 etc.
3238 4035 3538 4088 Acarcom.

2334 4137 2609 4206 Cumulus]
2637 4137 2694 4190 ld
2718 4141 2801 4190 est
2821 4137 3266 4208 explementum.
3309 4138 3551 4209 Proprie
3579 4136 3719 4191 enim
3742 4131 3898 4187 dicitur

2262 4226 2543 4291 cumulus,
2589 4241 2821 4280 acervus
2860 4242 3054 4281 rerum
3096 4231 3193 4281 aut
3231 4231 3413 4281 strues
3451 4227 3624 4282 simul
3664 4224 3895 4292 congesta-

2449 4317 2488 4369 A
2498 4331 2743 4369 GRICOLA.

2333 4403 2550 4470 Merita]
2577 4401 2635 4455 Id
2670 4407 2755 4456 est
2783 4402 2900 4457 vim
2929 4403 3018 4458 vel
3049 4403 3326 4474 pretium.
3362 4405 3654 4459 Acarcou.

2334 4489 2582 4562 Proviso]
2620 4491 2774 4546 Dixit
2803 4493 2968 4562 quasi
2999 4493 3366 4563 providenter
3395 4498 3452 4548 et
3484 4499 3630 4548 recte
3658 4491 3808 4546 facta:
3832 4500 3892 4536 se-

2261 4581 2511 4634 cundum
2540 4581 2909 4652 philosophos
2932 4583 3107 4650 enim,
3129 4583 3406 4654 quidquid
3435 4589 3582 4638 recte
3600 4583 3678 4647 tit,
3701 4576 3892 4651 pruden-

2261 4673 2347 4722 ter
2380 4670 2443 4724 tit
2477 4686 2489 4724 :
2521 4675 2730 4737 contra
2767 4671 2962 4740 etiam,
3011 4671 3295 4743 quidquid
3342 4674 3651 4744 prudenter
3686 4673 3741 4724 fit
3782 4667 3831 4720 lit
3853 4667 3890 4715 et

2259 4763 2432 4813 recte.
2473 4761 2770 4814 AGRICOLA.

2331 4868 2605 4937 Rumores]
2657 4869 2876 4922 Rumor
2927 4885 2961 4924 a
2999 4869 3220 4924 ruendo
3248 4870 3450 4938 dictus,
3500 4869 3656 4940 quasi
3684 4862 3890 4920 fremitus

2259 4957 2458 5026 populi
2496 4957 2696 5010 similis
2747 4975 2908 5025 sono,
2954 4975 3127 5030 quem
3171 4961 3340 5014 ruina
3384 4976 3575 5014 rerum
3614 4957 3746 5020 facit,
3775 4952 3885 5006 idem

2259 5045 2541 5114 signiticet
2571 5047 2724 5117 quod
2745 5047 2896 5101 fama
2929 5065 2942 5115 ;
2977 5048 3072 5102 sed
3101 5049 3253 5103 fama
3273 5050 3531 5104 Graecum
3558 5053 3654 5112 est,
3687 5046 3810 5098 fama
3829 5046 3887 5090 ta-

2258 5149 2388 5188 men
2420 5134 2518 5206 qui
2569 5153 2599 5190 a
2649 5141 2780 5209 φημὶ
2835 5138 3027 5192 Graeco
3078 5139 3253 5208 {quod
3304 5139 3454 5209 apud
3505 5154 3605 5191 nos
3651 5137 3731 5202 for
3775 5124 3885 5196 signi

2260 5222 2409 5294 ficat)
2463 5225 2725 5291 :dicitur,
2779 5227 2985 5281 certius
3043 5227 3259 5298 aliquid
3302 5231 3357 5281 et
3400 5226 3732 5281 constantius
3773 5212 3887 5285 loqui

2261 5312 2544 5384 significat
2567 5331 2579 5368 :
2613 5330 2810 5368 rumor
2840 5315 3114 5370 incertius
3137 5315 3413 5388 quiddam
3434 5316 3615 5371 habet.
3637 5317 3878 5368 Aeaicou.

2331 5419 2666 5492 Afﬁngitur]
2711 5421 2823 5476 Alii
2876 5424 3129 5495 affigitur
3159 5426 3379 5494 legunt.
3423 5423 3570 5496 quod
3607 5417 3884 5476 translatum

2259 5509 2490 5583 quidem
2517 5514 2619 5574 est,
2653 5511 2754 5566 sed
2783 5516 2973 5567 tamen
3000 5513 3209 5584 aptius.
3243 5515 3529 5570 Acaicou.

2327 5598 2636 5672 Pcrferunt]
2673 5601 2960 5657 Iuvenalis
2992 5618 3006 5657 :
