4054 6184
193 291 297 344 933

995 431 1228 496 Lateque
1249 438 1525 485 sonantem

317 491 541 540 Pertulit
569 492 778 540 Ionium
811 507 822 540 :

189 572 241 624 id
288 576 376 625 est
428 590 698 644 perpessa
749 578 848 628 est.
897 574 1222 646 Aliquando
1268 582 1594 649 apportare,
1640 584 1703 634 ut
1739 582 1889 651 apud

188 663 525 717 Ciceronem
559 679 570 717 :
630 662 870 718 Litteras
919 664 988 720 ad
1017 669 1070 720 te
1103 667 1473 737 perferendas
1506 669 1657 724 dedi.
1713 672 1890 725 Acm-

191 767 345 805 COLA.

256 840 544 910 Ofﬁcinas)
577 841 836 910 Ofﬁcina,
870 844 940 898 ab
963 843 1148 899 ofﬁcio
1181 845 1349 914 dicta,
1376 852 1461 901 est
1495 848 1652 902 locus
1686 850 1746 904 in
1771 866 1886 921 quo

185 930 422 998 opiﬁces
449 931 654 998 ofﬁcia,
688 933 796 987 hoc
828 938 910 988 est
940 940 1086 988 artes
1118 951 1245 989 suas
1275 943 1558 992 exercent.
1595 941 1888 994 Acmcom.

255 1021 581 1091 Pluitantes]
624 1022 684 1076 Id
715 1027 798 1077 est
828 1039 951 1077 sese
992 1024 1277 1095 agitantes
1298 1028 1386 1080 vel
1422 1028 1768 1098 trepidantes
1799 1031 1889 1084 vel

183 1109 520 1180 gestientes.
568 1111 658 1166 Sic
711 1112 863 1166 enim
911 1114 1106 1168 Cicero
1154 1115 1544 1172 inconsultum
1589 1120 1883 1188 gaudium,

184 1200 448 1254 laetitiam
483 1201 820 1270 gestientem
844 1208 1022 1271 vocat,
1059 1204 1113 1258 id
1146 1210 1229 1258 est
1260 1207 1456 1260 crebro
1473 1225 1530 1261 se
1563 1213 1886 1264 moventem

183 1293 235 1344 et
265 1289 678 1359 trepidantem,
712 1291 874 1346 sicuti
907 1309 1030 1346 mos
1049 1297 1132 1347 est
1159 1279 1322 1349 laetis.
1349 1299 1653 1352 Acmcom.

250 1380 718 1452 Perditissimum]
754 1381 963 1436 Perditi
1001 1384 1272 1438 dicuntur
1302 1386 1402 1455 qui
1429 1403 1544 1439 non
1574 1387 1888 1441 mediocri—

178 1473 269 1521 ter
298 1472 402 1521 aut
441 1468 815 1524 tolerabiliter
845 1476 976 1524 sunt
1007 1472 1164 1541 mali,
1205 1478 1260 1527 et
1288 1474 1355 1528 de
1385 1475 1592 1544 quibus
1622 1475 1783 1529 nulla
1805 1479 1888 1530 est

177 1557 435 1626 amplius
456 1574 583 1627 spes
604 1557 761 1623 boni,
792 1576 933 1630 quos
958 1562 1135 1615 Grmci
1168 1567 1224 1616 et
1256 1562 1447 1618 Cicero
1462 1580 1884 1636 nonnunquam

177 1663 318 1699 usus
355 1662 422 1700 eo
454 1647 645 1714 verbo,
669 1646 907 1711 ἀσώτους
938 1657 1157 1706 vocant.
1189 1657 1484 1709 AGRICOLA.

1169 296 1564 351 MURllELLII
1605 299 1686 352 ET
1723 301 2099 357 AGRICOL/E
2139 303 2667 361 COMMEN'I‘ARIA.

3593 318 3696 369 934

1933 441 1975 494 Α
2004 456 2125 495 nem
2151 445 2247 510 qui
2277 445 2333 497 in
2375 447 2506 499 caelo
2539 450 2634 513 est,
2668 448 2831 500 etiam
2859 450 2918 500 in
2949 453 3148 503 terram
3195 454 3364 506 mitte.
3393 457 3692 507 Aomcom.

2074 533 2348 600 Conditor]
2385 535 2641 588 Condere
2683 538 3029 608 quandoque
3066 539 3251 594 facere
3295 541 3598 612 signiﬁcat,
3633 548 3695 598 ut

2004 621 2114 690 hic,
2140 627 2194 676 et
2225 624 2377 694 Virg.
2409 625 2468 678 in
2493 627 2677 680 Bucol.
2719 643 2731 680 :

2619 714 2790 764 Pallas
2811 729 2940 779 quas
2971 717 3209 767 condidit
3241 719 3411 779 urbes,

2217 774 2335 836 Ipsa
2364 775 2518 824 colat.
2826 774 2840 779 “
3085 783 3088 788 ’

1999 852 2352 926 Quandoque
2381 855 2663 926 signiﬁcat
2687 857 3053 926 abscondere,
3083 860 3162 914 sic
3193 860 3342 914 infra
3372 860 3598 916 dicitur.

2434 963 2639 1012 Condat
2659 964 2838 1013 stellas
2867 980 2973 1013 una
3003 967 3252 1016 minores.

1996 1059 2233 1130 Proprie
2263 1077 2396 1114 vero
2429 1062 2712 1133 signiﬁcat
2743 1081 3049 1135 congerere
3083 1071 3180 1121 aut
3226 1066 3518 1138 colligere.
3584 1069 3691 1123 Ilo-

1995 1153 2105 1203 rat.
2142 1149 2203 1203 in
2233 1167 2251 1203 Ι
2285 1151 2468 1206 Carm.
2506 1168 2518 1206 :

2215 1240 2370 1288 Illum
2399 1242 2443 1289 si
2472 1242 2686 1305 proprio
2714 1242 2952 1292 condidit
2980 1243 3169 1294 horreo
3196 1261 3207 1294 :

1997 1322 2051 1374 et
2079 1319 2231 1373 idem
2264 1321 2322 1374 in
2351 1322 2540 1392 primo
2574 1323 2950 1394 Epistolarum
2977 1345 2992 1379 :

2121 1409 2302 1458 Condo
2329 1415 2380 1459 et
2399 1424 2678 1474 compono,
2708 1427 2826 1476 quae
2847 1427 2972 1463 mox
3002 1414 3312 1478 depromere
3343 1416 3558 1478 possim.

1993 1491 2299 1545 AGRICOLA.

2066 1580 2245 1648 Orbis]
2270 1580 2487 1634 Dicitur
2515 1581 2570 1634 id
2612 1583 2765 1652 quod
2815 1542 3185 1655 undiquaque
3225 1586 3542 1640 rotundum
3566 1585 3688 1655 “'est,

1995 1669 2149 1739 quod
2183 1670 2355 1722 etiam
2393 1670 2628 1740 globum
2660 1671 2922 1726 dicimus.
2968 1673 3124 1726 Unde
3156 1678 3211 1727 et
3240 1675 3525 1729 mundum
3556 1692 3690 1746 pro-

247 1736 518 1835 Insonles]
552 1738 754 1792 Insons
811 1755 842 1792 a
872 1756 1004 1794 sons
1055 1741 1281 1809 dicitur,
1328 1744 1482 1813 quod
1527 1744 1695 1798 etiam
1730 1761 1882 1799 nunc
1920 1730 1961 1785 Β
1992 1730 2120 1828 {her
2146 1730 2770 1814 rotunditatemorbcm
2808 1778 3092 1828 vocamus,
3125 1763 3182 1817 id
3215 1768 3297 1819 est
3323 1765 3473 1834 quod
3505 1730 3690 1835 561m-

176 1838 319 1883 usus
342 1825 536 1892 habet,
569 1831 786 1880 veteres
818 1832 1012 1882 tamen
1040 1829 1244 1900 saepius
1280 1831 1547 1885 dixerunt
1579 1849 1590 1886 :
1626 1833 1883 1887 testimo-

176 1912 346 1967 nium
377 1920 462 1968 est
515 1916 664 1970 Festi
710 1918 991 1988 Pompeii,
1045 1920 1144 1989 qui
1188 1920 1469 1974 sonticum
1499 1921 1720 1991 justum
1762 1924 1884 1978 vult

175 2003 530 2074 signiﬁcare,
569 2022 788 2076 ponens
818 2008 992 2062 verba
1013 2009 1209 2075 Naevii,
1246 2010 1523 2064 dicentis:

307 2093 579 2143 Sonticam
627 2109 742 2145 esse
783 2100 988 2160 Oportet
1017 2112 1248 2157 causam,
1297 2101 1638 2211 quamobreiln
1695 2102 1884 2164 perdas

1499 2177 1585 2211 mu
1616 2177 1772 2211 ierem
1807 2180 1816 2211 :

1499 2177 1772 2213 mulierem
1807 2180 1816 2213 Ξ

171 2253 311 2291 cum
372 2239 583 2292 rectius
625 2239 860 2295 dixisset
914 2242 1128 2306 Festus,
1188 2258 1421 2314 gravem
1471 2249 1570 2298 aut
1626 2247 1879 2301 noxiam.

175 2328 410 2381 Dictum
433 2335 655 2383 sontem
679 2331 949 2398 arbitror,
985 2332 1052 2385 de
1084 2348 1198 2402 quo
1236 2349 1408 2387 sonus
1430 2333 1550 2401 ﬁat,
1589 2333 1642 2390 id
1678 2337 1883 2407 estqui

171 2417 234 2470 in
269 2417 427 2470 fama
455 2423 510 2472 et
537 2434 675 2472 sono
703 2419 1003 2473 hominum
1032 2425 1308 2475 versatur.
1338 2425 1632 2477 AGRICOLA.

250 2507 515 2562 Cumulus
563 2509 792 2578 accedit]
825 2510 1096 2563 Cumulos
1124 2511 1409 2566 malorum
1441 2512 1884 2582 proverbialiter

173 2596 402 2650 dicitur
434 2597 502 2651 de
527 2597 860 2668 ingentibus
884 2599 1052 2652 malis
1078 2604 1133 2653 et
1158 2600 1576 2654 calamitatibus
1619 2618 1630 2654 :
1692 2605 1756 2655 ut
1787 2618 1882 2654 eu-

171 2686 374 2739 mulus
407 2703 509 2740 seu
554 2703 788 2742 acervus
831 2688 1143 2757 bonorum,
1185 2689 1253 2742 de
1285 2691 1487 2759 Opibus
1529 2690 1878 2760 ingentibus.

167 2774 323 2828 Sunt
351 2781 410 2829 et
440 2776 537 2830 illa
568 2777 824 2832 Ciceroni
855 2777 1180 2844 familiaria,
1219 2780 1512 2833 cumulare
1545 2780 1884 2847 ofticiis,cu-

169 2867 562 2922 mulatissime
595 2868 939 2936 satisfacere,
977 2870 1240 2922 cumulus
1280 2869 1639 2924 meritorum.

784 2959 853 3011 IN
895 2959 1076 3014 MEI‘R
1091 2959 1181 3013 [IM
1213 2960 1274 3012 V.

245 3047 295 3100 Ο
347 3045 621 3118 stelliferi]
673 3048 894 3101 Boetius
945 3047 1053 3101 hoc
1099 3048 1352 3102 carmine
1385 3048 1645 3119 deplorat
1691 3049 1884 3104 condi-

169 3137 402 3190 tionem
431 3136 703 3190 humanae
732 3143 973 3204 naturae,
1009 3154 1136 3192 cum
1158 3139 1303 3192 Deus
1331 3139 1525 3193 omnia
1552 3155 1679 3209 qua:
1712 3139 1771 3192 in
1800 3156 1883 3192 re-

168 3243 312 3280 rum
344 3231 552 3280 natura
584 3231 715 3281 sunt
730 3227 797 3281 ad
813 3232 1024 3282 certam
1041 3228 1226 3297 legem
1241 3229 1579 3298 alligaverit,
1614 3233 1668 3282 et
1690 3227 1884 3281 omnia

171 3318 254 3370 ita
296 3316 633 3383 instituerit,
670 3322 943 3370 uterrare
976 3322 1076 3371 aut
1096 3333 1329 3388 peccare
1365 3318 1673 3389 nequirent
1708 3334 1718 3371 :
1776 3317 1884 3371 soli

169 3405 406 3459 homini
448 3405 603 3459 dedit
631 3405 981 3476 libertatem,
1034 3411 1096 3459 ut
1128 3411 1320 3475 posset
1359 3406 1503 3460 bene
1536 3411 1590 3459 et
1622 3406 1769 3459 male
1799 3405 1881 3459 fa-

171 3513 335 3563 cere,
373 3500 433 3548 et
463 3495 514 3548 ei
545 3495 890 3565 permiserit,
916 3500 976 3549 ut
1005 3496 1110 3549 hac
1139 3496 1399 3550 libertate
1423 3497 1766 3566 plerumque
1792 3495 1884 3549 ab-

169 3589 464 3648 uteretur,
498 3589 551 3636 et
584 3583 717 3636 mali
761 3587 1092 3653 premerent
1131 3583 1422 3638 meliores.
1474 3585 1663 3638 Genus
1715 3582 1882 3636 metri

171 3678 259 3728 est
296 3673 709 3741 anapaesticum
735 3679 791 3726 et
814 3673 1196 3727 Pindaricum.
1230 3673 1651 3743 Anapmsticum
1674 3689 1705 3726 a
1737 3673 1882 3742 pede

169 3763 428 3828 dictum,
457 3761 731 3830 quoniam
765 3760 857 3816 ille
890 3762 962 3814 sit
993 3761 1045 3815 ei
1079 3761 1493 3831 peslegitimus
1527 3778 1539 3815 :
1573 3761 1881 3831 recipitta-

171 3867 314 3906 men
349 3855 408 3904 et
441 3850 1148 3920 spondeumetdactylum.
1185 3850 1550 3904 Pindaricum
1575 3867 1608 3904 a
1635 3851 1881 3904 Pindaro

169 3948 414 3995 auctore
445 3940 566 4010 ejus
601 3940 824 3993 dicitur.
859 3939 1005 3993 Dicit
1031 3956 1167 4009 ergo
1205 3957 1216 3993 :
1253 3941 1294 3995 Ο
1325 3943 1480 4007 Deus,
1538 3942 1634 4009 qui
1669 3943 1727 3995 in
1758 3942 1881 3995 cazlo

169 4032 463 4097 habitans,
499 4032 759 4083 convertis
795 4029 935 4082 illud
961 4031 1131 4082 veloci
1163 4045 1344 4095 cursu,
1373 4031 1420 4082 el
1449 4032 1588 4096 facis
1624 4035 1681 4084 ut
1718 4031 1881 4083 stella).

168 4136 390 4188 semper
424 4120 666 4173 ordinem
697 4133 853 4173 suum
905 4123 1137 4185 servent,
1186 4124 1234 4172 et
1267 4120 1396 4172 luna
1439 4122 1603 4188 plena
1635 4123 1883 4188 opposita

170 4212 299 4276 soli,
337 4211 542 4262 lumine
567 4223 668 4263 suo
691 4208 1244 4277 abscondatreliquas
1276 4210 1458 4262 stellas
1495 4225 1506 4262 :
1530 4225 1672 4262 nunc
1699 4211 1880 4262 vicina

171 4312 374 4351 rursus
411 4298 529 4363 soli,
552 4297 749 4366 perdat
781 4298 956 4351 lumen
985 4312 1163 4351 suum.
1187 4299 1283 4352 Sic
1311 4299 1451 4362 facis
1479 4299 1640 4350 etiam
1672 4301 1730 4350 ut
1768 4298 1877 4351 He-

173 4403 374 4457 sperus
399 4387 520 4455 jam
558 4392 678 4455 post
710 4387 1030 4442 occidentem
1068 4388 1232 4441 solem
1283 4387 1476 4452 luceat,
1524 4387 1644 4455 jam
1677 4391 1884 4440 mutato

174 4479 402 4531 nomine
432 4475 653 4542 Lucifer
701 4475 940 4542 dicatur,
993 4480 1043 4530 et
1073 4478 1333 4531 orientem
1363 4477 1526 4530 solem
1561 4476 1833 4544 prazcedat
1871 4492 1883 4529 :

178 4570 452 4633 praeterea
482 4565 650 4620 hieme
678 4565 859 4620 breves
895 4567 1008 4619 dies
1047 4568 1212 4634 facis,
1253 4569 1442 4620 aestate
1474 4566 1653 4620 breves
1689 4570 1882 4620 noctes.

182 4657 285 4710 Nec
313 4656 486 4709 solum
537 4657 618 4708 vis
651 4661 746 4709 tua
765 4657 949 4710 caelum
981 4655 1223 4709 ordinem
1252 4659 1424 4709 tenere
1457 4657 1616 4721 cogit,
1651 4655 1744 4708 sed
1776 4659 1888 4707 ter-

180 4762 272 4798 ras
301 4747 468 4798 etiam
495 4746 665 4799 simili
693 4748 903 4799 ratione
934 4747 1096 4813 regit,
1133 4749 1193 4798 ut
1235 4744 1456 4811 frondes
1506 4749 1763 4798 autumno
1794 4743 1885 4796 de-

180 4835 449 4900 cidentes,
483 4851 603 4888 vere
645 4840 1022 4903 renascantur,
1077 4839 1126 4888 et
1157 4850 1275 4903 qua:
1306 4839 1563 4889 seruntur
1593 4833 1784 4901 hieme,
1816 4848 1884 4886 ee-

181 4931 326 4978 stale
355 4929 738 4978 maturescunt.
775 4924 986 4978 Atcum
1023 4924 1130 4978 hac
1163 4928 1272 4977 tam
1298 4927 1436 4977 certo
1470 4938 1632 4976 cursu
1650 4923 1884 4990 dirigas,

181 5016 301 5068 sola
332 5030 499 5083 opera
543 5015 812 5067 hominum
844 5016 1120 5082 permittis
1152 5029 1353 5067 errare.
1410 5013 1558 5069 Unde
1588 5015 1727 5066 enim
1779 5013 1890 5064 nisi

181 5105 243 5158 id
273 5109 353 5158 ita
387 5108 544 5168 esset,
580 5109 735 5158 tanta
763 5106 846 5158 vis
870 5105 1126 5170 fortunae,
1160 5108 1219 5158 ut
1250 5119 1311 5157 ea
1333 5119 1472 5156 nunc
1506 5104 1742 5171 injustas
1763 5118 1888 5170 pm-

182 5209 284 5248 nas
325 5193 698 5247 innocentibus
748 5195 1016 5260 inﬂigeret
1061 5198 1249 5247 contra
1275 5208 1398 5246 vero
1442 5194 1611 5246 malos
1663 5193 1886 5245 extolle-

181 5283 305 5336 ret?
358 5283 670 5350 Negligitur
713 5287 762 5336 et
817 5284 1174 5336 contemnitur
1222 5285 1419 5348 virtus,
1477 5285 1525 5335 et
1577 5280 1886 5346 accusatur,

182 5373 347 5426 malis
381 5378 558 5424 autem
571 5371 717 5424 mala
745 5371 944 5424 scelera
972 5387 1077 5424 non
1104 5376 1292 5424 nocent
1323 5387 1341 5424 ,ο
1362 5372 1496 5437 quin
1528 5373 1691 5422 etiam
1713 5384 1887 5435 quan-

185 5459 252 5512 do
284 5461 460 5527 placet
494 5461 750 5524 fortuna,
778 5460 1140 5527 potentissimi
1169 5474 1318 5526 reges
1350 5457 1681 5523 subduntur,
1705 5461 1755 5509 et
1782 5473 1884 5524 op-

185 5551 525 5616 primuntur.
559 5547 715 5615 Ergo
749 5549 934 5614 etiam,
966 5563 995 5600 ο
1050 5549 1209 5615 Deus,
1252 5561 1374 5614 rege
1398 5548 1560 5600 etiam
1590 5559 1672 5599 res
1717 5545 1885 5598 homi-

186 5653 338 5706 num,
366 5653 485 5708 quae
513 5645 636 5693 sunt
658 5652 788 5707 pars
820 5637 1011 5694 mundi
1048 5653 1156 5693 non
1185 5636 1589 5703 contemnenda,
1635 5639 1685 5690 et
1732 5634 1882 5690 ordi-

1992 1864 2113 1901 ram
2145 1852 2367 1902 vocant.
2410 1851 2712 1904 AGRICOLA.

2060 1937 2261 2010 Nixus]
2287 1938 2350 1992 Id
2383 1943 2469 1992 est
2498 1939 2778 2007 ﬁrmatus,
2821 1941 2908 1994 vel
2939 1940 3226 1995 insistens.
3261 1941 3594 2006 Quintilian.
3629 1942 3691 1998 in

1991 2026 2162 2082 Milite
2195 2028 2446 2082 Mariano
2481 2045 2493 2081 :
2531 2029 2599 2082 Ut
2617 2029 2790 2083 vitam
2823 2045 2972 2098 genu
2995 2031 3156 2083 nixus
3181 2036 3351 2101 petat.
3385 2035 3683 2087 AGRICOLA.

2060 2114 2231 2188 Solio]
2267 2118 2505 2184 Solium,
2536 2118 2695 2188 regia
2741 2119 2897 2172 sella.
2947 2120 3106 2172 Unde
3148 2121 3360 2174 Seneca
3391 2120 3451 2174 in
3483 2122 3582 2175 lib.
3617 2122 3685 2175 de

1991 2205 2445 2276 Trauquillitate,
2468 2206 2796 2277 signiﬁcans
2811 2208 3253 2262 mutabilitatem
3267 2209 3514 2264 fortuna:
3542 2228 3553 2263 :
3583 2212 3688 2266 Mo-

1993 2300 2272 2362 mentum,
2308 2295 2520 2366 inquit,
2554 2295 2790 2350 interest
2819 2297 3204 2367 intersolium,
3238 2299 3296 2352 id
3330 2305 3412 2352 est
3442 2316 3688 2370 regnum

1992 2390 2047 2438 et
2075 2385 2261 2438 aliena
2314 2401 2518 2454 genua,
2565 2385 2621 2440 id
2666 2390 2749 2440 est
2802 2387 3204 2456 captivitatem.
3245 2390 3473 2443 Veteres
3514 2390 3688 2443 etiam

1990 2491 2088 2528 vas
2119 2475 2406 2546 quoddam
2447 2475 2657 2529 solium
2707 2475 2986 2530 vocabant
3029 2476 3087 2530 in
3117 2477 3342 2545 balneo,
3376 2478 3531 2548 quod
3580 2476 3691 2530 im-

1991 2565 2259 2634 plebatur
2278 2582 2446 2636 aqua,
2482 2564 2540 2618 in
2563 2581 2676 2636 quo
2700 2565 2954 2620 lavantes
2977 2566 3272 2636 sedebant,
3306 2569 3361 2621 et
3393 2583 3452 2620 se
3485 2566 3689 2621 ablue-

1992 2653 2148 2708 bant.
2182 2656 2482 2709 AGRICOLA.

2064 2742 2284 2814 Cwlum]
2341 2745 2450 2798 Alii
2482 2744 2644 2814 quasi
2674 2744 2956 2810 caelatum,
2995 2743 3050 2797 id
3099 2747 3182 2797 est
3247 2744 3527 2814 scalptum
3557 2760 3690 2814 pro-

1995 2835 2123 2902 pter
2156 2833 2342 2886 varias
2386 2833 2681 2887 stellarum
2708 2834 2992 2904 imagines
3014 2832 3442 2888 arbitrabantur
3471 2851 3483 2887 :
3535 2833 3689 2887 unde

1992 2926 2049 2976 et
2080 2923 2328 2976 mundus
2359 2922 2427 2976 ab
2454 2929 2660 2976 ornatu
2693 2923 2876 2977 dictus
2905 2923 3130 2977 videtur
3164 2923 3689 2994 :quemodmodum

1925 3034 1964 3089 ρ
1996 3012 2145 3083 apud
2180 3012 2402 3065 Grmcos
2430 3012 2601 3066 etiam
2625 3013 2838 3083 κόσμος,
2873 3011 2928 3066 id
2974 3017 3059 3066 est
3088 3013 3355 3078 mundus,
3381 3013 3451 3066 ab
3485 3018 3690 3067 ornatu

1996 3100 2232 3168 dicitur;
2268 3101 2364 3155 alii
2390 3103 2594 3155 coelum
2623 3102 2692 3156 ab
2724 3118 2790 3155 eo
2844 3102 2998 3172 quod
3030 3103 3218 3156 Graiae
3261 3101 3473 3156 dicitur
3498 3101 3685 3170 κοῖλον,

1992 3191 2048 3246 id
2083 3196 2165 3245 est
2195 3208 2417 3245 cavum.
2470 3192 2525 3245 Si
2566 3192 2817 3262 primum
2869 3192 3108 3258 dicatur,
3175 3191 3535 3245 scribendum
3585 3192 3692 3246 erit

1991 3297 2090 3350 per
2133 3298 2175 3334 az
2205 3280 2661 3350 diphthongum;
2691 3279 2738 3333 si
2766 3280 3109 3348 secundum,
3143 3296 3244 3350 per
3267 3296 3327 3333 az.
3367 3282 3509 3334 Nam
3527 3279 3686 3350 quod

1992 3369 2198 3439 vulgus
2237 3370 2375 3424 dicit
2405 3371 2614 3423 coelum
2663 3369 2825 3440 quasi
2856 3385 3043 3422 casam
3089 3367 3258 3438 ἡλίου,
3309 3369 3368 3423 id
3417 3373 3500 3424 est
3531 3369 3685 3436 solis,

1990 3457 2252 3528 ineptum
2284 3464 2390 3528 est,
2423 3459 2569 3513 sicut
2600 3457 3185 3512 multaindoctorum.
3217 3459 3516 3513 Aemcom.

2068 3547 2316 3620 Turbine]
2361 3548 2420 3601 Id
2446 3553 2530 3601 est
2587 3548 2812 3618 impetu
2838 3548 2922 3602 vel
2958 3553 3149 3619 raptu,
3183 3565 3215 3602 a
3267 3549 3554 3603 turbando
3599 3549 3690 3604 di-

1993 3636 2157 3693 citur.
2196 3637 2353 3692 Unde
2385 3636 2581 3708 Virgil.
2616 3637 2674 3691 in
2704 3655 2719 3690 1
2750 3637 2969 3693 x'Eneid.
3001 3653 3014 3690 :

2673 3744 2737 3791 Et
2765 3747 2930 3791 terras
2957 3743 3167 3792 turbine
3201 3744 3441 3806 perﬂant.

1991 3843 2238 3896 Vocatur
2275 3841 2448 3895 etiam
2477 3841 2668 3909 turbo,
2718 3841 2868 3911 quod
2920 3842 3097 3894 Graeci
3151 3846 3339 3915 τράχον
3384 3859 3486 3896 nos
3528 3842 3688 3897 inde-

1993 3935 2284 4000 assumpto
2313 3931 2547 3983 nomine
2588 3931 2856 3983 trochum
2878 3947 3165 3998 vocamus,
3209 3948 3241 3985 a
3284 3936 3480 4006 τρέχω,
3536 3933 3690 4002 quod

1993 4024 2075 4073 est
2105 4035 2291 4085 curro,
2319 4018 2390 4071 ob
2434 4017 2697 4071 eamdem
2749 4035 3000 4085 causam,
3029 4020 3164 4089 quia
3223 4021 3470 4086 turbine,
3503 4022 3561 4075 id
3607 4027 3692 4076 est

1990 4110 2228 4179 impetu,
2263 4108 2454 4160 currit.
2476 4106 2755 4160 Turbonis
2775 4111 2965 4160 autem
2991 4124 3204 4163 nomen
3239 4110 3689 4180 eratproprium

1995 4199 2288 4269 cujusdam
2321 4196 2668 4268 gladiatoris.
2710 4199 3012 4251 Acmcom.

2067 4291 2281 4360 Legem]
2335 4290 2438 4344 Lex
2494 4289 2642 4343 dicta
2699 4293 2782 4344 est
2811 4307 2844 4344 a
2875 4289 3135 4361 legendo,
3171 4289 3306 4361 quia
3335 4289 3689 4360 praelegeba-

2000 4386 2090 4436 tur
2117 4381 2184 4434 ad
2217 4381 2492 4451 populum
2530 4396 2541 4433 :
2573 4380 2779 4435 deinde
2809 4381 3005 4435 consul
3037 4380 3447 4450 interrogabat,
3482 4381 3691 4433 vellent

1991 4470 2331 4540 juberentne
2380 4468 2438 4522 id
2462 4469 2539 4522 ita
2591 4468 2753 4536 ﬁeri;
2795 4470 2945 4539 quod
2978 4469 3025 4522 si
3069 4469 3320 4540 populus
3353 4468 3686 4534 afﬁrmaret,

1997 4563 2088 4614 lex
2121 4559 2293 4614 ﬁebat
2323 4575 2334 4613 :
2379 4558 2532 4630 quod
2562 4558 2749 4628 ipsum
2782 4559 2829 4612 si
2868 4559 3132 4613 tribunus
3164 4558 3346 4628 plebis
3375 4559 3605 4625 faceret,
3632 4557 3689 4611 id

1999 4666 2227 4721 quoque
2258 4650 2550 4703 decretum
2603 4653 2747 4717 erat,
2797 4648 3161 4718 plebiscitum
3215 4647 3508 4702 dicebatur
3545 4664 3557 4702 :
3598 4648 3691 4702 hic

1997 4743 2186 4792 autem
2228 4739 2317 4792 lex
2347 4755 2448 4809 per
2492 4739 2924 4792 translationem
2981 4738 3224 4808 ﬁgurate
3255 4755 3359 4809 pro
3401 4743 3555 4794 certo
3605 4754 3692 4793 or-

1997 4828 2130 4882 dine
2170 4828 2463 4898 accipitur.
2505 4830 2800 4881 Aomcom.

2068 4917 2224 4971 Pleno
2278 4915 2458 4988 cornu]
2523 4916 2584 4970 Id
2645 4919 2730 4969 est
2776 4913 3028 4983 impletis
3076 4914 3362 4984 cornibus,
3417 4916 3574 4986 quod
3631 4915 3692 4971 in

1997 5005 2316 5075 plenilunio
2347 5006 2430 5072 ﬁt,
2464 5021 2592 5059 eum
2625 5004 2779 5058 enim
2814 5003 3078 5074 opposita
3116 5009 3200 5058 est
3225 5005 3350 5072 soli,
3376 5011 3514 5060 tunc
3560 5021 3691 5076 pars

1998 5097 2119 5164 ejus
2143 5111 2270 5165 quae
2329 5099 2412 5149 est
2439 5095 2509 5148 ad
2549 5110 2650 5147 nos
2675 5109 2856 5160 versa,
2905 5098 3020 5147 tota
3046 5111 3078 5147 a
3131 5094 3252 5148 sole
3308 5095 3687 5148 illuminatur.

1997 5184 2118 5238 Non
2145 5184 2301 5237 enim
2331 5201 2398 5238 ex
2426 5200 2482 5237 se
2515 5184 2651 5237 luna
2687 5200 2720 5236 a
2749 5183 2863 5236 sole
2903 5184 3203 5246 illustrata,
3247 5185 3438 5239 lumen
3494 5183 3682 5251 habet,

1997 5274 2093 5326 sed
2117 5273 2270 5344 quod
2302 5273 2426 5327 ﬁeri
2442 5273 2726 5338 videmus,
2745 5279 2801 5327 ut
2819 5289 2949 5327 vasa
2970 5273 3145 5344 polita
3172 5279 3463 5344 acceptum
3489 5273 3687 5325 lumen

1997 5362 2304 5416 refundunt
2336 5380 2348 5417 :
2398 5363 2476 5416 sic
2507 5364 2643 5417 luna
2675 5377 2706 5416 a
2755 5363 2872 5417 sole
2913 5363 3217 5428 illustrata,
3245 5362 3442 5415 lumen
3482 5361 3685 5415 reddit.

1999 5452 2155 5506 Unde
2207 5468 2335 5506 cum
2366 5468 2564 5507 rursus
2595 5452 2668 5506 ad
2709 5453 2889 5507 solem
2920 5452 3154 5516 accedit,
3185 5454 3376 5519 partes
3415 5465 3626 5504 aversae
3659 5467 3690 5504 a

1998 5544 2163 5599 nobis
2219 5543 2506 5614 accipiunt
2555 5527 2768 5612 lumen,
2818 5543 2971 5614 quod
3018 5545 3251 5614 propter
3278 5540 3690 5595 rotunditatem

1996 5634 2115 5705 ejus
2148 5634 2426 5706 paulatim
2439 5632 2666 5690 videtur
2697 5631 2994 5689 extenuari
3022 5631 3086 5686 in
3117 5646 3351 5687 cornua.
3382 5632 3684 5687 Aemcou.
