4054 6184
395 311 496 364 935

1138 306 1495 362 APPENDIX
1536 308 1627 359 AD
1671 307 1923 362 LIBROS
1963 308 2054 362 DE
2101 307 2625 362 CONSOLATlONE
2667 306 3170 362 PHILOSOPllI/E.
3748 316 3833 367 930

463 433 751 504 Flammis]
785 437 831 487 Λ
881 434 1083 502 ﬂagr,o
1129 432 1186 486 id
1219 436 1303 485 est
1333 431 1505 486 ardeo
1537 431 1687 486 dicta
1717 435 1802 485 est
1829 430 2081 485 ﬂamma.
2125 432 2172 485 A
2202 430 2334 485 dine
2358 430 2593 485 luminis
2624 430 2711 484 sui
2744 431 2951 485 occulit
2989 430 3152 493 illud,
3183 445 3252 484 ne
3282 429 3457 501 possit
3483 431 3666 500 videri,
3726 434 3838 488 dici-

441 541 692 580 GRICOLA.

441 541 692 580 GRICOLA.

393 529 430 581 Α
463 611 701 682 Fratris]
736 611 795 665 Id
846 615 948 675 est,
983 611 1133 664 solis.
1171 610 1396 664 Fabula:
1437 610 1590 665 enim
1647 611 1879 665 tradunt
1929 611 2093 666 Lato-

397 720 531 757 nam
576 702 728 757 Jovis
770 701 1077 754 concubitu
1136 705 1513 771 praegnatem,
1571 701 1865 767 Phoebum,
1901 700 1953 754 id
2008 703 2094 754 est

392 795 574 847 solem
603 790 864 862 δφθιϐέω,
923 790 980 844 id
1029 794 1111 844 est
1151 791 1344 858 ardeo,
1401 794 1454 844 et
1489 789 1724 844 Dianam
1775 789 2088 861 peperisse.

399 885 696 936 AGRICOLA.

469 970 641 1042 Luna]
691 972 734 1023 A
765 968 1007 1023 lucendo
1054 969 1201 1022 dicta
1244 969 1486 1035 videtur,
1528 969 1681 1040 quod
1714 969 1861 1023 inter
1909 967 2095 1022 sidera

399 1061 586 1114 luceat
629 1077 641 1112 :
677 1059 817 1112 sicut
851 1059 1050 1124 solem,
1086 1059 1240 1128 quod
1273 1060 1424 1112 solus
1451 1059 1656 1126 luceat,
1689 1064 1743 1112 et
1789 1057 1984 1112 omnia
2015 1057 2094 1110 si-

398 1152 535 1205 dera
565 1149 784 1203 lumine
811 1165 912 1202 suo
937 1148 1264 1213 abscondat,
1300 1147 1516 1202 dictum
1549 1148 1761 1201 volunt.
1782 1149 2091 1202 AGRICOLA.

478 1241 711 1293 Lumina
738 1236 952 1306 perdat]
989 1236 1105 1290 Hoc
1138 1236 1206 1290 ad
1242 1241 1501 1290 nostrum
1538 1240 1902 1306 conspectum
1934 1237 2092 1290 vide-

406 1332 518 1396 tur,
552 1344 680 1382 cum
706 1342 1001 1396 nunquam
1035 1327 1104 1378 sit
1137 1327 1317 1395 magis
1345 1327 1668 1380 illuminata
1691 1327 1844 1393 luna,
1891 1330 1987 1380 aut
2017 1327 2090 1380 la-

398 1419 510 1471 tius
544 1417 786 1486 accipiat
812 1415 1025 1479 lumen,
1061 1432 1232 1485 quam
1269 1416 1500 1486 quando
1543 1416 1647 1468 soli
1670 1417 1927 1485 proxima
1958 1419 2044 1468 est
2077 1431 2088 1468 :

398 1508 549 1578 quod
583 1506 735 1558 enim
759 1521 822 1558 ex
853 1504 1256 1558 mathematica
1283 1505 1500 1559 ratione
1533 1505 1750 1557 clarum
1785 1504 2096 1572 est,minus

396 1596 748 1650 luminosum
766 1611 972 1663 corpus
999 1595 1200 1662 majori
1217 1595 1500 1646 luminoso
1521 1593 1861 1658 adhibitum,
1880 1597 2094 1664 quanto

399 1684 466 1736 ad
502 1683 556 1736 id
587 1682 824 1752 propius
864 1682 1101 1744 accedit,
1133 1685 1291 1734 tanto
1338 1681 1527 1750 plures
1577 1681 1698 1750 ejus
1733 1686 1922 1750 partes
1969 1680 2096 1734 illu-

399 1771 712 1824 minantur.
747 1773 1042 1823 Amucom.

466 1862 624 1928 Agit]
664 1862 842 1929 Agere
871 1859 929 1912 in
958 1859 1157 1912 'varias
1188 1858 1631 1928 signiﬁcationes
1663 1858 1891 1913 dicitur.
1951 1859 2090 1912 Nam

398 1951 454 2002 et
483 1947 850 2018 negotiosum
883 1963 1024 2014 esse,
1059 1950 1157 2001 aut
1186 1947 1370 2001 facere
1405 1945 1622 2018 aliquid
1652 1946 1956 2018 signiﬁcat.
1991 1947 2093 2001 llo-

399 2037 577 2091 ratius
610 2038 666 2091 in
705 2055 716 2090 ι
747 2037 918 2106 Epist.
957 2054 969 2091 :

521 2135 657 2194 Quid
685 2135 811 2184 mihi
836 2135 1006 2183 celsus
1038 2135 1182 2196 agit?

395 2226 746 2296 Quandoque
781 2224 1066 2295 signiﬁcat
1095 2224 1301 2278 ducere
1343 2229 1442 2278 aut
1471 2225 1816 2295 propellere.
1853 2223 1986 2294 Virg
2033 2223 2092 2278 in

402 2316 588 2370 Bucol.
629 2331 641 2368 :

519 2413 582 2460 Et
616 2416 796 2474 potum
830 2415 1002 2473 pastas
1030 2424 1142 2473 age.

400 2502 664 2555 Horatius
687 2501 744 2553 in
773 2500 1022 2553 secundo
1056 2499 1436 2568 Epistolarum
1467 2516 1480 2554 :

519 2600 710 2646 Navem
737 2611 890 2659 agere.
921 2597 1135 2657 ignarus
1159 2597 1305 2645 navis
1331 2597 1497 2646 timet.

397 2689 754 2758 Quandoque
803 2687 862 2740 in
899 2687 1117 2756 judicio
1150 2687 1395 2757 experiri
1451 2686 1754 2755 signiﬁcat.
1810 2686 1969 2741 Unde
2000 2685 2088 2739 di-’-

395 2784 600 2830 cuntur
630 2777 686 2829 in
713 2777 839 2845 jure
875 2776 1022 2828 civili
1055 2775 1328 2841 actiones,
1358 2779 1412 2828 et
1444 2781 1599 2828 actor
1627 2775 1722 2845 qui
1770 2791 1931 2830 reum
1961 2792 2088 2845 per-

394 2866 655 2936 sequitur
689 2881 700 2918 :
735 2865 952 2918 Dicitur
983 2865 1155 2918 etiam
1190 2864 1392 2918 histrio
1425 2880 1614 2932 agere,
1643 2864 1695 2917 id
1728 2868 1810 2918 est
1841 2881 2090 2934 pronun-

395 2952 555 3006 tiare.
597 2951 752 3006 Unde
783 2951 978 3004 Cicero
1019 2950 1303 3003 actionem
1351 2966 1455 3020 pro
1502 2949 1966 3020 pronuntiatione
1997 2967 2087 3004 ac-

392 3042 528 3112 cipit
565 3058 576 3094 :
613 3046 665 3094 ct
696 3056 862 3110 agere
901 3041 1177 3107 animam,
1207 3039 1351 3092 mori
1383 3040 1671 3109 signiﬁcat
1704 3057 1715 3093 :
1762 3040 1838 3093 sic
1887 3040 2085 3096 Cicero
2128 3053 2166 3108 C

393 3147 495 3202 pro
543 3129 745 3184 Milone
782 3147 792 3182 :
827 3129 1007 3192 Quem
1039 3134 1304 3198 agentem
1330 3129 1579 3182 animam
1620 3128 1928 3198 reliquerat
1963 3147 1975 3184 :
2030 3134 2086 3183 et

391 3235 560 3288 agere
612 3218 822 3288 gratias
885 3218 1148 3285 dicimus,
1206 3218 1360 3289 quod
1407 3217 1617 3272 indocti
1669 3218 1967 3288 regratiari
1999 3219 2082 3274 di-

391 3312 545 3362 cunt.
579 3312 878 3362 AGRICOLA.

464 3396 736 3464 Algentrs]
789 3396 993 3464 Algere
1037 3395 1293 3448 Graecum
1349 3398 1454 3460 est,
1489 3395 1587 3449 sed
1643 3396 1796 3466 apud
1838 3412 1934 3449 eos
1975 3395 2083 3451 do-

389 3485 506 3538 lere
525 3484 824 3553 signiticat,
862 3483 1009 3552 apud
1037 3500 1136 3536 nos
1168 3499 1300 3536 vero
1332 3483 1558 3552 frigere.
1593 3487 1781 3540 Ilorat.
1818 3485 1876 3539 in
1909 3487 2040 3540 Arte
2067 3502 2078 3540 :

512 3572 677 3620 Multa
704 3571 842 3630 tulit,
870 3572 1094 3634 fecitque
1115 3585 1268 3635 puer,
1297 3571 1507 3620 sudavit
1531 3576 1583 3621 et
1609 3573 1728 3621 alsit

388 3655 686 3707 AGlthOLA.

459 3744 729 3811 Hesperus
781 3747 831 3796 et
875 3741 1111 3812 Lucifer]
1179 3742 1392 3797 Eadem
1454 3743 1615 3797 stella
1679 3727 1781 3810 est,
1846 3744 2082 3798 Veneris

387 3831 696 3901 appellata,
729 3831 938 3884 dicitur
989 3831 1189 3905 ἒςπερος
1219 3833 1408 3885 Graece
1437 3831 1506 3884 ab
1547 3847 1612 3885 eo
1661 3831 1812 3902 quod
1839 3832 1926 3886 illi
1983 3835 2079 3887 he-

387 3936 636 3990 speram,
669 3936 770 3974 nos
825 3935 1098 3973 conversa
1141 3919 1544 3989 aspirationem
1577 3921 1636 3973 in
1665 3936 1716 3987 υ,
1779 3937 2076 3991 vesperam

385 4023 656 4061 vocamus
687 4023 701 4061 :
737 4006 1010 4078 quoniam
1063 4011 1191 4077 post
1222 4005 1576 4061 occidentem
1610 4008 1795 4062 luceat
1826 4009 2080 4063 occidat-

386 4112 497 4167 que
533 4113 545 4150 :
607 4096 830 4150 Lucifer
869 4100 1060 4150 autem
1109 4112 1296 4164 mane,
1342 4112 1470 4149 cum
1502 4097 1773 4166 praecedit
1801 4096 2081 4152 orientem

385 4186 583 4252 solem,
620 4190 675 4239 et
721 4190 990 4256 tanquam
1029 4185 1140 4238 dux
1187 4185 1310 4254 ejus
1343 4185 1486 4238 ferat
1513 4185 1717 4239 lucem.
1767 4188 2076 4241 AGRICOLA.

377 4293 380 4300 ν
457 4273 642 4345 Ortus]
673 4275 815 4339 Quia
853 4274 1009 4329 varia
1055 4274 1294 4328 nomina
1332 4278 1489 4328 ortus
1525 4277 1580 4328 et
1622 4290 1853 4328 occasus
1895 4281 2075 4331 astro-

2199 524 2408 591 turque
2440 524 2655 574 astrum
2686 521 2790 575 sub
2823 519 2994 574 radiis
3048 536 3190 587 esse,
3223 520 3429 574 deinde
3456 525 3733 592 postquam
3775 527 3838 579 sol

2170 625 2533 691 _progressus
2565 614 2648 664 est
2679 609 2829 663 ultra
2860 609 3184 680 quindecim
3221 613 3336 676 aut,
3362 614 3425 663 ut
3479 610 3647 663 Plinio
3669 613 3840 683 placet,

2200 700 2470 754 undecim
2519 699 2744 769 gradus,
2797 703 2933 752 tunc
3016 699 3220 769 incipit
3286 714 3572 769 emergere
3633 717 3660 752 e
3701 702 3840 756 radiis

2201 794 2422 843 astrum
2454 794 2509 843 et
2532 805 2808 859 apparere
2839 805 3004 842 mane
3029 794 3158 842 ante
3190 789 3468 842 orientem
3491 790 3678 854 solem,
3708 790 3841 862 isque

2201 883 2437 932 vocatur
2467 883 2700 932 exortus
2747 877 3081 931 matutinus.
3121 877 3357 940 Quando
3407 879 3593 931 autem
3623 879 3696 930 sol
3734 895 3842 948 pro-

2204 983 2430 1038 gressus
2476 971 2560 1021 est
2601 983 2782 1038 usque
2823 967 2893 1021 ad
2950 967 3161 1037 gradus
3208 972 3436 1020 centum
3490 968 3758 1036 oztoginta
3793 969 3844 1022 ab

2203 1064 2376 1126 astro,
2409 1062 2544 1112 tunc
2576 1057 2870 1128 oppositus
2893 1056 3099 1110 dicitur
3147 1061 3316 1122 astro,
3352 1059 3477 1126 post
3506 1055 3563 1108 id
3591 1072 3709 1110 vero
3736 1073 3841 1128 pro-

2203 1163 2428 1219 gressus
2463 1146 2790 1218 quindecim
2827 1146 3039 1216 gradus
3079 1150 3206 1216 post
3227 1146 3581 1199 occidentem
3611 1147 3847 1200 solemin-

2203 1236 2343 1306 cipit
2373 1236 2511 1290 oriri
2543 1240 2780 1296 astrum,
2816 1235 2980 1306 isque
3013 1241 3242 1289 vocatur
3263 1239 3488 1289 exortus
3518 1234 3843 1304 vespertinus.

2205 1327 2419 1381 Rursus
2453 1326 2922 1396 appropinquans
2961 1329 3130 1391 astro,
3171 1340 3300 1378 cum
3329 1324 3526 1394 incipit
3549 1325 3615 1378 ad
3643 1324 3846 1394 quinde-

2203 1416 2314 1470 cim
2346 1416 2558 1486 gradus
2592 1415 2879 1482 accedere,
2932 1415 3075 1468 illud
3120 1420 3352 1467 vocatur
3405 1429 3630 1466 occasus
3661 1431 3842 1485 vesper-

2205 1506 2379 1572 tinus,
2418 1505 2692 1575 quoniam
2716 1505 3007 1558 occidente
3035 1505 3151 1558 sole
3184 1504 3238 1557 id
3271 1508 3485 1556 astrum
3517 1503 3753 1572 proxime
3782 1521 3847 1558 oc-

2205 1594 2374 1649 cidat.
2411 1595 2725 1662 Postremo,
2759 1611 2888 1648 cum
2937 1594 3142 1664 incipit
3200 1610 3396 1647 rursus
3441 1593 3525 1645 sol
3566 1593 3844 1662 quindecim

2205 1681 2418 1750 gradus
2479 1681 2744 1734 accedere
2803 1681 2872 1734 ad
2918 1680 3340 1751 oppositionem
3393 1679 3696 1749 proximos,
3745 1681 3868 1750 quia.

2133 1749 2171 1802 Β
2203 1773 2336 1824 tunc
2367 1767 2586 1822 oriente
2616 1770 2730 1822 sole
2749 1769 2804 1822 id
2844 1772 3056 1823 astrum
3095 1773 3451 1838 postremum
3485 1767 3701 1821 videtur
3733 1769 3845 1821 occi-

2200 1860 2354 1927 dere,
2391 1858 2598 1913 dicitur
2630 1875 2858 1913 occasus
2897 1857 3232 1912 matutinus.
3289 1858 3351 1911 In
3406 1858 3616 1911 Venere
3646 1863 3695 1912 et
3740 1858 3847 1912 Mer-

2200 1949 2358 2003 curio
2383 1948 2594 2003 rectius
2623 1949 2752 2020 quis
2780 1952 2939 2001 ortus
2961 1947 3311 2018 vespertinos
3349 1951 3406 2000 et
3449 1963 3673 2000 occasus
3702 1953 3846 2002 matu-

2201 2037 2359 2108 tinos:
2405 2039 2687 2092 vocaverit
2727 2035 3074 2091 emersiones
3135 2041 3191 2090 et
3251 2036 3696 2091 occultationes:
3743 2038 3847 2108 quia

2202 2142 2425 2198 semper
2467 2132 2896 2198 prosequuntur
2943 2125 3048 2180 ista
3091 2126 3204 2180 duo
3254 2127 3457 2194 solem,
3496 2130 3552 2180 et
3594 2126 3673 2179 illi
3700 2127 3848 2180 adhae-

2202 2221 2356 2284 rent;
2391 2217 2491 2271 sed
2525 2217 2755 2284 quando
2777 2232 2942 2270 mane
2977 2215 3264 2286 incipiunt
3293 2231 3591 2286 emergere
3622 2231 3680 2268 ex
3711 2215 3847 2269 radiis

2201 2310 2256 2360 et
2281 2321 2580 2375 apparere,
2630 2304 2898 2358 dicuntur
2945 2303 3084 2358 oriri
3138 2308 3269 2357 ortu
3309 2303 3636 2357 matutino:
3685 2319 3846 2356 rursus

2201 2394 2431 2464 quando
2458 2393 2700 2447 redeunt
2721 2409 2887 2446 mane
2906 2392 2973 2446 ad
2998 2392 3268 2458 solem,et
3294 2396 3500 2461 parent
3529 2390 3846 2445 occultat-idi-

2200 2488 2408 2536 cuntur
2434 2482 2690 2536 occidere
2714 2499 2914 2536 occasu
2938 2482 3251 2551 matutino;
3280 2481 3547 2534 similiter
3575 2485 3627 2535 et
3656 2495 3845 2549 vespere

2201 2571 2578 2640 emergentia,
2638 2571 2776 2625 oriri
2823 2577 2878 2624 et
2918 2571 3211 2624 redeuntia
3263 2571 3369 2624 sub
3417 2570 3603 2624 radios
3631 2567 3845 2623 occidere

2201 2659 2471 2714 dicuntur
2507 2677 2518 2714 :
2553 2664 2609 2714 et
2639 2661 2746 2713 hoc
2778 2664 2861 2712 est
2891 2659 3043 2730 quod
3075 2659 3166 2712 hic
3191 2659 3325 2713 dicit
3355 2660 3584 2713 Boetius
3615 2658 3739 2712 oriri
3767 2659 3845 2709 Ve-

2199 2767 2396 2804 nerem
2447 2749 2688 2820 vesperi,
2747 2750 2796 2804 id
2849 2753 2933 2803 est
2981 2749 3232 2820 incipere
3259 2766 3538 2820 apparere
3577 2758 3690 2820 post
3725 2747 3845 2800 occi-

2198 2837 2430 2893 dentem
2460 2839 2658 2903 solem,
2693 2854 2866 2908 quam
2901 2838 3335 2908 explicationem
3371 2837 3693 2907 diligentius
3721 2844 3846 2890 nola-

2197 2931 2276 2995 to,
2311 2927 2586 2999 quoniam
2619 2927 2817 2980 crebra
2846 2927 3016 2997 hujus
3049 2927 3127 2980 rei
3160 2927 3376 2981 mentio
3405 2928 3554 2997 apud
3609 2927 3844 2980 litteratos

2198 3022 2300 3083 est,
2335 3022 2388 3071 et
2419 3033 2547 3070 raro
2571 3017 2705 3070 satis
2737 3021 2930 3071 exacte
2961 3016 3258 3086 explicata.
3297 3021 3601 3073 Aumcom.

2270 3106 2539 3175 [Iubmus]
2589 3106 2832 3159 Habenze
2879 3106 2950 3159 ab
2999 3105 3283 3175 habendo,
3327 3107 3388 3160 id
3434 3111 3519 3160 est
3567 3103 3840 3166 retinendo,

2161 3207 2164 3210 ‘
2196 3196 2485 3262 dicuntur,
2515 3194 2652 3266 quia
2695 3195 2827 3265 equi
2873 3195 2986 3248 illis
3027 3195 3406 3250 cohibeantur
3437 3202 3491 3250 et
3539 3197 3838 3249 teneantur:

2195 3285 2288 3340 hic
2318 3284 2561 3354 ﬁgurate
2585 3300 2691 3354 pro
2719 3283 2919 3338 ordine
2951 3291 3048 3337 ant
3081 3301 3248 3338 cursu
3280 3287 3539 3356 ponitur.
3588 3287 3839 3338 AGmcors.

2266 3372 2612 3446 Frondiﬂuae]
2698 3373 2842 3438 Quia
2902 3374 3130 3428 frondes
3174 3375 3244 3428 ab
3309 3374 3607 3429 arboribus
3679 3372 3838 3425 tluant.

2194 3465 2492 3519 AGlthOLA.

2264 3551 2501 3624 Brumae]
2534 3555 2744 3609 Bruma
2790 3569 2823 3606 a
2853 3552 3128 3608 brevitate
3163 3553 3312 3608 dicta
3357 3559 3467 3624 est,
3492 3552 3746 3625 quoniam
3791 3564 3842 3601 ea

2191 3643 2364 3697 totius
2421 3641 2557 3696 anni
2604 3641 2939 3696 brevissima
2969 3643 3058 3710 sit,
3093 3643 3238 3698 sicut
3277 3644 3590 3698 solstitium
3628 3637 3843 3711 longissi-

2193 3749 2288 3786 ma
2318 3731 2460 3798 dies,
2495 3736 2689 3786 auctor
2727 3737 2810 3786 est
2833 3731 3064 3788 Plinius.
3097 3735 3402 3788 Acmcou.

2263 3821 2463 3890 zEstas]
2489 3821 2572 3874 Ab
2602 3826 2768 3888 testu,
2800 3821 2860 3876 id
2889 3826 2973 3877 est
2998 3823 3205 3885 calore,
3247 3823 3398 3876 dicta
3448 3827 3550 3876 est.
3583 3824 3837 3876 AGRICOLA.

2261 3907 2473 3980 Agiles]
2532 3911 2766 3980 Proprie
2811 3912 3146 3981 negotiosos
3185 3911 3448 3980 dicimus,
3526 3911 3621 3982 qui
3662 3905 3839 3979 aliquid

2191 4001 2390 4069 agunt.
2422 4000 2611 4066 Horat,
2643 3999 2705 4053 in
2725 4016 2744 4054 ι
2768 4000 2942 4070 Epist.
2983 4018 2996 4055 :

2315 4098 2465 4146 Nunc
2492 4097 2643 4160 agilis
2671 4097 2764 4160 ﬁo,
2783 4103 2834 4147 et
2860 4112 3038 4150 versor
3069 4099 3312 4148 civilibus
3339 4099 3517 4148 undis.

2193 4185 2290 4242 Hic
2317 4202 2421 4258 pro
2453 4187 2624 4242 celeri
2655 4187 2910 4257 ponitur.
2934 4193 3234 4244 Acmcom.

2261 4275 2455 4349 Horas]
2501 4279 2645 4331 Hora
2673 4279 2931 4332 Graecum
2965 4283 3068 4333 est.
3101 4281 3419 4334 AGRICOLA.

383 4379 512 4418 rum
560 4364 713 4434 apud
742 4369 1004 4418 auctores
1067 4363 1462 4431 inveniuntur,
1508 4364 1663 4416 locus
1715 4364 1939 4419 videtur
1978 4383 2078 4421 ex-
2119 4337 2160 4389 Β
2262 4368 2476 4438 Boreas]
2511 4367 2720 4420 Ventus
2770 4372 2853 4422 est
2881 4367 3031 4423 inter
3063 4368 3520 4440 septentrionem
3579 4369 3632 4420 et
3682 4367 3837 4418 ortum

382 4470 636 4524 poscere,
683 4459 746 4508 ut
795 4454 992 4524 paucis
1047 4455 1100 4507 et
1154 4468 1327 4523 quam
1381 4452 1714 4507 brevissime
1747 4471 2074 4524 possumus,

383 4559 508 4596 eam
539 4559 661 4596 rem
697 4542 1042 4611 aperiamus.
1067 4543 1212 4594 Ante
1237 4541 1431 4595 omnia
1467 4557 1603 4612 ergo
1623 4542 1868 4597 sciamus
1909 4561 2076 4616 opor-

381 4635 483 4695 tet,
517 4631 772 4700 duplices
795 4647 914 4684 esse
963 4635 1119 4685 ortus
1141 4635 1196 4685 et
1229 4646 1458 4684 occasus
1489 4635 1792 4699 astrorum,
1829 4649 2076 4703 quorum

381 4719 478 4773 alii
525 4720 802 4773 mundani
825 4724 1120 4786 vocantur,
1162 4719 1259 4774 alii
1286 4720 1516 4776 solares.
1570 4721 1887 4776 Mundanus
1919 4727 2076 4778 ortus

381 4813 486 4875 est,
519 4809 741 4878 quoties
779 4813 998 4864 astrum
1054 4810 1246 4864 voluto
1276 4811 1416 4865 coelo
1459 4811 1660 4882 incipit
1684 4811 1873 4865 efferri
1904 4829 2076 4882 supra

377 4901 612 4964 terram,
649 4901 714 4950 ut
767 4897 1018 4968 conspici
1064 4916 1095 4952 a
1135 4900 1300 4954 nobis
1352 4900 1459 4954 nisi
1491 4900 1573 4954 sol
1613 4901 1816 4968 obstet,
1850 4901 2026 4970 possit
2058 4918 2070 4955 :

379 4992 577 5040 contra
607 5002 834 5040 occasus
885 4991 986 5053 est,
1021 4989 1251 5058 quando
1309 4993 1524 5043 astrum
1569 4990 1846 5044 occulitur
1880 5006 2074 5044 rursus

379 5075 449 5130 ad
481 5076 838 5130 occidentem
889 5077 994 5130 sub
1044 5081 1218 5145 terra,
1252 5082 1307 5132 et
1339 5079 1593 5150 aspectui
1634 5083 1828 5134 nostro
1860 5080 2077 5135 subtra-

375 5164 533 5220 hitur
559 5169 614 5220 et
651 5164 710 5220 hi
735 5170 889 5219 ortus
920 5170 976 5219 et
1004 5183 1236 5222 occasus
1283 5167 1548 5222 omnibus
1591 5169 1756 5223 astris
1815 5169 2073 5240 quotidie

376 5259 612 5326 propter
671 5254 958 5326 integram
1015 5256 1142 5310 caeli
1209 5258 1642 5312 conversionem
1709 5259 2070 5329 contingunt.

375 5344 586 5398 Solaris
617 5349 810 5398 autem
862 5350 1022 5398 ortus
1053 5350 1110 5399 et
1137 5361 1390 5412 _occasus
1418 5349 1614 5417 quales
1645 5353 1794 5414 sunt,
1847 5347 1926 5400 sic
1970 5349 2072 5402 lia-

378 5430 552 5486 beto:
619 5434 700 5486 sol
749 5434 1211 5504 quandocunque
1269 5433 1504 5504 aliquod
1565 5441 1782 5491 astrum
1835 5438 2072 5509 propius

378 5520 706 5590 quindecim
760 5523 1038 5592 partibus,
1071 5523 1159 5577 vel
1198 5523 1284 5590 (ut
1325 5523 1496 5592 vulgo
1529 5525 1837 5595 loquimur)
1887 5527 2073 5596 gradi-

376 5606 482 5664 bus
503 5609 746 5681 alicujus
785 5611 937 5682 signi
977 5611 1352 5682 conjunctum
1368 5611 1454 5666 illi
1487 5617 1590 5682 est,
1624 5619 1760 5670 tunc
1787 5617 2071 5688 magnitu-

2187 4455 2324 4510 solis
2356 4455 2634 4523 aestivum,
2686 4457 2786 4527 qui
2827 4458 3022 4512 Latine
3063 4458 3272 4528 Aquilo
3316 4458 3546 4514 dicitur.
3577 4459 3834 4510 Acmcou.

2255 4543 2547 4614 Zephyrus]
2604 4543 2785 4606 Quem
2837 4544 3032 4600 Latine
3073 4546 3386 4600 Favonium
3459 4545 3706 4611 dicimus,
3758 4540 3838 4594 ﬂat

2187 4632 2258 4686 ab
2288 4648 2489 4686 occasu
2520 4631 2920 4702 aequinoctiali.
2947 4636 3250 4690 Acmcou.

2256 4722 2548 4792 Arcturus]
2608 4722 2817 4790 (ira-ce,
2860 4723 3268 4795 interpretatur
3295 4741 3441 4780 urszn
3482 4725 3670 4790 cauda,
3708 4719 3836 4774 sidus

2188 4813 2272 4864 est
2301 4811 2457 4881 quod
2502 4811 2801 4866 Novembri
2858 4829 3056 4869 mense
3107 4818 3336 4870 exortus
3380 4814 3682 4870 matutinos
3727 4807 3836 4864 facit

2186 4900 2413 4971 quando
2436 4900 2700 4969 agricolae
2731 4907 2944 4956 serunt.
2969 4905 3272 4959 AGRICOLA.

2256 4989 2475 5044 Semina
2511 4995 2561 5045 et
2589 4989 2805 5063 segetes]
2849 4993 3147 5061 Diﬁ‘erunt,
3183 4993 3456 5065 quoniam
3488 4992 3695 5048 semina
3729 4987 3835 5040 sunt

2184 5094 2252 5132 ea
2295 5095 2422 5150 quia
2455 5080 2694 5134 serendo
2720 5080 2779 5134 in
2817 5097 2981 5153 agros
3019 5092 3318 5154 spargunt,
3356 5088 3572 5154 segetes
3625 5095 3698 5136 ea:
3727 5076 3836 5130 sunt

2186 5183 2310 5239 quae
2341 5183 2408 5221 ex
2431 5168 2746 5224 seminibus
2785 5170 2844 5223 in
2873 5187 3010 5241 agro
3044 5177 3377 5228 nascuntur.
3414 5171 3632 5227 Persius
3664 5185 3674 5222 :

2311 5265 2468 5328 Seges
2497 5266 2663 5316 altera
2688 5268 2740 5316 in
2772 5267 2935 5318 herba
2963 5272 3058 5318 est.

2181 5354 2480 5410 Acmcoui.

2253 5443 2473 5516 Sirius]
2515 5446 2688 5500 Stella
2743 5462 2809 5502 ea
2847 5450 2930 5501 est
2995 5464 3170 5519 quam
3217 5447 3530 5504 caniculam
3577 5452 3831 5502 vocamus,

2182 5548 2311 5602 quae
2352 5535 2660 5589 matutinos
2685 5540 2846 5592 ortus
2867 5537 2928 5593 in
2956 5538 3108 5594 Julio
3141 5539 3294 5606 facit,
3327 5555 3456 5595 cum
3486 5525 3834 5593 maturescunt

2181 5625 2417 5692 segetes.
2440 5625 2749 5680 Acmeom.
