4054 6184
150 269 265 319 937

149 508 290 562 que,
324 498 424 567 qui
456 498 659 570 cuique
697 504 944 562 tributus
977 514 1173 569 aut‘ad
1213 519 1607 579 excubandum
1647 498 1870 584 aut-de-

147 581 515 643 fendendum
546 596 686 646 erat.
744 595 1131 659 Quintilianus
1161 604 1219 659 in
1258 608 1430 665 Milite
1485 581 1870 674 Marianos—Evt

147 672 224 726 ab
263 676 553 747 assignate
580 683 824 739 statione
870 689 1032 745 miles
1072 692 1399 768 abducitur,
1432 699 1643 757 dicitur
1674 672 1867 762 autem

149 766 208 814 et
239 763 426 834 locus,
460 767 517 821 in
543 786 656 841 quo
687 774 817 845 quis
846 775 1019 834 homo
1046 782 1133 836 vel
1165 800 1255 839 res
1288 789 1569 846 consistit.
1600 793 1867 866 Virgilius

146 854 210 906 in
246 871 285 907 η
315 855 541 914 lEueid.
572 876 585 917 :

275 944 431 995 Nunc
462 951 670 1001 tantum
699 954 867 1017 sinus,
894 959 946 1007 et
969 962 1126 1012 statio
1153 964 1397 1018 maleﬁda
1433 972 1645 1023 carinis.

142 1033 501 1091 Acnrcom.

220 1122 423 1178 Omnia
492 1132 632 1183 certo
678 1133 802 1199 ﬁne,
864 1137 968 1189 etc.
1020 1135 1036 1208 ]
1079 1139 1319 1210 Indocti,
1375 1162 1619 1217 quorum
1673 1153 1867 1209 omnia

143 1225 385 1281 semper
437 1222 569 1271 sunt
620 1220 815 1288 plena,
856 1222 964 1277 hoc
992 1225 1118 1281 loco
1151 1230 1412 1289 Boetium
1444 1241 1864 1310 reprehendere

140 1301 352 1369 solent,
392 1306 551 1374 quasi
581 1324 698 1361 non
729 1311 863 1365 satis
902 1319 1053 1369 recte
1088 1322 1144 1371 et
1172 1320 1344 1391 digne
1380 1327 1703 1385 Christiano
1736 1333 1858 1388 viro

145 1391 415 1446 senserit.
442 1394 584 1449 Cum
626 1398 779 1453 enim
811 1401 960 1456 dicat
993 1405 1238 1477 Boetius,
1273 1414 1565 1472 Hominum
1604 1422 1741 1476 solos
1782 1440 1863 1479 re-

143 1482 301 1547 spuis
356 1487 527 1551 actus,
578 1485 1033 1560 interpretantur
1082 1498 1245 1567 quasi
1276 1502 1411 1557 velit
1445 1506 1633 1564 dicere
1680 1512 1861 1566 Deum

143 1585 238 1622 res
294 1570 581 1628 humanas
623 1582 781 1632 extra
811 1596 1007 1637 curam
1055 1601 1215 1641 suam
1247 1592 1528 1662 posuisse,
1561 1614 1747 1670 neque
1778 1618 1861 1655 re-

140 1673 283 1727 gere
318 1676 495 1730 opera
521 1663 827 1723 hominum
868 1687 971 1725 sua
1019 1676 1383 1743 providentia
1420 1699 1588 1738 :cum
1636 1688 1860 1745 Boetius

140 1763 263 1801 non
294 1748 356 1803 id
391 1750 557 1820 dicat,
590 1756 687 1810 sed
721 1759 907 1814 solum
942 1760 1217 1835 deploret,
1272 1771 1424 1839 quod
1468 1775 1660 1829 omnia
1702 1783 1856 1834 recto
1898 1749 1938 1801 Β
1966 1775 2281 1833 AGRICOLA.

141 1837 347 1893 ordine
380 1848 670 1913 regantur,
722 1851 777 1901 et
810 1864 925 1903 non
958 1858 1172 1922 errent,
1208 1872 1396 1929 neque
1444 1869 1701 1932 peccent,
1752 1870 1857 1923 soli

139 1925 375 1981 homini
423 1930 552 1985 data
586 1938 834 2003 potestas
880 1944 962 1993 est
990 1940 1136 1997 bene
1180 1949 1235 1999 et
1264 1925 1413 2003 male
1444 1925 1716 2021 faciendi,
1764 1958 1857 2013 id-

140 2031 257 2085 que
293 2033 413 2071 non
453 2023 535 2073 est
579 2022 812 2079 difficile
841 2027 1033 2083 videre
1074 2048 1139 2086 ex
1172 2049 1237 2088 eo
1269 2038 1422 2107 quod
1446 2039 1507 2093 in
1546 2042 1656 2096 ﬁne
1686 2045 1856 2117 hujus

137 2106 417 2160 carminis
450 2108 603 2178 dicit,
652 2116 707 2166 et
761 2131 875 2185 quo
929 2118 1137 2175 caelum
1174 2124 1345 2194 regis,
1383 2132 1514 2193 etc.,
1545 2133 1707 2203 cujus
1740 2152 1855 2191 non

137 2198 222 2247 est
265 2195 415 2249 alius
448 2214 664 2266 sensus,
700 2217 871 2272 quam
921 2207 1043 2276 ejus
1095 2213 1251 2280 quod
1282 2216 1534 2284 quotidie
1580 2236 1850 2280 oramus:

138 2282 263 2337 Fiat
294 2286 560 2341 voluntas
585 2292 700 2356 tua,
725 2291 867 2347 sicut
888 2294 947 2348 in
972 2298 1113 2351 ccelo
1144 2304 1200 2354 et
1224 2300 1283 2355 in
1307 2308 1475 2359 terra.
1509 2310 1848 2369 AGRICOLA.

212 2373 536 2447 Gubernas]
591 2379 853 2436 Guberno
896 2402 925 2437 a
957 2386 1151 2443 Graeco
1201 2390 1462 2466 κυϐερνάω
1508 2397 1661 2468 dicit,
1701 2405 1851 2473 quod

138 2461 298 2516 idem
332 2463 638 2534 signiﬁcat.
670 2471 1003 2530 AGRICOLA.

206 2553 487 2625 Respuisj
535 2556 596 2609 Id
646 2563 731 2612 est
766 2576 1015 2629 recusas,
1074 2567 1316 2637 spernis,
1370 2574 1586 2643 renuis,
1650 2584 1850 2651 estque

138 2641 431 2696 sordidior
450 2646 768 2702 translatio.
795 2651 878 2704 AG
892 2666 1142 2709 RICOLA.

206 2731 506 2787 Lubricum
535 2734 552 2803 ]
584 2738 631 2788 Λ
660 2737 891 2806 luendo,
923 2740 980 2795 id
1020 2746 1105 2798 est
1133 2745 1377 2802 lavando
1414 2751 1649 2823 dictum,
1692 2760 1850 2815 unde

136 2823 190 2873 et
230 2821 474 2876 delubra
526 2823 813 2894 dicuntur,
864 2829 923 2884 id
973 2838 1058 2887 est
1094 2837 1343 2907 templa:
1397 2821 1674 2912 quoniam
1718 2863 1847 2917 quae

135 2908 275 2977 luta,
314 2910 371 2965 id
406 2917 491 2966 est
515 2915 833 2971 madefacta
873 2925 1024 2986 sunt,
1061 2923 1280 2980 lubrica
1328 2908 1460 2985 sint.
1504 2908 1842 2992 AGRICdLA.

194 3000 382 3054 Noxia
410 3000 427 3070 ]
468 3002 513 3055 Α
536 3005 797 3060 nocendo
825 3007 1053 3064 dicitur.
1088 3013 1427 3072 AGRICOLA.

194 3089 364 3142 Ρίεηα
394 3090 411 3159 ]
452 3092 499 3144 Α
537 3092 738 3162 punio,
763 3095 909 3151 sicut
935 3115 966 3151 a
997 3101 1197 3156 munio
1232 3106 1467 3160 moenia.
1508 3125 1831 3169 AGRICOLA.

194 3178 502 3251 Resident]
538 3182 643 3235 Pro
676 3184 879 3240 sedent
908 3188 1076 3242 metri
1104 3207 1291 3246 causa.
1331 3211 1660 3255 AGRICOLA.

197 3268 347 3323 Celso
377 3267 395 3338 ]
426 3271 474 3325 Α
504 3272 646 3325 cello
696 3274 873 3328 veteri
904 3277 1075 3331 verbo
1113 3279 1324 3335 dicitur
1354 3286 1556 3355 celsus,
1593 3290 1743 3344 unde
1781 3297 1837 3346 et

126 3356 339 3410 excello
373 3359 645 3427 excelsus,
696 3363 794 3416 sed
825 3365 1078 3433 procello
1111 3372 1404 3439 perculsus
1447 3374 1581 3429 facit
1614 3378 1829 3434 :dictu.

128 3460 237 3514 que
262 3446 445 3499 celsus
502 3452 607 3515 est,
660 3449 797 3520 quia
827 3452 1084 3523 cellatur,
1120 3457 1173 3511 id
1210 3464 1296 3513 est
1335 3462 1447 3517 alte
1492 3466 1828 3536 concitetur,

128 3535 882 3608 quemadmodumjaculum
906 3545 1192 3599 auttelum
1217 3549 1475 3606 missum.
1492 3556 1827 3612 AGRICOLA.

192 3622 386 3677 Justus
406 3624 420 3693 j
442 3625 634 3694 Ajure
666 3627 890 3697 dicitur,
916 3632 1053 3701 quia
1072 3634 1206 3689 facit
1232 3637 1289 3691 id
1317 3641 1466 3709 quod
1484 3641 1614 3711 jure
1636 3646 1833 3714 praeci-

126 3711 300 3780 pitur.
333 3714 431 3768 Jus
462 3719 653 3770 autem
684 3717 981 3787 ajubendo
1010 3722 1234 3785 dicitur,
1256 3727 1568 3799 quiajnssu
1592 3711 1829 3803 majoris

127 3802 421 3869 potestatis
464 3802 690 3872 jussum
738 3807 829 3861 sit.
875 3808 1114 3865 Sanctus
1175 3817 1367 3869 autem
1416 3834 1446 3870 a
1496 3821 1824 3888 sanciendo,

127 3891 395 3960 quoniam
443 3893 598 3962 quod
650 3900 908 3949 sanctum
953 3898 1045 3964 sit,
1106 3900 1165 3955 id
1203 3903 1413 3959 violare
1476 3924 1591 3962 non
1636 3910 1823 3978 liceat,

126 3996 372 4051 eumque
404 3981 711 4051 dupliciter
740 3983 981 4040 dicimus
1014 4004 1027 4041 :
1064 4005 1197 4045 nam
1243 3998 1500 4050 sanctum
1553 4014 1824 4057 vocamus

123 4068 457 4124 inviolatum
487 4086 519 4123 a
539 4071 711 4125 vitiis.
747 4074 1037 4131 Iuvenalis
1080 4095 1092 4133 :

245 4158 531 4221 Egregium
558 4165 905 4226 sanctumque
929 4164 1119 4215 virum.

128 4247 445 4318 Aliquando
472 4250 731 4318 dicimus,
787 4251 875 4305 cui
919 4269 1038 4307 non
1087 4255 1221 4311 licet
1264 4258 1376 4313 vim
1408 4260 1554 4330 ﬁeri,
1586 4264 1665 4320 sic
1694 4283 1822 4322 san-

1150 289 1543 350 MURMELLII
1587 299 1665 352 ET
1705 304 2080 363 AGRICOL/E
2121 310 2644 376 COMMENTARIA.

227 406 501 464 Stationis
539 410 561 481 j
592 412 771 469 Statio
815 418 969 473 locus
1010 421 1069 477 in
1100 429 1297 481 castris
1344 432 1639 489 dicebatur
1670 440 1868 508 cujus—
1906 445 1952 495 A

3573 350 3677 405 938

2166 449 2324 498 Ferru
2335 467 2488 516 mque
2515 472 2719 509 armare
2747 476 2969 514 veneno.

1976 525 2185 581 Verum
2235 530 2340 586 hoc
2362 536 2672 593 modestius
2718 547 2802 596 est
2843 562 2855 598 :
2916 563 3047 602 nam
3095 562 3416 623 serpentem
3464 581 3681 624 veneno

1976 621 2258 672 armatum
2311 638 2427 677 non
2466 625 2657 698 inepte
2688 631 2929 689 dicimus
2962 654 2975 703 ;
3028 641 3127 695 sed
3165 653 3455 717 comptum
3506 672 3678 726 quem

1979 704 2154 726 --1-_--
2616 718 2629 726 ⁸
2724 725 2727 726 ⁷
2886 725 2890 726 ⁷

1975 704 2180 772 colore,
2231 726 2434 780 parum
2484 718 2803 785 prudenter
2864 725 3094 784 dixeris.
3160 733 3306 790 Sane
3361 704 3682 815 Theophra-

1979 796 2231 815 φυηρ
2331 801 2339 810 .
2522 805 2556 815 ,.
2948 814 2953 815 κ

1977 796 2095 847 stus
2126 812 2243 851 non
2295 801 2418 856 sine
2451 805 2672 863 ratione
2712 814 2987 885 praecepit
3042 822 3476 886 translationem
3513 796 3678 893 rvere-

1974 883 2217 940 cundam
2251 905 2369 944 esse
2402 892 2627 951 debere.
2663 899 2972 959 AGRICOLA.

1973 1075 2067 1114 sus
2124 1063 2343 1136 legunt,
2394 1075 2460 1126 ut
2506 1082 2777 1132 nocentes
2828 1081 3090 1140 dicantur
3130 1094 3381 1159 gaudere
3431 1102 3677 1163 subdere

1973 1165 2225 1207 summos
2263 1173 2444 1228 reges,
2500 1162 2677 1234 fitque
2721 1167 2964 1239 frigidus
3006 1174 3091 1245 (ut
3120 1179 3364 1255 videtur)
3392 1193 3449 1243 et
3478 1162 3675 1251 absur;

1972 1238 2078 1293 dus
2111 1258 2308 1298 sensus
2338 1251 2581 1307 :rectius
2605 1255 2712 1309 erit
2744 1274 2880 1330 ergo
2912 1267 2976 1315 ut
3004 1264 3244 1338 legatur,
3276 1273 3504 1335 fortuna
3531 1299 3675 1353 gau-

1976 1328 2063 1353 A-‘
2098 1331 2328 1353 ---ιλ-μμ

1972 1328 2066 1381 det
2095 1331 2335 1389 subdere
2367 1353 2622 1396 summos
2652 1362 2832 1416 reges,
2869 1366 2997 1405 cum
3030 1354 3199 1411 libuit
3227 1361 3278 1415 ei
3320 1367 3402 1419 uti
3432 1328 3671 1441 viribus,

1972 1418 2273 1441 --_:L_1-_.-.
2542 1431 2555 1441 ‘
2602 1436 2610 1441 ‘

1971 1418 2363 1493 scribaturque
2409 1431 2635 1499 gaudet,
2690 1452 2801 1489 non
2851 1440 3121 1508 gaudent.
3178 1418 3671 1521 Duplicemﬂe-niui

1969 1510 2284 1576 potentiam
2320 1513 2561 1572 fortuna:
2590 1526 2839 1580 ostendit
2875 1544 2888 1581 :
2920 1530 3170 1599 primum
3198 1510 3364 1597 do.cet
3394 1510 3672 1616 quant—um

2044 1866 2184 1920 Vilis
2218 1866 2232 1938 ]
2270 1868 2330 1923 Id
2392 1874 2476 1925 est
2525 1860 3004 1950 contemnendus,
3041 1887 3203 1945 facile
3234 1899 3507 1964 parabilis
3541 1921 3554 1959 :
3590 1907 3671 1964 sic

1965 1950 2205 2008 dicimus
2253 1956 2609 2018 frumentum
2657 1967 2785 2037 vile,
2820 1975 3047 2040 quando
3099 1983 3328 2040 modico
3380 1993 3665 2053 venditur.

1963 2039 2159 2097 Horat.
2188 2060 2201 2099 :

2149 2131 2277 2181 Vilis
2303 2136 2596 2189 amicorum
2615 2145 2694 2191 est
2712 2157 2927 2198 annona
2943 2151 3114 2215 bonis,
3140 2159 3228 2209 ubi
3257 2165 3382 2226 quid
3404 2168 3569 2224 deest.

1962 2210 2281 2267 Acmcom.

2031 2300 2199 2372 Salo]
2233 2302 2427 2359 Salum
2459 2323 2614 2365 mare
2648 2311 2875 2386 dicitur,
2901 2336 2934 2374 a
2964 2323 3079 2379 sale
3101 2326 3445 2405 dictumjest.
3478 2342 3665 2402 AGRI-

1962 2400 2132 2442 COLA.

2029 2478 2368 2537 Immensum.
2402 2482 2419 2555 ]
2450 2487 2495 2540 A
2545 2490 2768 2560 metior,
2817 2500 2969 2567 quod
3001 2517 3263 2565 mensum
3300 2512 3451 2572 facit.
3486 2523 3662 2580 Acm-

1960 2579 2125 2621 COLA.

1955 2743 2401 2804 Archilochium.
2456 2753 2549 2807 Est
2602 2762 2794 2815 autem
2844 2774 3274 2848 anapaesticum,
3322 2744 3654 2859 dimetium,

1958 2834 2317 2859 ..λιιι-1,...ιημ
2380 2839 2467 2859 02,,
2505 2843 2536 2859 ’1
2673 2851 2682 2859 .
2718 2849 2793 2859 ι...

1957 2834 2342 2892 acatalectum.
2379 2839 2575 2897 Simile
2607 2851 2690 2901 est
2713 2849 2797 2905 illi
2827 2867 2841 2907 :

2203 2923 2433 2987 Adytum
2465 2930 2678 2984 Veneris
2708 2937 2831 3002 fuge
2860 2944 3007 3008 virgo
3041 2963 3218 3014 sagax.

1958 3000 2021 3054 Et
2047 2999 2131 3055 illi
2161 3002 2387 3060 Senecae
2421 3024 2435 3062 :

2194 3101 2309 3184 .rlam
2341 3118 2459 3184 rara
2487 3109 2685 3184 micant
2708 3116 2881 3169 sidera
2909 3136 3078 3184 prono

2194 3164 2466 3256 tinguitis;
2498 3175 2717 3242 mundo,
2750 3164 2856 3229 nox
2889 3164 3213 3256 victamvagos

2224 3239 2300 3256 _nn
2331 3242 2383 3256 “ﬂ
2432 3245 2441 3256 '
2501 3247 2645 3256 “"""‘-
2687 3254 2695 3256 “
2741 3240 2769 3256 1⁷
3023 3254 3028 3256 Α

2194 3225 2470 3313 Ξίέρξξδᾘξῑε
2484 3233 2647 3313 ξεηβε
2667 3225 2715 3313 ¹τ’
2740 3225 2856 3313 luce
2885 3225 3086 3313 iéiii'ia',

2194 3287 2346 3351 Cogit
2375 3287 2603 3345 nitidum
2633 3287 3196 3376 ριλοερῐιὸιῖὸἔὲξᾶιεη.

2019 3376 2162 3431 Totis
2178 3379 2416 3450 fratris]
2452 3384 2555 3439 Hic
2595 3404 2788 3446 versus
2822 3396 2901 3450 sic
2932 3399 3208 3472 legendus
3239 3416 3360 3471 est:

2145 3474 2285 3524 Totis
2312 3476 2489 3530 fratris
2514 3486 2565 3531 et
2594 3485 2749 3536 obvia
2769 3490 3010 3546 ﬂammis.

1939 3743 2095 3805 cunt,
2128 3742 2286 3796 aliud
2324 3748 2618 3819 astrologi.
2665 3756 2855 3812 Poeta:
2886 3742 3150 3825 asserunt
3199 3790 3314 3845 quo
3345 3742 3645 3840 dioniiuci-

1937 3825 2022 3880 fer
2048 3833 2179 3883 ante
2211 3830 2489 3889 orientem
2517 3839 2696 3895 solem
2726 3852 3014 3921 apparuit,
3049 3825 3250 3919 eodem
3285 3870 3639 3930 occidentem

1937 3916 2115 3971 solem
2133 3918 2421 3991 subsequi.
2456 3925 2568 3979 Hoc
2596 3934 2867 4006 astrologi
2890 3942 3124 4011 quidem
3154 3955 3355 4011 eodem
3394 3960 3484 4014 die
3515 3963 3638 4017 ﬁeri

1934 4021 2099 4075 posse
2130 4013 2361 4076 negant.
2390 4011 2661 4071 Fatentur
2703 4028 2894 4081 autem
2937 4032 3261 4097 Luciferum
3289 4049 3460 4103 modo
3492 4069 3638 4121 prae-

1935 4093 2130 4121 ΛΛᾹΑ..-
2173 4112 2337 4121 κομι..-
2371 4100 2540 4121 _..‘I__-
2730 4110 2745 4121 ι
2892 4117 2906 4121 -

1934 4093 2131 4148 cedere
2171 4112 2339 4151 mane
2370 4100 2568 4171 solem,
2616 4110 2784 4165 modo
2825 4117 3093 4192 subsequi
3120 4093 3509 4203 occidentem,1
3538 4143 3639 4196 sed

1940 4181 2165 4203 Jb”;
2224 4185 2320 4203 η,
2484 4191 2538 4203 η.

3010 4181 3029 4192 ⁵
3167 4181 3491 4203 ,__“-..-V...,
3538 4181 3636 4196 νυ..

1935 4181 2168 4236 diversis
2215 4185 2430 4242 diebus.
2484 4191 2547 4245 Et
2597 4202 2795 4264 poetas
2832 4204 3089 4267 fortassis
3131 4233 3195 4271 eo
3245 4224 3500 4291 potuisse
3537 4229 3636 4283 de-

3180 4270 3183 4271 .
3245 4270 3500 4291 rm..-“
3538 4270 3606 4283 μυ

1930 4270 2063 4341 cipi,
2102 4274 2252 4343 quod
2283 4291 2451 4332 mane
2488 4281 2807 4345 Luciferum
2837 4294 3129 4374 vidissent,
3173 4309 3512 4370 Mercurium
3544 4335 3635 4372 ve-

1933 4375 1995 4414 ro
2024 4365 2150 4431 post
2172 4363 2352 4419 solem
2384 4368 2757 4432 occidentem.
2794 4381 2973 4440 Cinna
3000 4388 3061 4445 in
3092 4363 3334 4467 Smyrna
3371 4418 3383 4455 :

2118 4460 2186 4553 gf
2208 4465 3043 4553 ﬁatut-ianusiieptemconspexit
3070 4490 3226 4553 Eous,

2115 4523 2177 4571 Et
2206 4524 2417 4576 ﬂentem
2450 4533 2606 4593 paulo
2642 4523 3382 4615 vidn'baét’iié'ép‘éi’i‘i’mem.

1929 4608 2201 4666 Horatius
2234 4629 2247 4667 :

2176 4702 2495 4781 "I‘luus‘emper
2520 4724 2673 4781 urges
2708 4719 2967 4774 flebilibus
2994 4731 3168 4781 modis

2400 4763 2417 4768 _
2584 4763 2614 4775 υ
2660 4763 2664 4764 ν
2708 4763 2967 4774 __-_---.,....
2994 4763 3168 4781 ωυυιο

2175 4763 2739 4858 glnyfrtf'nhad‘enmptum,
2770 4796 2867 4833 nec
2900 4789 2991 4838 tibi
3022 4806 3236 4858 vespere

2176 4824 2214 4911 Ξ
2216 4824 2339 4888 urge
2346 4832 2450 4911 ntej
2464 4833 2493 4879 d
2502 4824 2612 4911 eoi-nd
2623 4824 2718 4911 unt
2728 4824 2968 4911 ’a'ﬁiciré's",

2172 4888 2276 4936 Nec
2305 4892 2547 4953 rapidum
2578 4888 3021 4975 rugiéniEEcBié'in,

1927 4964 2196 5037 Virgilius
2230 4968 2299 5022 de
2326 4973 2470 5027 rosis
2506 4993 2519 5032 :

2049 5055 2947 5156 Quglgnglgigiggiceln‘tem‘rutilus
2971 5092 3245 5156 conspexit
3274 5094 3430 5156 Eous,

2141 5118 2286 5167 Hanc
2316 5123 2527 5177 rediens
2556 5118 3257 5205 ser52e‘s52i2"viiiii°§§iii£

1924 5196 2161 5251 Manlius
2191 5196 2253 5250 in
2285 5197 2432 5257 libro
2456 5207 2645 5276 primo
2675 5196 3117 5285 Αειιῐοηοωίροη
3150 5249 3163 5287 ε

2046 5287 2149 5381 1:80
2176 5288 2453 5363 matutinis
2482 5296 2707 5361 fulgeret
2740 5307 2945 5361 Lucifer
2973 5315 3138 5381 horis,

2094 5363 2309 5381 nam...”
2348 5370 2589 5381 ........-__-
2642 5365 2679 5381 ,Α
2709 5367 2721 5381 .
2824 5376 2831 5381 .
2946 5377 2955 5381 -
2994 5378 3004 5381 ,

2050 5349 2311 5412 Hesperiis
2346 5349 2593 5411 immersd
2625 5349 3175 5439 déaé-Zii’ifiii‘i‘difén
3202 5383 3423 5450 Olympo

1923 5426 2133 5487 Seneca
2163 5433 2223 5489 in
2258 5438 2562 5511 Hippolyto
2600 5460 2613 5497 :

2169 5524 2347 5598 Qualis
2378 5532 2455 5577 est
2483 5532 2679 5598 primas
2710 5540 2942 5592 referens
2974 5548 3219 5598 tenebras

2167 5586 2396 5659 Euntius
2425 5586 2610 5659 nectis,
2650 5586 3167 5659 modb'ibiﬁs'ifxiciis

2168 5648 2446 5728 Hesperps,
2477 5648 2645 5728 pulsis
2673 5648 2883 5715 uenia?
2897 5648 3126 5720 tenebris

2356 5714 2570 5771 Lucifer
2596 5722 2753 5775 idem.

127 4341 236 4391 ctos
258 4339 475 4410 legatos
505 4338 745 4394 dicimus
775 4345 829 4396 et
857 4343 1054 4415 Virgil.
1087 4361 1099 4399 :

525 4435 881 4502 Sanctamque
913 4445 1174 4491 senatum.
1859 4425 1902 4477 ί)

130 4515 180 4567 et
198 4514 486 4568 Iuvenalis
516 4531 529 4570 :

240 4602 502 4652 Praeterea
530 4608 773 4656 sanctum
808 4608 942 4658 nihil
975 4613 1071 4673 est,
1106 4613 1437 4678 aut’inguine
1462 4620 1663 4668 tutum.

127 4689 450 4747 AGRICOLA.

196 4779 281 4835 Nil
310 4778 329 4851 ]
362 4782 409 4834 Α
448 4779 592 4834 nihil
637 4798 743 4852 per
792 4800 1102 4858 syncopam
1153 4789 1413 4848 dictum:
1468 4794 1612 4851 sicut
1664 4797 1742 4852 mi
1787 4816 1820 4854 a

127 4867 278 4936 mihi,
306 4874 360 4923 et
385 4870 605 4940 prendo
647 4887 680 4925 a
705 4874 1020 4942 prehendo.
1056 4880 1394 4937 AGRICOLA.

195 4957 409 5028 Compta
433 4960 653 5030 colore]
687 4962 816 5016 Haec
846 4966 1141 5020 translatio
1172 4984 1379 5039 parum
1410 4971 1815 5046 circumspecte

128 5061 157 5098 a
189 5047 376 5102 Boetio
417 5048 565 5104 facta
596 5049 842 5121 videtur,
878 5053 1010 5108 licet
1040 5071 1264 5112 comere
1295 5074 1401 5129 pro
1434 5077 1637 5118 ornare
1686 5069 1817 5135 apte

127 5136 529 5205 transferatur;
583 5141 779 5193 tamen
844 5145 907 5195 ut
954 5143 1145 5198 colore
1198 5152 1493 5217 comptum
1535 5151 1812 5223 dicamus,

128 5238 235 5278 non
263 5226 546 5293 convenit,
581 5226 843 5299 fiuntque
878 5233 1153 5288 translata
1194 5234 1683 5308 hmfpugnantia,
1718 5246 1817 5298 aut

130 5312 447 5370 dissidentia
486 5316 638 5371 inter
694 5333 776 5388 se,
843 5319 1043 5375 fuisset
1093 5322 1245 5377 enim
1307 5326 1598 5383 cohaerens
1648 5331 1694 5384 si
1730 5333 1813 5387 di-

128 5402 287 5458 xisset
313 5404 490 5460 tincta
532 5406 745 5472 colore,
796 5412 1110 5477 utrumque
1141 5412 1295 5468 enim
1340 5416 1525 5472 adhuc
1566 5422 1815 5476 transla-

130 5494 241 5545 tum
270 5493 465 5549 fuisset
494 5515 509 5562 ;
546 5510 699 5549 nunc
731 5498 880 5551 comi
915 5500 1103 5554 colore
1147 5518 1266 5558 non
1313 5506 1500 5577 magis
1547 5512 1814 5567 convenit

130 5594 285 5649 quam
322 5583 561 5638 colorari
599 5584 842 5656 pectine.
877 5588 1122 5644 Conatus
1168 5596 1254 5649 est
1282 5598 1478 5652 autem
1521 5596 1706 5657 simile
1738 5600 1810 5655 il-

130 5667 227 5724 lius
246 5672 433 5739 facere
465 5674 617 5745 quod
653 5674 923 5746 Virgilius
953 5677 1096 5735 dixit
1130 5695 1145 5738 :

465 5774 747 5840 PATROL.
790 5776 1011 5843 LXIII.
3184 5831 3268 5890 3O
