4054 6184
430 197 533 253 939

1173 198 1523 252 APPENDIX
1560 198 1653 251 AD
1696 198 1942 253 LIBROS
1981 199 2067 252 DE
2107 198 2618 254 CONSOIATIONE
2657 181 3171 255 PHILOSOPIILE.
3747 214 3826 264 940

443 318 455 334 ⁸
493 321 782 377 Hominum
831 322 967 376 solos
1008 323 1219 390 respuis
1259 326 1409 374 actus
1441 319 1457 392 ]
1506 321 1778 391 Loquitur
1821 327 1886 375 ut
1936 321 2110 375 homo
2149 322 2195 375 A
2221 322 2321 390 vit,
2345 323 2702 391 respondisse
2720 321 3060 390 sibi,statim
3077 341 3208 379 cum
3230 325 3446 381 ﬂentem
3472 341 3586 383 eum
3621 330 3830 403 videsset,

421 410 737 485 perturbati
772 410 944 463 nimis
974 408 1173 477 animi,
1203 426 1317 462 non
1343 410 1496 480 quod
1527 409 1604 463 ita
1636 410 1856 475 sentiat,
1879 427 2008 464 cum
2040 411 2110 464 ab

421 503 827 573 Epicureorum
873 499 1142 570 opinione
1185 498 1517 569 longissime
1553 499 1718 565 absit,
1763 500 1858 554 sed
1890 506 1952 554 ut
1982 517 2109 571 per-

421 608 578 647 sonae
616 607 732 644 suae
762 589 1034 644 decorum
1067 593 1270 655 servet,
1304 591 1358 641 et
1388 588 1767 658 philosophiae
1801 589 2108 660 reprehen-

418 680 568 737 sioni
614 681 804 734 locum
860 682 1041 749 paret.
1107 678 1338 731 Videtur
1388 683 1576 732 autem
1619 677 1759 732 mihi
1809 679 2112 748 diligenter

416 772 670 826 imitatus
702 768 985 839 tragicum
1025 767 1322 835 Senecam,
1362 767 1522 837 cujus
1551 768 1612 820 hi
1653 776 1782 824 sunt
1815 785 2008 823 versus
2051 768 2110 822 in

415 862 720 933 Hippolyto
753 875 887 912 sane
917 873 1090 929 quam
1115 858 1402 928 elegantes
1432 872 1444 911 :

666 968 706 1015 Ο
731 979 925 1028 magna
953 977 1142 1026 parens
1171 965 1563 1028 naturaDeum,

662 1026 843 1091 Tuque
872 1028 1080 1090 igniferi
1112 1031 1283 1091 rector
1318 1026 1542 1089 Olympi,

663 1089 775 1149 Qui
799 1089 980 1153 sparsa
1005 1091 1107 1137 cito
1138 1089 1312 1137 sidera
1344 1091 1562 1144 mundo,

663 1155 963 1215 Cursusque
989 1166 1149 1212 vagos
1180 1153 1319 1214 rapis
1344 1157 1620 1208 astrorum,

663 1216 933 1277 Celerique
962 1215 1110 1278 polos
1131 1215 1343 1262 cardine
1366 1229 1542 1262 versas
1573 1229 1584 1261 :

666 1279 770 1327 Cur
800 1279 891 1326 tibi
929 1282 1075 1326 tanta
1100 1283 1178 1339 est
1203 1291 1329 1325 cura
1363 1290 1618 1339 perennes

660 1341 871 1403 Agitare
900 1340 1012 1387 vias
1041 1338 1250 1403 aetheris
1275 1338 1385 1390 alti.

665 1401 730 1452 Ut.
763 1416 905 1451 nunc
936 1415 1082 1449 canae
1112 1401 1307 1463 frigora
1334 1403 1535 1449 bruma:

851 1464 1062 1512 Nudent
1089 1464 1263 1511 silvas.

657 1529 810 1576 Nunc
838 1527 1067 1574 arbustis
1092 1526 1312 1573 redeant
1333 1525 1552 1583 umbrae,

659 1591 811 1637 Nunc
839 1589 1008 1636 mstivi
1035 1588 1169 1634 colla
1199 1587 1367 1634 leonis

661 1653 900 1699 Cererem
926 1663 1119 1710 magno
1149 1649 1354 1696 fervore
1380 1651 1611 1709 coquant

661 1714 914 1773 Viresque
942 1725 1064 1758 suas
1095 1715 1346 1772 temperet
1375 1711 1589 1758 annus?

658 1774 760 1822 Sed
795 1787 889 1821 cur
918 1773 1054 1820 idem
1086 1773 1176 1834 qui
1205 1776 1353 1820 tanta
1381 1773 1535 1833 regis,

660 1837 769 1884 Sub
801 1850 904 1898 quo
934 1836 1069 1883 vasti
1097 1834 1331 1896 pondera
1364 1835 1550 1882 mundi

655 1897 867 1949 Librata
899 1911 1023 1946 suos
1053 1897 1255 1945 ducunt
1288 1898 1458 1955 orbes,

657 1961 942 2009 Hominum
971 1959 1194 2006 nimium
1226 1973 1441 2007 securus
1468 1958 1607 2016 ades,

656 2024 773 2072 Non
807 2021 1063 2070 sollicitus
1092 2021 1339 2083 prodesse
1373 2021 1548 2078 bonis,

843 2084 1094 2132 Nocuisse
1129 2083 1320 2130 malis?

656 2149 758 2196 Res
788 2146 1044 2195 hamanas
1075 2146 1259 2193 ordine
1287 2145 1436 2194 nullo

649 2212 883 2259 Fortuna
903 2209 1053 2270 regit.
1086 2208 1387 2270 spargitque
1414 2221 1574 2256 manu

651 2273 873 2320 Munera
903 2284 1041 2318 caeca
1065 2270 1244 2331 pejora
1274 2271 1474 2318 fovens.

651 2335 829 2381 Vincit
858 2337 1069 2381 sanctos
1095 2332 1210 2379 dira
1239 2331 1419 2390 libido,

649 2397 813 2443 Fraus
844 2394 1056 2442 sublimi
1083 2398 1267 2455 regnat
1297 2394 1348 2441 in
1376 2393 1512 2442 aula.

647 2456 872 2505 Tradere
900 2457 1040 2517 turpi
1069 2456 1234 2503 fasces
1258 2456 1486 2518 populus

649 2519 872 2574 Gaudet,
899 2519 1110 2566 eosdem
1137 2517 1437 2579 colit’atque
1468 2517 1601 2569 odit.

647 2582 830 2629 Tristis
855 2581 1022 2628 virtus
1052 2593 1292 2642 perversa
1325 2579 1446 2627 tulit

651 2644 874 2692 Praemia
904 2642 1048 2699 recti,
1077 2646 1246 2690 castos
1274 2643 1512 2704 sequitur

646 2706 782 2754 Mala
808 2709 1116 2768 paupertas,
1139 2704 1371 2768 vitioque
1404 2708 1590 2767 potens

833 2767 1036 2830 Regnat
1059 2767 1281 2827 adulter,

397 2849 680 2904 Hactenus
712 2849 945 2904 Seneca.

2218 411 2562 470 intellexisse
2595 412 2655 465 in
2685 411 2882 466 exsilio
2915 429 3056 479 esse,
3092 415 3186 469 sed
3232 415 3289 469 id
3320 417 3560 472 exsilium
3602 436 3701 474 non
3740 439 3834 477 esse

2221 502 2328 556 loci
2361 518 2464 555 nec
2497 502 2737 556 carceris
2770 502 2826 555 in
2878 519 2992 574 quo
3017 509 3180 570 esset,
3227 506 3323 560 sed
3371 509 3547 577 potius
3587 526 3614 562 a
3657 527 3765 564 vera
3795 520 3840 567 et

2220 597 2372 646 recta
2404 593 2685 646 sententia
2717 593 2925 647 mentis
2967 610 3104 647 suae.
3153 595 3295 648 Nam
3328 595 3466 649 sicut
3492 596 3644 651 Stoici
3671 602 3841 656 sentie-

2219 681 2376 748 bant,
2414 683 2533 735 viro
2571 683 2718 736 bono
2765 687 2918 736 totus
2950 684 3197 737 mundus
3231 690 3313 747 est
3356 686 3548 756 patria,
3578 689 3716 755 cujus
3756 691 3841 743 Dc-

2220 770 2412 823 minus
2443 777 2498 825 et
2536 771 2655 826 Rex
2693 788 2843 826 unus
2872 777 2956 826 est
2988 775 3157 838 Deus,
3204 779 3259 827 et
3291 774 3388 827 illa
3423 777 3688 830 neminem
3715 795 3844 848 posse

2220 861 2444 930 expelli,
2470 861 2580 914 nisi
2603 862 2702 932 qui
2727 878 2919 916 errore
2943 865 3151 918 mentis
3178 865 3427 935 seipsum
3451 868 3686 938 expellat.
3705 871 3847 924 Acm-

2219 965 2382 1004 COLA.

2290 1043 2519 1095 Lalravi
2547 1041 2567 1113 ]
2598 1041 2659 1095 Id
2689 1045 2790 1108 est,
2822 1057 2953 1096 cum
2996 1044 3242 1097 clamore
3293 1043 3422 1111 dixi,
3467 1060 3565 1114 per
3607 1048 3844 1118 metapho-

2221 1145 2341 1183 ram
2375 1131 2585 1184 dictum
2611 1131 2678 1184 ab
2707 1131 3023 1185 irrationali
3067 1133 3134 1186 ad
3169 1133 3460 1200 rationale,
3501 1135 3690 1190 latrare
3731 1139 3847 1191 enim

2220 1218 2519 1288 proprium
2553 1225 2638 1272 est
2665 1235 2892 1273 canum.
2927 1223 3254 1276 AGRICOLA.

2291 1309 2514 1362 Placido
2539 1307 2560 1379 ]
2583 1309 2872 1363 Placidum
2892 1309 3118 1378 dicitur,
3144 1317 3200 1365 et
3221 1311 3373 1382 quod
3401 1311 3580 1382 placet
3606 1329 3616 1366 :
3641 1312 3839 1367 sicOvid.

2220 1395 2280 1448 in
2313 1397 2576 1467 Epistolis
2600 1399 2910 1452 Heroidum
2946 1416 2958 1453 :

2438 1494 2617 1543 Virtus
2643 1499 2722 1544 est
2749 1496 2969 1558 placidis
2999 1497 3316 1548 abstinuisse
3344 1497 3514 1546 bonis.

2220 1583 2488 1656 Virgilius
2511 1586 2568 1640 in
2605 1587 2788 1657 primo
2812 1588 3076 1642 zEneidos
3109 1604 3122 1643 ε

2343 1683 2493 1732 Nunc
2525 1684 2737 1733 tandem
2769 1684 2975 1746 placida
3003 1688 3306 1748 compostus
3336 1698 3460 1748 pace
3490 1683 3708 1748 quiescit.

2217 1773 2437 1827 Dicitur
2467 1775 2640 1828 etiam
2673 1773 2732 1828 id
2787 1775 2880 1828 cui
2923 1775 3143 1847 aliquid
3187 1776 3391 1846 placet,
3433 1779 3496 1830 ut
3532 1775 3631 1830 hoc
3655 1774 3777 1838 loco,
3814 1775 3852 1826 et

2214 1862 2370 1934 Virg.
2403 1863 2462 1916 in
2495 1863 2768 1917 Bucolicis
2802 1880 2814 1918 :

2339 1961 2506 2018 Quam
2541 1960 2807 2024 placidum
2831 1962 3004 2010 ventis
3033 1963 3193 2010 staret
3224 1975 3386 2010 mare.

2212 2049 2274 2104 Id
2322 2054 2406 2103 est
2455 2051 2716 2121 quietum
2770 2056 2935 2120 esset,
2986 2052 3382 2123 tranquillum,
3431 2066 3546 2106 non
3589 2050 3849 2105 turbatum.

2209 2141 2529 2196 AGBICOLA.

2283 2229 2566 2294 Questibus
2597 2235 2612 2295 ]
2645 2230 2887 2294 Questus
2909 2231 3256 2302 quandoque
3285 2230 3576 2300 querelam
3601 2227 3850 2300 signiﬁcat,

2210 2321 2272 2371 ut
2300 2318 2410 2385 hic,
2447 2319 2767 2390 diciturque
2800 2337 2830 2374 a
2863 2336 3090 2390 queror.
3122 2319 3479 2390 Quandoque
3521 2318 3774 2388 significat
3793 2319 3852 2370 lu-

2209 2421 2392 2473 crum,
2441 2411 2495 2461 et
2535 2411 2671 2460 tunc
2712 2409 2917 2462 dicitur
2956 2427 2990 2463 a
3043 2425 3260 2480 qumro,
3309 2413 3367 2463 et
3407 2407 3663 2462 scribitur
3706 2423 3789 2478 per
3822 2422 3854 2460 ω

2209 2494 2632 2567 diphthongon.
2682 2499 2875 2554 Cicero
2921 2498 2978 2553 in
3029 2499 3324 2569 paradoxis
3369 2540 3382 2552 .
3425 2499 3523 2554 Sin
3569 2503 3737 2552 autem
3778 2511 3854 2566 per

2208 2585 2536 2640 aviditatem
2586 2588 2843 2658 pecuniae
2873 2589 3098 2642 nullum
3128 2592 3414 2660 quaestum
3447 2592 3664 2660 turpem
3700 2591 3849 2659 putas.

2206 2676 2535 2730 AGRICOLA.

2275 2763 2455 2835 Ilico]
2487 2765 2550 2820 Id
2581 2770 2663 2819 est
2690 2766 2900 2820 statim.
2937 2768 3248 2822 AGRICOLA.

2275 2855 2533 2907 Emsulem
2562 2854 2579 2924 ]
2615 2855 2779 2908 Exsul
2811 2855 2971 2926 quasi
3005 2859 3161 2909 extra
3191 2855 3377 2910 solum
3413 2855 3596 2910 dictus
3628 2859 3717 2922 est,
3745 2853 3854 2906 sicut

467 2940 681 2995 Crimen
697 2939 908 3008 iniqui]
945 2935 1044 2992 Hic
1093 2952 1286 2991 versus
1329 2939 1694 2991 monometer
1741 2938 1846 3006 est,
1893 2934 2093 2990 similis
2119 2948 2174 3002 .C
2207 2942 2462 3007 extorris,
2497 2944 2595 3013 qui
2626 2949 2784 2997 extra
2810 2949 3020 2998 terram
3053 2962 3215 2998 suam
3259 2951 3361 2999 est.
3399 2949 3698 3000 Acmeom.

393 3027 478 3082 illi
507 3028 734 3084 Seneca:
768 3044 781 3081 ε

611 3118 817 3178 Regnat
850 3114 1074 3164 adulter.

467 3199 714 3254 Mendaci
744 3195 952 3268 colore]
989 3196 1053 3250 Id
1077 3200 1162 3250 est
1183 3195 1324 3250 falso
1351 3197 1630 3266 prmtextu
1664 3210 1764 3250 seu
1781 3195 1926 3250 fuco.
1953 3195 2095 3249 Cave

390 3304 464 3342 ne
486 3288 640 3358 legas
671 3285 977 3340 mendacii.

995 3392 1064 3446 IN
1090 3390 1369 3445 PROSAM
1398 3392 1460 3443 V.

461 3484 585 3536 Hec
638 3481 733 3534 ubi
787 3478 1142 3550 continuato]
1201 3480 1301 3533 llic
1349 3478 1739 3547 Philosophia,
1787 3483 2095 3550 postquam

390 3571 636 3635 Boetius,
677 3569 927 3641 querelis
971 3568 1087 3622 suis
1137 3567 1435 3635 enarratis,
1491 3567 1741 3621 ostendit
1784 3584 1895 3638 qua
1935 3574 2094 3636 parte

392 3659 719 3714 adhibenda
764 3659 872 3713 sibi
921 3663 1070 3713 esset
1113 3658 1442 3726 consolatio,
1499 3663 1615 3711 tam
1665 3657 1866 3726 incipit
1914 3657 2093 3710 ordiri

388 3748 856 3814 consolationem,
883 3751 1185 3817 totumque
1211 3747 1263 3800 id
1294 3747 1445 3816 quod
1468 3746 1600 3799 hinc
1625 3745 1694 3799 ad
1715 3745 1889 3798 linem
1913 3762 2092 3816 usque

388 3836 560 3907 primi
610 3836 743 3890 libri
788 3841 890 3902 est,
939 3841 1022 3890 est
1070 3836 1415 3906 prooemium
1469 3835 1889 3889 consolationis.
1945 3837 2090 3904 Ergo

384 3925 541 3978 velut
581 3924 705 3994 lege
755 3923 1002 3994 quadam
1049 3923 1314 3993 procemii
1363 3922 1613 3994 primum
1665 3922 1929 3976 conciliat
1985 3923 2091 3976 sibi

386 4014 725 4080 auditorem,
762 4013 1186 4082 reprehendens
1220 4028 1476 4067 errorem
1509 4013 1650 4082 ejus,
1697 4013 1849 4082 quod
1881 4029 1938 4064 se
1971 4029 2088 4065 esse

382 4107 548 4173 putat
577 4102 637 4155 in
669 4102 888 4171 exsilio,
939 4106 995 4155 et
1028 4119 1128 4171 per
1160 4103 1268 4156 hoc
1317 4103 1577 4155 animum
1609 4101 1731 4170 ejus
1767 4100 1984 4154 tristem
2036 4106 2091 4156 et

383 4191 669 4246 dolentem
719 4193 1022 4245 conﬁrmat
1063 4208 1075 4244 :
1125 4192 1332 4244 deinde
1386 4190 1580 4261 paucis
1643 4190 1828 4242 verbis
1887 4207 2088 4244 omnes

383 4281 644 4351 querelas
673 4284 728 4334 et
759 4295 956 4333 causas
987 4279 1220 4346 doloris,
1255 4293 1393 4349 quas
1425 4279 1596 4348 paulo
1638 4283 1769 4331 ante
1802 4279 2080 4347 esposuit,

379 4370 592 4439 repetit
621 4369 719 4423 ibi.
766 4371 835 4422 Et
873 4372 929 4421 tu
962 4368 1180 4436 quidem
1209 4368 1274 4422 de
1307 4370 1414 4421 luis
1448 4371 1504 4420 in
1534 4383 1805 4421 commune
1837 4369 2031 4421 bonum
2062 4386 2082 4431 ,-

381 4459 600 4530 hacque
632 4458 785 4511 velut
813 4456 1169 4511 confessione
1201 4461 1256 4510 et
1287 4473 1564 4510 consensu
1603 4462 1957 4527 acceptarum
1993 4457 2086 4510 in-

374 4547 662 4616 juriarum
709 4545 970 4599 Boetium
1023 4545 1364 4598 benevolum
1412 4545 1582 4598 etiam
1618 4546 1826 4599 reddit.
1870 4547 2085 4602 Deinde

381 4635 481 4701 ibi,
519 4635 625 4690 Sed
650 4637 904 4699 quoniam
951 4635 1229 4703 plurimis,
1263 4632 1502 4687 docilem
1533 4650 1663 4688 eum
1694 4635 1845 4701 facit,
1896 4642 2083 4690 osten-

383 4724 522 4777 dens
553 4724 815 4777 ordinem
851 4739 1042 4776 rerum
1085 4723 1475 4791 dicendarum,
1511 4723 1600 4778 cui
1628 4724 1818 4778 subdit
1855 4740 2085 4780 carmen

379 4812 437 4866 id
474 4812 628 4884 quod
676 4811 956 4882 sequitur,
1013 4811 1071 4866 in
1103 4813 1366 4867 eamdem
1396 4813 1738 4867 sententiam
1771 4813 2080 4882 pertinens.

380 4904 942 4972 Postremo'quoque
996 4905 1281 4973 praeparat.
1327 4919 1458 4957 eum
1503 4901 1873 4972 sequentibus
1908 4918 2085 4970 argu-

378 4991 826 5047 mentationibus
849 4996 904 5046 et
935 4991 1288 5046 documentis
1321 4992 1746 5056 consolationis,
1782 4991 2082 5062 inquiren-

378 5083 451 5137 do
480 5081 770 5135 nonnullis
811 5082 879 5136 de
920 5082 1091 5137 rebus
1134 5087 1389 5136 mentem
1443 5081 1647 5148 Boetii,
1699 5083 1762 5132 ut
1799 5080 1914 5132 illis
1945 5095 2085 5132 con-

379 5170 550 5224 cessis
579 5170 800 5224 facilior
833 5174 888 5223 et
927 5170 1145 5223 ﬁrmior
1197 5171 1295 5224 fiat
1347 5171 1532 5225 aditus
1578 5168 1960 5238 Philosophiae
2014 5167 2083 5221 ad

377 5260 792 5312 consolandum
825 5273 956 5311 eum
990 5274 1002 5310 :
1037 5258 1188 5327 quod
1221 5259 1391 5312 etiam
1424 5259 1490 5312 ad
1522 5264 1747 5328 partem
1779 5257 2084 5312 docilitatis

375 5347 436 5400 in
467 5348 742 5416 prooemio
764 5347 1031 5417 pertinet,
1061 5346 1271 5415 partim
1291 5348 1461 5399 etiam
1491 5351 1774 5400 attentum
1799 5346 1949 5400 facit.
1973 5345 2083 5400 Sed

377 5435 663 5504 sospitatis
693 5440 910 5502 auctor,
944 5433 1219 5506 quoniam
1249 5435 1500 5488 ostendit
1522 5452 1684 5506 posse
1712 5434 1896 5491 sanari
1926 5451 2080 5501 eum,

376 5524 624 5579 ostendit
652 5525 825 5578 etiam
856 5541 969 5595 qua
1001 5523 1222 5578 ratione
1256 5521 1312 5577 id
1356 5523 1479 5576 ﬁeri
1510 5525 1705 5594 possit.
1758 5523 1901 5579 Dicit
1943 5541 2080 5595 ergo

375 5611 604 5665 Boetius
633 5613 1080 5681 phi1030phiam,
1117 5615 1423 5683 postquam
1458 5614 1723 5683 querelas
1761 5630 1890 5668 suas
1919 5612 2081 5669 audi-

2275 3027 2658 3098 Prodidisset]
2693 3031 2920 3082 Protere
2966 3028 3274 3099 aliquando
3329 3029 3614 3100 significat
3652 3029 3699 3082 in
3729 3043 3852 3097 aper-

2203 3120 2326 3171 tum
2355 3117 2485 3170 dare
2521 3134 2533 3170 :
2565 3117 2641 3170 sic
2677 3117 2918 3172 dicimus
2947 3118 3242 3172 memorize
3277 3119 3569 3188 proditum
3595 3122 3684 3182 est,
3713 3117 3761 3170 id
3786 3121 3848 3168 est

2203 3204 2498 3259 traditum.
2539 3205 2865 3276 Aliquando
2907 3206 3188 3276 signiﬁcat
3218 3223 3319 3277 per
3353 3207 3650 3278 perﬁdiam
3680 3203 3851 3274 aliquid

2203 3295 2428 3348 tradere
2462 3311 2474 3348 :
2509 3293 2588 3347 sic
2614 3295 2857 3350 dicimus
2888 3296 3167 3367 oppidum
3201 3296 3390 3366 prodi.
3426 3299 3737 3352 AGRICOLA.

2275 3382 2505 3452 Procul]
2539 3383 2713 3447 Quasi
2751 3400 2922 3454 porro
2954 3385 3026 3439 ob
3054 3382 3255 3454 oculis,
3283 3384 3340 3438 id
3379 3388 3464 3440 est
3482 3386 3642 3456 longe
3671 3379 3848 3438 dicitur-

2203 3472 2529 3527 Acmcom.

2271 3561 2501 3631 Patria]
2529 3561 2684 3616 Dicta
2713 3565 2796 3615 est
2816 3561 2885 3615 ab
2917 3561 3264 3616 habitatione
3293 3568 3562 3632 paterna,
3582 3560 3852 3629 diciturque

2203 3651 2436 3704 relative
2471 3666 2482 3705 :
2520 3656 2585 3705 ut
2612 3651 2732 3705 haec
2763 3656 2846 3704 est
2878 3667 3002 3705 mea
3053 3653 3258 3722 patria,
3307 3652 3413 3706 illa
3465 3658 3549 3707 est
3596 3656 3724 3705 tua:
3764 3661 3852 3701 non

2202 3739 2346 3794 bene
2383 3744 2573 3794 autem
2620 3739 2848 3807 dicitur,
2890 3744 2976 3794 est
3005 3741 3282 3794 Dominus
3325 3743 3638 3796 multarum
3680 3735 3852 3810 patria-

2199 3845 2353 3897 rum,
2387 3830 2485 3883 sed
2519 3830 2833 3883 multarum
2891 3829 3196 3898 regionum
3226 3831 3310 3884 vel
3342 3831 3765 3900 provinciarum,
3789 3823 3850 3877 vel

2203 3919 2338 3989 (quo
2373 3919 2617 3973 maxime
2659 3924 2877 3972 veteres
2916 3924 3157 3972 utuntur
3190 3920 3451 3990 nomine)
3494 3927 3768 3983 terrarum,
3794 3914 3853 3966 sic

2200 4011 2411 4061 terram
2444 4008 2689 4074 Italiam,
2722 4011 2934 4061 terram
2965 4009 3208 4063 Atticam
3234 4009 3527 4064 dicebant.
3568 4009 3700 4064 Sane
3735 4002 3852 4076 quod

2199 4097 2351 4166 Virg.
2385 4097 2443 4150 in
2473 4113 2489 4150 1
2526 4096 2739 4150 AZneid.
2766 4097 2935 4151 dicit:

2570 4205 2762 4261 Quaeve
2793 4204 2907 4253 haec
2935 4207 3043 4254 tam
3071 4205 3296 4255 barbara
3315 4219 3524 4257 morem

2355 4265 2615 4315 Permittit
2643 4267 2811 4329 patria
2839 4282 2850 4315 :

2194 4365 2739 4436 subiutelligendum
2783 4369 2965 4420 vestra
3009 4381 3022 4419 :
3065 4367 3560 4436 quemadmodum
3606 4381 3724 4420 cum
3768 4361 3851 4415 ali-

2199 4472 2370 4525 quem
2414 4454 2712 4509 dominum
2782 4471 3044 4509 vocamus
3089 4457 3177 4510 vel
3225 4473 3478 4522 servum,
3537 4457 3782 4517 dicentes,
3821 4448 3852 4501 0

2197 4544 2452 4610 domine,
2492 4548 2589 4598 aut
2616 4560 2646 4598 o
2676 4560 2855 4614 serve,
2897 4545 3273 4616 intelligimus
3308 4562 3542 4617 semper
3572 4548 3661 4600 mi.
3703 4546 3851 4596 Amu-

2199 4648 2370 4689 COLA.

2265 4725 2433 4778 Enim
2461 4721 2483 4793 ]
2519 4723 2714 4793 Neque
2739 4721 2950 4791 Cicero,
2989 4739 3174 4793 neque
3195 4727 3323 4793 post
3354 4741 3492 4778 eum
3517 4724 3796 4795 quisquam
3816 4716 3858 4768 in

2195 4811 2478 4882 principio
2511 4812 2785 4866 orationis
2819 4813 3014 4882 ponit;
3049 4813 3203 4884 apud
3231 4814 3570 4868 Terentium
3601 4816 3775 4866 autem
3800 4805 3864 4858 in-

2194 4901 2422 4954 venitur
2444 4900 2500 4953 in
2535 4901 2818 4972 principio
2844 4901 2904 4954 in
2937 4901 3147 4956 Andria
3182 4918 3194 4955 :
3227 4903 3588 4957 Etenimvero
3619 4899 3741 4954 satis
3765 4909 3860 4966 spe-

2195 4995 2406 5044 ctatum
2435 4991 2758 5060 exemplum
2790 4991 3176 5046 continentiae.
3201 4992 3501 5045 Sententia
3529 5001 3613 5044 est
3634 4991 3744 5042 hzec
3772 4989 3864 5038 tota

2196 5078 2373 5133 Boetii
2401 5084 2628 5150 sumpta
2652 5097 2685 5134 a
2715 5081 2964 5150 Socrate,
2997 5080 3094 5150 qui
3143 5097 3270 5135 cum
3302 5080 3765 5150 linterrogaretur
3789 5087 3864 5126 cu-

2189 5169 2288 5240 jus
2329 5173 2497 5235 esset,
2539 5170 2834 5240 respondit
2861 5186 2981 5225 esse
3010 5187 3067 5223 se
3096 5171 3479 5224 mundanum.
3516 5173 3807 5224 Acumen.

2268 5259 2398 5323 Quae
2418 5275 2522 5312 non
2552 5261 2635 5313 uti
2655 5261 3090 5326 Allicniensium,
3126 5265 3230 5313 etc.
3259 5259 3274 5328 ]
3305 5259 3445 5313 Dicit
3473 5257 3742 5312 mundum
3767 5263 3860 5306 nou

2194 5347 2318 5418 regi
2359 5347 2592 5402 arbitrio
2645 5349 3050 5416 multitudinis,
3106 5348 3252 5403 sicut
3300 5348 3596 5420 quondam
3641 5346 3860 5400 Athena).

2193 5436 2337 5491 Sunt
2377 5436 2529 5490 enim
2579 5441 2690 5489 tres
2732 5441 2912 5491 status
2943 5439 3525 5508 rerumpublicarum.
3583 5437 3715 5489 Nam
3762 5430 3861 5484 alim

2192 5529 2474 5596 reguntur
2506 5525 2674 5578 unius
2697 5525 3017 5593 dominatu,
3055 5527 3204 5598 quod
3237 5541 3480 5596 regnum
3512 5525 3738 5585 dicitur;
3762 5519 3864 5572 alia:

2193 5629 2505 5684 paucorum
2563 5616 2842 5685 potentia,
2895 5631 3065 5686 quam
3109 5615 3470 5687 eptimatium
3507 5619 3711 5668 statum
3748 5606 3860 5663 dici-
