4054 6184
200 265 295 316 ΩΗ

1233 267 1619 321 MURMELLII
1661 266 1747 319 ET
1788 264 2156 322 AGRICOL:’E
2196 268 2719 324 COMMENTARIA.

3590 278 3691 332 942

206 406 361 455 mus;
393 390 518 444 alite
550 391 748 461 populi
790 391 1249 462 voluntate,qua3
1269 392 1564 462 popularis
1603 396 1780 446 status
1803 391 1886 445 di-
1927 392 1974 447 A
2072 394 2252 447 Pauca
2276 391 2293 463 ]
2320 394 2474 448 Inter
2504 410 2751 465 paucum
2778 398 2834 450 et
2864 411 3101 467 parvum
3120 397 3230 451 hoc
3250 397 3508 467 interest,
3542 403 3697 472 quod

204 480 371 548 citur,
408 480 505 551 qui
527 480 647 551 ipse
680 480 1020 552 plerumque
1048 481 1568 537 turbulentissimus
1592 486 1647 536 et
1668 482 1895 536 seditio-

204 570 462 623 sissimus
494 574 595 625 est.
632 571 886 625 Graecum
917 572 1069 642 quod
1101 572 1375 641 scriptum
1404 577 1508 637 est,
1538 572 1615 625 sic
1638 577 1721 625 est
1754 572 1899 627 :Sed

204 659 317 725 his,
342 660 400 713 id
436 665 522 713 est
550 675 710 725 unus,
760 659 972 731 kyrios,
1016 660 1072 713 id
1108 665 1190 714 est
1219 661 1487 727 dominus,
1523 661 1687 727 estin,
1730 661 1787 716 id
1818 665 1901 715 est

205 754 282 803 est
308 765 321 802 :
345 748 453 817 his,
486 750 544 804 id
577 753 660 803 est
697 765 859 816 unus,
892 749 1160 815 basileus,
1193 750 1247 804 id
1279 755 1365 804 est
1393 767 1522 805 rex.
1557 752 1899 807 AGRICOLA.

276 849 604 917 Frequentiu
626 851 821 902 ciuium
845 848 861 919 ]
884 849 944 903 Id
978 854 1061 903 est
1091 850 1461 905 multitudine
1487 868 1499 904 :
1536 851 1779 905 dicimus
1810 867 1904 906 au-

206 940 324 991 tem
353 944 409 992 et
440 938 699 992 homines
740 938 1086 1009 frequentes,
1129 939 1358 1009 quando
1406 940 1571 993 multi
1616 957 1903 995 convene-

205 1032 346 1082 runt
378 1045 389 1081 :
436 1028 515 1083 sic
536 1028 735 1083 Salust.
769 1028 830 1083 in
861 1028 1137 1084 Catilina:
1172 1029 1316 1093 Quia
1347 1030 1604 1083 nondum
1634 1030 1900 1101 frequen-

206 1123 291 1172 tes
322 1122 713 1172 convenerant
747 1135 758 1172 :
794 1121 848 1171 et
877 1118 998 1171 loca
1028 1118 1372 1189 frequentia,
1409 1119 1468 1172 in
1497 1119 1704 1190 quibus
1736 1120 1903 1175 multi

200 1208 467 1261 homines
497 1206 872 1274 conveniunt;
905 1208 983 1261 sic
1018 1207 1206 1261 Livius
1238 1208 1295 1261 in
1321 1224 1490 1265 xxxii
1528 1225 1539 1264 :
1570 1209 1904 1281 Infrequen-

202 1298 430 1351 tissima
468 1297 623 1351 urbis
654 1298 779 1351 loca
810 1301 1065 1368 occupat.
1093 1300 1418 1353 AGRICOLA.

274 1397 446 1465 Cujus
469 1400 561 1463 agi
580 1397 771 1463 frenis,
806 1399 907 1450 etc.
946 1396 960 1466 ]
994 1395 1289 1450 Sententia
1320 1400 1403 1451 est
1434 1401 1665 1467 accepta
1687 1413 1719 1451 a
1751 1396 1904 1451 Cice-

201 1500 347 1538 rone
378 1500 481 1555 pro
512 1483 792 1550 Cluentio,
827 1484 927 1554 qui
957 1484 1112 1550 dicit,
1150 1485 1365 1555 Legum
1397 1485 1545 1538 servi
1590 1501 1808 1553 sumus,
1845 1488 1907 1538 ut

198 1572 370 1627 liberi
400 1589 522 1627 esse
558 1573 857 1644 possimus.
895 1575 1226 1629 Aoaicom.

2009 498 2255 552 paucum
2299 484 2366 537 ad
2416 500 2723 539 numerum
2784 486 2968 557 magis
3030 486 3296 557 pertinet,
3349 506 3587 559 parvum
3628 491 3699 546 ad

2009 574 2391 641 quantitatem
2422 575 2684 629 refertur.
2716 576 2836 629 Duo
2870 576 3025 630 enim
3047 577 3308 647 gigantes
3327 580 3492 648 pauci
3517 579 3701 635 homi-

2009 678 2109 715 nes
2141 667 2290 727 sunt,
2325 679 2438 718 non
2463 664 2658 735 parvi:
2693 669 2893 719 contra
2917 682 3050 721 vero
3081 666 3237 721 mille
3269 666 3515 739 pygmzei
3546 668 3703 740 parvi

2012 756 2161 819 sunt,
2187 769 2306 807 non
2336 754 2521 825 pauci.
2558 757 2886 811 AGRICOLA.

2081 841 2391 916 Honestate]
2411 845 2554 908 Quia
2581 846 2853 916 pleraque
2882 845 3301 915 abjiciebantur
3333 847 3384 902 ei
3403 863 3531 920 quae
3562 847 3707 903 fuis—

2013 936 2097 987 set
2131 933 2319 987 Boetio
2358 938 2525 1003 turpe
2570 949 2801 1005 negare,
2853 938 2916 988 ut
2954 934 3110 1006 quod
3157 933 3403 991 voluerit
3447 941 3707 993 senatum

2013 1038 2133 1077 esse
2166 1022 2407 1091 salvum,
2440 1027 2496 1077 et
2526 1023 2748 1094 reliqua
2778 1024 2899 1094 ejus
2931 1024 3175 1095 generis.
3219 1028 3535 1083 Aomcou.

2084 1112 2329 1167 Strictim
2369 1114 2383 1181 ]
2428 1113 2489 1166 Id
2526 1118 2609 1167 est
2646 1113 2915 1181 breviter,
2948 1130 2981 1168 a
3014 1115 3371 1186 stringendo,
3401 1117 3456 1171 id
3488 1122 3575 1173 est
3616 1134 3705 1172 ar-

2014 1203 2219 1258 ctando
2240 1203 2329 1257 vel
2354 1202 2701 1273 colligendo.
2744 1207 3059 1260 AGRlCOLA.

2091 1294 2255 1360 Vulgi
2288 1292 2302 1362 ]
2334 1294 2547 1365 Vulgus
2586 1294 2887 1348 masculini
2918 1300 2975 1349 et
3014 1294 3203 1350 neutri
3233 1297 3459 1366 generis
3498 1296 3713 1352 inveni-

2016 1386 2127 1436 tur.
2173 1380 2365 1451 Virgil.
2403 1381 2461 1434 in
2495 1396 2531 1434 Il
2566 1381 2783 1437 zEneid.
2812 1398 2824 1435 :

2514 1488 2646 1551 Hinc
2680 1501 2926 1551 spargere
2961 1502 3114 1538 voces

2138 1549 2421 1612 Invulgum
2457 1549 2747 1612 ambiguas.

272 1674 371 1727 An
401 1675 640 1740 ignoras,
674 1678 775 1725 etc.
801 1672 817 1743 ]
850 1673 1065 1743 Vulgus
1086 1674 1239 1727 hunc
1269 1673 1457 1728 locum
1479 1690 1591 1728 non
1613 1672 1903 1743 intelligit.
1946 1694 1987 1748 Β
2018 1650 2284 1707 Horatius
2314 1649 2374 1704 in
2401 1648 2521 1704 0di3
2552 1665 2565 1703 ε

200 1762 406 1815 Roma:
441 1763 550 1827 lex,
583 1765 645 1816 ut
673 1762 932 1832 quisquis
960 1762 1040 1816 ibi
1074 1762 1376 1830 habitaret,
1406 1779 1739 1835 quanquam
1763 1767 1911 1817 esset

202 1852 481 1922 expulsus
522 1852 580 1905 in
629 1850 892 1905 exsilium
937 1868 964 1907 e
1016 1852 1197 1924 patria
1238 1869 1358 1920 sua,
1406 1857 1594 1907 tamen
1635 1852 1909 1924 quoniam

204 1943 455 1994 Romam
477 1956 781 1996 commune
806 1941 1159 1995 domicilium
1191 1942 1454 1996 volebant
1476 1958 1596 1996 esse
1624 1942 1777 1996 orbis
1803 1947 1911 1997 ter-

202 2046 427 2097 rarum,
460 2030 506 2083 is
530 2046 644 2083 non
684 2030 1038 2099 intelligetur
1086 2031 1259 2084 fuisse
1307 2032 1483 2097 exsul,
1535 2047 1665 2085 cum
1716 2034 1911 2086 Roma:

201 2123 358 2173 esset
392 2134 402 2172 :
442 2118 511 2171 ad
552 2118 696 2172 hanc
728 2118 1162 2173 similitudinem
1202 2120 1324 2189 jam
1358 2120 1533 2173 refert
1582 2121 1723 2173 illud
1756 2122 1907 2191 quod

202 2207 476 2277 praedixit
506 2208 813 2261 oriundum
847 2224 904 2261 se
940 2224 1059 2262 esse
1092 2224 1159 2261 ex
1182 2208 1421 2262 mundo.
1458 2210 1793 2263 AGRICOLA.

280 2307 557 2360 Exsulat-e2
618 2304 877 2376 lNomen
925 2310 1011 2359 est
1074 2306 1370 2374 exsularis,
1430 2305 1576 2360 sicut
1621 2306 1909 2361 insularis.

203 2396 542 2449 AGRICOLA.

281 2495 360 2548 At
393 2494 644 2562 quisquis
684 2493 700 2563 ]
730 2493 823 2546 Est
854 2494 1156 2556 sententia,
1194 2494 1483 2547 neminem
1518 2511 1680 2565 posse
1714 2511 1746 2547 a
1775 2493 1913 2547 civi-

205 2588 326 2637 tate
362 2583 637 2652 sapientis
657 2583 867 2653 depelli
894 2584 952 2636 in
979 2584 1263 2649 exsilium,
1293 2583 1401 2637 nisi
1419 2584 1681 2638 voluerit.
1718 2586 1914 2653 Itaque

204 2688 343 2726 cum
378 2672 631 2742 primum
666 2672 866 2742 incipit
895 2674 1043 2727 nolle
1072 2673 1328 2727 habitare
1359 2674 1418 2727 in
1450 2690 1537 2742 ea,
1571 2678 1704 2728 tunc
1742 2674 1914 2726 etiam

206 2761 423 2831 incipit
454 2777 570 2814 non
603 2761 877 2828 habitare,
904 2766 959 2816 et
986 2762 1051 2816 fit
1083 2764 1259 2816 exsul.
1296 2763 1423 2817 Sola
1454 2764 1608 2817 enim
1654 2763 1913 2816 voluntas

204 2855 313 2914 est,
341 2868 459 2921 qua
485 2852 595 2904 Deo
614 2850 827 2905 subditi
858 2868 1077 2921 sumus,
1113 2858 1167 2906 et
1190 2869 1302 2924 qua
1324 2854 1391 2907 ab
1422 2853 1544 2924 ejus
1563 2853 1912 2924 subjectione

202 2938 555 2992 recedimus.
589 2940 916 2992 AGRICOLA.

281 3038 481 3105 Itaque
516 3051 621 3089 non
649 3040 847 3102 tamen,
884 3039 986 3089 etc.
1026 3038 1039 3103 ]

202 3129 295 3179 cet
327 3124 425 3179 hic
446 3128 499 3178 te
532 3124 757 3179 videam
804 3124 865 3178 in
904 3140 1128 3179 carcere
1160 3129 1319 3179 extra
1351 3125 1599 3195 patriam
1626 3129 1803 3189 tu'am,
1832 3128 1915 3178 ta-

201 3231 343 3268 men
377 3230 496 3268 non
544 3212 675 3267 ideo
735 3218 789 3268 te
840 3218 982 3283 puto
1021 3214 1275 3267 exsulem
1321 3229 1462 3280 esse,
1514 3214 1608 3267 sed
1660 3213 1795 3283 quia
1848 3214 1917 3267 ab

204 3304 396 3357 animi
429 3302 515 3357 tui
542 3303 862 3357 constantia
884 3308 939 3358 et
970 3302 1383 3373 tranquillitate
1423 3302 1725 3357 recessisti.
1748 3304 1921 3357 Aeni-

209 3408 404 3449 COLA.

278 3483 460 3537 Ebore
489 3497 549 3536 ac
578 3485 717 3536 vitro
752 3480 766 3553 l
806 3481 888 3536 Ita
911 3481 1185 3551 mosjerat
1215 3484 1470 3535 veterum
1497 3480 1920 3536 accuratissime

204 3573 488 3628 omnibus
519 3571 779 3626 omnium
804 3586 1084 3641 generum
1116 3570 1463 3640 imaginibus
1494 3569 1811 3641 insignium
1840 3571 1920 3624 vi-

208 3678 419 3717 rorum
449 3666 550 3715 aut
600 3662 812 3715 ducum
859 3660 1233 3715 bibliothecas
1265 3677 1395 3715 suas
1435 3677 1732 3715 exornare.
1772 3660 1926 3715 Ebur

208 3757 415 3807 autem
466 3751 677 3805 dicitur
724 3750 861 3805 dens
912 3750 1225 3821 elephanti,
1264 3749 1363 3821 qui
1403 3766 1475 3805 ex
1521 3754 1763 3821 utraque
1812 3750 1926 3805 oris

209 3849 381 3918 parte
430 3845 645 3915 singuli
688 3849 1019 3912 nascuntur,
1064 3845 1132 3899 ad
1179 3844 1601 3915 longitudinem
1654 3860 1929 3899 nonnun-

213 3952 399 4006 quam
431 3935 628 3989 decem
661 3936 892 4005 pedum,
928 3935 1081 4007 quod
1114 3934 1212 3989 alii
1261 3949 1441 3989 cornu
1491 3934 1787 4003 elephanti
1834 3950 1931 3988 vo-

214 4030 372 4080 cant.
412 4027 743 4079 AGRICOLA.

287 4114 651 4183 Sententias]
695 4112 1051 4167 Sententiam
1100 4112 1409 4184 aliquando
1458 4128 1726 4167 vocamus
1763 4112 1931 4166 breve

216 4205 443 4259 dictum
482 4202 885 4257 universaliter
927 4202 1143 4273 aliquid
1203 4201 1607 4273 pronuntians,
1658 4202 1813 4272 quod
1864 4201 1931 4255 ad

2238 1754 2335 1803 Odi
2356 1752 2637 1817 profanum
2661 1753 2853 1817 vulgus
2875 1757 2928 1803 et
2956 1768 3124 1805 arceo.

2021 1854 2350 1908 Acnxcom.

2099 1941 2349 2015 Damna]
2383 1943 2666 1997 Damnum
2706 1959 2739 1999 a
2767 1942 2976 2009 dando,
3008 1942 3067 1998 id
3101 1944 3185 1998 est
3222 1944 3595 2014 expendenda
3638 1945 3714 1999 di-

2023 2034 2176 2084 ctum
2215 2036 2373 2101 puto,
2426 2031 2570 2086 sicut
2621 2046 2918 2085 scamnum
2977 2049 3009 2085 a
3083 2032 3428 2101 scandendo,
3463 2034 3713 2089 scriben-

2024 2122 2277 2192 dumque
2302 2126 2386 2175 est
2417 2121 2536 2175 sine
2574 2138 2632 2189 ρ,
2680 2122 3168 2191 quemadmodum
3210 2139 3528 2192 scamnum,
3562 2141 3717 2178 som-

2024 2228 2152 2277 nus,
2177 2217 2368 2265 temno
2402 2216 2506 2265 :‘et
2536 2216 2599 2264 ut
2625 2211 2801 2265 semel
2834 2211 3075 2278 dicatur,
3099 2227 3397 2283 nunquam
3428 2230 3464 2282 p
3495 2213 3718 2267 interm

2024 2305 2079 2354 et
2107 2316 2142 2353 η
2173 2300 2389 2353 litteras
2421 2299 2481 2352 in
2520 2299 2734 2353 Latinis
2775 2298 3119 2354 dictionibus
3146 2300 3476 2357 intervenit.
3519 2302 3716 2371 Ipsum

2022 2406 2093 2457 m,
2130 2394 2269 2443 teste
2301 2389 2537 2453 Quintil.
2562 2388 2622 2441 in
2657 2404 2675 2443 1
2713 2388 2959 2442 lnstitut.
2988 2430 3004 2457 ,
3032 2389 3226 2444 Latine
3258 2390 3526 2461 loquendi
3557 2406 3716 2445 more

2023 2480 2346 2533 sonandum
2380 2483 2465 2533 est
2494 2484 2771 2550 tanquam
2804 2482 2952 2532 esset
2978 2494 3015 2531 η
3046 2478 3256 2534 littera.
3292 2482 3621 2535 AGRICOLA.

2094 2571 2362 2624 Postremo
2390 2568 2668 2636 adversus,
2700 2572 2805 2623 etc.
2837 2568 2854 2639 ]
2894 2570 3009 2624 Hoc
3048 2568 3180 2623 fecit
3221 2569 3449 2624 Boetius
3496 2568 3557 2623 in
3596 2585 3717 2624 car-

2024 2658 2180 2713 mine
2211 2674 2223 2713 :

2336 2748 2375 2795 0
2396 2744 2633 2795 stelliferi
2667 2745 2910 2795 conditor
2938 2746 3099 2796 orbis.

2018 2830 2347 2883 AGRICOLA.

2092 2917 2383 2972 Incanduz’t
2414 2915 2519 2987 ]Id
2550 2919 2634 2970 est
2673 2914 2902 2970 exarsit.
2956 2915 3209 2970 Candere
3240 2912 3473 2986 proprie
3517 2917 3601 2968 est
3632 2913 3712 2967 al-

1086 3036 1199 3089 Ηοο
1231 3035 1367 3090 dicit
1394 3034 1760 3106 philosophia
1793 3052 1805 3091 ε
1836 3034 1918 3090 Li.
1956 2991 1998 3048 (ἶ
2030 3007 2167 3063 bum
2201 3010 2430 3106 esseaet
2467 3005 2889 3076 propemodum
2923 3004 3205 3076 fulgorem
3232 3004 3488 3060 reddere.
3520 3002 3722 3074 Virgil.

2027 3098 2089 3152 in
2123 3112 2138 3151 ι
2168 3096 2390 3152 1Eneid.
2424 3112 2437 3149 :

2152 3184 2433 3234 Candentis
2456 3196 2630 3233 vaccas
2659 3183 2832 3232 media
2860 3182 2997 3232 inter
3022 3195 3222 3232 cornua
3250 3182 3402 3232 fudit.

2030 3267 2297 3324 Horatius
2328 3266 2389 3320 in
2419 3264 2553 3320 0dis
2590 3281 2602 3319 :

2401 3354 2547 3402 Nube
2573 3352 2858 3403 candentes
2890 3352 3139 3402 humeros
3175 3353 3399 3403 amictus

2154 3436 2335 3499 Augur
2359 3433 2563 3497 Apollo.

2030 3529 2165 3584 Inde
2203 3543 2307 3599 per
2334 3524 2770 3581 translationem
2802 3523 3113 3578 deductum
3143 3526 3246 3591 est,
3276 3526 3339 3577 ut
3370 3537 3497 3595 quae
3546 3520 3731 3594 ignita

2032 3623 2182 3689 sunt,
2208 3616 2467 3673 cadentia
2500 3614 2781 3669 dicantur.
2814 3612 3013 3667 Horat.
3050 3629 3063 3667 :

2375 3705 2595 3753 Ventres
2620 3702 2818 3750 lamina
2847 3698 3105 3750 candente
3132 3703 3385 3764 nepotum

2380 3766 2582 3815 Diceret
2611 3764 2861 3812 urendos.

2043 3868 2182 3924 llinc
2224 3867 2456 3920 demum
2513 3864 2658 3917 sicut
2700 3861 2899 3917 ardere
2948 3861 3052 3929 ira,
3096 3864 3175 3915 sic
3221 3862 3629 3917 excandescere
3682 3862 3741 3915 et

2039 3956 2440 4012 incandescere
2473 3952 2689 4006 dictum
2712 3954 2813 4003 est.
2852 3952 3171 4005 AGRICOLA.

2114 4048 2280 4101 Musae
2310 4042 2325 4116 ]
2359 4044 2418 4096 Id
2464 4046 2548 4095 est
2578 4038 2867 4105 carminis,
2910 4055 3011 4109 per
3047 4040 3458 4109 synecdochen,
3509 4054 3737 4093 causam

2042 4153 2146 4209 pro
2177 4134 2375 4188 elfectu
2410 4130 2615 4202 posuit.
2652 4132 2979 4185 AGRICOLA.

2116 4227 2232 4280 Pua:
2264 4222 2346 4294 ]A
2377 4225 2564 4275 vetere
2596 4218 2767 4273 verbo
2808 4232 2955 4288 pago
2987 4216 3135 4270 dicta
3176 4219 3279 4283 est,
3309 4215 3461 4269 unde
3494 4218 3547 4269 et
3578 4229 3733 4268 com-

217 4296 404 4389 ﬁtam
438 4293 743 4389 11091311“
775 4292 1078 4389 mima“,
1107 4296 1169 4346 nt
1200 4291 1629 4389 ‘_talisf1Ui§que
1660 4295 1777 4389 θῗίι,
1798 4306 1933 4389 (“mf
1971 4304 2013 4360 Ι)
2048 4331 2219 4389 pages
2255 4291 2577 4381 etpactum,
2608 4308 2761 4379 quod
2779 4306 3138 4377 praeteritum
3158 4305 3361 4359 habuit
3382 4304 3514 4376 pegi
3541 4320 3553 4357 :
3591 4304 3741 4358 unde

219 4384 377 4438 libus
448 4382 646 4436 amicis
690 4382 939 4451 gaudet;
997 4398 1167 4436 avaro
1204 4386 1321 4435 tam
1362 4381 1522 4435 deest
1565 4381 1717 4451 quod
1766 4380 1936 4435 habet

228 4488 409 4544 quam
439 4471 597 4543 quod
640 4488 757 4525 non
802 4472 990 4526 habet.
1041 4470 1365 4542 Aliquando
1414 4470 1655 4523 dicimus
1705 4472 1932 4522 senten-

220 4562 366 4617 tiam
400 4577 635 4615 omnem
670 4560 1080 4632 cogitationem
1112 4566 1211 4616 aut
1251 4559 1716 4615 constitutionem
1757 4557 1938 4613 animi

222 4650 434 4705 nostri.
471 4650 563 4705 Sic
594 4649 747 4721 Virg.
784 4667 797 4705 :

315 4758 475 4806 Nunc
510 4770 629 4820 quae
660 4760 709 4807 te
731 4757 927 4821 jurata,
959 4758 1124 4821 pater,
1158 4755 1415 4805 sententia
1441 4754 1616 4804 vertit.

299 4856 662 4927 Quandoque
696 4856 870 4910 etiam
901 4855 1245 4910 sententiam
1276 4869 1537 4909 vocamus
1570 4866 1803 4907 sensum
1840 4853 1939 4905 aut

232 4951 497 5001 mentem
531 4946 837 4999 verborum
869 4962 994 5017 qua:
1026 4944 1265 4999 dicimus
1300 4943 1618 5013 diciturque
1662 4940 1941 4995 sententia

228 5053 260 5089 a
332 5035 663 5099 sentiendo,
706 5035 981 5106 quoniam
1020 5034 1099 5089 ita
1137 5034 1472 5101 sentiamus,
1515 5032 1574 5086 id
1606 5034 1691 5086 est
1722 5030 1939 5101 judice-

230 5141 383 5180 mus.
423 5126 766 5178 AGRICOLA.

305 5217 375 5269 Et
401 5218 458 5266 tu
480 5213 706 5283 quidem
736 5213 752 5283 ]
792 5211 1020 5282 Repetit
1049 5210 1297 5266 breviter
1337 5208 1701 5280 Philosophia
1733 5224 1940 5278 quere-

232 5304 352 5357 lam
386 5302 587 5367 Boetii,
622 5307 676 5356 et
705 5318 806 5372 per
838 5304 1024 5373 capita
1054 5304 1486 5367 commemorat,
1513 5303 1816 5370 captatque
1850 5301 1945 5365 (ut

234 5392 653 5463 praediximus)
688 5391 1168 5456 benevolentiam,
1196 5407 1325 5445 cum
1348 5391 1560 5445 fatetur
1584 5404 1713 5441 vera
1738 5402 1859 5441 esse
1879 5402 1944 5440 ea

240 5498 373 5554 quae
414 5483 562 5535 clare
594 5482 651 5535 in
686 5486 842 5535 textu
874 5485 1092 5551 patent.
1129 5482 1463 5536 AGRICOLA.

316 5574 385 5626 In
408 5587 683 5627 commune
718 5572 948 5642 bonum]
994 5572 1053 5625 Id
1088 5574 1171 5625 est
1209 5570 1267 5625 in
1297 5569 1601 5624 utilitatem
1631 5566 1941 5638 publicam.

244 5664 574 5719 AGBICOLA.

2045 4411 2100 4460 et
2123 4404 2362 4474 impigo,
2406 4398 2621 4471 impegi
2653 4396 2958 4452 dicendum
2990 4411 3110 4449 esse
3136 4394 3379 4461 videtur,
3413 4398 3468 4447 et
3498 4410 3611 4447 non
3642 4392 3744 4447 im-

2046 4495 2238 4566 pingo,
2274 4490 2428 4562 quod
2460 4488 2664 4559 impigi
2699 4486 2889 4541 media
2917 4485 3074 4539 brevi
3104 4484 3318 4555 syllaba
3356 4484 3541 4538 facere
3574 4482 3743 4537 debe-

2047 4587 2131 4638 ret
2165 4597 2178 4636 :
2213 4579 2359 4633 sicut
2391 4576 2606 4649 pepigi,
2646 4592 2678 4630 a
2718 4592 2832 4647 quo
2864 4574 2921 4629 id
2953 4572 3333 4645 componitur,
3366 4573 3519 4627 facit.
3571 4573 3745 4627 AGRI-

2049 4686 2223 4727 COLA.

2126 4761 2263 4815 Vota
2295 4756 2311 4826 ]
2340 4753 2664 4824 Aliquando
2713 4756 2908 4807 votum
2956 4749 3240 4821 signiﬁcat
3280 4749 3431 4820 quod
3460 4751 3575 4805 Deo
3610 4763 3749 4819 pro-

2048 4848 2295 4903 mittitur
2324 4845 2563 4913 alicujus
2585 4842 2667 4896 rei
2688 4840 3067 4912 impetrandae
3088 4840 3175 4894 vel
3196 4840 3498 4895 exorandae
3539 4836 3746 4911 gratia,

2051 4936 2355 5010 aliquando
2383 4932 2731 4988 desiderium
2784 4935 2882 4984 aut
2928 4946 3123 5000 preces
3158 4946 3171 4984 :
3206 4932 3284 4983 sic
3333 4930 3576 4984 dicimus
3627 4944 3749 4983 rem

2051 5028 2301 5084 evenisse
2341 5040 2408 5079 ex
2448 5027 2603 5093 voto,
2660 5025 2716 5075 et
2761 5020 2894 5075 hinc
2941 5025 3072 5074 vota
3110 5019 3266 5087 dicit,
3307 5018 3365 5074 id
3419 5025 3505 5075 est
3550 5034 3748 5090 preces

2047 5116 2306 5191 posuisti.
2334 5117 2410 5169 AG
2424 5127 2553 5168 luco
2568 5128 2662 5167 LA.

2124 5207 2228 5264 Sed
2260 5207 2515 5271 quoniam
2544 5202 2813 5271 plurimus
2845 5198 2861 5269 ]
2896 5198 3007 5253 Hoc
3036 5198 3156 5252 loco
3187 5198 3426 5252 docilem
3458 5194 3591 5249 facit
3624 5192 3751 5247 Phi-

2052 5294 2330 5364 losophia,
2367 5290 2670 5345 ostendens
2703 5304 2815 5358 quo
2846 5286 3047 5340 ordine
3080 5286 3214 5340 velit
3243 5286 3310 5339 de
3337 5284 3503 5337 rebus
3528 5282 3597 5335 ad
3632 5297 3753 5334 con-

2053 5385 2356 5441 solandum
2394 5380 2648 5434 Boetium
2693 5376 3116 5449 pertinentibus
3155 5376 3451 5435 disserere,
3494 5378 3548 5427 et
3600 5371 3755 5441 quod

2055 5475 2329 5546 primum,
2356 5471 2461 5525 hoc
2482 5474 2565 5523 est
2594 5470 2651 5522 in
2682 5468 2932 5523 secundo
2958 5466 3121 5532 libro,
3163 5463 3299 5516 velit
3323 5461 3405 5513 uti
3432 5460 3749 5515 lenioribus

2056 5562 2346 5627 remediis,
2390 5563 2452 5613 ut
2478 5558 2639 5629 quasi
2666 5561 2953 5628 praeparet
2997 5569 3128 5609 eum
3158 5552 3227 5605 ad
3248 5549 3467 5605 acriora
3500 5549 3759 5605 remedia

2061 5649 2449 5725 percipienda.
2487 5649 2794 5714 Plurimus,
2827 5646 2887 5701 id
2928 5648 3011 5699 est
3045 5640 3206 5697 valde
3255 5641 3490 5709 multus,
3537 5640 3759 5712 hocque
