4054 6184
393 284 494 338 943

1136 284 1477 338 ΑΡΡΕΝΒιΧ
1515 283 1610 336 AD
1650 282 1895 338 LIBROS
1936 283 2024 336 DE
2063 244 2586 339 CONSOLKATIONE
2628 283 3137 339 pauosornm.
3763 292 3854 345 nu

391 412 573 483 magis
604 426 670 465 ex
700 426 803 465 usu
837 409 1113 481 loquendi
1160 408 1479 474 hominum,
1521 424 1693 479 quam
1744 424 1812 461 ex
1871 408 2075 461 virtute
2115 410 2160 461 A
2189 406 2409 471 urbem,
2464 412 2520 461 et
2550 390 2846 461 civitatem
2869 409 3172 462 hominum
3218 414 3275 463 et
3296 409 3552 476 deorum,
3589 418 3641 465 et
3673 431 3857 468 unum-

385 501 540 555 verbi
565 506 663 555 aut
686 516 819 555 vera
845 497 1259 571 significatione
1288 498 1514 553 dicitur.
1548 500 1876 553 AGRICOLA.

460 588 789 661 Aﬂ’ectuum]
826 589 1074 643 Affectus
1129 587 1337 641 dicitur
1373 586 1428 641 id
1461 587 1609 658 quod
1657 587 1833 641 Graeci
1876 589 2079 639 vocant

387 679 566 743 πάθος,
601 678 751 750 quod
782 677 961 732 nostri
996 676 1168 731 hodie
1196 676 1381 745 ignari
1412 676 1697 730 Ciceronis
1742 681 1798 729 et
1831 675 2075 729 aliorum

388 772 684 822 auctorum
716 767 911 821 Latine
968 766 1349 836 loquentium,
1402 765 1724 835 passionem
1766 764 1945 818 animi
1988 781 2077 817 vo-

384 862 532 913 cant.
568 858 662 911 Est
690 860 878 910 autem
911 855 1141 909 affectus
1171 856 1352 926 major
1383 854 1617 925 quidam
1653 853 1829 907 animi
1866 858 2073 922 motus,

384 947 649 1003 desinens
696 945 923 1000 tandem
964 962 976 998 :
1012 960 1146 998 nam
1196 944 1242 997 si
1302 944 1487 1009 duret,
1529 944 1648 1013 jam
1680 959 1893 997 nomen
1942 942 2075 996 affe-

382 1041 506 1091 ctus
534 1036 765 1101 amittit,
799 1038 853 1089 et
878 1033 1225 1088 consuetudo
1247 1032 1473 1086 dicitur.
1505 1034 1695 1102 Itaque
1726 1032 1809 1084 ira
1842 1031 2074 1085 affectus

382 1131 485 1193 est,
526 1125 823 1180 iracundia
873 1140 1007 1178 vero
1062 1124 1365 1177 assuetudo
1416 1139 1427 1175 :
1482 1121 1838 1175 affectionem
1882 1126 2073 1175 autem

382 1215 576 1271 Cicero
607 1218 769 1269 vocat
800 1229 1030 1268 omnem
1066 1213 1479 1284 permotionem
1514 1227 1627 1264 non
1654 1210 1829 1263 animi
1864 1211 2069 1277 solum,

383 1306 479 1360 sed
516 1309 571 1358 et
598 1303 873 1375 corporis,
898 1303 954 1357 id
987 1303 1138 1373 quod
1177 1301 1453 1355 dialectici
1512 1301 1689 1354 nostri
1742 1300 2071 1369 dispositio-

379 1410 512 1449 nem
544 1398 748 1448 vocant
779 1409 791 1446 :
827 1392 1311 1464 quemadmodum
1360 1390 1510 1460 quod
1564 1390 1645 1443 illi
1681 1388 1938 1443 habitum
1979 1406 2071 1442 vo-

380 1488 527 1550 cant,
548 1483 756 1537 melius
781 1481 1279 1547 consuetudinem,
1306 1481 1392 1532 vel
1427 1495 1613 1545 usum,
1638 1477 1721 1533 vel
1758 1478 2069 1531 assuetudi-

378 1587 509 1627 nem
552 1576 841 1639 vocarent,
882 1576 945 1624 ut
1004 1570 1073 1622 sit
1109 1569 1332 1622 affectio
1377 1573 1609 1635 tremor,
1664 1567 1763 1637 qui
1794 1584 1860 1621 ex
1910 1572 2066 1621 metu

2190 510 2477 567 quemque
2510 499 2769 548 nostrum
2804 495 2925 564 ejus
2955 496 3156 550 mundi
3191 513 3310 550 esse
3339 499 3589 567 ipartem.
3631 501 3777 556 Idem
3807 504 3855 556 in

2188 585 2492 639 Paradoxis
2527 601 2540 637 :
2580 585 2723 639 Mors
2764 586 3037 639 terribilis
3068 590 3152 639 est
3196 586 3264 639 iis
3305 604 3549 657 quorum
3604 605 3723 643 cum
3756 593 3858 645 vita

2189 674 2382 728 omnia
2442 674 2903 745 exstinguuntur,
2945 691 3062 729 non
3096 674 3182 729 his
3232 692 3478 746 quorum
3521 679 3642 732 laus
3694 684 3859 736 emori

2188 780 2305 818 non
2336 768 2541 833 potest.
2568 764 2836 817 Exsilium
2865 769 3053 818 autem
3080 766 3332 820 terribile
3364 768 3452 820 his
3484 768 3688 839 quibus
3716 774 3861 841 quasi

2186 853 2647 923 circumscriptus
2718 858 2801 907 est
2874 854 3172 909 habitandi
3233 856 3408 923 locus,
3452 874 3568 911 non
3637 859 3721 912 his
3774 862 3858 932 qui

2185 958 2414 996 omnem
2453 942 2652 996 orbem
2693 947 2978 998 terrarum
3021 961 3195 999 unam
3247 945 3446 1000 urbem
3498 964 3621 1002 esse
3668 950 3858 1005 dicunt.

2185 1032 2337 1085 Idem
2375 1032 2431 1084 in
2462 1032 2794 1085 Tusculanis
2824 1032 3245 1096 Quzestionibus
3280 1052 3291 1088 :
3328 1038 3521 1106 Itaque
3550 1038 3619 1090 ad
3652 1054 3857 1094 omnem

2184 1120 2467 1173 rationem
2497 1120 2699 1174 Teucri
2728 1138 2835 1175 vox
2865 1123 3287 1177 accommodari
3313 1130 3499 1195 potest
3537 1143 3549 1179 :
3585 1128 3766 1181 Patria
3790 1139 3861 1183 est

2186 1208 2516 1279 ubicunque
2548 1213 2631 1262 est
2656 1208 2822 1263 bene.
2874 1209 3127 1263 Socrates
3161 1211 3388 1281 quidem
3421 1229 3551 1265 cum
3584 1223 3862 1283 rogaretur

2183 1299 2534 1368 cujatensem
2567 1315 2688 1351 esse
2733 1298 2961 1367 diceret,
3018 1301 3372 1355 mundanum
3420 1303 3632 1373 inquit.
3684 1306 3858 1359 Totius

2181 1388 2336 1441 enim
2370 1388 2573 1441 mundi
2604 1404 2660 1441 se
2690 1390 2935 1442 incolam
2967 1393 3021 1442 et
3059 1390 3239 1443 civem
3277 1391 3685 1448 arbitrabatur.
3721 1396 3858 1452 Pros-

2178 1494 2304 1548 per,
2338 1477 2593 1531 eruditus
2625 1483 2681 1531 et
2711 1478 3061 1532 Christianus
3092 1485 3261 1551 poeta
3300 1497 3313 1533 :

2271 1576 2386 1624 Non
2411 1579 2588 1623 metuo
2609 1574 2872 1633 exsilium,
2894 1576 3124 1624 mundus
3151 1576 3340 1624 domus
3375 1578 3625 1627 omnibus
3659 1593 3759 1628 una
3778 1590 3859 1630 est.

376 1661 655 1732 provenit,
702 1659 1006 1713 assuewdo
1056 1673 1189 1712 "81‘0
1246 1663 1464 1710 ίτοῐηοΐ
1517 1656 1614 1727 (Illi
1650 1672 1715 1710 ex
1772 1656 1929 1711 senio
1978 1658 2065 1712 V61
2107 1695 2148 1751 Β
2176 1664 2346 1720 Divus
2386 1663 2718 1719 Ambrosius
2742 1665 2801 1718 in
2833 1668 2862 1719 6
2909 1665 3074 1735 epist.
3113 1683 3125 1721 :
3186 1667 3540 1740 Quocunque
3592 1674 3862 1731 accesserit

377 1750 579 1804 morbo
609 1748 857 1801 relictus.
881 1749 1210 1801 Acmcom.

446 1837 695 1893 Incubuit
726 1836 873 1905 ]Per
916 1834 1312 1905 metaphoram
1365 1833 1579 1887 dictum
1621 1836 1723 1900 est,
1756 1834 1812 1887 id
1847 1839 1933 1889 est
1979 1835 2065 1889 in-

373 1928 517 1982 vasit
560 1944 572 1981 :
601 1926 830 1998 proprie
863 1925 1015 1979 enim
1058 1940 1229 1995 super
1258 1923 1636 1994 aliudjacere.
1670 1923 1823 1995 Virg.
1862 1940 1874 1977 :

528 2014 879 2077 Incubuitque
906 2017 1034 2063 toto.

372 2099 697 2154 Aemcou.

447 2189 535 2243 Uti
552 2202 694 2241 nunc
724 2182 932 2256 mentis]
964 2183 1184 2237 Dictum
1214 2186 1297 2237 est
1326 2183 1397 2237 ad
1432 2182 1591 2236 illam
1622 2181 1889 2253 figuram,
1926 2182 2069 2237 sicut

372 2278 635 2340 dicimus,
682 2291 807 2329 sum
838 2275 983 2328 laeta!
1016 2274 1244 2328 mentis.
1279 2272 1510 2327 Ovidius
1543 2289 1555 2325 :

531 2366 594 2414 Et
627 2364 807 2413 vultus
832 2362 1065 2412 melioris
1095 2362 1212 2411 eris.

368 2446 655 2515 habetque
686 2443 930 2515 gratiam
964 2458 1081 2496 non
1106 2442 1433 2514 indecorem
1466 2440 1565 2494 illa
1596 2441 1778 2495 forma
1815 2440 2061 2495 dicendi.

370 2537 673 2590 AGRICOLA

441 2575 698 2679 Nondum,
723 2627 771 2677 te
794 2622 1087 2687 validiora,
1119 2624 1222 2675 etc.
1257 2618 1277 2691 ]
1313 2620 1502 2690 Longe
1537 2625 1595 2675 et
1632 2620 1846 2674 crebras
1877 2624 2066 2675 trans-

368 2712 608 2767 lationes
657 2712 977 2783 conjunctaz
1050 2714 1199 2777 sunt,
1275 2714 1331 2764 et
1379 2726 1560 2781 prope
1617 2711 1677 2765 in
1727 2710 2059 2781 allegoriam

363 2804 605 2857 vertitur
625 2802 824 2857 oratio.
852 2804 1187 2856 AGRICOLA.

432 2893 551 2949 Non
582 2891 798 2961 quidem
832 2892 1025 2961 pulsus
1059 2906 1130 2957 es,
1184 2888 1277 2942 sed
1314 2889 1600 2944 abmasti
1626 2889 1643 2957 ]
1682 2888 1963 2960 Loquitur
1992 2904 2057 2943 ex

362 2981 681 3035 Stoicorum
724 2980 1024 3045 sententia,
1070 2978 1169 3049 qui
1195 2978 1357 3032 aiunt
1400 2978 1694 3032 hominem
1741 2978 2060 3047 sapientem
2100 2978 2140 3035 C

362 3070 586 3125 civitate
617 3070 826 3141 depelli
858 3086 972 3123 non
995 3084 1179 3139 posse,
1211 3068 1320 3121 nisi
1350 3068 1469 3138 ipse
1504 3066 1692 3138 pravis
1723 3067 2060 3137 cupiditati-

360 3159 467 3213 bus
502 3160 679 3213 victus
724 3159 947 3213 aberret
973 3159 1042 3211 ab
1085 3174 1167 3211 ea.
1220 3157 1414 3211 Cicero
1458 3157 1517 3209 in
1563 3156 1914 3210 Paradoxis:
1960 3157 2058 3211 Sa-

360 3248 568 3318 pientis
620 3248 845 3303 animus
885 3246 1283 3317 magnitudine
1326 3245 1572 3313 consilii,
1613 3246 1919 3299 tolerantia
1962 3262 2058 3298 re-

357 3352 485 3390 rum
520 3338 925 3403 humanarum,
950 3336 1435 3405 contemplatione
1460 3335 1725 3403 fortunae,
1751 3334 2056 3389 virtutibus

358 3425 604 3495 denique
636 3426 899 3479 omnibus
929 3430 993 3478 ut
1022 3424 1307 3478 moenibus
1346 3428 1539 3492 septus
1570 3424 1830 3477 vincetur
1871 3428 1925 3477 et
1955 3440 2054 3477 ex-

356 3512 726 3583 pugnabitur,
761 3512 857 3583 qui
892 3528 959 3565 ne
987 3511 1212 3565 civitate
1236 3510 1469 3580 quidem
1501 3510 1638 3579 pelli
1669 3514 1857 3579 potest
1884 3512 1911 3567 ?

425 3600 582 3655 Ἀλλὰ
614 3601 683 3661 εἷς
731 3599 979 3673 βασιλεὺς
1039 3602 1195 3669 ἔστιν,
1244 3599 1311 3659 εἷς
1371 3603 1601 3671 κοίρανος
1660 3598 1673 3670 ]
1715 3600 1840 3652 Haec
1881 3600 2052 3655 verba

354 3691 574 3745 suntin
630 3690 941 3761 exemplari
993 3690 1143 3759 quod
1194 3688 1553 3743 doctissimus
1604 3688 1878 3742 Caesarius
1910 3689 2050 3743 mihi

353 3781 752 3835 commodavit.
790 3781 1246 3849 Interpretantur
1276 3782 1465 3831 autem
1500 3778 1593 3831 sic.
1632 3777 1737 3831 Sed
1772 3793 1919 3831 unus
1950 3795 2048 3833 rex

351 3874 453 3937 est,
486 3885 634 3923 unus
663 3869 959 3923 Dominus.
1007 3867 1299 3921 Habentur
1337 3871 1392 3920 et
1430 3866 1507 3919 sic
1554 3866 1614 3919 in
1647 3866 1845 3920 eodem
1900 3882 2047 3921 mar-

355 3959 489 4029 gine
528 3959 796 4029 ascripta,
832 3955 984 4007 Ἀλλά
1019 3957 1086 4017 εἶς
1136 3960 1369 4029 κοίρανος
1418 3958 1575 4018 ἔστιν,
1630 3956 1698 4016 εἷς
1756 3954 2041 4027 βασιλεὺςε

347 4049 454 4103 Sed
504 4065 650 4102 unus
701 4047 969 4102 dominus
1010 4051 1114 4111 est,
1160 4062 1306 4098 unus
1351 4061 1463 4099 rex.
1523 4046 1584 4097 In
1627 4046 1866 4115 epistola
1914 4062 2045 4099 vero

344 4137 620 4192 Edicollii
650 4138 822 4207 paulo
852 4136 1035 4203 aliter,
1088 4134 1175 4195 Εἷς
1207 4138 1438 4206 κοίρανος
1463 4136 1605 4198 ἓςτω,
1640 4134 1710 4194 εἷς
1758 4132 2039 4204 βασιλεύςε

346 4228 500 4281 Unus
531 4227 797 4282 dominus
840 4226 930 4291 sit,
964 4240 1112 4278 unus
1152 4239 1266 4277 rex.
1317 4223 1582 4292 Agricola
1621 4239 1754 4276 vero
1799 4223 1950 4276 hunc
1981 4223 2042 4277 in

2181 1755 2431 1825 sapiens,
2464 1755 2680 1824 ubique
2712 1754 2847 1807 civis
2868 1760 2969 1820 est,
3005 1755 3216 1826 ubique
3244 1774 3345 1811 sua
3368 1760 3569 1812 omnia
3592 1760 3855 1829 intelligit,

2175 1860 2462 1915 nusquam
2496 1860 2552 1897 se
2573 1843 2957 1913 {peregrinum
2973 1886 2985 1910 ,
3032 1860 3315 1915 nusquam
3330 1847 3621 1918 hospitem
3639 1850 3853 1918 judicat.

2176 1933 2599 2003 Theophrastus
2620 1933 2807 1986 dicere
2832 1933 3050 1986 solebat
3068 1933 3297 1988 doctum
3316 1936 3636 2005 hominem,
3664 1955 3724 1992 ex
3756 1956 3855 1992 om-

2176 2022 2347 2077 nibus
2378 2022 2588 2087 solum,
2618 2038 2805 2092 neque
2836 2021 2894 2075 in
2918 2023 3115 2076 alienis
3156 2024 3291 2078 locis
3327 2028 3702 2096 peregrinum
3734 2045 3855 2085 esse.

2178 2128 2365 2181 neque
2389 2112 2620 2182 inopem
2653 2111 2987 2165 amicorum.
3024 2112 3193 2167 Vetus
3222 2114 3495 2186 adagium
3517 2122 3635 2171 est:
3661 2118 3857 2181 Quaevis

2175 2208 2326 2257 terra
2354 2201 2557 2270 patria,
2590 2217 2704 2271 quo
2732 2201 3114 2255 admonemur
3135 2203 3320 2257 virum
3346 2205 3669 2275 sapientem
3692 2225 3749 2259 ac
3767 2208 3853 2261 Lo-

2173 2290 2676 2361 num,ubicunque
2694 2290 2954 2361 gentium
2978 2292 3199 2361 vixerit,
3216 2293 3442 2349 felicem
3466 2312 3611 2351 esse.
3635 2297 3784 2351 Ovid.
3802 2299 3849 2351 in

2176 2379 2355 2433 Fastis
2381 2396 2394 2431 :

2298 2468 2461 2515 Omne
2488 2467 2659 2515 solum
2695 2467 2817 2515 forti
2838 2470 3019 2531 ‘patria
3049 2473 3144 2532 est,
3176 2473 3234 2520 ut
3267 2472 3503 2535 piscibus
3541 2488 3741 2539 aequor.

2174 2548 2443 2619 Papinius
2473 2548 2531 2602 in
2560 2548 2844 2602 Thebaide
2879 2566 2891 2603 ε

2299 2655 2464 2703 Omne
2490 2655 2693 2704 homini
2724 2656 2899 2705 natale
2930 2656 3122 2705 solum.

2242 2757 2310 2809 Εἰ
2330 2755 2427 2825 jus
2468 2756 2717 2809 exsulare
2746 2772 2850 2809 non
2881 2756 3027 2827 esse]
3064 2758 3123 2811 Id
3156 2761 3240 2812 est
3278 2774 3394 2812 non
3427 2759 3600 2815 licere
3651 2762 3699 2816 ei
3722 2779 3855 2816 exsu-

2169 2843 2283 2897 lem
2314 2860 2455 2909 esse,
2489 2860 2585 2898 seu
2618 2845 2736 2914 pati
2763 2844 3043 2901 exsilium.
3074 2847 3192 2901 Meo
3214 2847 3432 2918 judicio
3484 2853 3741 2906 exsulare
3769 2852 3853 2905 'Iiic

2168 2932 2406 2986 verbum
2430 2937 2533 3000 est,
2566 2934 2794 2987 tametsi
2828 2952 2989 2989 secus
3016 2937 3225 2990 sentiat
3268 2939 3552 3008 Agricola.
3607 2944 3783 2995 Potest
3809 2947 3851 2993 et

2170 3022 2248 3075 sic
2274 3022 2504 3093 exponi,
2568 3022 2659 3092 jus
2714 3025 2990 3093 exsulare,
3039 3024 3146 3080 hoc
3188 3028 3391 3098 estjus
3439 3030 3756 3100 exsulandi,
3803 3034 3851 3083 ut

2171 3112 2323 3183 apud
2358 3111 2651 3166 Horatium
2684 3128 2695 3167 :

2696 3201 2923 3263 Tempus
2944 3201 3087 3251 abire
3118 3203 3242 3261 tibi;

2603 3263 2656 3312 id
2691 3268 2771 3313 est
2792 3268 2999 3327 tempus
3028 3266 3277 3314 abeundi.

2756 3362 2827 3415 IN
2861 3363 3147 3418 METRUM
3178 3365 3266 3417 VI.

2235 3450 2363 3505 Cum
2402 3450 2585 3503 Phazbi
2618 3450 2837 3519 radiis]
2886 3453 3126 3506 Carmen
3158 3454 3266 3508 hoc
3306 3470 3370 3507 ex
3404 3456 3841 3525 praecedentibus

2161 3539 2413 3608 pendet:
2467 3538 2601 3609 quia
2652 3540 2806 3593 enim
2864 3542 3131 3610 praedixit
3187 3542 3554 3614 Philosophia
3616 3548 3752 3600 velle
3795 3562 3840 3597 se

2158 3627 2409 3697 primum
2443 3629 2591 3681 mala
2630 3633 2684 3682 et
2729 3628 2952 3683 dolores
2991 3631 3163 3685 Boetii
3212 3632 3539 3687 mitioribus
3592 3634 3842 3689 remediis

2158 3718 2404 3784 mollire,
2438 3723 2503 3773 ut
2529 3718 2608 3772 sic
2635 3718 2839 3772 deinde
2867 3718 2938 3772 ad
2984 3720 3203 3775 acriora
3246 3723 3637 3779 medicamina
3682 3724 3842 3795 perci-

2156 3806 2370 3877 pienda
2397 3808 2584 3878 aptior
2623 3807 2805 3862 ﬁeret.
2830 3809 2894 3861 In
2926 3809 3033 3863 hoc
3060 3811 3312 3866 carmine
3344 3814 3514 3875 velut,
3568 3812 3839 3868 communi

2156 3896 2402 3966 quadam
2436 3898 2735 3963 sententia,
2778 3900 3027 3953 ostendit
3059 3900 3117 3953 in
3159 3902 3425 3957 omnibus
3453 3903 3630 3957 rebus
3654 3904 3727 3958 ita
3756 3905 3836 3956 de-

2100 3984 2103 3987 “
2156 3986 2290 4039 bere
2331 3986 2477 4053 fieri,
2508 3992 2569 4040 ut
2599 3987 2870 4057 quodque
2899 4005 3000 4043 suo
3034 3994 3293 4061 tempore
3325 3999 3635 4063 peragatur
3667 4011 3678 4048 :
3705 3992 3837 4064 quod

2153 4075 2199 4128 si
2230 4080 2363 4129 ante
2406 4080 2633 4147 tempus
2686 4076 3045 4146 festinemus,
3089 4081 3175 4133 vel
3215 4087 3371 4135 extra
3427 4088 3653 4153 tempus
3689 4098 3836 4136 cone-

2153 4180 2283 4218 mur
2325 4164 2563 4235 aliquid,
2614 4166 2825 4221 frustra
2848 4182 2948 4221 nos
2981 4174 3036 4223 et
3084 4169 3206 4223 sine
3252 4170 3459 4225 effectu
3498 4172 3834 4226 laboraturos

2153 4270 2295 4307 esse.
2343 4255 2583 4308 Metrum
2616 4260 2699 4310 est
2730 4258 3089 4331 Glyconium,
3122 4259 3339 4314 dictum
3366 4261 3435 4315 ab
3469 4266 3697 4316 auctore
3722 4261 3836 4329 (11y-

342 4315 579 4369 modum
612 4316 771 4385 legit,
809 4314 877 4375 εἷς
902 4314 1075 4387 κύριός
1110 4310 1269 4375 ἔστιν,
1308 4312 1375 4371 εἷς
1408 4310 1676 4381 βασιλεὺς.
1729 4312 2035 4381 Sumptum

2184 4351 2336 4389 one:
2372 4336 2720 4404 trimetrum,
2774 4310 2880 4394 lioc
2927 4344 3011 4393 est
3058 4340 3241 4394 tribus
3288 4342 3532 4410 pedibus
3571 4319 3831 4404 constans,

342 4411 427 4459 est
449 4421 514 4458 ex
549 4406 815 4472 Homero,
858 4404 956 4474 qui
996 4404 1057 4456 in
1097 4402 1345 4456 secunda
1376 4400 1578 4454 Iliados
1616 4400 1924 4470 rhapsodia
1956 4402 2036 4456 sic

340 4494 567 4565 inquit:

481 4582 591 4634 Οὐκ
619 4581 810 4654 ἀγαθὸν
840 4579 1238 4654 πλουκοιρανίμ,
1274 4579 1343 4640 εἷς
1375 4582 1609 4652 κοίρανος
1641 4580 1792 4646 ἔστω,

481 4672 566 4733 Εἷς
601 4670 853 4743 βασιλεύς
887 4689 897 4722 :

339 4761 392 4815 id
423 4766 528 4827 est,
558 4777 673 4815 non
723 4762 942 4815 bonum
983 4758 1299 4813 multorum
1341 4758 1658 4813 dominatio
1687 4778 1700 4825 ;
1751 4773 1902 4811 unus
1932 4757 2033 4811 do-

334 4850 525 4903 minus
556 4848 644 4916 sit,
676 4865 825 4903 uuus
852 4866 969 4916 rex,
1002 4848 1154 4920 quod
1187 4850 1265 4914 (ut
1296 4848 1561 4919 Philippo
1602 4846 1878 4901 Beroaldo
1908 4846 2029 4917 pla-

334 4940 441 5009 cet)
477 4953 592 4991 uno
623 4953 783 4991 versu
824 4938 900 4991 sic
928 4938 1090 4993 reddi
1125 4942 1333 5007 potest,

485 5046 602 5157 Ilion
637 5058 769 5107 opus
804 5047 863 5093 ut
891 5044 1062 5105 multi,
1086 5044 1177 5094 sed
1209 5045 1455 5108 princeps
1488 5043 1709 5105 imperet
1743 5056 1903 5106 unus,

537 5121 600 5157 ex
631 5120 792 5157 unus.

537 5121 600 5157 ex
631 5120 792 5157 unus.

298 5246 303 5251 η
330 5211 637 5266 Possumus
676 5213 730 5264 et
760 5208 840 5263 sic
872 5208 1129 5276 reddere,

480 5318 595 5428 qun
630 5318 770 5367 bona
795 5316 1085 5365 multorum
1116 5312 1426 5376 dominatio,
1462 5314 1530 5362 sit
1559 5312 1825 5369 dominus,
1864 5313 1933 5361 sit

560 5393 624 5428 ex
652 5393 810 5428 unus.

560 5393 624 5428 ΘΧ
652 5393 810 5429 unus.

404 5479 527 5531 Tum
550 5480 790 5533 civitatis
821 5475 837 5550 ]
870 5474 1498 5545 Civitatis'sapientum.
1526 5476 1721 5529 Cicero
1752 5474 1811 5528 in
1848 5490 1915 5528 ιιι
1953 5474 2021 5528 de

330 5565 511 5619 Finib.
545 5566 614 5621 de
645 5568 845 5624 Stoicis
867 5569 987 5622 haec
1007 5566 1179 5619 tradit
1213 5581 1225 5618 :
1262 5563 1536 5619 Mundum
1566 5569 1758 5619 autem
1788 5568 2023 5618 censent

327 5655 449 5727 regi
476 5656 713 5712 numine
749 5657 1010 5723 deorum,
1043 5670 1290 5725 eumque
1315 5670 1434 5709 esse
1458 5654 1620 5723 quasi
1651 5669 2019 5709 communem

2146 4416 2398 4485 spondeo
2431 4421 2487 4470 et
2535 4418 2755 4472 duobus
2808 4420 3063 4491 dactylis.
3111 4420 3255 4474 Dicit
3285 4422 3386 4491 qui
3432 4438 3538 4491 per
3580 4428 3855 4483 aestatemy

2146 4520 2277 4558 cum
2322 4506 2515 4560 omnia
2559 4506 2780 4561 fervent
2844 4509 3149 4576 caloribus,
3206 4525 3395 4564 serere
3426 4510 3597 4578 volet,
3642 4511 3831 4564 frustra

2145 4594 2395 4665 sperabit
2426 4611 2667 4651 messem
2704 4615 2717 4652 :
2754 4599 2834 4653 sic
2865 4600 3036 4653 etiam
3069 4615 3173 4668 per
3217 4598 3469 4654 hiemem
3503 4599 3680 4653 violas
3729 4612 3829 4651 non

2146 4700 2266 4737 esse
2297 4683 2591 4752 legendas,
2624 4702 2729 4740 nec
2748 4704 2885 4741 uvas
2929 4687 3280 4757 colligendas
3309 4704 3439 4743 vere
3467 4705 3480 4755 ;
3516 4689 3663 4743 Deus
3687 4687 3825 4742 enim

2144 4773 2411 4826 omnibus
2458 4774 2625 4828 rebus
2656 4779 2918 4847 tempora
2949 4792 3051 4831 sua
3089 4777 3264 4845 dedit,
3302 4794 3429 4849 qua.-
3461 4777 3564 4848 qui
3615 4793 3725 4832 non
3754 4792 3829 4830 se-

2140 4867 2366 4933 quetur,
2419 4878 2535 4917 non
2582 4864 2815 4921 habebit
2864 4868 3063 4922 laetum
3103 4866 3281 4922 finem
3338 4883 3536 4923 rerum
3586 4882 3819 4923 suarum.

2140 4954 2466 5007 AGRICOLA.

2209 5043 2337 5097 Cum
2383 5042 2568 5096 Phuzbi
2604 5044 2781 5099 radiis
2818 5061 3004 5112 grave,
3038 5049 3141 5100 etc.
3176 5042 3437 5117 ]Totum
3483 5042 3815 5117 periphrasis

2138 5134 2239 5197 est,
2269 5130 2326 5183 id
2354 5134 2439 5184 est
2466 5131 2895 5187 circumlocutio
2926 5135 3161 5188 aestatis.
3193 5138 3533 5189 AGRICOLA.

2209 5221 2401 5274 Cancri
2444 5218 2465 5291 j
2512 5223 2723 5276 Cancer
2779 5228 2861 5277 est
2901 5224 3131 5295 signum
3180 5225 3429 5291 caeleste,
3478 5223 3539 5276 in
3594 5236 3699 5292 quo
3745 5216 3816 5270 sol

2134 5313 2326 5363 aestate
2385 5310 2519 5364 facit
2575 5311 2897 5381 solstitium,
2962 5330 3075 5385 quo
3135 5317 3393 5385 tempore
3458 5308 3815 5368 fervidissima

2134 5401 2296 5450 aestas
2336 5402 2438 5451 est.
2464 5401 2792 5455 AGRICOLA.

2201 5487 2540 5553 Neganlibus
2570 5488 2589 5559 ]
2643 5490 2859 5559 Negare
2909 5490 3118 5547 dicitur
3145 5496 3199 5546 et
3232 5491 3419 5547 verbis
3466 5492 3727 5552 abnuere,
3759 5488 3813 5539 ut

2129 5575 2353 5631 Terent.
2383 5576 2441 5630 in
2468 5577 2742 5631 Eunucho
2770 5595 2787 5631 :

2253 5664 2354 5729 Ait,
2393 5665 2503 5726 aio;
2537 5670 2711 5727 negat,
2749 5680 2903 5730 nego.
