4054 6184
220 290 336 341 ‘Jili
1227 291 1615 347 MURMELLII
1659 295 1740 348 ET
1791 296 2158 351 AGRICOLAS
2198 296 2725 351 COMMENTARIA.

212 421 279 471 et
311 432 482 487 opere
504 432 620 471 non
646 414 904 487 obsequi.
937 416 1193 471 Lucanus
1223 418 1281 472 in
1301 418 1485 487 primo
1512 435 1525 474 :

758 512 1092 577 Summisque
1118 517 1370 577 negatum

364 593 522 648 Stare
554 592 674 647 diu.

205 704 516 757 AGRICOLA.

278 790 483 859 Sulcis]
528 790 725 845 Sulcus
764 792 848 843 est
901 789 1109 844 cavitas
1165 790 1411 863 oblonga
1470 792 1566 846 illa
1614 809 1740 865 quae
1772 793 1922 849 inter

204 882 433 933 terram
462 879 734 950 utrinque
771 879 841 933 ab
880 884 1073 934 aratro
1105 879 1341 952 disjecta
1370 882 1429 936 in
1462 882 1613 953 agris
1647 882 1920 954 relinqui-

200 972 330 1022 tur.
361 972 660 1022 AGRICOLA.

277 1059 553 1129 Credidit]
610 1059 854 1114 Credere
909 1060 1142 1131 proprie
1195 1060 1478 1132 signiﬁcat
1509 1062 1694 1132 [alicui
1743 1063 1918 1118 ﬁdem

199 1147 511 1216 adhibere,
547 1149 700 1202 unde
731 1148 962 1203 credere
1012 1149 1275 1218 dicimus,
1312 1153 1619 1223 aliquando
1646 1153 1919 1207 commit-

196 1242 334 1290 tere
365 1238 582 1309 aliquid
614 1239 800 1305 alteri,
833 1240 920 1293 vel
965 1240 1212 1309 tradere,
1261 1246 1324 1295 ut
1368 1242 1675 1311 pecuniam
1714 1243 1801 1296 vel
1835 1259 1917 1298 se-

196 1331 436 1380 cretum
463 1343 475 1380 :
499 1327 635 1398 quia
665 1328 826 1397 cujus
864 1328 1000 1382 ﬁdei
1049 1345 1163 1383 non
1195 1331 1501 1401 credimus,
1536 1330 1618 1385 illi
1648 1331 1766 1385 fere
1798 1348 1915 1386 non

197 1416 498 1470 tradimus
533 1417 717 1470 ullam
747 1433 889 1471 rem.
913 1420 1212 1473 AGRICOLA.

272 1505 641 1575 Quernas]Sic
688 1506 917 1576 proprie
965 1507 1209 1561 facimus
1249 1508 1633 1578 possessivum
1664 1526 1697 1563 a
1739 1524 1912 1580 quer-

195 1609 291 1659 cu,
329 1610 450 1648 non
471 1602 790 1665 querclnas,
816 1600 876 1650 ut
901 1596 1102 1666 vulgus
1134 1597 1375 1651 barbare
1399 1598 1552 1653 dicit.
1587 1601 1683 1653 Est
1718 1604 1912 1654 autem

195 1699 458 1754 quercus
495 1684 664 1738 arbor
693 1686 1027 1755 glandifera,
1064 1676 1261 1756 ignota
1288 1686 1495 1741 nostris
1535 1688 1904 1758 regionibus:

195 1774 362 1843 quod
392 1774 549 1827 enim
579 1790 684 1826 nos
714 1790 989 1845 quercum
1030 1790 1315 1843 vocamus,
1358 1776 1591 1847 proprie
1617 1777 1794 1832 robur
1824 1777 1905 1832 di-

190 1862 375 1915 citur.
411 1866 707 1917 AGRICOLA.

260 1957 618 2023 Purpureum
686 1956 893 2024 nemus]
954 1955 1078 2009 Non
1123 1955 1262 2009 satis
1308 1956 1664 2012 considerate
1714 1958 1905 2028 posuit

187 2043 433 2097 Boetius
466 2043 571 2096 hoc
620 2043 980 2113 adjectivum.
1030 2044 1382 2100 Describitur
1424 2046 1578 2101 enim
1623 2047 1901 2113 hiemem,

183 2149 308 2203 quo
344 2136 611 2203 tempore
633 2132 767 2187 dicit
795 2132 867 2186 ad
894 2133 1164 2204 legendas
1196 2134 1376 2189 violas
1411 2152 1771 2206 purpureum
1797 2153 1902 2191 ne-

181 2240 323 2278 mus
360 2240 483 2277 non
514 2239 633 2277 esse
687 2224 1035 2294 petendum:
1086 2240 1286 2279 verum
1332 2241 1398 2279 eo
1449 2230 1708 2297 tempore
1756 2243 1903 2281 nun-

183 2329 375 2384 quam
444 2328 645 2366 nemus
677 2317 761 2367 est
816 2327 1195 2383 purpureum,
1246 2314 1521 2384 quoniam
1573 2314 1719 2369 nulli
1767 2318 1903 2368 tunc

182 2406 331 2457 sunt
364 2403 555 2457 flores.
600 2402 747 2471 Ergo
796 2418 1002 2471 parum
1033 2402 1466 2473 circumspecte,
1517 2419 1648 2458 cum
1694 2403 1900 2458 oratio-

180 2507 332 2547 nem
365 2493 443 2545 ad
464 2491 607 2545 illud
645 2494 873 2561 tempus
903 2491 1130 2557 referat,
1174 2491 1400 2545 videtur
1425 2492 1634 2546 dixisse
1673 2508 1901 2563 purpu-

181 2597 362 2635 reum
385 2596 614 2647 nemus,
647 2579 758 2633 nisi
786 2580 857 2633 ad
885 2581 1137 2634 Graecam
1170 2580 1340 2650 hujus
1374 2580 1531 2635 verbi
1568 2581 1900 2652 proprieta—

180 2676 306 2725 tem
334 2668 554 2723 allusit.
580 2669 667 2723 Illi
698 2671 1001 2741 πορφύρεον,
1033 2668 1093 2722 id
1125 2672 1209 2722 est
1239 2686 1411 2741 porro
1445 2675 1741 2743 φνρόμενον,
1792 2672 1901 2725 hoc

182 2767 269 2815 est
304 2774 553 2831 prorsus
596 2758 832 2811 mistum
864 2763 920 2811 et
964 2759 1243 2828 agitatum
1293 2760 1521 2815 dicunt:
1557 2761 1690 2815 inde
1723 2761 1897 2815 etiam

182 2851 279 2905 hic
342 2863 704 2919 purpureum
752 2863 959 2901 nemus
1009 2848 1216 2902 dixerit
1246 2848 1452 2904 hiemis
1505 2851 1666 2905 velut
1713 2849 1898 2904 ventis

180 2937 497 2992 turbidum
524 2942 580 2990 et
606 2935 951 3006 inquietum.
986 2938 1263 2992 AGRICOLA
1296 2979 1307 2992 .

3624 300 3727 353 946

1952 424 1999 475 Α
2028 424 2152 475 ctus
2182 424 2285 491 est,
2316 421 2416 492 qui
2441 425 2584 476 teste
2619 423 2779 477 Festo
2810 422 3107 494 Pompeio,
3134 424 3295 479 ﬁlum
3317 428 3440 479 erat
3470 424 3724 492 laneum,

2032 527 2147 583 quo
2180 512 2413 577 ﬂamen,
2454 516 2626 583 caput
2663 511 3085 584 circumligans,
3144 513 3349 582 crines,
3385 531 3456 571 ne
3488 531 3724 587 sparge-

2030 605 2251 666 rentur,
2275 601 2621 656 continebat.
2655 602 2955 657 AGRICOLA.

2101 692 2329 761 Ofﬁciis]
2377 691 2643 747 Ofﬁcium
2674 693 2982 763 aliquando
3018 693 3291 748 meritum
3320 692 3605 764 signiﬁcat
3636 696 3724 749 vel

2028 779 2393 835 beneﬁcium.
2421 782 2611 836 Cicero
2639 781 2736 835 i111
2770 783 3003 851 Epistol.
3033 799 3045 836 :
3095 784 3212 854 Ego
3251 783 3411 837 omni
3443 782 3629 837 ofﬁcio
3658 798 3726 839 ac

2026 870 2221 939 potius
2269 871 2481 940 pietate
2532 871 2750 925 caeteris
2805 887 2940 941 erga
2993 875 3045 925 te
3102 872 3388 926 satisfacio
3435 872 3721 928 omnibus.

2029 959 2187 1013 Unde
2210 960 2565 1014 etofticiosus
2582 960 2792 1014 dicitur
2812 960 2870 1014 in
2888 961 2992 1014 hac
3005 960 3441 1031 signiﬁcatione.
3459 962 3723 1025 Quando-

2026 1064 2137 1118 que
2167 1048 2451 1119 signiﬁcat
2509 1049 2562 1103 id
2603 1049 2754 1120 quod
2804 1050 3047 1121 quisque
3094 1064 3163 1104 ex
3220 1050 3576 1121 professione
3619 1067 3722 1105 sua

2022 1137 2195 1192 facit:
2226 1138 2369 1193 sicut
2398 1139 2649 1193 ofﬁcium
2679 1138 2884 1192 medici
2912 1143 2997 1193 est
3026 1155 3248 1206 sanare,
3285 1139 3541 1193 ofﬁcium
3573 1139 3721 1194 fabri

2025 1230 2267 1294 struere,
2302 1228 2555 1282 ofﬁcium
2601 1228 2740 1281 boni
2795 1227 2899 1282 viri
2939 1232 3088 1283 recte
3147 1229 3349 1284 facere.
3408 1229 3497 1284 Sic
3523 1229 3717 1285 Cicero

2023 1317 2234 1372 librum
2289 1318 2620 1372 Ofﬁciorum
2661 1318 2989 1389 appellavit,
3038 1318 3312 1389 quoniam
3360 1318 3477 1373 illic
3526 1319 3595 1373 de
3626 1318 3717 1373 of-

2022 1405 2166 1459 ﬁciis
2194 1405 2330 1459 boni
2361 1406 2467 1459 viri
2494 1406 2741 1461 disserit.
2774 1411 3067 1461 AGRICOLA.

2093 1494 2392 1567 Prmoz’piti]
2437 1498 2481 1549 Α
2530 1512 2649 1565 prae
2696 1500 2751 1549 et
2780 1501 2951 1567 caput
2996 1496 3214 1551 dictum
3249 1500 3353 1564 est,
3392 1496 3717 1568 diciturque

2020 1582 2172 1636 mitti
2204 1600 2476 1655 praeceps,
2510 1584 2609 1655 qui
2639 1585 2718 1637 sic
2745 1585 2994 1639 mittitur
3021 1586 3091 1639 ab
3127 1587 3261 1652 alto,
3294 1589 3358 1639 ut
3387 1589 3555 1657 caput
3594 1587 3718 1656 ejus

2020 1674 2303 1743 praecedat
2338 1678 2393 1728 et
2439 1679 2753 1744 sequantur
2786 1674 2977 1743 pedes.
3017 1674 3228 1728 Deinde
3287 1678 3343 1728 et
3386 1676 3540 1729 locus
3572 1675 3715 1728 dici-

2019 1768 2115 1817 tur
2144 1779 2417 1834 praeceps,
2453 1763 2552 1833 qui
2586 1762 2797 1817 directe
2827 1767 2882 1817 et
2911 1763 2983 1817 ad
3023 1763 3498 1834 perpendiculum
3540 1764 3603 1817 in
3632 1763 3716 1817 a1-

2017 1858 2142 1907 tum
2173 1852 2377 1919 tendit,
2410 1857 2467 1907 et
2496 1869 2612 1907 non
2642 1852 2927 1924 fastigiate
2952 1856 3006 1907 et
3040 1852 3307 1907 molliter.
3343 1855 3642 1907 Acmcom.

2094 1959 2213 2030 Via]
2243 1961 2311 2014 Ut
2350 1959 2428 2014 ait
2465 1961 2659 2027 Varro,
2711 1977 2743 2013 a
2788 1959 3048 2014 vehendo
3093 1959 3243 2014 dicta
3274 1964 3377 2028 est,
3410 1960 3573 2030 quasi
3619 1972 3713 2014 ve-

2014 2051 2109 2116 ha,
2144 2050 2279 2120 quia
2310 2066 2411 2120 per
2442 2065 2568 2103 eam
2607 2065 2697 2103 res
2734 2048 3043 2116 vehuntur,
3090 2048 3239 2103 sicut
3280 2049 3389 2104 iter
3429 2049 3497 2103 ab
3526 2048 3714 2104 eundo

2015 2138 2243 2195 dicitur.
2279 2141 2578 2194 AGRICOLA.

2608 2280 2680 2335 IN
2713 2278 2991 2334 PROSAM
3024 2278 3113 2333 VI.

2080 2400 2323 2454 Primum
2356 2400 2544 2466 igitur]
2598 2396 2694 2451 Hic
2732 2393 3105 2465 Philosophia
3160 2392 3711 2465 interrogationibus

2010 2488 2354 2560 quihusdam
2411 2490 2695 2557 przeparat
2740 2484 3000 2539 animum
3048 2482 3222 2537 Boetii
3272 2482 3339 2538 ad
3380 2499 3447 2537 ea
3480 2498 3610 2554 quae
3641 2484 3700 2537 in

2010 2576 2457 2631 consolationem
2489 2575 2643 2629 illius
2675 2574 2968 2645 prolatura
2997 2577 3098 2640 est,
3128 2572 3335 2627 melius
3360 2572 3709 2643 accipienda.

2010 2668 2203 2737 Itaque
2235 2664 2726 2737 quemadmodum
2774 2666 3083 2735 geometrae
3127 2662 3316 2716 solent
3361 2662 3708 2733 suppositio-

2009 2771 2110 2808 nes
2136 2754 2413 2825 quasdam
2444 2768 2788 2823 proponere,
2814 2752 3022 2823 quibus
3042 2749 3321 2805 concessis
3352 2751 3577 2821 possint
3608 2752 3708 2806 ad-

2009 2843 2254 2897 versario
2287 2843 2345 2897 id
2376 2843 2531 2913 quod
2562 2844 2763 2895 volunt
2790 2858 2855 2895 ex
2903 2840 3017 2894 illis
3059 2840 3475 2906 demonstrare,
3507 2838 3587 2893 ita
3615 2840 3710 2894 hic

2010 2932 2379 3002 Philosophia
2408 2931 2559 2985 facit.
2594 2930 2738 2994 Quia
2766 2929 2922 2984 enim
2968 2930 3082 2983 duo
3137 2932 3271 2983 sunt
3317 2928 3605 2998 praecipua
3635 2931 3708 2983 ad

252 3026 487 3097 Nemus]
527 3028 567 3081 A
619 3027 810 3079 Graeco
867 3029 1006 3096 νέμω
1037 3026 1096 3080 id
1141 3031 1223 3080 est
1258 3044 1446 3097 pasco,
1481 3028 1705 3085 dicitur.
1741 3030 1892 3094 Quo-
1933 3019 1973 3074 Ο
2007 3021 2425 3077 ostendendum
2474 3020 2629 3092 quod
2673 3018 2815 3073 nihil
2871 3017 3178 3072 debeamus
3237 3017 3473 3070 moleste
3532 3017 3703 3085 ferre,

180 3118 347 3170 niam
382 3114 559 3185 prisci
588 3132 690 3184 per
717 3130 976 3182 nemora,
1009 3117 1499 3186 quemadmodum
1523 3119 1708 3173 adhuc
1740 3121 1897 3173 mul-

178 3205 252 3259 tis
282 3204 634 3275 regionibus
660 3204 744 3271 ﬁt,
771 3209 1031 3258 armenta
1057 3206 1385 3275 pascebant.
1419 3210 1714 3261 AGRICOLA.

252 3296 555 3364 Lecturus]
598 3295 744 3365 Lego
786 3294 1016 3366 proprie
1058 3294 1113 3349 id
1146 3297 1301 3366 quod
1332 3297 1539 3367 colligo
1574 3297 1892 3368 signiﬁcat:

179 3386 347 3440 unde
377 3389 437 3439 et
467 3385 657 3454 legere
689 3384 905 3438 litteras
943 3383 1217 3439 dicimus:
1252 3385 1529 3456 quoniam
1572 3386 1894 3457 colligendo

180 3480 236 3529 et
281 3473 700 3544 conjungendo
731 3488 845 3539 eas,
876 3473 1065 3541 verba,
1099 3476 1154 3527 et
1192 3489 1258 3529 ex
1286 3474 1396 3542 his,
1429 3476 1739 3529 sententias
1774 3475 1895 3529 efﬁ-

180 3564 402 3619 cimus.
438 3565 734 3617 Acmcom.

254 3642 584 3723 Inhorruit]
615 3651 675 3704 Id
698 3654 780 3706 est
800 3666 1111 3705 concussus
1140 3654 1223 3705 est
1241 3653 1329 3706 vel
1347 3657 1728 3723 exasperatus.
1755 3656 1897 3708 Hor-

180 3759 315 3796 rere
352 3738 591 3811 proprie
623 3743 707 3795 est
726 3744 885 3794 metu
919 3741 1008 3794 vel
1036 3740 1255 3810 frigore
1286 3740 1529 3796 concuti.
1564 3742 1890 3796 Juvenalis:

452 3846 679 3909 Simplex
714 3859 779 3894 ne
800 3846 965 3905 furor,
998 3846 1236 3895 sestertia
1264 3851 1473 3896 centum

352 3908 598 3967 Perdere,
634 3912 686 3958 et
713 3909 947 3958 horrenti
979 3909 1210 3958 tunicam
1246 3922 1355 3959 non
1388 3908 1605 3957 reddere
1635 3923 1784 3958 servo
1810 3911 1835 3957 εἰ

178 4012 509 4063 AGRICOLA.

257 4098 501 4167 Vernos]
546 4098 645 4150 Ver
674 4097 820 4151 sicut
850 4098 1124 4167 pleraque
1159 4096 1356 4150 Latina
1388 4114 1420 4149 a
1460 4096 1650 4151 Graeco
1673 4099 1745 4167 ἥρ
1780 4096 1895 4149 du-

176 4191 347 4240 ctum
381 4190 490 4247 est,
540 4186 849 4256 praeposita
899 4186 1120 4251 littera;
1174 4186 1318 4238 sicut
1349 4184 1431 4239 illi
1474 4188 1537 4251 ῐς,
1572 4200 1674 4238 nos
1706 4184 1786 4237 vis
1813 4184 1895 4238 di-

178 4275 396 4329 cimus.
429 4276 725 4330 AGRICOLA.

253 4362 549 4435 Palmites]
605 4364 882 4417 Dicuntur
944 4363 1090 4417 rami
1135 4362 1357 4430 vitium,
1412 4360 1685 4433 quoniam
1739 4361 1895 4415 velut

180 4452 489 4524 palpando
513 4452 875 4506 adminiculis
904 4451 1114 4524 quibus
1145 4455 1539 4505 sustentantur
1570 4450 1887 4504 adhaerent.

182 4548 494 4598 AGRICOLA.

258 4631 590 4701 Autummo]
609 4632 968 4686 Autumnum
993 4629 1211 4684 dictum
1233 4628 1423 4697 credo,
1447 4630 1599 4699 quod
1624 4629 1670 4682 is
1699 4633 1898 4684 auctor

185 4721 466 4775 laborum
517 4719 777 4773 omnium
822 4718 919 4790 qui
979 4734 1082 4789 per
1126 4722 1309 4771 totum
1369 4733 1585 4771 annum
1643 4718 1897 4772 colendae

186 4814 365 4863 terra:
414 4808 824 4878 suscipiuntur,
874 4807 1011 4878 quia
1054 4811 1362 4861 autumnus
1407 4810 1490 4862 est
1520 4807 1619 4878 qui
1650 4806 1896 4862 fructum

184 4898 466 4953 laborum
493 4897 685 4950 refert.
718 4898 1016 4951 AGRICOLA.

263 4986 533 5056 Bacchus]
573 4986 829 5041 Graecum
876 5000 1087 5039 nomen
1126 4989 1211 5039 est
1252 4986 1405 5056 quod
1445 4985 1629 5040 Deum
1674 4986 1788 5040 vini
1831 4986 1898 5040 si-

182 5076 453 5148 gniﬁcat,
479 5080 534 5128 et
564 5076 757 5130 Latine
794 5075 959 5129 Liber
979 5080 1142 5145 pater
1165 5074 1390 5131 dicitur.
1417 5077 1717 5130 AGRICOLA.

262 5163 560 5236 Tempora]
593 5165 837 5234 Tempus
862 5181 895 5217 a
926 5164 1216 5219 tendendo
1239 5163 1451 5219 dictum
1483 5165 1725 5232 videtur,
1758 5181 1898 5236 quo-

180 5256 351 5311 niam
409 5270 512 5325 per
546 5254 739 5309 omnia
778 5255 1065 5320 tendatur,
1118 5259 1173 5308 et
1219 5255 1630 5326 complectatur
1679 5255 1893 5309 omnia.

186 5349 477 5401 AGRICOLA
488 5388 501 5401 .

259 5434 503 5504 Aptans]
550 5434 611 5487 Id
642 5437 726 5487 est
757 5432 1217 5502 accommodans,
1273 5432 1488 5487 dictum
1532 5435 1615 5486 est
1653 5448 1684 5486 a
1708 5435 1897 5486 vetere

186 5524 370 5578 verbo
414 5540 547 5593 apo,
603 5524 743 5595 apis,
799 5539 992 5595 apere,
1052 5522 1209 5593 quod
1261 5521 1545 5592 signiﬁcat
1597 5527 1894 5588 connecto,

189 5614 350 5669 unde
392 5618 451 5668 et
483 5614 725 5683 apiscor,
761 5631 791 5667 a
830 5629 943 5684 que
976 5612 1260 5683 adlpiscor
1300 5612 1543 5666 dicitur:
1586 5611 1730 5665 sicut
1758 5629 1789 5665 a
1814 5612 1897 5665 fa-

192 5704 283 5757 cio
316 5702 574 5769 faciscor,
626 5706 681 5757 et
728 5709 923 5759 tamen
966 5702 1317 5773 proﬁciscor.
1372 5702 1513 5755 Hinc
1557 5705 1613 5755 et
1653 5716 1795 5770 apex
1817 5700 1897 5753 di-

2010 3110 2291 3182 quidquid
2321 3109 2484 3164 nobis
2510 3109 2725 3163 accidat
2764 3108 3008 3171 adversi,
3039 3122 3286 3177 quorum
3319 3105 3574 3177 primum
3623 3111 3709 3161 est

2007 3200 2140 3273 quia
2170 3201 2319 3254 Deus
2350 3200 2631 3253 mundum
2659 3196 3021 3268 providentia
3048 3212 3149 3249 sua
3170 3194 3340 3266 regit,
3372 3196 3593 3248 certum
3622 3199 3705 3250 est

2007 3290 2152 3345 nihil
2178 3290 2248 3343 ab
2290 3305 2357 3344 eo
2404 3289 2463 3343 in
2494 3288 2708 3342 mundo
2768 3285 2877 3340 nisi
2908 3284 3201 3340 beneﬁeri.
3238 3287 3384 3355 Ergo
3416 3281 3703 3357 quidquid

2009 3378 2077 3432 ab
2108 3378 2206 3431 illo
2238 3377 2404 3432 nobis
2452 3376 2802 3442 immittitur,
2851 3375 3071 3429 bonum
3118 3381 3221 3443 est,
3270 3396 3375 3435 nec
3425 3380 3704 3436 debemus

2005 3467 2332 3537 propterid,
2355 3466 2753 3538 qualecunque
2774 3465 3187 3539 fuerit,dolere.
3215 3468 3541 3525 Secundum
3570 3482 3704 3522 vero

2007 3561 2089 3611 est
2118 3557 2251 3627 quia
2282 3557 2455 3611 homo
2486 3560 2570 3611 est
2618 3559 2847 3613 sortitus
2889 3559 3143 3615 animam
3186 3574 3316 3629 qua:
3361 3557 3705 3613 immortalis

2008 3650 2093 3701 est
2157 3651 2213 3700 et
2280 3646 2349 3700 ad
2419 3650 2691 3702 aeternam
2760 3649 3176 3704 beatitudinem
3240 3648 3703 3719 consequendam

2006 3734 2153 3790 facta
2194 3740 2307 3800 est;
2342 3751 2457 3788 non
2488 3735 2656 3789 debet
2691 3753 2826 3807 ergo
2875 3738 3180 3809 quisquam
3232 3738 3425 3792 dolere
3471 3740 3707 3807 propter

2008 3824 2124 3877 ulla
2154 3824 2409 3887 adversa,
2441 3824 2577 3893 quia
2601 3825 2697 3877 illa
2731 3826 2922 3880 brevia
2951 3831 3105 3893 sunt,
3139 3830 3196 3881 et
3216 3842 3319 3897 per
3348 3825 3448 3881 illa
3469 3826 3537 3880 ad
3564 3824 3705 3878 hea«-

2009 3912 2313 3966 titudincm
2346 3912 2604 3981 aperitur
2657 3914 2819 3968 nobis
2870 3916 2979 3970 via.
3040 3917 3187 3970 Sane
3242 3916 3436 3971 Boetio
3494 3915 3704 3968 horum

2008 4005 2318 4072 utrumque
2358 4002 2788 4056 concedendum
2820 4004 2949 4071 fuit,
2999 4021 3117 4059 non
3148 4005 3336 4059 solum
3376 4004 3513 4076 quia
3544 4002 3707 4057 Chri-

2010 4090 2230 4144 stianus
2250 4095 2390 4153 erat,
2425 4091 2524 4145 sed
2553 4091 2725 4145 etiam
2755 4108 2823 4146 ex
2845 4098 2997 4147 secta
3022 4093 3407 4163 philosophias
3428 4108 3602 4163 quam
3625 4108 3705 4146 se-

2010 4180 2313 4251 quebatur,
2357 4196 2484 4250 qum
2528 4185 2649 4235 erat
2695 4185 2854 4235 vetus
2900 4181 3207 4235 Academia
3237 4198 3302 4236 ex
3344 4179 3704 4234 institutione

2010 4269 2275 4323 Platonis.
2312 4268 2568 4338 Epicurei
2599 4270 2833 4340 quidem
2864 4276 3174 4341 utrumque
3201 4274 3253 4324 et
3281 4268 3704 4341 providentiam

2007 4364 2063 4412 et
2088 4358 2293 4412 animae
2342 4358 2834 4414 immortalitatem
2879 4360 3187 4431 negabant,
3235 4363 3289 4414 et
3320 4359 3459 4413 item
3502 4372 3703 4413 omnes

2006 4447 2123 4501 fere
2163 4447 2381 4517 physici
2429 4451 2661 4513 veteres,
2698 4464 2945 4519 quorum
2993 4448 3340 4502 sententiam
3397 4446 3551 4517 apud
3600 4461 3703 4499 nos

2008 4534 2298 4590 Lucretius
2346 4534 2405 4588 in
2457 4541 2720 4606 poemate
2756 4537 2980 4608 copiose
3029 4536 3319 4607 explicuit.
3360 4534 3531 4591 Stoici
3562 4549 3703 4606 pro-

2004 4624 2315 4678 videntiam
2349 4624 2449 4679 Dei
2479 4630 2776 4696 regentem
2806 4627 3089 4681 mundum
3123 4626 3426 4697 ponebant,
3463 4624 3701 4679 immor-

2005 4714 2287 4768 talitatem
2318 4712 2644 4769 animorum
2667 4715 2974 4785 negabant.
2998 4717 3141 4785 Ergo
3171 4714 3216 4768 si
3248 4730 3377 4768 cum
3396 4713 3485 4768 his
3506 4715 3702 4786 dispu-

2009 4804 2245 4859 tandum
2276 4802 2493 4871 fuisset,
2528 4808 2839 4875 utrumque
2858 4820 3052 4859 earum
3078 4808 3176 4858 aut
3194 4804 3439 4859 alterum
3461 4804 3703 4874 proban-

2007 4894 2145 4947 dum
2181 4897 2312 4945 ante
2345 4895 2484 4959 erat,
2532 4908 2604 4947 ne
2648 4909 2717 4946 ex
2766 4909 2881 4946 non
2932 4893 3201 4947 confessis
3249 4892 3697 4964 procederetur:

2006 4998 2159 5037 nunc
2198 4980 2461 5037 Boetium
2509 4982 2834 5036 credentem
2879 4983 2987 5037 ista
3030 4983 3164 5037 satis
3226 4983 3336 5037 fuit
3384 4982 3700 5038 admoneri.

2007 5072 2267 5126 Primum
2299 5087 2433 5141 ergo
2462 5070 2669 5125 horum
2722 5071 2949 5125 Boetius
2998 5072 3259 5127 celeriter
3306 5072 3584 5127 concedit.
3618 5071 3700 5126 Ad

2007 5160 2325 5216 secundum
2356 5176 2489 5215 vero
2516 5175 2646 5214 cum
2669 5161 3039 5232 Philosophia
3067 5161 3127 5216 id
3160 5162 3353 5216 multis
3382 5161 3698 5229 interroga-

2005 5251 2257 5305 tionibus
2292 5254 2528 5304 conetur
2559 5250 2780 5316 elicere,
2832 5254 2895 5305 ut
2945 5255 3129 5306 servet
3151 5252 3421 5306 decorum
3456 5263 3702 5319 persona

2007 5339 2209 5407 Boetii,
2244 5338 2343 5411 qui
2385 5339 2563 5393 tristis
2594 5343 2650 5393 et
2679 5341 3013 5410 perturbato
3045 5340 3239 5394 animo
3272 5343 3411 5405 erat,
3456 5352 3562 5391 nec
3594 5353 3701 5407 po-

2006 5433 2154 5485 terat
2183 5445 2303 5501 pra:
2353 5445 2598 5483 maerore
2656 5430 2978 5501 intelligere
3013 5430 3150 5501 quid
3203 5429 3416 5483 diceret
3444 5426 3699 5481 Philoso-

1950 5532 1953 5536 '
2006 5518 2158 5590 phia,
2194 5518 2337 5572 nihil
2379 5522 2597 5574 certum
2628 5520 2953 5591 respondet,
2985 5535 3115 5573 cum
3146 5517 3202 5570 id
3234 5516 3405 5570 etiam
3436 5515 3695 5587 philoso-

2007 5608 2141 5679 phia
2172 5624 2285 5662 non
2318 5612 2511 5678 aperte
2541 5614 2845 5681 proponat,
2888 5608 2985 5663 sed
3024 5611 3217 5661 tamen
3246 5604 3447 5661 elicere
3476 5622 3545 5660 ex
3574 5605 3698 5661 aliis

2010 5698 2553 5769 interrogationibus
2580 5702 2788 5770 cupiat.
2825 5701 2887 5752 Et
2907 5698 3217 5752 secundum
3251 5698 3482 5769 quidem
3504 5698 3611 5754 hoc
3636 5696 3699 5754 in
