4054 6184
371 332 475 387 947

1107 328 1447 385 APPENDIX
1484 330 1578 384 AD
1620 329 1871 387 LIBROS
1913 332 2000 385 DE
2040 330 2555 391 CONSOLATIONE
2596 334 3106 391 PlllLOSOPlllAE.
3728 343 3817 395 05.8

375 455 516 511 duas
542 452 718 524 partit
765 452 1207 525 suppositiones.
1256 454 1333 507 Ex
1356 454 1465 510 hoc
1494 453 1648 509 enim
1688 454 1842 527 quod
1872 455 2065 510 anima
2101 460 2147 512 A
2174 460 2376 514 ultima
2405 459 2707 529 incipiens.
2742 459 3022 523 Quoniam
3055 459 3211 515 enim
3258 459 3463 515 oblitus
3493 468 3571 515 est
3606 464 3705 531 sui,
3738 466 3829 519 hoc

372 543 712 599 immortalis
750 547 853 611 est,
891 544 1195 613 conjuncto
1236 560 1364 597 cum
1398 560 1464 598 eo
1510 546 1663 616 quod
1705 545 2063 616 providentia

372 641 593 711 regitur
639 642 906 709 mundus,
965 640 1334 712 consequitur
1392 641 1567 696 tinem
1618 642 1825 697 anima:
1882 645 2063 697 Deum

375 746 515 796 esse,
550 729 655 784 hoc
685 734 769 783 est
802 730 1242 797 beatitudinem,
1282 731 1347 785 ad
1378 748 1547 802 quam
1583 748 1615 785 a
1646 734 1761 785 Deo
1804 732 2067 786 ordinata

374 823 474 873 est.
502 819 819 890 lnterrogat
848 820 1024 890 igitur
1043 820 1293 891 primum
1323 821 1685 891 Philosophia
1711 822 1971 876 Boetium
1994 838 2067 875 an

373 908 568 962 credat
619 909 810 963 divina
852 910 1075 964 ratione
1123 911 1407 964 mundum
1453 909 1594 979 regi,
1642 911 1799 981 quod
1830 911 2066 982 quidem

374 997 636 1069 expedite
688 998 913 1053 Boetius
976 1000 1207 1068 fatetur,
1271 1000 1762 1071 quemadmodum
1827 1001 1947 1069 jam
2010 1002 2067 1053 in

374 1086 635 1158 proximo
667 1088 917 1142 carmine
940 1089 1238 1142 cecinerat.
1275 1087 1488 1141 Deinde
1508 1088 1791 1159 perquirit
1814 1088 2067 1145 Philoso-

373 1174 510 1246 phia
544 1192 617 1229 an
654 1176 794 1231 sciat
838 1178 1065 1232 Boetius
1114 1177 1320 1248 quibus
1368 1176 1771 1246 gubernaculis
1819 1177 2070 1230 mundus

373 1269 625 1335 regatur.
676 1266 761 1320 Ad
811 1266 961 1337 quod
1004 1267 1316 1337 respondet
1344 1266 1431 1319 vix
1483 1282 1541 1319 se
1572 1264 1893 1335 intelligere
1931 1264 2071 1335 quid

376 1354 527 1409 dicat
550 1355 947 1425 Philosophia;
976 1355 1171 1426 itaque
1207 1371 1323 1408 non
1354 1352 1517 1408 facile
1548 1370 1716 1425 posse
1754 1370 1810 1407 se
1844 1370 2074 1424 respono

375 1444 508 1499 dere
549 1444 618 1498 ad
661 1444 1048 1515 interrogata:
1084 1459 1259 1515 quare
1306 1444 1533 1512 subjicit
1563 1443 1931 1513 Philosophia
1958 1459 2073 1496 non

376 1534 589 1588 mirum
634 1550 752 1588 esse
800 1534 847 1587 si
896 1534 955 1587 in
1009 1549 1075 1587 ea
1122 1533 1447 1605 ignorantia
1479 1537 1578 1585 aut
1615 1548 1810 1586 errore
1841 1536 2069 1601 pertur-

375 1624 633 1679 bationes
664 1624 870 1695 aliqua:
900 1624 1159 1677 animum
1207 1624 1326 1692 ejus
1372 1621 1702 1675 invaserint.
1740 1623 1834 1675 Est
1882 1626 2074 1676 autem

2174 556 2274 617 est,
2301 550 2477 605 nescit
2498 550 2566 604 ad
2604 549 2990 603 immortalem
3030 566 3089 603 se
3122 550 3530 605 beatitudinem
3561 552 3825 619 destinari,

2175 640 2383 694 idcirco
2414 644 2687 711 tanquam
2720 640 2973 693 exsulem
3010 644 3065 693 et
3095 639 3262 694 bonis
3309 641 3422 694 suis
3467 640 3754 710 spoliatum
3781 659 3829 696 se

2177 730 2362 785 deflet.
2404 730 2563 794 Quod
2614 728 2736 783 fieri
2784 746 2900 783 non
2938 734 3147 800 potest,
3186 746 3317 783 nam
3366 730 3669 784 immortali
3710 732 3833 786 nihil

2177 820 2415 875 mortale
2446 819 2661 873 bonum
2693 820 2782 873 vel
2815 820 3028 873 malum
3072 836 3192 873 esse
3224 825 3428 890 potest.
3469 820 3693 886 Deinde,
3722 822 3835 890 quia

2179 910 2403 979 ignoret
2436 908 2609 962 finem
2642 925 2857 975 rerum,
2892 909 3077 979 decipi
3109 925 3239 963 eum
3265 914 3328 963 ut
3358 909 3547 963 felices
3579 913 3732 979 putet
3754 924 3835 964 eos

2180 1014 2427 1069 quorum
2459 1014 2729 1069 prospera
2776 1002 2908 1051 sunt
2945 998 3174 1066 scelera,
3202 1000 3344 1052 'cum
3374 999 3567 1069 potius
3599 998 3839 1051 infelicis-

2180 1089 2351 1141 simos
2395 1104 2492 1141 eos
2516 1093 2718 1158 putare
2756 1088 3008 1154 deberet,
3042 1092 3104 1142 ut
3136 1104 3277 1159 quos
3310 1088 3653 1157 gravissima:
3682 1104 3838 1157 poznze

2180 1183 2455 1232 maneant
2503 1180 2780 1232 scelerum
2827 1194 3099 1247 ,suorum.
3154 1179 3468 1243 Postremo,
3520 1177 3653 1247 quia
3708 1180 3844 1245 putet

2182 1267 2595 1338 providentiam
2642 1284 2756 1321 non
2806 1282 2926 1321 esse
2976 1282 3101 1337 qua:
3146 1267 3425 1320 mundum
3478 1272 3656 1336 regat,
3705 1269 3844 1335 putat

2184 1354 2377 1408 omnia
2418 1355 2635 1408 incerta
2667 1359 2813 1408 sorte
2846 1358 2901 1409 et
2930 1355 3167 1409 fortuito
3220 1355 3483 1408 evenire:
3529 1355 3622 1425 qui
3656 1369 3844 1406 errores

2186 1444 2254 1497 ad
2287 1460 2517 1497 omuem
2565 1444 2994 1498 subversionem
3034 1448 3089 1498 et
3135 1444 3453 1514 perniciem
3485 1442 3689 1497 mentis
3735 1441 3845 1495 satis

2184 1533 2379 1604 magni
2409 1537 2559 1587 sunt.
2593 1536 2896 1589 AGRICOLA.

2256 1624 2487 1692 Poteris}
2532 1623 2723 1676 Patior
2769 1622 3113 1694 quandoque
3162 1621 3449 1692 significat
3491 1620 3775 1692 permitto,
3800 1621 3849 1671 ut

380 1711 465 1782 (ut
518 1728 717 1766 verum
780 1712 1019 1779 dicatur)
1085 1716 1211 1781 post
1251 1712 1503 1781 priorem
1562 1711 2074 1781 interrogationem
2116 1752 2157 1805 Β
2187 1711 2298 1779 hic,
2330 1716 2384 1765 et
2414 1712 2608 1765 Cicero
2650 1711 2708 1764 in
2736 1712 3072 1765 Catilinam:
3108 1711 3229 1765 Non
3258 1711 3467 1781 patiar,
3517 1726 3637 1763 non
3668 1709 3843 1774 feram,

378 1800 501 1854 hanc
545 1800 830 1870 posterior
905 1816 1272 1871 supervacua,
1343 1815 1526 1870 neque
1575 1800 1801 1853 videtur
1850 1802 2077 1855 Boetius
2120 1796 2155 1805 ”
2186 1818 2303 1857 non
2331 1800 2918 1871 sinamzquandoque
2941 1801 3224 1872 significat
3248 1801 3394 1853 male
3414 1798 3588 1855 afﬁci.
3608 1796 3848 1855 Juvenal:

381 1888 515 1943 satis
547 1888 853 1959 diligenter
890 1893 1157 1942 naturam
1196 1888 1580 1959 quaestionum
1606 1888 1846 1941 istarum
1879 1887 2079 1941 distin-
2467 1909 2661 1957 Lateris
2691 1908 2832 1970 vigili
2862 1920 2983 1956 cum
3011 1906 3152 1955 febre
3182 1906 3418 1955 dolorem

379 1978 546 2033 xisse.
581 1979 722 2032 Nam
751 1978 798 2031 si
838 1978 1167 2032 conceditur
1204 1978 1485 2032 mundum
1518 1993 1632 2031 non
1669 1978 1792 2047 regi
1827 1976 2080 2031 fortuitis
2312 1972 2363 2020 Si
2400 1985 2606 2035 οωρετθ
2636 1972 2762 2034 P8“-

382 2066 628 2135 casibus,
663 2067 761 2121 sed
792 2068 981 2122 divina
1002 2068 1249 2133 ratione,
1280 2067 1418 2138 quid
1447 2082 1591 2137 opus
1612 2071 1733 2120 erat
1761 2066 1964 2121 deinde
1995 2066 2080 2119 in-
2186 2075 2483 2128 Αοῃιεοω.

380 2160 677 2227 terrogare
716 2157 925 2228 quibus
983 2156 1387 2227 gubernaculis
1445 2157 1696 2211 mundus
1753 2159 2070 2226 regeretur,

384 2262 513 2301 cum
542 2250 755 2300 certum
780 2246 902 2317 jam
936 2246 1009 2300 sit
1054 2263 1121 2301 ex
1152 2246 1333 2316 priori
1385 2245 1741 2299 confessione
1766 2244 1960 2297 divina
1985 2259 2077 2297 ra-

384 2336 563 2403 tione,
598 2335 670 2404 .id
722 2339 806 2388 est
843 2336 1261 2405 providentiam
1310 2350 1448 2399 esse,
1494 2350 1598 2403 per
1640 2348 1811 2404 quam
1861 2332 2082 2402 regitur

385 2424 682 2479 mundus?
712 2423 856 2478 Sane
897 2424 1149 2494 primum
1202 2423 1674 2493 interrogandum
1707 2426 1826 2475 erat
1853 2438 1923 2474 an
1953 2436 2077 2474 creo

387 2513 548 2567 deret
579 2528 696 2565 esse
729 2511 908 2567 ullum
930 2514 1129 2579 Deum,
1160 2512 1311 2583 quod
1342 2511 1609 2565 nonnulli
1633 2510 1870 2564 omnino
1906 2525 2079 2578 nega-

385 2601 560 2656 bant:
596 2600 697 2655 alii
733 2602 818 2670 (ut
871 2602 1145 2672 Epicurus
1209 2606 1263 2655 et
1314 2605 1619 2653 sectatores
1663 2599 1773 2670 sui)
1817 2598 2083 2652 dicebant

389 2706 510 2743 esse
558 2690 758 2756 Deum,
790 2690 888 2744 sed
930 2690 1175 2743 otiosum
1208 2695 1265 2744 et
1296 2705 1410 2742 non
1443 2693 1737 2742 curantem
1770 2704 1859 2741 res
1885 2688 2085 2742 huma-

388 2796 509 2847 nas,
562 2779 797 2850 Utrique
844 2778 1020 2850 igitur
1067 2778 1159 2833 isti
1205 2778 1515 2848 ponebant.
1560 2777 1814 2831 fortuitis
1864 2777 2084 2831 casibus

388 2866 530 2938 regi,
565 2882 700 2937 ergo
732 2882 860 2919 cum
910 2866 1276 2920 concessisset
1320 2866 1545 2920 Boetius
1594 2881 1713 2919 esse
1765 2867 1967 2931 Deum,
2006 2870 2085 2918 ta-

388 2972 522 3011 men
550 2956 957 3027 inquirendum
997 2960 1121 3010 erat
1151 2956 1482 3009 crederetne
1514 2954 1877 3026 providentia
1929 2955 2084 3008 illius

2260 2159 2491 2232 Statum]
2523 2159 2711 2214 Status
2740 2157 3086 2229 quandoque
3125 2156 3334 2211 dicitur
3369 2154 3605 2209 habitus
3634 2154 3853 2223 corporis

2186 2254 2248 2308 in
2267 2252 2437 2324 pedes
2472 2249 2665 2315 erecti,
2696 2253 2760 2301 ut
2792 2248 3062 2315 dicimus,
3101 2251 3298 2314 status,
3334 2246 3533 2311 sessio,
3558 2241 3851 2298 accubatio:

2188 2341 2535 2415 quandoque
2566 2336 2851 2407 signiﬁcat
2874 2336 3281 2390 conditionem.
3318 2335 3517 2405 Virgil.

2342 2430 2441 2488 Qui
2468 2431 2633 2477 status
2664 2426 2881 2489 antiquo
2913 2426 3057 2475 Latio
3077 2426 3102 2473 ἢ

2188 2514 2485 2568 AGRICOLA.

2260 2602 2585 2667 Curationis]
2606 2600 2814 2654 Curare
2828 2595 3060 2668 proprie
3075 2609 3273 2649 curam
3288 2592 3566 2647 adbibere
3587 2588 3856 2661 signiﬁcat,

2192 2692 2322 2746 inde
2353 2690 2625 2762 quoniam
2657 2687 2949 2759 praecipua
2975 2690 3058 2739 est
3081 2682 3286 2737 medici
3306 2682 3456 2735 circa
3487 2685 3759 2751 mgrotum
3786 2695 3857 2729 sa-

2192 2780 2446 2836 nandum
2478 2794 2651 2845 cura;
2688 2792 2885 2831 curare
2918 2775 3091 2829 etiam
3131 2789 3233 2844 pro
3264 2788 3466 2825 sanare
3494 2788 3507 2836 ;
3547 2768 3858 2841 quandoque

2193 2887 2309 2925 non
2346 2884 2564 2935 sanare,
2602 2867 2699 2921 sed
2730 2882 2923 2919 curam
2974 2863 3227 2917 sanitatis
3258 2862 3469 2915 habere
3496 2877 3508 2914 :
3539 2860 3685 2913 unde
3715 2858 3858 2910 etiam

2194 2964 2260 3013 ut
2278 2975 2395 3013 non
2427 2960 2660 3011 sanetur
2691 2970 2863 3024 aeger,
2895 2952 3147 3006 medicus
3178 2966 3377 3005 curare
3418 2949 3631 3004 dicitur
3657 2967 3671 3015 ε
3697 2953 3858 3000 tamen

390 3044 513 3115 regi
552 3044 855 3099 mundum.
888 3046 1064 3100 Nemo
1083 3046 1237 3099 enim
1269 3044 1529 3099 omnium
1562 3044 1828 3099 inventus
1851 3048 1933 3098 cst
1964 3044 2082 3115 qui,
2127 3050 2165 3103 C
2199 3051 2387 3105 uorat.
2424 3048 2483 3101 in
2520 3063 2559 3101 Il
2597 3044 2827 3115 Epistol.
2874 3043 2982 3097 ait:

391 3150 522 3188 cum
561 3134 822 3189 crederet
865 3136 1045 3189 Deum
1090 3135 1445 3189 conditorem
1498 3134 1807 3204 praesidere
1845 3134 2084 3199 mundo,

392 3223 493 3294 qui
524 3227 753 3293 putaret
781 3224 1031 3279 fortuitis
1057 3224 1281 3279 casibus
1304 3240 1395 3278 res
1426 3224 1651 3294 agitari,
1688 3224 1785 3279 sed
1822 3224 2089 3278 credebat

392 3312 589 3366 omnia
620 3312 977 3383 providentia
1000 3313 1330 3383 gubernari.
1365 3316 1675 3369 AGRICOLA.

466 3401 570 3457 Sed
591 3401 678 3455 dic
708 3401 866 3469 mihi,
904 3405 1217 3471 meministi,
1283 3401 1408 3473 etc,]
1460 3404 1559 3457 llic
1616 3406 1854 3457 conatur
1887 3402 2090 3457 elicere

393 3489 701 3545 secundam
725 3491 1201 3560 suppositionem,
1233 3507 1361 3561 quae
1392 3495 1495 3557 est,
1528 3491 1824 3545 hominem
1856 3493 1927 3545 ad
1960 3493 2087 3547 bea-

395 3578 703 3633 titudinem
752 3579 1217 3650 consequendam
1296 3579 1507 3633 factum
1567 3596 1721 3634 esse:
1776 3580 2092 3650 interrogat

396 3682 534 3739 ergo
566 3667 937 3739 Philosophia
978 3684 1049 3722 an
1082 3667 1412 3723 meminerit
1456 3668 1681 3723 Boetius
1710 3668 1836 3740 quis
1869 3668 1940 3723 sit
1962 3670 2092 3723 linis

396 3772 614 3824 rerum,
648 3758 805 3828 quod
843 3757 1010 3829 quale
1037 3758 1108 3811 sit
1150 3758 1375 3812 Boetius
1406 3758 1541 3812 dicit
1572 3759 1810 3813 oblitum
1853 3776 1911 3813 se
1948 3774 2087 3813 esse.

400 3847 462 3901 Id
482 3862 679 3901 rursus
698 3850 882 3901 tentat
901 3847 1267 3917 Philosophia
1286 3848 1394 3901 alia
1412 3849 1840 3919 percontatione
1866 3849 2089 3916 elicere,

401 3936 720 4009 quaeritque
756 3953 827 3990 an
878 3938 1033 4007 quod
1083 3938 1155 3991 sit
1195 3938 1455 3991 omnium
1499 3938 1849 4008 principium
1915 3939 2089 3993 sciat:

401 4027 501 4099 qui
529 4026 825 4098 respondit
853 4028 1034 4081 Deum
1065 4042 1210 4093 esse,
1247 4032 1308 4082 ut
1347 4028 1515 4098 paulo
1565 4032 1696 4081 ante
1749 4028 1906 4082 dixit.
1950 4028 2097 4083 Dicit

403 4133 539 4187 ergo
573 4116 939 4187 Philosophia
966 4118 1179 4171 mirum
1227 4134 1368 4186 esse,
1415 4133 1545 4171 cum
1578 4118 1717 4171 sciat
1745 4118 2093 4188 principium

402 4207 663 4261 omnium
690 4222 905 4275 rerum,
941 4210 1005 4260 ut
1035 4207 1208 4260 finem
1240 4207 1486 4277 ignoret.
1513 4208 1625 4260 lloc
1657 4206 1786 4261 ideo
1811 4212 1915 4274 est,
1952 4224 2094 4278 quo-

404 4296 560 4351 niam
594 4296 750 4351 enim
784 4297 1081 4351 scitDeum
1105 4297 1454 4367 principium
1477 4296 1733 4349 omnium
1762 4312 1901 4363 esse,
1923 4298 2092 4350 debe-

402 4386 501 4440 bat
538 4386 682 4440 scire
734 4387 913 4440 Deum
958 4385 1150 4439 omnia
1197 4385 1411 4452 fecisse,
1447 4389 1509 4439 ut
1543 4388 1730 4438 essent
1760 4385 1932 4451 bona,
1963 4385 2096 4455 quia
2140 4416 2181 4470 Β

403 4475 626 4530 bonitas
656 4478 955 4546 cujusque,
987 4474 1279 4529 beatitudo
1307 4475 1429 4545 ejus
1464 4479 1580 4542 est;
1616 4490 1751 4543 ergo
1785 4475 1978 4528 omnia
2007 4492 2098 4528 vo-

403 4564 514 4619 luit
542 4580 663 4619 esse
691 4564 876 4633 beata,
910 4568 1192 4635 quatenus
1256 4568 1462 4617 natura
1511 4562 1960 4633 uniuscujusque
2013 4570 2101 4632 (ut

408 4653 487 4707 ait
508 4653 688 4724 Plato)
718 4670 891 4724 capax
924 4653 1293 4707 beatitudinis
1316 4668 1435 4707 esse
1477 4655 1715 4722 poterat.
1746 4652 1961 4705 Deinde
1996 4651 2097 4719 ibi,

407 4743 513 4798 Sed
552 4744 645 4797 hoc
690 4759 916 4812 quoque,
959 4748 1090 4807 etc.,
1126 4742 1360 4796 tertium
1412 4742 1479 4795 de
1534 4741 1713 4795 animi
1758 4740 2098 4794 immortali-

407 4834 520 4885 tate
545 4833 842 4902 perquirit.
880 4832 1096 4895 Quairit
1117 4848 1253 4901 ergo
1279 4848 1350 4885 an
1375 4831 1700 4885 meminerit
1724 4830 2018 4883 hominem
2040 4848 2098 4884 se

396 4936 550 4988 esse,
594 4921 799 4975 deinde
832 4937 903 4974 an
930 4922 1066 4974 sciat
1097 4921 1222 4992 quis
1255 4920 1327 4974 sit
1352 4921 1541 4975 homo.
1578 4920 1659 4973 Ad
1685 4920 1837 4990 quod
1868 4935 2102 4989 respon-

410 5011 506 5066 det
541 5009 791 5076 Boetius,
848 5026 914 5063 ex
944 5010 1226 5064 sententia
1266 5009 1589 5080 Porphyrii,
1630 5009 1925 5063 hominem
1980 5026 2100 5061 esse

409 5100 622 5155 animal
678 5098 953 5152 rationale
1012 5100 1272 5165 mortale,
1316 5115 1446 5153 cum
1497 5098 1705 5151 rectius
1754 5096 2103 5150 definivisset

408 5190 706 5246 hominem
740 5205 860 5243 esse
891 5189 1100 5243 animal
1133 5204 1200 5242 ex
1231 5202 1468 5257 corpore
1497 5192 1551 5240 et
1582 5185 1843 5239 rationali
1866 5185 2099 5239 immor-

408 5280 509 5335 tali
541 5280 734 5335 anima
761 5279 1159 5349 compositum.
1194 5278 1334 5332 Cum
1362 5276 1515 5331 enim
1539 5275 1749 5328 oblitus
1781 5273 1851 5326 sit
1876 5273 2103 5327 Boetius

411 5376 671 5425 constare
706 5385 761 5423 se
791 5386 859 5423 ex
889 5368 1079 5422 anima
1114 5366 1446 5432 immortali,
1494 5381 1609 5417 non
1652 5368 1735 5417 est
1774 5362 2101 5416 mirandum

412 5456 461 5509 si
515 5457 780 5511 brevibus
838 5457 961 5510 istis
1017 5452 1453 5509 adversitatibus
1505 5451 1901 5521 perturbetur:
1967 5449 2105 5502 dicit

411 5559 546 5613 ergo
575 5545 723 5599 hanc
743 5545 915 5599 etiam
947 5561 1065 5597 esse
1100 5544 1186 5597 vel
1210 5543 1558 5612 praecipuam
1581 5540 1715 5592 mali
1740 5540 1825 5592 sui
1849 5555 2099 5602 causam,

412 5633 565 5705 quod
616 5634 704 5687 sui
768 5632 975 5686 oblitus
1030 5633 1139 5699 sit,
1199 5629 1542 5700 desieritque
1611 5628 1861 5697 seipsum
1914 5644 2099 5680 nosse.

410 5721 639 5791 Colligit
682 5736 817 5788 ergo
858 5720 961 5773 has
1017 5726 1131 5774 tres
1186 5718 1607 5790 suppositiones
1658 5732 1812 5770 more
1867 5732 1968 5769 suo
2030 5716 2100 5768 ab

2566 3154 2811 3213 Fugeres,
2839 3149 3013 3198 radice
3044 3148 3125 3213 vel
3151 3147 3314 3197 herba

2414 3212 2719 3265 Proficiente
2746 3213 2877 3262 nihil
2899 3212 3146 3261 curarier.

2198 3321 2393 3373 Potest
2436 3330 2574 3387 ergo
2599 3313 2787 3369 curari
2836 3313 3025 3367 radice
3078 3308 3225 3365 nihil
3267 3307 3629 3379 proficiente,
3662 3304 3751 3359 sed
3779 3318 3858 3356 ne-

2199 3423 2425 3480 quaquc
2460 3404 2668 3460 sanari.
2701 3406 3000 3458 AGRICOLA.

2270 3494 2585 3564 Arbitratu}
2620 3494 2676 3548 1d
2727 3498 2813 3546 est
2859 3491 3153 3545 voluntate
3198 3487 3287 3541 vel
3322 3484 3567 3557 judicio.
3622 3481 3861 3538 Arbitrari

2199 3596 2417 3641 veteres
2444 3585 2705 3639 dicebant
2752 3580 3031 3651 inspicere
3065 3578 3152 3632 vel
3199 3591 3571 3647 cognoscere,
3616 3573 3757 3629 unde
3795 3585 3861 3624 rev

2202 3675 2371 3729 motis
2401 3672 2627 3728 arbitris
2658 3670 2817 3741 loqui
2849 3668 3080 3734 dicitur,
3114 3667 3214 3737 qui
3246 3666 3399 3719 solus
3430 3681 3568 3719 cum
3598 3664 3777 3733 aliquo
3802 3661 3862 3713 lo-

2201 3766 2414 3837 quitur,
2441 3767 2495 3816 et
2523 3762 2737 3815 arbiter
2761 3759 2935 3829 judex
2959 3763 3205 3811 vocatus.
3244 3758 3552 3810 AGRICOLA.

2276 3853 2474 3923 Ullum]
2546 3852 2629 3906 Ab
2688 3866 2803 3903 uno
2863 3847 3128 3903 nonnulli
3208 3846 3355 3899 ullus
3401 3845 3622 3899 dictum
3674 3840 3860 3895 volunt.

2202 3948 2496 4000 AGRlCOLA.

2274 4027 2582 4101 Conditorc]
2623 4028 2878 4083 Condere
2910 4026 3258 4098 quandoque
3290 4022 3581 4094 signiﬁcat
3603 4022 3791 4084 facere,
3818 4019 3867 4070 ut

2203 4123 2295 4179 hic
2324 4128 2380 4177 et
2398 4138 2568 4193 supra
2592 4135 2603 4173 :

2546 4229 2585 4275 0
2620 4224 2857 4275 stelliferi
2888 4222 3131 4273 conditor
3157 4221 3315 4271 orbis.

2207 4326 2558 4397 Quandoque
2584 4323 2871 4393 colligere.
2909 4321 3177 4376 Horatius
3208 4320 3268 4373 in
3297 4336 3312 4372 1
3338 4317 3675 4373 Carminum
3705 4330 3717 4368 :

2396 4434 2551 4482 Illum
2575 4433 2617 4481 si
2645 4432 2856 4495 prOprio
2887 4429 3123 4479 condidit
3149 4428 3354 4477 horreo.

2208 4533 2561 4604 Quandoque
2588 4531 2947 4585 abscondere.
2976 4528 3170 4598 Virgil.
3197 4526 3255 4580 in
3290 4524 3573 4580 Bucolicis
3601 4540 3613 4577 :

2364 4629 2452 4677 His
2476 4642 2571 4691 ego
2603 4641 2739 4690 saepe
2770 4627 2952 4689 lupum
2985 4625 3094 4674 fieri
3121 4627 3173 4673 et
3207 4637 3261 4671 se
3289 4621 3519 4670 condere
3546 4619 3705 4674 silvis.

2208 4740 2515 4792 AGRICOLA.

2280 4825 2557 4893 Ewsortes]
2593 4825 2790 4878 Exsors
2822 4821 2888 4875 ab
2922 4821 2991 4875 ad
3041 4824 3096 4875 et
3126 4836 3246 4873 sors
3278 4817 3509 4884 dicitur,
3550 4814 3709 4888 quasi
3738 4814 3867 4865 extra

2208 4920 2444 4977 sortem,
2480 4912 2535 4965 id
2570 4916 2653 4965 est
2698 4914 2938 4979 partem,
2992 4908 3089 4978 qui
3122 4922 3354 4977 prorsus
3401 4905 3657 4975 privatus
3690 4906 3768 4954 est
3806 4912 3867 4949 re.

2209 5006 2517 5057 AGRICOLA.

2286 5088 2467 5161 Papae]
2521 5087 2842 5158 interjectio
2894 5086 3176 5157 stupentis
3233 5086 3315 5138 vel
3364 5083 3697 5139 admirantis
3734 5085 3869 5143 estp-

2211 5182 2402 5235 Grmco
2436 5177 2596 5228 Βαϐαί
2628 5178 2816 5231 ducta.
2862 5180 3156 5230 AGRICOLA.

2282 5272 2555 5324 Sententia
2577 5266 2802 5335 locatus]
2832 5265 3057 5333 Frigida
3086 5269 3141 5317 et
3168 5263 3357 5333 segnis
3390 5262 3613 5316 videtur
3648 5276 3760 5313 esse
3785 5256 3867 5307 ista.

2211 5356 2521 5419 translatio,
2555 5356 2724 5409 locari
2764 5356 2823 5407 in
2856 5352 3164 5420 sententia;
3210 5352 3417 5404 rectius
3452 5355 3573 5404 erat
3608 5354 3855 5414 utcunqui

2212 5451 2308 5501 aut
2333 5447 2571 5500 locatam
2606 5444 2665 5497 in
2687 5460 2818 5497 eum
2841 5441 3180 5495 sententiam
3208 5457 3220 5507 ;
3250 5441 3450 5494 melius
3472 5440 3669 5510 utique
3695 5440 3746 5490 et
3773 5450 3851 5486 mo

2211 5538 2425 5590 destius
2462 5537 2601 5598 erat,
2645 5549 2745 5586 cur
2778 5538 2893 5586 tam
2927 5532 3211 5585 salubrem
3244 5531 3459 5583 habens
3506 5525 3830 5581 sententiam
3859 5536 3863 5567 ῖ

2212 5630 2309 5677 aut
2339 5625 2531 5689 frctus,
2570 5626 2665 5674 aut
2694 5622 2987 5691 praeditus,
3022 5621 3107 5673 vel
3143 5620 3307 5673 nixus
3329 5615 3863 5683 sententiazegrotet.

2210 5717 2478 5768 AGRICOLA
2491 5752 2502 5764 .
