4054 6184
197 321 313 372 θιθ

1217 312 1603 370 MURMELLII
1645 312 1730 367 ET
1766 313 2137 369 AGRICOLAE
2176 313 2698 370 COMMENTARIA.

3605 312 3710 367 950

275 441 547 510 Conjecto]
579 440 640 495 Id
671 442 754 494 est
791 437 1048 509 suspicor
1079 454 1093 492 :
1127 437 1277 492 unde
1317 436 1666 507 conjectores
1697 436 1894 491 dicun-
1932 440 1979 493 A
2008 436 2086 492 tio
2112 436 2482 507 Philosophia
2524 423 2827 507 promittit.
2871 433 3134 488 Primum
3179 433 3415 505 quidem
3452 435 3616 491 laevia
3647 441 3705 491 et

197 536 303 586 tur
361 530 738 595 somniorum,
798 533 899 583 aut
956 528 1232 582 similium
1280 542 1475 581 rerum
1542 525 1907 597 interpretes,

202 620 486 693 quoniam
535 617 956 690 suspicionibus
987 617 1179 671 futura
1209 616 1501 686 colligunt.
1533 616 1838 670 AGRICOLA.

276 709 558 780 Ambigis]
604 708 934 778 Ambigere,
972 707 1042 760 ab
1088 722 1177 760 am
1210 706 1366 777 quod
1398 706 1613 759 circum
1662 707 1722 759 in
1752 721 1913 759 com—

206 800 530 870 positione,
560 802 614 853 et
644 814 751 868 ago
791 797 1006 852 dictum
1036 811 1142 867 per
1172 794 1672 866 interpositionem
1706 796 1734 848 ὸ
1760 795 1910 850 litte-

203 906 309 944 rae.
355 891 650 944 AGRICOLA.

279 979 444 1033 Num
492 981 696 1046 inquit,
743 975 874 1045 etc.]
923 974 1217 1030 Sententia
1262 976 1364 1029 est.
1412 974 1533 1028 Non
1580 971 1914 1028 dubitabam

204 1068 360 1138 quin
392 1083 555 1121 error
586 1069 732 1120 esset
765 1065 968 1136 aliquis
998 1065 1059 1117 iu
1101 1068 1178 1130 te,
1212 1064 1310 1134 qui
1342 1078 1511 1117 causa
1544 1067 1689 1117 esset
1718 1067 1781 1116 ut
1820 1063 1913 1117 do-

201 1157 298 1210 lor
330 1156 445 1211 iste
478 1171 669 1211 rerum
701 1155 1069 1210 adversarum
1099 1157 1289 1225 posset
1313 1153 1527 1207 intrare
1560 1153 1619 1206 in
1649 1152 1910 1206 animum

201 1249 402 1301 tuum.
439 1249 740 1301 AGRICOLA.

276 1337 490 1390 Hiante
563 1336 698 1390 valli
754 1332 964 1406 robore]
1026 1332 1352 1388 Similitudo
1412 1348 1445 1385 a
1491 1330 1914 1385 munitionibus

206 1418 389 1472 ducta
423 1423 535 1486 est;
587 1418 818 1489 quando
854 1418 1008 1471 enim
1042 1415 1258 1488 aliquid
1298 1417 1455 1471 deest
1481 1416 1630 1470 vallo
1663 1419 1725 1469 ut
1768 1416 1908 1484 hiet,

201 1508 259 1561 id
296 1512 387 1561 est
420 1512 684 1578 apertum
712 1508 802 1576 sit,
837 1507 1007 1562 datur
1034 1507 1220 1562 aditus
1251 1507 1507 1561 hostibus
1557 1507 1617 1560 in
1644 1506 1911 1560 munitio-

196 1612 325 1652 nes.
360 1601 660 1652 AGRICOLA.

269 1687 532 1757 Morbus]
572 1686 665 1740 hic
718 1702 824 1757 per
851 1684 1290 1740 translationem
1340 1683 1523 1740 dictus
1572 1689 1656 1738 est
1690 1701 1702 1738 :
1738 1684 1907 1739 credo

2021 527 2332 582 mediocria
2345 527 2413 580 ad
2429 525 2836 580 removendam
2854 523 3361 594 perturbationum
3375 525 3707 595 caliginem,

2021 633 2149 688 quae
2204 617 2614 687 impedimento
2648 619 2732 669 est
2761 614 2955 668 animo
2987 630 3098 685 quo
3133 615 3324 668 minus
3355 621 3527 681 queat
3569 630 3704 685 spe-

2019 707 2195 762 culari
2226 707 2541 760 veritatem.
2577 706 2788 760 Deinde
2811 720 2942 758 vero
2973 704 3190 758 acriora
3221 704 3616 775 ﬁrmioraque,
3645 708 3708 758 ut

2016 797 2171 852 falsae
2228 795 2512 851 felicitatis
2567 795 2752 866 specie
2785 797 3100 865 perspecta,
3149 809 3297 850 verae
3326 792 3700 849 beatitudinis

2018 886 2264 941 formam
2294 884 2472 957 possit
2491 884 2724 938 intueri.

2582 974 2653 1028 IN
2681 973 2967 1029 METRUM
2991 971 3114 1041 V114

2090 1066 2330 1120 Carmen
2362 1067 2446 1118 est
2476 1062 2770 1130 adonium,
2805 1063 3029 1134 dactylo
3052 1065 3315 1116 constans
3341 1065 3395 1116 et
3419 1061 3694 1132 spondeo:

2020 1171 2132 1224 quo
2173 1155 2337 1209 docet
2365 1153 2735 1223 Philosophia
2764 1153 2947 1206 tribus
2975 1152 3378 1223 pulcherrimis
3413 1167 3708 1222 compara-

2018 1243 2275 1298 tionibus
2305 1243 2386 1298 ita
2408 1246 2658 1296 mentem
2684 1240 2935 1295 hominis
2951 1241 3450 1311 perturbationum
3463 1241 3706 1310 caligine

2019 1333 2312 1398 confundi,
2366 1335 2422 1385 et
2451 1330 2779 1402 passionem
2810 1328 3047 1384 vinculis
3088 1329 3420 1401 obstringit,
3461 1336 3526 1384 ut
3559 1346 3708 1384 non-

2021 1437 2318 1493 nunquam
2361 1420 2423 1474 in
2468 1419 2798 1474 servitutem
2850 1419 3096 1486 redacta,
3139 1419 3438 1474 veritatem
3469 1419 3708 1473 minime

2018 1511 2200 1583 possit
2225 1509 2457 1565 intueri.
2493 1508 2797 1563 Sciendum
2828 1514 2910 1563 est
2941 1514 3187 1580 quatuor
3214 1509 3558 1581 principales
3590 1525 3710 1564 esse

2019 1601 2230 1655 animm
2260 1599 2752 1671 Eperturbationes,
2787 1614 2916 1669 quae
2965 1603 3021 1652 et
3068 1598 3394 1653 affectiones
3424 1599 3713 1667 dicuntur,

2021 1695 2078 1746 et
2108 1708 2139 1744 a
2177 1689 2504 1762 junioribus
2551 1687 2866 1758 passiones.
2926 1688 3139 1741 Harum
3186 1688 3314 1742 duae
3362 1688 3598 1759 quidem
3645 1703 3710 1741 ex

195 1777 426 1832 dictum
455 1793 488 1830 a
518 1780 723 1843 morte,
757 1776 1031 1847 quoniam
1061 1775 1299 1830 morbus
1332 1775 1402 1829 ad
1434 1780 1681 1829 mortem
1712 1774 1902 1829 ducat.
1948 1750 1988 1804 B
2022 1778 2294 1851 opinione
2323 1777 2460 1832 boni
2491 1781 2827 1843 nascuntur,
2856 1777 3132 1847 gaudium
3155 1780 3211 1831 et
3240 1793 3368 1848 spes
3400 1778 3560 1831 :duze
3577 1792 3709 1832 vero

193 1870 275 1922 AG
286 1882 515 1922 RICOLA.

266 1955 630 2026 Emstirpare]
645 1957 690 2009 Α
704 1955 884 2026 stirpe
912 1954 1142 2021 dicitur,
1174 1953 1329 2024 quod
1359 1952 1672 2007 masculino
1696 1969 1903 2023 genere

195 2045 467 2098 radicem
500 2044 802 2113 signiﬁcat,
837 2043 1001 2115 quasi
1033 2043 1292 2114 stirpitus
1316 2044 1577 2098 evellere.
1611 2044 1907 2097 Aomcom’.

277 2137 378 2190 Vel
409 2133 738 2206 maximam]
768 2135 863 2189 Vel
895 2134 987 2187 hic
1017 2150 1131 2188 non
1160 2133 1495 2203 disjunctive
1527 2133 1778 2203 ponitur,
1812 2133 1911 2188 sed

195 2224 255 2280 id
290 2224 419 2278 fere
442 2225 596 2294 quod
623 2225 797 2278 etiam
833 2224 1149 2294 signiﬁcat:
1180 2223 1259 2276 sic
1293 2223 1618 2293 Propertius
1653 2239 1668 2274 :

326 2331 500 2378 Nocte
531 2343 640 2378 una
663 2330 834 2393 quivis
854 2329 933 2379 vel
958 2329 1096 2379 Deus
1126 2341 1237 2378 esse
1268 2320 1458 2392 potest.

195 2459 508 2511 AGRICOLA.

267 2544 712 2601 Reconciliandae
776 2541 1099 2614 sospitatis]
1157 2543 1322 2612 {Dura
1385 2541 1704 2608 translatio,
1766 2541 1911 2594 sicut

193 2634 382 2690 Boetii
421 2635 736 2705 pleraeque,
774 2649 874 2703 pro
916 2631 1252 2702 reparandae
1283 2631 1368 2684 vel
1390 2629 1796 2701 recuperandaa
1817 2634 1904 2684 est

192 2726 449 2780 dictum.
502 2722 963 2776 Reconciliantur
1009 2720 1161 2774 enim
1202 2719 1433 2791 proprie
1486 2719 1585 2790 qui
1613 2736 1680 2773 ex
1714 2719 1909 2772 amicis

191 2813 425 2867 inimici
478 2811 630 2876 facti,
687 2826 883 2864 rursus
931 2810 1174 2864 redeunt
1209 2809 1268 2863 in
1292 2809 1558 2880 gratiam.
1608 2810 1654 2862 Α
1710 2808 1906 2861 concio

190 2904 350 2957 enim
386 2900 701 2955 concilium
734 2900 946 2954 dictum
993 2903 1094 2966 est,
1130 2899 1187 2953 id
1223 2905 1325 2966 est,
1370 2901 1680 2952 conventus
1719 2897 1904 2951 homi-

190 3009 339 3047 num
378 3009 392 3046 :
424 2992 581 3046 unde
604 2989 907 3044 conciliare
938 2989 1200 3043 homines
1235 2991 1304 3042 ad
1335 3002 1676 3041 consensum
1702 2987 1908 3057 perdu-

189 3097 349 3135 cere.
403 3081 538 3134 Fuit
575 3095 709 3132 sane
758 3077 1064 3132 modestior
1113 3076 1404 3147 aliquanto
1433 3074 1751 3140 translatio,
1797 3089 1903 3127 nec
1941 3057 1980 3111 (ἶ

189 3171 286 3224 isti
328 3170 590 3224 multum
645 3166 938 3222 dissimilis
981 3171 1174 3220 tamen
1218 3182 1391 3236 quam
1434 3166 1495 3218 in
1531 3167 1748 3235 Tyrone
1801 3178 1902 3216 suo

187 3258 725 3331 graviterfcastigat
749 3257 963 3323 Cicero,
1011 3257 1165 3326 quod
1193 3255 1286 3309 ille
1317 3255 1555 3321 dixerat,
1589 3250 1903 3307 valetudini

187 3349 457 3404 ﬁdeliter
488 3347 801 3401 serviendo.
828 3349 1122 3400 Aomcona.

259 3437 542 3510 Nequam]
583 3438 643 3492 Id
665 3442 750 3491 est
777 3452 892 3490 non
923 3436 1283 3506 cujusquam,
1318 3435 1426 3489 hoc
1456 3438 1561 3502 est,
1604 3433 1701 3504 qui
1735 3431 1902 3486 nihili

186 3531 376 3584 homo
403 3534 496 3582 est
525 3531 578 3580 et
606 3527 820 3580 nullius
847 3524 1015 3596 pretii
1049 3542 1061 3579 :
1094 3525 1255 3594 cujus
1278 3523 1626 3578 contrarium
1659 3525 1760 3586 est,
1795 3522 1894 3591 qui

184 3617 412 3670 dicitur
442 3616 617 3686 frugi,
637 3614 1236 3685 quifrugemaliquam
1260 3614 1470 3668 bonam
1498 3617 1554 3666 et
1594 3610 1898 3665 utilitatem

185 3707 273 3758 sui
307 3705 572 3775 praebet.
610 3705 808 3774 Itaque
839 3705 1071 3757 Plautus
1103 3719 1409 3757 nummum
1441 3718 1691 3773 nequam
1737 3701 1896 3767 dixit,

187 3795 287 3866 qui
325 3797 525 3849 bonus
557 3810 674 3847 non
707 3799 874 3847 esset.
902 3795 1198 3847 Aomcom.

263 3882 452 3954 Vices]
494 3883 556 3936 Id
606 3887 709 3949 est,
756 3882 1190 3949 vicissitudines,
1224 3880 1691 3952 permutationes.
1729 3881 1897 3934 Acar-

186 3991 349 4029 cona.
391 3974 415 4000 “

257 4063 520 4133 Reliqua
554 4061 841 4130 Rodolphi
873 4060 1148 4130 Agricolae
1182 4076 1310 4130 quae
1351 4059 1412 4113 in
1439 4059 1717 4129 [Boetium
1761 4059 1895 4112 scri-

185 4154 380 4223 psisse
432 4151 619 4204 fertur
647 4152 706 4204 in
741 4167 941 4203 manus
983 4166 1136 4202 meas
1170 4165 1296 4202 non
1329 4153 1732 4218 pervenerunt,
1770 4164 1899 4218 quas

187 4243 424 4296 utinam
442 4240 863 4310 pervenissent!
891 4240 1030 4292 Nam
1049 4239 1262 4302 uthznc,
1293 4237 1370 4290 ita
1393 4237 1553 4290 etilla
1573 4253 1704 4289 sane
1728 4253 1898 4306 quam

190 4334 388 4386 libens
406 4329 508 4382 tibi
525 4329 1028 4382 communicarem.
1047 4329 1326 4382 Caeterum
1345 4332 1417 4393 te,
1434 4326 1672 4378 candide
1695 4326 1891 4391 lector,

190 4427 435 4475 oratum
461 4419 631 4471 velim
665 4424 724 4470 ut
751 4418 836 4471 his
867 4417 1076 4471 nostris
1107 4417 1602 4486 qualibuscunque
1625 4416 1902 4485 tantisper

187 4515 511 4565 contentus
544 4508 642 4574 sis,
681 4508 816 4560 dum
850 4506 1025 4560 fueris
1051 4507 1295 4575 adeptus
1320 4505 1577 4560 meliora.

260 4599 381 4655 Sed
408 4601 692 4666 sospitatis
720 4596 1162 4666 auctorijg-ra'tes]
1208 4598 1502 4648 Attentum
1529 4593 1701 4647 simul
1733 4597 1788 4646 et
1812 4593 1903 4647 be-

189 4691 481 4743 nevolum
512 4687 698 4740 reddit
729 4686 1010 4754 Boetium,
1047 4686 1238 4738 dicens
1271 4701 1385 4737 non
1418 4685 1655 4736 omnino
1685 4684 1751 4736 de
1782 4683 1904 4752 ejus

186 4780 385 4832 salute
419 4776 837 4846 desperandum
871 4791 1012 4841 esse,
1067 4775 1163 4827 sed
1213 4776 1325 4828 Deo
1378 4773 1586 4842 gratias
1627 4773 1900 4842 agendas,

189 4868 358 4938 quod
391 4867 680 4919 elementa
712 4864 1118 4934 recuperandae
1153 4863 1350 4918 salutis
1385 4863 1499 4916 sint
1528 4862 1741 4916 relicta.

263 4954 592 5025 SOsz‘tatis]
631 4953 1060 5008 Incolumitatis.

263 5044 532 5112 Auctori]
569 5045 704 5096 Deo.

268 5132 500 5203 Grates]
535 5132 752 5186 Gratias
782 5131 1024 5185 subaudi
1058 5147 1316 5200 agamus.

270 5223 388 5280 Sed
451 5223 712 5290 quoniam
766 5221 1122 5288 ﬁrmioribus]
1186 5219 1447 5274 Ostendit
1515 5235 1629 5288 qua
1681 5217 1902 5274 ratione

194 5312 406 5369 Boetio
429 5311 641 5364 sanitas
672 5310 898 5363 restitui
925 5310 1122 5378 possit.

278 5406 514 5470 Tempus
533 5401 634 5469 uti]
669 5402 772 5454 Pro
802 5400 1020 5464 utendi,
1054 5400 1299 5468 figurata
1327 5396 1540 5451 locutio
1572 5404 1671 5452 est.

278 5490 461 5560 Hanc]
507 5489 1006 5543 Perturbatiouum
1037 5485 1360 5555 caliginem.

281 5579 575 5647 Fomentis]
619 5578 922 5632 Remediis.
961 5576 1215 5644 Duplicia
1246 5580 1436 5629 autem
1486 5573 1739 5627 remedia
1772 5575 1905 5628 Boe-

2020 1886 2086 1925 ex
2125 1870 2398 1941 opinione
2431 1867 2594 1934 mali,
2627 1867 2789 1920 dolor
2824 1870 2882 1921 et
2919 1871 3125 1921 metus.
3159 1866 3463 1934 Gaudium,
3494 1883 3621 1938 qum
3651 1870 3707 1920 et

2016 1961 2272 2030 voluptas
2297 1957 2544 2029 gestiens
2573 1956 2652 2027 (id
2684 1960 2769 2009 est
2799 1960 3008 2026 praeter
3038 1955 3276 2010 modum
3307 1957 3455 2010 elata
3484 1956 3704 2025 lastitia)

2020 2049 2244 2115 dicitur,
2293 2051 2376 2101 est
2425 2044 2605 2100 animi
2654 2044 2876 2099 affectio
2922 2044 3268 2115 proveniens
3315 2061 3382 2099 ex
3436 2044 3710 2116 opinione

2017 2135 2313 2209 praesentis
2343 2134 2560 2204 "magni
2583 2133 2902 2204 cujuspiam
2935 2133 3093 2200 boni,
3124 2134 3332 2187 rationi
3359 2150 3474 2187 non
3499 2134 3712 2188 obtem-

2018 2242 2245 2297 perans.
2279 2225 2417 2294 Spes
2459 2239 2588 2294 quae
2619 2227 2674 2276 et
2697 2221 2981 2292 cupiditas
3011 2227 3269 2288 vocatur,
3307 2227 3390 2276 est
3414 2223 3592 2276 animi
3619 2222 3700 2276 af—

2017 2315 2186 2370 fectio
2216 2313 2557 2384 proveniens
2588 2327 2657 2364 ex
2689 2310 2960 2381 opinione
2981 2311 3164 2366 futuri
3195 2311 3514 2382 cujuspiam
3547 2311 3705 2378 boni,

2019 2404 2228 2457 rationi
2266 2418 2383 2456 non
2439 2401 2860 2472 obtemperans.
2914 2401 3086 2454 Dolor
3117 2403 3241 2454 'seu
3285 2400 3568 2470 aegritudo
3624 2406 3708 2455 est

2019 2492 2197 2548 animi
2212 2490 2429 2560 atiectio
2444 2489 2784 2560 proveniens
2813 2506 2878 2542 ex
2896 2489 3167 2558 opinione
3182 2488 3377 2559 magni
3399 2489 3535 2542 mali
3555 2505 3708 2559 prte-

2018 2583 2194 2637 sentis
2224 2579 2432 2634 rationi
2456 2595 2570 2633 non
2601 2579 3025 2648 obtemperans.
3058 2579 3237 2631 Metus
3266 2582 3353 2632 est
3377 2578 3558 2632 animi
3580 2594 3707 2648 per-

2016 2672 2284 2735 turbatio,
2309 2669 2569 2726 accidens
2595 2684 2661 2724 ex
2685 2668 2957 2738 opinione
2987 2667 3181 2738 magni
3206 2667 3341 2721 mali
3372 2667 3708 2738 impenden-

2014 2762 2105 2829 tis,
2139 2764 2351 2831 praeter
2379 2763 2593 2813 rectam
2619 2756 2921 2811 rationem.
2955 2757 3067 2811 Has
3089 2757 3554 2826 perturbationes
3585 2773 3703 2810 ma-

2015 2867 2160 2923 gnus
2183 2853 2350 2920 poeta
2379 2847 2571 2919 paucis
2595 2847 2922 2917 complexus
2954 2850 3056 2911 est,
3091 2845 3152 2898 in
3190 2845 3455 2899 [Eneidos
3493 2849 3650 2899 sexto
3683 2861 3698 2899 :

2139 2940 2290 2988 Hunc
2337 2939 2585 2986 metuunt
2614 2936 2956 2999 cupiuntque,
2988 2933 3171 2983 dolent
3211 2933 3703 3057 gaudentqgﬁhigec

2135 3063 2459 3126 Respiciunt,
2490 3060 2684 3110 clausae
2706 3059 2936 3108 tenebris
2961 3062 3012 3106 et
3040 3070 3245 3106 carcere
3276 3071 3434 3104 caeco.

2013 3163 2092 3216 Ex
2118 3163 2206 3216 his
2237 3161 2438 3215 vitium
2470 3176 2638 3214 omne
2659 3158 2911 3212 nascitur
2945 3175 2956 3208 :
2986 3156 3138 3210 unde
3180 3154 3426 3210 Francis.
3452 3154 3696 3226 Philelp.

2009 3253 2070 3306 in
2108 3250 2305 3306 Satiris
2330 3267 2348 3304 :

2134 3339 2369 3388 Dedecus
2391 3349 2547 3386 omne
2568 3335 2727 3385 audet
2751 3347 2900 3383 mens
2928 3333 3234 3397 perturbata
3253 3333 3523 3396 nefasque.

2083 3421 2277 3475 Danda
2307 3420 2485 3489 igitur
2512 3433 2642 3471 cum
2673 3416 2873 3487 primis
2896 3431 3068 3485 opera
3098 3419 3182 3468 est
3211 3414 3375 3468 nobis
3397 3419 3458 3468 ut
3487 3429 3582 3467 eas
3608 3413 3700 3468 vel

2013 3510 2410 3581 exstirpemus,
2443 3508 2531 3561 vel
2576 3511 2727 3560 certe
2780 3504 3019 3558 rationis
3066 3504 3379 3558 subdamus
3428 3502 3693 3574 imperio,

2011 3605 2072 3654 ut
2122 3603 2410 3670 compotes
2449 3595 2739 3651 beatilatis
2779 3595 3104 3648 evadamus.
3147 3593 3316 3647 Divus
3362 3593 3696 3648 Ambrosius

2009 3688 2069 3741 in
2103 3705 2142 3741 11
2169 3686 2546 3756 Epistolarum
2576 3702 2587 3738 :
2615 3684 2867 3752 Insurgit
2886 3681 3041 3735 enim
3059 3683 3284 3751 sapiens
3310 3682 3488 3752 quasi,
3515 3682 3695 3736 victor

2010 3777 2306 3833 debellatis
2349 3792 2381 3828 a
2411 3791 2467 3827 se
2498 3791 2562 3827 ac
2592 3772 2979 3841 triumphatis,
3016 3770 3258 3837 libidini,
3293 3771 3503 3835 timori,
3539 3771 3697 3840 igna-

2011 3868 2136 3933 viae,
2169 3863 2563 3929 mmstitudini,
2597 3862 2930 3931 coeterisque
2961 3860 3132 3924 vitiis,
3168 3861 3348 3913 donec
3379 3878 3445 3914 ea
3477 3861 3545 3914 de
3578 3877 3699 3931 pos-

2011 3955 2262 4010 sessione
2312 3969 2426 4005 suae
2462 3952 2668 4004 mentis
2712 3950 2988 4011 eliminet,
3039 3952 3092 4001 et
3124 3949 3389 4003 omnibus
3437 3948 3699 4002 terminis

2009 4044 2333 4112 ﬁnibusque
2365 4040 2480 4092 suis
2513 4039 2826 4108 propulset,
2863 4042 3033 4107 atque
3073 4044 3276 4092 arceat.
3309 4041 3552 4091 Joannes
3589 4039 3697 4090 Bo-

2012 4134 2197 4188 cacius
2228 4132 2284 4184 in
2317 4128 2591 4184 Bucolicis
2617 4143 2629 4180 :

2135 4223 2174 4269 Ο
2209 4222 2426 4273 Damon,
2463 4219 2681 4268 Damon.
2715 4220 2969 4278 quantum
3009 4217 3107 4265 sibi
3135 4217 3356 4278 quisque
3382 4213 3570 4275 beavit,

2136 4285 2234 4343 Qui
2260 4283 2428 4346 potuit
2453 4280 2642 4328 mentis
2664 4280 2876 4328 rabidos
2906 4281 3089 4328 sedare
3112 4284 3363 4327 tumores.

1938 4341 1980 4394 Β
2015 4341 2270 4435 Baptista
2299 4364 2637 4416 Mantuanus
2673 4377 2684 4413 :

2134 4453 2310 4502 Ardua
2344 4465 2443 4508 res,
2475 4449 2658 4497 vicisse
2685 4449 2816 4496 alios
2847 4465 2857 4496 :
2891 4449 3109 4497 victoria
3137 4449 3307 4511 major

2197 4517 2287 4562 Est
2307 4513 2467 4561 animi
2499 4513 2688 4560 ﬂuctus
2711 4513 3068 4572 composuisse
3099 4511 3198 4557 sui.

2139 4577 2432 4638 Subjecisse
2468 4579 2655 4629 metus,
2689 4580 2739 4622 et
2762 4575 3049 4623 dcbellasse
3081 4577 3312 4638 tumores

2199 4635 2414 4697 Gaudia,
2447 4651 2700 4699 spemque
2722 4638 2866 4698 gravi
2889 4635 3225 4698 supposuisse
3242 4635 3390 4697 jugo.

2089 4722 2201 4775 Nos
2230 4734 2458 4790 quoque
2482 4733 2657 4769 annos
2688 4716 2897 4769 abhinc
2927 4721 3146 4785 septem
3180 4714 3239 4767 in
3263 4711 3482 4782 Eclogis
3514 4725 3696 4765 mora-

2015 4812 2163 4866 libus
2201 4810 2354 4863 hunc
2382 4807 2441 4859 in
2473 4806 2706 4859 modum
2736 4804 2974 4857 lusimus
3009 4821 3020 4858 :

2261 4895 2504 4945 Fortibus
2534 4894 2685 4942 bellis
2716 4894 2920 4941 animos
2943 4893 3170 4951 domate,

2263 4958 2490 5006 Yiuculo
2521 4957 2667 5019 pacis
2691 4956 3006 5018 reprimatur
3031 4957 3125 5013 ira,

2265 5022 2398 5070 Cura
2430 5021 2496 5067 sit
2526 5018 2743 5067 mordax
2774 5019 2976 5081 procul,
3013 5020 3254 5066 arceatur

2391 5084 2555 5130 Prava
2575 5081 2784 5142 cupido.

2267 5148 2426 5193 Nemo
2453 5147 2690 5206 captores
2715 5143 2888 5190 rutilis
2917 5143 2970 5190 in
3003 5142 3162 5190 armis

2267 5207 2481 5256 Urbiqu
2504 5203 2684 5267 jactet,
2715 5206 2946 5254 celebres
2974 5203 3271 5266 triumphcs

2265 5272 2427 5318 Nemo
2459 5269 2692 5322 miretur,
2716 5268 2908 5330 quibus
2941 5268 3302 5317 intumescunt

2389 5331 2534 5392 Saepe
2567 5331 2799 5391 tyranni.

2266 5394 2502 5442 Gestieus
2529 5393 2738 5454 quiquis
2769 5393 2969 5455 pepulit
2997 5392 3171 5455 quiete

2267 5456 2525 5503 Gaudium
2548 5453 2601 5503 et
2633 5453 2794 5503 duros
2826 5453 3252 5503 animo‘dolores.

2263 5520 2388 5581 Spes
2416 5518 2744 5574 anhelantes.
2769 5517 3118 5578 pavidumque
3143 5512 3265 5560 vicit

2386 5581 2551 5629 Corde
2580 5581 2824 5628 timorem

264 5706 289 5730 -*
315 5701 583 5750 Deficiunt
609 5699 865 5763 Agricola:
889 5698 1268 5749 commentaria
1302 5712 1312 5746 :
1340 5699 1483 5747 solus
1506 5697 1750 5759 deinceps
1779 5695 2220 5745 commentebitur
2247 5694 2592 5744 Murmellius.
2619 5694 2762 5742 Enn.
