4054 6184
181 298 277 351 9‘53
1433 302 1821 359 MURMELLII
1860 306 2386 363 COMMENTARIA.
3567 316 3664 370 954

182 420 461 487 fortunam
480 420 728 487 insanam
752 434 868 487 esse
899 426 950 487 et
979 422 1187 473 brutam
1221 424 1497 487 perhibent

179 482 398 549 Saxique
430 483 496 531 ad
527 484 921 549 instarglobosi
957 482 1245 549 prmdicant
1268 501 1379 537 esse
1410 482 1711 539 volubilem.

179 545 311 602 Quia
344 559 450 608 quo
480 560 663 594 saxum
696 545 971 609 impulerit
998 548 1123 607 fors,
1155 564 1215 598 eo
1246 551 1431 601 cadere
1460 552 1728 603 fortunam
1759 569 1855 604 au-

1568 630 1767 666 umant.

1568 632 1597 663 ll
1693 630 1723 664 Ι]
1757 655 1767 666 .

175 668 377 717 Caecum
407 671 473 719 ob
518 683 633 719 eam
664 685 772 720 rem
812 686 925 721 esse
956 678 1161 731 vocant,
1195 676 1318 737 quia
1346 677 1479 742 nihil
1522 615 1705 728 ἕξει-[ιζὶῇ
1734 620 1859 742 tqun

1440 754 1493 787 88
1524 754 1764 789 θουιιρθι.

1467 754 1493 787 e
1754 778 1764 789 .

174 793 418 843 lnsanam
448 800 621 844 autem
674 795 841 858 aiunt,
878 796 999 859 quia
1030 802 1199 859 atrox,
1249 738 1463 850 ilicei???
1496 742 1859 866 iggtgiiiﬁgque

1704 882 1743 913 Sl
1784 883 1793 892 ’

171 918 402 975 Brutam,
420 920 541 981 quia
556 920 776 983 dignum
800 926 891 970 aut
907 922 1185 984 indignum
1204 931 1431 987 nequeat
1452 866 1826 979 internosicei'e.

167 1017 441 1086 Apuleius
476 1018 535 1071 in
566 1020 813 1089 septimo
849 1020 918 1073 de
949 1020 1123 1075 Asino
1157 1040 1349 1076 aureo.
1388 1025 1741 1096 Subibatque
1767 1043 1855 1081 me

167 1121 283 1157 non
317 1106 387 1159 de
436 1107 612 1160 nihilo
659 1109 864 1161 veteris
897 1110 1210 1181 priscaeque
1260 1112 1531 1167 doctrinae
1565 1115 1711 1168 viros
1742 1116 1857 1169 fin-

164 1193 311 1245 xisse
346 1211 410 1246 ac
452 1196 850 1264 pronuntiasse
880 1214 1087 1251 caecam
1132 1206 1187 1253 et
1234 1218 1464 1270 prorsus
1500 1206 1855 1258 exoculatam

165 1298 286 1334 esse
319 1284 630 1350 fortunam,
667 1302 790 1355 quae
826 1302 1053 1356 semper
1092 1306 1220 1342 suas
1251 1308 1386 1361 opes
1420 1297 1474 1345 et
1503 1293 1666 1346 malis
1698 1299 1751 1347 et
1783 1296 1861 1347 in-
1912 1320 1919 1325 ·

164 1371 358 1440 dignis
389 1374 659 1439 conferat,
694 1390 796 1427 nec
826 1377 1306 1446 unquamjudicio
1339 1396 1690 1451 quemquam
1716 1399 1860 1435 mor-

165 1461 368 1513 talium
401 1462 610 1533 eligat;
652 1463 770 1517 imo
813 1480 940 1517 vero
986 1482 1115 1518 cum
1147 1466 1234 1520 his
1267 1468 1624 1537 potissimum
1667 1472 1859 1526 diver-

166 1554 321 1602 setur
353 1568 515 1621 quos,
546 1554 745 1622 procul
776 1554 821 1607 si
862 1554 1096 1621 videret,
1152 1557 1350 1627 fugere
1380 1544 1611 1614 deberet
1638 1577 1650 1627 ;
1682 1561 1860 1631 quod-

166 1654 276 1707 que
341 1641 555 1693 cuuctis
603 1646 687 1695 est
734 1642 1062 1711 extremius,
1126 1646 1310 1698 varias
1358 1648 1674 1717 opiniones,
1742 1650 1857 1703 imo

165 1728 481 1781 contrarias
513 1729 677 1783 nobis
705 1732 996 1795 attribuat,
1030 1738 1091 1787 ut
1116 1738 1172 1787 et
1203 1736 1385 1789 malus
1411 1737 1547 1790 boni
1578 1739 1682 1791 viri
1708 1740 1859 1793 fama
1901 1738 1939 1789 Β

164 1818 467 1886 glorietur,
512 1825 566 1872 et
616 1819 1121 1876 innocentissimus
1169 1830 1368 1878 contra
1407 1827 1713 1881 noxiorum
1762 1845 1857 1882 ore

164 1908 466 1975 plectatur.

230 1999 324 2050 An
356 2013 479 2051 vero
529 2004 588 2051 tu
625 1997 947 2070 pretiosam]
992 2000 1248 2055 Ostendit
1306 2002 1365 2056 in
1406 2002 1649 2058 fortuna:
1695 2005 1861 2059 bonis

162 2102 359 2139 veram
403 2085 733 2140 felicitatem
782 2104 900 2141 non
943 2089 1270 2157 consistere,
1311 2092 1461 2161 quod
1495 2092 1591 2145 illa
1623 2094 1862 2147 minime

164 2175 386 2229 stabilis
418 2176 511 2240 sit,
544 2175 909 2247 discessuque
948 2194 1051 2231 suo
1094 2179 1269 2249 longe
1314 2180 1442 2249 plus
1487 2183 1748 2236 maeroris
1780 2184 1862 2237 af-

164 2265 335 2332 ferat,
369 2280 545 2335 quam
571 2266 818 2320 adventu
856 2266 1067 2321 ltetitiae
1100 2284 1293 2321 secum
1325 2269 1600 2325 attulerit.

230 2356 342 2409 Nec
384 2355 645 2409 manendi
686 2356 823 2427 ﬁda]
864 2356 1117 2411 Valerius
1158 2348 1299 2413 Max.
1349 2359 1446 2413 lib.
1483 2377 1537 2413 vr
1582 2377 1593 2413 :
1639 2361 1862 2416 Caduca

167 2444 419 2498 nimium
453 2451 509 2497 et
545 2446 771 2515 fragilia
800 2446 1228 2517 puerilibusque
1269 2453 1654 2503 consentanea
1683 2451 1865 2521 crepi-

164 2534 248 2588 dis
279 2541 421 2588 sunt
464 2536 590 2600 ista,
624 2552 752 2606 quas
799 2536 943 2589 vires
982 2541 1154 2607 atque
1187 2554 1321 2607 opes
1353 2538 1619 2593 humanm
1656 2558 1865 2595 vocan-

164 2629 293 2677 tur:
353 2625 599 2677 affluunt
644 2625 850 2692 subito,
903 2630 1137 2695 repente
1192 2627 1545 2693 dilabuntur,
1578 2630 1752 2699 {nullo
1806 2632 1866 2685 in

166 2714 314 2780 loco,
352 2714 509 2766 nulla
540 2714 598 2766 in
630 2730 876 2784 persona
906 2714 1205 2769 stabilibus
1239 2716 1373 2770 nixa
1407 2718 1694 2773 radicibus
1729 2736 1865 2774 con-

166 2801 403 2868 sistunt,
438 2802 541 2856 sed
570 2803 946 2857 incertissimo
977 2806 1115 2858 flatu
1139 2805 1384 2859 fortunae
1406 2807 1516 2861 huc
1541 2815 1711 2879 atque
1733 2809 1869 2863 illuc

167 2894 309 2957 acta,
369 2908 514 2961 quos
567 2891 810 2945 sublime
857 2894 1209 2962 extulerunt,
1266 2895 1574 2965 improviso
1634 2915 1866 2953 recursu

167 2980 475 3034 destitutos
505 2980 565 3034 in
596 2980 886 3051 profundo
926 2982 1173 3037 cladium
1204 2984 1607 3040 miserabiliter
1636 2987 1869 3043 immer-

166 3074 335 3139 gunt.
386 3070 580 3139 Itaque
625 3085 812 3140 neque
861 3071 1072 3125 debent
1110 3072 1441 3137 existimari,
1488 3093 1671 3147 neque
1726 3078 1862 3133 dici-

165 3159 340 3223 bona,
374 3175 505 3228 quas
536 3157 882 3214 inﬂictorum
923 3162 1207 3216 malorum
1240 3164 1685 3221 amaritudinem
1717 3167 1863 3221 desi-

165 3247 327 3301 derio
366 3247 458 3299 sui
485 3247 797 3316 duplicant.

233 3337 506 3390 Allatura
546 3337 843 3405 marorem]
886 3338 1137 3409 Baptista
1191 3340 1529 3397 Mantuanus
1574 3344 1635 3399 in
1679 3346 1867 3417 prima

170 3424 513 3480 Parthenice
542 3441 554 3480 :

613 3514 835 3580 Tristem
863 3521 1088 3580 sperata,
1115 3519 1399 3580 superbum

290 3578 415 3625 Jam
449 3590 700 3638 praesens,
732 3578 924 3626 amissa
947 3579 1072 3627 facit
1100 3578 1319 3629 fortuna
1349 3582 1631 3632 dolentem.

240 3669 451 3721 Rerum
498 3669 675 3720 exitus
712 3669 1009 3736 prudentia
1050 3670 1295 3742 metitur]
1339 3672 1721 3729 Memorabilis
1752 3676 1869 3730 haec

169 3761 249 3809 est
280 3755 591 3821 sententia,
617 3757 707 3809 cui
726 3758 1190 3813 concordatillud
1209 3761 1456 3816 Terentii
1478 3763 1537 3816 in
1564 3766 1865 3837 Adelphis:

294 3853 441 3919 lstnc
472 3857 551 3900 est
579 3867 776 3919 sapere,
806 3868 914 3919 non
944 3856 1084 3916 quod
1108 3859 1235 3919 ante
1261 3858 1418 3919 pedes
1446 3861 1604 3909 modo
1636 3867 1715 3911 est

292 3914 510 3979 Videre,
538 3914 806 3964 sedetiam
838 3917 927 3965 illa
952 3914 1069 3979 quae
1099 3914 1276 3967 futura
1309 3924 1433 3969 sunt

430 3978 750 4039 Prospicere.

237 4070 309 4121 In
344 4068 633 4133 altemtro]
674 4068 769 4121 Vel
793 4067 851 4121 in
882 4068 1243 4135 adversitate,
1269 4071 1355 4124 vel
1387 4070 1446 4124 in
1470 4074 1866 4144 prosperitate.

235 4159 353 4211 Nec
395 4156 779 4222 formidandus
823 4157 1058 4222 fortuna:
1080 4158 1269 4230 minas]
1310 4160 1523 4215 Seneca
1569 4163 1864 4233 tragicus:

396 4262 558 4309 Nemo
588 4261 817 4310 confidat
840 4263 1092 4311 nimirum
1117 4265 1381 4323 secundis,

396 4324 558 4388 Nemo
590 4324 833 4388 desperet
860 4326 1078 4374 meliora
1104 4326 1280 4388 lapsis.

397 4385 717 4450 Miscethzec
739 4386 843 4434 illis
874 4385 1217 4450 prohibetque
1245 4390 1391 4439 Cloto

396 4447 544 4497 Stare
574 4448 860 4509 fortunam,
879 4447 1024 4499 rotat
1052 4447 1207 4499 omne
1236 4452 1420 4501 fatum.

397 4511 560 4557 Nemo
592 4515 698 4559 tam
731 4511 872 4559 divss
907 4513 1091 4561 habuit
1120 4512 1374 4569 faventes,

399 4573 700 4647 grastinum
731 4580 1006 4647 ut‘posset
1022 4575 1122 4646 sibi
1150 4576 1404 4647 polliceri.

398 4635 501 4683 Res
534 4636 670 4683 Deus
696 4635 903 4685 nostras
933 4638 1089 4685 celeri
1116 4635 1306 4687 citatis.

618 4698 845 4747 Turbine
883 4702 1069 4748 versat.

176 4785 436 4857 Baptista
463 4786 798 4839 Mantuanus
829 4787 888 4840 in
918 4788 1107 4858 prima
1134 4790 1468 4843 Parthenice
1504 4806 1515 4843 :

294 4884 359 4932 Id
386 4896 597 4948 quoque
626 4897 1011 4948 nonnunquam
1042 4890 1243 4935 mentes
1276 4886 1477 4935 solatur
1506 4901 1728 4947 amaras,

302 4946 685 5011 Quoddurare
716 4947 848 4995 nihil
876 4946 1075 5009 patitur
1096 4949 1325 5003 fortuna,
1354 4950 1598 5011 vicesque

294 5008 512 5073 Nobilis
542 5008 783 5073 alternat,
812 5008 1075 5073 ventoque
1107 5011 1371 5059 simillima
1410 5008 1617 5073 proram

297 5072 455 5118 Nunc
482 5072 688 5133 premit,
718 5085 747 5119 a
772 5072 933 5134 puppi
974 5072 1181 5135 placida
1207 5074 1363 5122 modo
1402 5072 1692 5123 murmurat
1726 5089 1872 5123 aura.

240 5162 526 5214 Postremo
579 5177 729 5229 aequo
780 5162 979 5234 animo]
1029 5163 1198 5217 Aliud
1254 5164 1415 5217 affert
1470 5170 1873 5235 argumentum

172 5249 567 5319 Philosophia,
604 5267 717 5321 quo
759 5252 952 5305 Boetio
982 5268 1096 5305 non
1129 5268 1249 5306 esse
1289 5253 1356 5306 de
1386 5253 1613 5306 fortuna
1650 5255 1873 5307 lamen-

172 5341 418 5392 tandum
450 5341 700 5395 ostendit
730 5341 883 5395 hunc
911 5342 971 5394 in
1003 5342 1239 5395 modum
1276 5358 1286 5395 :
1330 5342 1667 5413 Quicunque
1700 5344 1875 5397 semel

172 5428 426 5481 fortunae
468 5429 719 5483 dominio
759 5447 817 5484 se
850 5429 1155 5498 commisit,
1206 5431 1265 5485 id
1294 5448 1460 5502 mque
1501 5432 1697 5485 animo
1729 5431 1876 5485 ferat

176 5533 409 5569 necesse
442 5521 543 5571 est.
590 5520 849 5590 Acceptis
882 5525 1073 5574 autem
1106 5520 1176 5574 ab
1209 5536 1275 5574 ea
1306 5521 1510 5589 opibus
1544 5526 1598 5573 et
1627 5520 1871 5590 dignita-

176 5606 359 5671 tibus,
402 5612 456 5659 te
496 5608 742 5663 fortunas
788 5609 1112 5676 subdidisti,
1156 5610 1302 5663 feras
1348 5609 1521 5679 igitur
1566 5609 1871 5678 patienter,

178 5696 227 5749 si
252 5696 548 5766 deponere
581 5703 803 5753 coactus
828 5700 1004 5753 fueris
1037 5716 1103 5754 ea
1132 5716 1261 5771 quae
1285 5699 1386 5753 tibi
1411 5699 1611 5753 tradita
1642 5699 1875 5753 fuerunt

1574 428 1856 512 gilgsophi.
1896 434 1942 487 A
1973 448 2039 485 ea
2080 434 2420 502 conditione,
2454 438 2512 489 ut
2542 450 2659 490 non
2690 440 2925 507 possent
2955 437 3107 509 apud
3139 440 3189 493 te
3222 440 3500 509 perpetuo
3530 456 3660 512 per-

1970 538 2227 577 manere.

2066 615 2220 667 Intra
2249 615 2483 680 fortuna:
2518 615 2721 684 arcam]
2757 617 2911 669 lntra
2941 616 3129 670 locum
3162 615 3258 671 ubi
3284 617 3516 672 fortuna
3554 620 3657 674 do-

1971 700 2241 755 minatur.
2276 702 2507 757 Videtur
2554 704 2846 758 translatio
2896 710 3124 776 sumpta
3172 706 3239 760 ab
3286 724 3419 761 area
3456 708 3514 761 in
3547 725 3660 779 qua

1970 807 2001 844 a
2033 790 2215 845 bobus
2241 792 2445 861 jugum
2479 794 2834 862 gestantibus
2866 795 3153 865 quondam
3186 796 3389 849 tritura
3419 796 3542 851 ﬁeri
3574 815 3658 851 so-

1968 878 2135 932 lebat.
2171 881 2669 952 1‘ametsiquidam
2709 899 2824 936 non
2855 882 3194 937 inconcinne
3226 886 3417 954 legant
3447 886 3651 953 aleam,

1968 968 2127 1037 prior
2151 973 2339 1023 tamen
2373 971 2540 1024 lectio
2571 972 2750 1041 magis
2783 972 2923 1025 mihi
2954 974 3378 1043 comprobatur.

2040 1059 2100 1112 Si
2128 1058 2298 1113 ventis
2330 1062 2443 1113 vela
2473 1063 2842 1131 committeres]
2884 1062 3087 1116 Probat
3116 1063 3423 1132 aptissimis
3454 1064 3654 1118 simili-

1968 1147 2263 1202 tudinibus
2280 1148 2513 1204 ferenda
2533 1166 2672 1216 esse,
2695 1167 2807 1205 non
2830 1152 3128 1222 culpanda,
3154 1168 3281 1222 qua:
3306 1158 3522 1207 mutare
3544 1170 3655 1209 non

1973 1251 2300 1304 possumus.

2048 1328 2337 1397 Votuentts]
2371 1328 2823 1400 Circumageutis
2854 1346 2930 1397 se,
2968 1334 3067 1385 aut
3096 1330 3379 1385 volubilis.

2040 1416 2281 1488 Conaris]
2315 1418 2722 1489 lnterrogative
2748 1419 3056 1490 legendum
3089 1419 3216 1487 hoc,
3270 1425 3323 1474 et
3368 1436 3497 1476 cum
3544 1426 3655 1477 sto-

1969 1504 2189 1558 macho.

2466 1596 2534 1647 1N
2577 1597 2866 1651 METRUM
2904 1598 3175 1652 PRIMUM

2044 1682 2154 1735 Hoc
2184 1682 2437 1737 carmine
2470 1684 2713 1738 iambico
2756 1686 2910 1755 quod
2957 1688 3171 1750 σκάζον,
3215 1687 3273 1740 id
3323 1692 3407 1742 est
3445 1688 3657 1743 claudi-

1973 1770 2169 1824 dicans
2216 1773 2555 1842 appellatur,
2615 1774 2673 1826 in
2740 1775 3103 1844 superiorum
3162 1777 3657 1831 confirmationem

1972 1859 2107 1914 dicit
2152 1860 2442 1915 fortunam
2491 1862 2597 1916 sibi
2634 1878 2931 1933 nunquam
2979 1864 3182 1918 melius
3225 1866 3447 1935 placere
3488 1882 3657 1937 quam

1972 1949 2198 2019 quoties
2222 1966 2333 2003 una
2356 1950 2669 2021 eademque
2690 1951 2825 2004 liora
2842 1953 3305 2021 potentissimum
3329 1956 3659 2025 quempiam

1973 2037 2198 2103 viderit,
2232 2040 2613 2110 eumdemque
2638 2040 3046 2096 miserrimum.
3071 2044 3314 2097 Carmen
3336 2044 3443 2099 hoc
3474 2044 3660 2099 simile

1972 2131 2055 2181 est
2093 2127 2177 2180 illi
2210 2127 2477 2182 Persiano
2513 2144 2524 2182 ε

2189 2236 2294 2283 Nec
2323 2235 2467 2285 fonte
2502 2236 2646 2285 labra
2685 2234 2856 2299 prolui
2882 2236 3159 2286 caballiuo.

2042 2334 2180 2405 Ham]
2218 2337 2483 2389 Fortuna.

2045 2425 2197 2495 Cum]
2230 2426 2559 2493 Postquam.

2049 2513 2308 2585 Verterat]
2348 2512 2664 2567 Mutaverit.

2054 2603 2225 2672 Vices]
2256 2603 2465 2657 Rerum
2496 2600 2999 2672 conditionumque
3032 2600 3496 2673 permutationes.

2048 2692 2432 2763 Exaestuantis]
2484 2694 2637 2746 Ultra
2669 2692 2901 2745 modum
2942 2692 3288 2746 fluctuantis.
3324 2693 3493 2746 Vetus
3525 2692 3663 2746 ada-

1976 2780 2139 2849 gium
2190 2786 2295 2849 est,
2334 2780 2474 2849 τύχη
2512 2780 2757 2852 Εὖριπος,
2790 2780 3018 2833 fortuna
3055 2781 3313 2851 Euripus,
3338 2780 3451 2834 sive
3496 2781 3663 2834 volu—

1974 2869 2124 2935 bilis,
2168 2886 2266 2922 seu
2305 2869 2589 2935 aestuaria,
2624 2868 2779 2938 quod
2829 2868 3077 2923 vicissim
3127 2886 3279 2923 nunc
3311 2869 3445 2924 huic
3474 2870 3662 2923 favere

1976 2959 2171 3025 soleat,
2206 2975 2356 3013 nunc
2384 2958 2487 3021 illi,
2531 2976 2563 3011 a
2613 2958 2782 3011 maris
2815 2958 3010 3028 Euripi
3042 2958 3369 3029 prodigiosa
3412 2958 3660 3029 quadam

1907 3025 1946 3079 Ο
1977 3048 2370 3118 reciprocandi
2400 3048 2688 3102 celeritate
2741 3048 2906 3102 ducta
2937 3025 3292 3118 metaphora.
3346 3025 3446 3102 Est
3471 3053 3661 3102 autem

1976 3139 2218 3207 Euripus
2258 3136 2433 3191 maris
2462 3154 2594 3207 pars
2623 3136 2774 3191 inter
2820 3137 3130 3191 Phocidem
3179 3137 3408 3191 Boeotias
3440 3142 3662 3207 partem

1974 3231 2029 3281 et
2058 3227 2332 3280 Euboeam
2372 3226 2639 3291 insulam,
2688 3228 2849 3296 cujus
2884 3226 3149 3280 meminit
3181 3226 3325 3279 Plin.
3374 3225 3469 3280 lib.
3507 3243 3563 3279 ιι.
3601 3227 3663 3280 Et

1974 3316 2357 3387 quorumdam
2396 3320 2610 3385 tamen,
2639 3314 2849 3385 inquit,
2882 3315 3106 3385 privata
3140 3320 3342 3369 natura
3374 3319 3473 3382 est,
3508 3316 3665 3368 velut

1973 3404 2425 3459 Taurominitani
2485 3404 2699 3473 Euripi,
2732 3404 2936 3475 saepius
2993 3409 3048 3458 et
3107 3404 3168 3458 in
3219 3404 3427 3457 Eubcea
3454 3402 3662 3474 septies

1972 3494 2063 3549 die
2112 3510 2175 3547 ac
2205 3500 2369 3547 nocte
2400 3494 2825 3563 reciprocantis,
2870 3498 2982 3548 tam
3018 3494 3217 3565 rapida
3263 3493 3659 3559 conversione,

1975 3588 2037 3638 ut
2069 3583 2579 3654 (quemadmodum
2611 3588 2809 3637 auctor
2838 3589 2922 3636 est
2952 3583 3301 3654 Pomponius
3334 3584 3498 3653 Mela)
3535 3598 3663 3636 ven-

1975 3677 2061 3727 tos
2096 3690 2159 3726 ac
2190 3673 2368 3726 etiam
2400 3673 2569 3742 plena
2607 3672 2786 3726 ventis
2818 3672 3045 3742 navigia
3074 3689 3266 3725 secum
3306 3676 3512 3742 portet.
3548 3673 3662 3725 Ne-

1976 3780 2086 3833 que
2114 3763 2252 3817 dum
2285 3763 2456 3832 hujus
2503 3766 2616 3815 tam
2650 3762 2941 3831 stupenda:
2977 3761 3059 3815 rei
3094 3778 3261 3815 causa
3290 3761 3425 3814 satis
3457 3761 3664 3814 idonea

1974 3852 2357 3922 pervestigata
2376 3854 2461 3904 est
2490 3867 2523 3903 a
2552 3850 2946 3919 scriptoribus,
2980 3850 3148 3904 etiam
3190 3851 3237 3903 si
3262 3851 3418 3904 Titus
3453 3850 3659 3915 Livius,

1976 3939 2209 3992 secundi
2239 3938 2377 3991 belli
2406 3938 2603 3991 Punici
2631 3938 2729 3991 lib.
2766 3955 2858 4002 vn,
2892 3956 2923 3991 a
2969 3939 3146 3991 ventis
3177 3938 3519 4009 quibusdam
3552 3938 3664 3992 illic

1978 4027 2248 4081 flantibus
2277 4026 2356 4080 ita
2388 4027 2508 4097 rapi
2558 4027 2757 4081 credit.
2805 4027 3018 4081 Seneca
3050 4028 3111 4080 in
3142 4029 3378 4081 Hercule
3410 4028 3623 4083 ()Etlieo
3650 4044 3661 4081 :

2101 4134 2327 4195 Euripus
2360 4132 2528 4181 undas
2560 4133 2716 4181 ﬂectit
2744 4133 3007 4181 instabilis
3036 4146 3217 4194 vagas.

2102 4194 2418 4258 Septemque
2443 4208 2625 4242 rursus
2652 4196 2811 4243 flectit
2837 4199 2887 4243 et
2919 4195 3139 4258 totidem
3166 4194 3336 4258 refert,

2101 4256 2235 4306 Dum
2263 4256 2461 4306 lassum
2492 4258 2639 4306 Titan
2674 4258 2864 4320 mergit
2894 4258 3100 4305 Oceano
3122 4256 3298 4318 jubar.

1913 4396 1954 4449 Β
1984 4357 2178 4412 Cicero
2210 4374 2313 4428 pro
2338 4357 2562 4411 Plancio
2591 4374 2602 4411 :
2633 4358 2791 4421 Quod
2821 4357 3050 4423 fretum,
3079 4371 3249 4449 quem
3280 4353 3552 4449 Euripum
3587 4357 3669 4408 tot

1985 4450 2192 4512 motus,
2225 4452 2428 4512 tantas,
2456 4452 2572 4499 tam
2602 4446 2785 4499 varias
2812 4446 3018 4501 habere
3044 4444 3269 4500 creditis
3308 4443 3666 4514 agitationes,

1984 4535 2483 4601 commutationes,
2532 4537 2756 4601 fluctus,
2798 4538 3037 4606 quantas
3084 4532 3565 4603 perturbationes,
3616 4536 3671 4585 et

1983 4629 2226 4694 quantos
2253 4628 2424 4678 aestus
2453 4624 2626 4678 habet
2646 4625 2790 4678 ratio
2812 4623 3212 4677 comitiorum?
3232 4621 3473 4691 Euripos
3497 4620 3671 4675 etiam

1984 4714 2139 4767 lacus
2179 4712 2554 4783 temporarios
2599 4730 2770 4766 manu
2823 4714 3017 4778 factos,
3072 4712 3131 4764 in
3173 4711 3381 4781 qnibus
3412 4712 3671 4764 navalem

1984 4817 2239 4871 pugnam
2271 4801 2705 4855 committebant
2736 4806 2969 4863 veteres,
3006 4817 3151 4872 quos
3183 4801 3355 4854 etiam
3386 4801 3539 4855 Nilos
3566 4817 3672 4871 ap-

1984 4891 2294 4959 pellabant,
2338 4896 2539 4944 notum
2575 4896 2657 4944 est
2701 4908 2767 4943 ex
2792 4891 3146 4961 Tranquillo,
3196 4890 3409 4958 Tacito,
3462 4891 3672 4945 Seneca

1984 4986 2042 5035 et
2065 4981 2208 5034 aliis.

2054 5070 2289 5143 Dudum]
2324 5070 2494 5124 Paulo
2526 5073 2676 5123 ante.

2061 5161 2395 5229 Tremendos]
2430 5160 2511 5214 Ob
2545 5158 2857 5227 potentiam
2880 5158 3292 5215 formidandos.

2054 5250 2306 5317 Proterit]
2351 5249 2680 5302 Pessundat.

2053 5336 2325 5409 Subtevat]
2363 5339 2600 5392 Sursum
2634 5340 2799 5405 levat,
2835 5346 2889 5393 et
2917 5340 3141 5394 attollit.

2051 5429 2223 5497 Dura]
2258 5427 2645 5481 lnexorabilis.

2053 5516 2279 5589 Probat]
2319 5516 2593 5573 Ostendit.

2054 5604 2353 5677 Ostentum]
2390 5607 2737 5677 Prodigium,
2773 5606 3135 5660 miraculum.

2064 5693 2299 5765 Visatur]
2338 5694 2626 5750 Videatur.
