4054 6184
459 333 564 384 955

526 452 767 526 Stratus]
801 455 1071 525 dejectus,
1105 455 1296 509 miser.

1059 562 1131 616 IN
1174 561 1450 617 PROSAM
1490 562 1558 616 ΙΙ.

527 672 641 725 Hoc
670 668 793 724 loco
838 668 1066 723 fortuna
1103 668 1396 722 inducitur
1445 684 1634 722 severe
1685 683 1816 721 cum
1860 666 2056 723 Boetio
2093 667 2150 720 id

455 759 840 829 expostulans,
877 758 1030 828 quod
1076 758 1145 811 ob
1193 757 1399 811 amissa
1428 756 1618 811 doleat
1653 772 1769 810 non
1809 772 1970 810 secus
2012 772 2074 809 ac
2105 755 2150 809 si

452 865 554 901 sua
582 847 761 918 ipsius
809 846 956 900 bona
986 846 1323 917 perdidisset
1352 863 1363 900 :
1413 863 1541 917 quae
1578 846 1621 899 si
1674 846 1911 916 propria
1943 862 2146 914 posse-

454 938 644 1003 disset,
696 952 991 1007 nunquam
1037 952 1171 991 sane
1228 936 1503 1007 potuisset
1563 936 1843 990 amittere.
1899 936 2146 989 Proinde

455 1026 681 1081 fortuna
710 1026 819 1080 sibi
856 1026 1106 1080 vindicat
1134 1041 1289 1095 opes,
1324 1025 1592 1093 honores,
1627 1030 1681 1079 et
1710 1025 1765 1078 id
1806 1040 1989 1096 genus
2016 1024 2149 1091 alia,

456 1131 763 1186 secumque
794 1115 1006 1185 pariter
1029 1115 1295 1169 advenire
1337 1114 1743 1184 discedereque
1784 1115 1879 1168 ait.
1938 1115 2001 1167 Et
2032 1128 2146 1183 quo

460 1205 649 1259 minus
672 1204 842 1275 justae
874 1204 1172 1257 videantur
1195 1203 1378 1258 Boetii
1400 1204 1669 1275 querelae,
1699 1203 2002 1273 pollicetur
2028 1201 2171 1271 ejus

457 1294 628 1349 fuisse
667 1308 1024 1365 quaecunque
1070 1294 1389 1359 abstulerit,
1427 1310 1485 1347 se
1532 1293 1802 1347 continuo
1834 1298 2176 1346 concessu-‘

460 1400 604 1452 ram,
630 1382 677 1436 si
697 1383 1035 1453 cujusquam
1060 1384 1389 1437 mortalium
1416 1383 1729 1454 quidquam
1762 1382 1992 1436 illorum
2024 1395 2152 1449 pro-

460 1474 649 1544 prium
674 1488 795 1526 esse
826 1472 1245 1527 demonstrarit.
1274 1476 1474 1527 Postea
1506 1472 1950 1526 inconstantiam
1984 1484 2147 1522 suam

459 1562 606 1616 vires
636 1577 769 1616 suas
800 1579 919 1616 esse
950 1562 1178 1628 fatetur,
1210 1578 1241 1616 a
1282 1578 1394 1632 qua
1420 1562 1461 1614 si
1488 1562 1878 1632 prohibeatur,
1908 1558 2150 1629 iniquis-

460 1649 602 1704 sime
633 1666 825 1704 secum
856 1651 969 1720 agi.
1001 1654 1291 1705 Postremo
1325 1651 1487 1704 docet
1509 1650 1781 1720 exemplis
1809 1647 2150 1720 quibusdam

455 1738 549 1809 jus
581 1738 955 1809 sibi,semper
1002 1740 1175 1793 fuisse
1224 1740 1459 1793 volubili
1508 1740 1642 1794 orbe
1673 1744 1859 1794 rotam
1908 1737 2148 1791 circum-
2192 1760 2232 1815 Β

461 1842 629 1897 agere
659 1843 874 1897 suoque
906 1828 1143 1881 arbitrio
1175 1844 1419 1881 versare.

531 1914 783 1987 Agitare]
816 1917 1096 1983 Tractare,
1133 1915 1442 1985 disputare.

532 2005 675 2071 Quid
706 2010 763 2059 tu
792 2021 819 2059 ο
851 2006 1021 2077 homo]
1067 2006 1246 2060 Verba
1273 2006 1517 2060 fortuna:
1567 2007 1836 2063 adversus
1868 2011 2149 2067 Boetium.

532 2097 693 2149 Ream
722 2093 867 2166 agis]
901 2097 1160 2148 Accusas.
1186 2096 1369 2150 Reum
1399 2112 1567 2166 agere
1598 2100 1681 2151 est
1710 2114 1991 2156 accusare.
2028 2104 2154 2156 Per-

461 2198 632 2253 agere
662 2199 814 2249 vero,
838 2184 1243 2238 condemnare.

532 2271 699 2342 Quid]
730 2270 980 2341 Aliquid.

529 2360 759 2414 Nudum
802 2362 960 2414 rebus
990 2358 1259 2431 omnibus]
1296 2361 1440 2414 Nudi
1472 2361 1625 2416 enim
1672 2364 1980 2433 nascimur,
2010 2367 2153 2421 nudi

462 2449 767 2514 morimur,
843 2449 1060 2503 Plinius
1130 2448 1191 2502 in
1256 2450 1534 2519 procemio
1593 2454 1819 2521 septimi
1870 2456 2152 2509 Naturalis

460 2536 724 2591 Historia:
761 2553 774 2590 :
808 2536 1117 2591 Hominem
1140 2542 1362 2591 tantum
1394 2538 1610 2593 nudum
1643 2542 1775 2594 etin
1800 2544 1951 2597 nuda
1974 2545 2150 2598 humo

462 2626 637 2679 natali
659 2625 749 2679 die
776 2625 971 2695 abjicit
999 2626 1066 2680 ad
1108 2626 1331 2697 vagitus
1362 2628 1551 2682 statim
1585 2634 1640 2683 et
1682 2630 1987 2700 ploratum.
2034 2634 2148 2688 Lu-

461 2714 668 2769 cretius
699 2731 712 2768 :

643 2822 771 2885 Tum
798 2834 954 2882 porro
979 2834 1126 2885 puer,
1160 2822 1402 2885 utsaevis
1428 2822 1693 2885 projectus
1724 2824 1789 2872 ab
1821 2826 1977 2874 nudis

632 2883 842 2955 «Navita,
888 2883 1063 2955 nudus
1094 2883 1239 2931 humi
1280 2883 1678 2955 jacet;_in_l‘ans_,
1717 2887 1967 2955 indignus
2005 2890 2150 2938 omni

642 2945 796 2994 Vitali
820 2945 1037 3001 auxilio,
1069 2959 1188 2994 cum
1219 2945 1429 3008 primum
1463 2948 1514 2995 in
1543 2947 1759 2997 luminis
1790 2945 1909 2999 oras

642 3008 864 3073 Nixibus
894 3008 1111 3073 ex_alvo
1137 3009 1535 3073 matrisinatura
1560 3011 1847 3073 profundit.

646 3071 937 3144 Yagi‘tuque
967 3070 1155 3144 locum.
1192 3064 1676 3144 lugubricomplet,
1723 3078 1781 3144 u_t
1811 3088 2022 3138 aequum
2053 3080 2146 3134 est,
2188 3064 2227 3118 Ο

643 3132 735 3180 Cui
766 3137 969 3180 tantum
1004 3133 1059 3181 in
1088 3134 1197 3182 vita
1225 3132 1384 3183 restet
1409 3132 1630 3185 transire
1656 3132 1936 3186 malorum.

524 3230 733 3303 Prona]
764 3234 1068 3302 Propensa.

526 3320 637 3375 Mei
659 3318 825 3391 juris]
862 3319 1197 3374 Subditione
1230 3336 1376 3375 mea.

525 3408 852 3477 Afﬂuentia]
884 3408 1268 3462 Abundantia.

526 3497 675 3550 Habe
706 3499 937 3563 gratias]
965 3496 1051 3549 Sis
1078 3501 1273 3565 gratus
1304 3497 1519 3552 animo.

524 3586 616 3639 An
646 3600 739 3652 ego
764 3584 895 3656 sola]
955 3584 1293 3647 Singulatim
1342 3587 1559 3657 colligit
1614 3587 1924 3659 unicuique
1977 3588 2145 3643 licere

452 3671 581 3742 jure
612 3687 715 3724 suo
745 3672 991 3726 naturali
1040 3688 1268 3743 semper
1316 3674 1401 3727 uti
1436 3690 1448 3728 :
1496 3691 1625 3728 cum
1659 3675 1837 3746 igitur
1864 3676 1952 3731 sui
1997 3678 2145 3748 juris

452 3761 762 3817 volubilem
783 3768 967 3817 rotam
1009 3763 1233 3817 assiduo
1258 3780 1480 3819 versare
1511 3766 1871 3826 circumactu,
1899 3768 2141 3840 iniquis-

455 3851 597 3905 sime
636 3867 829 3905 secum
873 3868 1042 3922 agere
1075 3853 1354 3922 queritur,
1394 3854 1841 3927 indignaturque
1891 3857 2143 3928 inexple-

454 3940 557 3994 bili
583 3940 893 4011 cupiditate
941 3943 1231 4009 mortales,
1283 3942 1382 4013 qui
1415 3943 1485 3997 ab
1517 3960 1582 3998 eo
1626 3945 1716 3999 cui
1756 3949 2032 4001 naturalis
2075 3948 2145 4001 sit

454 4030 833 4083 inconstantia
884 4030 1353 4103 mutabilitasque
1396 4036 1772 4089 constantiam
1830 4042 1886 4090 et
1933 4052 2142 4107 perpe-

454 4122 619 4172 tuum
651 4120 1045 4190 prosperitatis
1075 4125 1333 4177 tenorem
1362 4123 1678 4194 requirant.

524 4208 776 4281 Condere]
816 4210 1186 4280 Componere,
1212 4212 1496 4283 claudere,
1522 4213 1705 4268 finire.

531 4297 769 4369 Vultum]
825 4301 1149 4369 Aspectum,
1209 4301 1429 4359 faciem.
1497 4302 1823 4373 Metaphora
1873 4307 1955 4356 est
2008 4302 2140 4357 satis

453 4387 635 4442 audax
670 4388 739 4442 ab
770 4387 1001 4442 homine
1031 4390 1098 4441 ad
1130 4406 1251 4444 rem
1278 4390 1613 4459 inanimam,
1648 4408 1890 4462 eamque
1921 4390 2136 4463 gravis-

451 4478 655 4531 simam
679 4482 735 4532 et
768 4477 1146 4532 immobilem.

520 4566 813 4635 Redimire]
847 4566 1081 4619 Ornare.

519 4653 881 4725 Con/undere]
915 4653 1269 4708 Perturbare.

521 4744 724 4813 Strato]
758 4743 1103 4814 Composito.

520 4835 771 4903 [Equam]
803 4832 1063 4898 Planitie,
1097 4830 1302 4903 aequali
1339 4833 1663 4903 superficie.

518 4922 813 4994 Alligabit]
850 4922 1231 4993 lnexplebilis,
1282 4922 1639 4978 insatiabilis.

520 5010 977 5082 Inezpleta]Cum
1016 5012 1471 5083 interrogatione
1513 5017 1567 5067 et
1598 5014 1856 5068 vultuose
1883 5029 2136 5084 pronun-

448 5101 731 5167 tiandum,
753 5100 914 5171 quasi
930 5101 1099 5167 dicat,
1126 5102 1361 5156 minime
1380 5103 1594 5173 poterit
1607 5119 1864 5174 unquam
1880 5104 2134 5173 alligare,

516 5193 642 5247 Hac
658 5194 845 5244 nostra
873 5192 955 5244 vis
972 5189 1073 5262 est]
1100 5192 1170 5244 Ut
1193 5192 1411 5246 nullam
1434 5209 1723 5247 servemus
1739 5192 2136 5246 constantiam.

518 5277 880 5351 Continuam]
930 5279 1060 5333 Sine
1094 5280 1537 5335 intermissione.

514 5366 731 5439 Rotam]
779 5368 1040 5422 Fortunas
1091 5369 1480 5424 simulacrum.
1548 5369 1819 5425 Nonnulli
1879 5373 2137 5423 veterum

446 5470 577 5509 cum
608 5457 773 5526 copia
824 5461 879 5510 et
906 5457 1291 5527 gubernaculo
1345 5458 1651 5527 finxerunt,
1697 5464 1969 5530 tauquam
2022 5460 2142 5513 haec

445 5558 582 5613 opes
598 5545 869 5610 tribunal,
892 5551 947 5600 et
962 5547 1349 5600 humanarum
1368 5562 1560 5601 rerum
1574 5549 1831 5619 regimen
1858 5548 2135 5602 obtineat.

447 5630 551 5685 Cui
583 5634 838 5703 opinioni
868 5640 925 5688 et
961 5635 1223 5706 Virgilius
1254 5637 1518 5703 assensit,
1551 5637 1649 5707 qui
1697 5641 1986 5691 fortunam
2018 5654 2141 5690 om-

445 5720 713 5791 nipotens
753 5728 930 5779 vocat.
976 5724 1043 5778 Et
1082 5724 1385 5780 historicus
1433 5724 1532 5796 qui
1580 5726 1685 5780 ait:
1738 5726 1845 5780 Sed
1884 5728 2141 5797 profecto

1204 332 1548 384 APPENIHX
1591 332 1682 383 AD
1725 330 1967 385 LIBROS
2010 331 2098 384 DE
2138 329 2657 389 CONSOLATIONE
2696 329 3207 386 PlllLOSOPllUE.
3796 341 3876 391 {I36

2183 457 2228 511 A
2256 456 2494 510 fortuua
2524 456 2583 509 in
2608 456 2766 509 omni
2798 472 2856 509 re
2880 455 3208 510 dominatur
3244 457 3354 511 Alii
3379 473 3501 512 eam
3536 475 3689 529 super
3730 463 3876 531 lapide

2261 545 2509 615 quodam
2548 546 2794 600 rotundo
2835 546 3146 600 consistere
3188 546 3371 616 lepide
3426 550 3710 603 commenti
3758 557 3876 606 sunt.

2258 635 2368 689 Alii
2388 640 2571 689 rotam
2594 635 2677 688 illi
2696 636 3002 689 volubilem
3017 635 3455 706 versatilemque
3476 638 3763 709 appingunt
3780 656 3877 694 cum

2260 728 2506 796 quatuor
2552 724 2854 778 hominum
2905 724 3273 794 imaginibus,
3333 726 3505 795 primi
3551 728 3659 796 jam
3700 745 3878 783 sursum

2261 812 2635 879 ascendentis,
2672 812 2903 866 secundi
2928 813 3501 877 summumtenentis,
3534 815 3673 867 tertii
3696 832 3877 870 rursum

2261 900 2674 966 descendentis,
2726 902 2915 971 quarti
2975 918 3106 955 vero
3155 902 3217 955 in
3271 908 3412 956 rotae
3459 902 3569 957 imo
3622 904 3880 976 depressi:

2261 1006 2433 1060 super
2460 989 2666 1059 quibus
2697 990 2789 1043 hic
2818 996 2903 1044 est
2931 990 3244 1045 versiculus
3278 1007 3289 1044 :

2384 1079 2651 1139 ltegnabo,
2692 1092 2878 1141 regno,
2907 1080 3141 1141 regnavi,
3175 1092 3291 1127 sum
3322 1080 3435 1129 sine
3456 1094 3634 1143 regno.

2337 1160 2575 1215 Volubili
2600 1158 2739 1231 orbe]
2787 1160 2969 1214 Celeri
3009 1162 3400 1216 conversione.
3444 1163 3601 1233 Apud
3631 1164 3880 1233 Baptistam

2259 1249 2629 1303 Mantuanum
2666 1248 2727 1303 in
2770 1249 3213 1320 Epigrammatis
3255 1251 3322 1304 ad
3370 1252 3660 1305 Falconem
3704 1253 3756 1306 hi
3788 1262 3881 1307 sunt

2260 1355 2457 1393 versus

2446 1425 2612 1475 Fidite
2638 1426 2838 1484 virtuti,
2870 1426 3084 1475 fortuna
3115 1426 3351 1489 fugacior
3382 1426 3538 1475 undis

2479 1490 2594 1538 Non
2622 1494 2819 1549 manet,
2858 1493 2909 1537 et
2938 1494 3131 1537 certam
3160 1488 3327 1537 nescit
3354 1489 3544 1538 habere
3574 1488 3783 1538 domum.

2446 1552 2647 1615 Gaudia
2675 1552 2804 1615 dum
2834 1552 3065 1607 simulat,
3098 1552 3403 1600 subvertere
3433 1553 3622 1615 cogitat
3648 1554 3816 1611 orbem,

2478 1614 2699 1662 Insidias
2730 1614 2910 1662 ridens
2936 1614 3259 1676 exitiumque
3291 1618 3455 1677 parat.

2266 1691 2368 1747 Ubi
2433 1694 3005 1749 animadvertendum
3057 1694 3237 1748 obiter
3284 1710 3584 1765 perperam
3615 1693 3787 1747 sciolos
3820 1709 3889 1763 per

2266 1783 2464 1837 orbem
2505 1784 2788 1838 mundum
2822 1785 3097 1854 accipere,
3146 1800 3274 1837 cum
3304 1784 3397 1837 hic
3435 1784 3507 1837 sit
3533 1800 3714 1836 sensus
3743 1800 3753 1836 :
3794 1784 3886 1835 For-

2264 1874 2401 1924 tuna
2449 1872 2583 1925 dum
2629 1874 2861 1927 simulat
2899 1873 3128 1944 gaudia,
3190 1878 3245 1926 et
3291 1874 3425 1927 dum
3470 1872 3683 1927 videtur
3710 1872 3885 1935 blanda,

2263 1960 2474 2029 cogitat
2508 1962 2855 2026 subvertere,
2892 1963 2951 2016 id
2986 1966 3070 2015 est
3100 1961 3426 2015 clanculum
3458 1966 3513 2015 et
3540 1967 3730 2032 praeter
3747 1960 3887 2013 homi-

2262 2066 2396 2103 num
2448 2066 2609 2119 spem
2640 2056 2859 2105 vertere
2904 2051 3121 2119 orbem,
3157 2051 3262 2106 hoc
3309 2055 3413 2119 est,
3446 2055 3623 2105 rotam
3664 2066 3798 2103 suam
3823 2065 3885 2102 or-

2260 2138 2527 2192 bicularis
2554 2141 2778 2210 figurae.

2332 2230 2523 2296 Inﬁma
2544 2226 2794 2300 summis]
2827 2228 3041 2283 Seneca
3075 2228 3325 2299 tragicus
3353 2244 3365 2281 :

2446 2316 2554 2364 Ima
2584 2321 2845 2379 permutat
2872 2317 3046 2366 brevis
3076 2316 3208 2365 hora
3236 2316 3460 2364 summis

2264 2396 2452 2450 Exstat
2482 2413 2712 2450 carmen
2761 2414 2894 2451 sane
2931 2413 3047 2451 non
3087 2397 3409 2467 illepidum,
3459 2395 3642 2451 nescio
3685 2395 3816 2465 cujus
3839 2392 3885 2446 de

2262 2484 2507 2553 fortuna,
2570 2486 2724 2556 quod
2771 2486 2877 2540 hoc
2943 2485 3309 2556 potissimum
3359 2487 3484 2540 loco
3533 2484 3884 2556 subjiciendum

2261 2573 2456 2644 putavi
2491 2590 2503 2628 :

2417 2680 2455 2743 Ο
2481 2679 2695 2729 fortuna
2723 2680 2940 2743 potens!
2971 2692 3128 2743 quam
3159 2680 3448 2743 variabilis.

2404 2742 2675 2813 Quantum
2697 2742 2833 2813 juris
2858 2748 3024 2813 atrox“,
3060 2756 3177 2813 qua:
3209 2743 3303 2813 tibi
3330 2742 3602 2791 vindicas?

2414 2806 2615 2854 Evertis
2641 2807 2869 2861 meritos,
2901 2805 3050 2865 eligis
3082 2805 3368 2865 improbos.

2414 2868 2518 2916 Nec
2544 2882 2751 2916 servare
2785 2872 2929 2930 potes
2960 2868 3271 2930 muneribus
3301 2867 3478 2915 tidem.

2414 2932 2647 2979 Fortuna
2679 2929 2965 2979 immeritos
2989 2933 3149 2990 auget
3178 2929 3493 2986 honoribus,

2416 2994 2645 3042 Fortuna
2675 2994 2934 3040 innocuos
2960 2991 3195 3039 cladibus
3227 2990 3408 3040 afﬁcit.

2382 3060 2559 3108 Justos
2589 3055 2680 3103 illa
2712 3056 2853 3103 viros
2881 3055 3125 3117 pauperie
3156 3059 3355 3115 gravat.

2414 3119 2663 3181 Indignos
2698 3117 2878 3181 eadem
2910 3116 3105 3164 divitiis
3138 3117 3277 3181 beat.

2416 3179 2736 3229 Hmc‘aufert
2759 3179 3001 3242 juvenes,
3033 3182 3085 3226 et
3113 3179 3305 3242 retinet
3329 3190 3504 3231 senes,

2412 3243 2626 3306 lnjusto
2641 3240 2861 3306 arbitrio
2875 3246 3127 3306 tempora
3157 3240 3421 3306 dividens.

2413 3302 2564 3362 Quod
2600 3304 2773 3367 dignis
2803 3302 3009 3367 adimit,
3036 3304 3224 3351 transit
3252 3302 3558 3367 adimpios.

2414 3370 2515 3416 Nec
2541 3364 2823 3415 discrimen
2853 3366 3024 3420 habet,
3052 3370 3295 3427 rectaque
3318 3364 3544 3426 judicat.

2410 3432 2742 3485 Inconstans,
2774 3427 2990 3489 fragilis,
3022 3426 3237 3488 perfida,
3269 3426 3494 3483 lubrica,

2410 3494 2514 3540 Nec
2541 3506 2672 3554 quos
2697 3490 2946 3554 clarificat
2973 3494 3226 3551 perpetuo
3258 3489 3419 3554 fovet.

2410 3556 2516 3603 Nec
2541 3552 2671 3616 quos
2706 3552 2935 3601 deseruit
2962 3555 3211 3615 perpetuo
3237 3552 3449 3613 premit.

2255 3654 2545 3713 Ausonius
2579 3669 2591 3707 :

2410 3744 2641 3791 Fortuna
2669 3752 2944 3801 nunquam
2968 3738 3103 3786 sistit
3129 3739 3183 3786 in
3218 3737 3406 3787 eodem
3438 3741 3593 3785 statu.

2409 3805 2623 3866 Semper
2653 3806 2914 3861 movetur,
2948 3802 3204 3866 variatgac
3234 3804 3405 3848 mutat
3437 3801 3592 3866 vices:

2408 3868 2471 3915 Et
2494 3862 2701 3914 summa
2726 3866 2777 3913 iu
2804 3866 2969 3912 imum
3000 3864 3170 3923 vertit,
3192 3878 3251 3912 ac
3280 3876 3437 3911 versa
3470 3862 3634 3925 erigit.

2327 3949 2417 4001 Ea
2446 3948 2577 4016 lege]
2611 3948 2687 3999 Ea
2717 3945 3059 3999 conditione.

2333 4038 2422 4090 Uti
2450 4034 2533 4105 ne]
2574 4036 2642 4087 Ut
2673 4049 2807 4086 non.

2322 4121 2670 4193 Descendcre]
2705 4124 3071 4184 Descensum,
3107 4119 3348 4173 subaudi
3376 4136 3501 4173 esse
3530 4116 3793 4189 injuriani.

2323 4211 2583 4283 Crmsum]
2621 4214 2842 4265 Croesus
2871 4227 2965 4263 rex
2998 4210 3107 4263 fuit
3140 4209 3329 4279 Lydia:
3375 4208 3699 4269 ditissimus,
3731 4206 3879 4269 captus

2252 4307 2444 4356 autem
2476 4318 2508 4353 a
2554 4302 2697 4370 Cyro
2734 4315 2865 4368 rege
2910 4300 3246 4365 Persarum;
3292 4299 3520 4351 vinctus
3559 4288 3879 4362 compedibus,

2249 4408 2421 4462 super
2442 4390 2735 4460 ingentem
2764 4392 2958 4458 (quam
2981 4387 3291 4453 struxerat)
3321 4387 3611 4456 lignorum
3636 4388 3814 4435 struem
3832 4373 3880 4424 ab

2249 4498 2315 4535 eo
2370 4478 2709 4549 imponitur,
2761 4482 2825 4530 ut
2877 4477 3032 4530 vivus
3080 4482 3453 4530 cremaretur.
3513 4477 3688 4527 Croeso
3734 4473 3878 4549 autem

2249 4586 2419 4641 super
2450 4548 2647 4639 pyram
2674 4565 2846 4621 stanti
2892 4565 3108 4617 venisse
3144 4565 3200 4618 in
3243 4570 3499 4618 mentem
3546 4563 3734 4615 ferunt.
3767 4548 3880 4623 quod

2248 4660 2352 4714 sibi
2386 4662 2529 4711 nutu
2561 4656 2661 4710 Dei
2693 4672 2721 4708 a
2748 4655 2952 4709 Solone
2998 4654 3196 4706 fuisset
3228 4654 3444 4707 dictum
3474 4669 3486 4706 :
3529 4669 3592 4704 ex
3620 4642 3879 4701 viventibus

2247 4749 2476 4803 beatum
2527 4761 2647 4799 esse
2698 4743 3008 4798 neminem.
3067 4742 3286 4806 Quibus
3334 4742 3544 4795 auditis
3588 4736 3879 4808 Cyrumtm-

2250 4839 2398 4891 dunt
2429 4835 2782 4905 pmnituisse,
2818 4850 2945 4886 cum
2980 4850 3036 4886 se
3070 4849 3295 4903 quoque
3339 4832 3628 4885 hominem
3659 4841 3761 4880 esse
3787 4834 3880 4884 Cog-

2263 4931 2542 4990 nosceret,
2568 4925 2666 4995 qui
2699 4923 2876 4977 alium
2910 4923 3207 4976 hominem
3243 4922 3379 4975 olim
3398 4938 3455 4974 se
3480 4936 3592 4973 non
3612 4913 3879 4971 inferiorem

2250 5015 2439 5067 vivum
2481 5030 2620 5083 rogo
2668 5013 2918 5066 traderet
2950 5029 2961 5065 :
3011 5015 3289 5081 praeterea
3336 5012 3579 5064 veritum
3610 5006 3675 5059 ob
3705 5002 3752 5056 id
3786 5012 3872 5089 p02:

2249 5120 2383 5157 nam
2430 5120 2491 5156 ac
2530 5106 2896 5171 reputantem
2952 5100 3097 5154 nihil
3154 5116 3277 5154 esse
3346 5100 3402 5152 in
3460 5099 3622 5152 rebus
3669 5095 3880 5147 humanis

2250 5194 2469 5261 stabile,
2518 5193 2749 5263 jussisse
2796 5192 2990 5262 ignem
3042 5191 3338 5244 celerrime
3390 5186 3665 5257 exstingui
3690 5186 3792 5253 jam
3817 5177 3879 5267 in:

2249 5299 2512 5349 censum;
2556 5283 2654 5353 qui
2700 5298 2828 5335 cum
2862 5281 2930 5333 ab
2978 5280 3308 5333 hominibus
3349 5277 3612 5332 adhibitis
3651 5268 3879 5331 exstingui

2252 5390 2364 5426 non
2396 5376 2607 5443 posset,
2641 5372 2862 5425 Crmsus
2911 5370 3236 5439 Apollinem
3278 5368 3561 5421 invocasse
3602 5362 3801 5417 dicitur,
3841 5354 3879 5401 el

2253 5478 2462 5532 magna
2492 5462 2543 5514 vi
2575 5460 2782 5530 pluviae
2815 5459 3037 5513 coalitus
3068 5458 3247 5511 elfusa
3287 5458 3575 5511 liberatus.
3611 5453 3775 5520 Super
3800 5444 3879 5495 1]ίέ

2250 5551 2417 5605 latius
2447 5550 2670 5620 legatur
2698 5548 3018 5602 Herodotus
3049 5548 3194 5601 libro
3227 5547 3435 5616 primo.
3758 5622 3761 5623 ν
3846 5615 3853 5623 ⁸

2321 5639 2549 5691 Paulum
2598 5634 2769 5704 Persi]
2816 5637 3012 5689 Perses
3062 5636 3155 5689 ille
3206 5651 3304 5688 rex
3358 5631 3709 5688 Macedonum
3747 5622 3874 5676 fami-

2253 5730 2501 5797 geratus,
2534 5723 2620 5779 cui
2656 5724 2783 5793 plus
2817 5724 2942 5779 auri
2981 5725 3090 5779 fuit
3120 5740 3293 5795 quam
3327 5721 3518 5786 animi,
3554 5718 3715 5773 victus
3742 5720 3874 5776 supe‘
