4054 6184
132 356 209 405 957
1330 346 1374 399 Μ
1387 344 1710 401 URMELLII
1752 345 2268 402 COMMENTARIA.

3463 352 3566 406 958

130 480 357 543 ratusque
389 468 530 523 bello
570 484 602 522 a
654 466 950 534 Romanis,
998 482 1055 521 se
1104 470 1202 523 Cn.
1235 467 1463 523 Octavio
1520 469 1752 536 dedidit,
1790 474 1838 527 Α
1870 471 2013 526 alter
2043 471 2456 541 Pherecratius,
2497 473 2728 527 tandem
2761 473 3095 527 mortalium
3124 472 3339 545 iniquis
3396 475 3567 530 mori-

132 578 266 619 orans
293 564 347 613 ut
377 559 443 613 ad
482 557 717 613 Paulum
750 558 1055 613 ABmelium
1086 557 1493 629 imperatorem
1530 559 1762 615 ducere-

133 658 217 719 tur,
245 649 330 719 qui
350 647 429 701 illi
458 647 677 701 obviam
709 663 839 700 cum
893 646 1088 700 amicis
1118 646 1292 713 venit,
1323 648 1654 716 assurrexit,
1712 653 1769 703 et

136 744 199 811 {ut
237 736 469 793 historici
517 736 775 806 tradunt)
814 735 1211 806 illacrymavit,
1244 736 1595 805 ;varietatem
1654 737 1767 791 sci-

134 830 236 883 licet
254 828 481 881 fortunae
512 841 702 879 secum
736 830 1030 895 reputans,
1052 841 1180 895 quae
1231 841 1428 895 regem
1453 842 1517 879 ex
1540 842 1763 880 summo

134 915 377 988 dignitatis
407 914 634 984 fastigio
670 915 727 968 in
761 930 1015 985 praeceps
1047 915 1388 969 detraxerat.
1438 917 1634 969 Perses
1670 933 1766 969 au-

133 1014 222 1061 tem
263 1006 445 1059 ductus
482 1004 543 1056 in
572 1000 933 1073 triumphum
973 1006 1057 1056 est
1090 1019 1205 1058 una
1230 1020 1360 1057 cum
1383 1003 1537 1071 ﬁliis,
1562 1006 1763 1075 periit-

133 1112 219 1167 que
263 1094 316 1148 in
388 1108 605 1146 carcere
663 1092 842 1145 animi
872 1108 1120 1147 mcerore
1168 1092 1475 1160 confectus,
1549 1095 1633 1148 vel
1685 1094 1769 1164 (ut

133 1182 474 1251 aliiptradunt,
512 1180 720 1251 vigiliis
770 1179 1176 1252 insomnioque
1221 1186 1561 1236 maceratus.
1613 1182 1769 1237 Persi

131 1276 324 1343 propter
345 1269 721 1341 ὁμοιοτέλευτον
744 1269 990 1323 detraxit
1009 1284 1033 1323 s
1063 1269 1338 1339 litteram,
1369 1287 1497 1341 quas
1520 1272 1769 1342 plerum-

133 1377 215 1431 que
240 1375 331 1430 pro
374 1358 537 1411 sibilo
570 1358 833 1420 habetur,
866 1374 982 1411 non
1028 1359 1210 1411 solum
1251 1360 1626 1427 necessitatis,
1668 1362 1767 1415 sed

132 1451 266 1505 etiam
301 1447 593 1517 euphoniae
640 1463 826 1501 causa.
881 1448 951 1500 Ut
1000 1447 1322 1502 Salustius:
1386 1449 1435 1504 A
1482 1449 1766 1520 principio

133 1537 259 1593 Urbis
302 1537 363 1589 ad
420 1536 635 1589 bellum
696 1535 853 1590 Persi
896 1536 1341 1604 Macedonicum,
1397 1553 1502 1607 pro
1560 1538 1765 1591 Persis.

131 1624 406 1677 Detrahitur
433 1629 626 1677 autem
657 1639 681 1679 s
709 1624 890 1679 tertiae
925 1624 1321 1679 declinationis
1353 1626 1634 1696 genitivo.
1656 1628 1771 1681 V’ir-

130 1714 203 1784 gil.
232 1713 282 1766 in
303 1729 317 1764 ι
340 1711 608 1767 Eneidos
642 1729 655 1767 :

222 1820 359 1867 Troas
387 1818 655 1882 relliquias
684 1820 924 1868 Danaum
958 1823 1115 1884 atque
1144 1820 1363 1869 immitis
1388 1820 1598 1869 Achilli.

188 1917 581 1989 Tragadiarum]
641 1919 941 1988 Tragoedia
991 1923 1075 1973 est
1128 1919 1374 1973 heroicae
1412 1919 1657 1973 fortunae
1707 1919 1766 1972 in

130 2006 331 2059 adversis
384 2006 838 2076 comprehensio.
898 2007 1077 2076 Hujus
1132 2007 1361 2063 tristitia
1411 2013 1467 2061 et
1496 2008 1767 2077 frequens

130 2097 300 2149 clamor
332 2095 562 2166 propria
584 2100 733 2150 sunt.
770 2096 1019 2166 Ideoque
1052 2096 1353 2166 Euripides
1387 2101 1618 2167 petente
1662 2099 1765 2151 Ar-

130 2185 283 2239 chelao
325 2200 451 2255 rege
489 2190 559 2239 ut
606 2185 675 2239 de
715 2200 773 2238 se
820 2185 1161 2255 tragoediam
1199 2186 1506 2253 (scriberet,
1544 2186 1765 2253 abnuit,

129 2289 177 2326 ac
208 2278 438 2343 precatus
486 2278 577 2328 est
619 2290 689 2327 ne
738 2273 1020 2327 accideret
1060 2274 1337 2327 Archelao
1385 2273 1603 2343 aliquid
1648 2278 1769 2327 tra-

129 2363 289 2432 goedia
320 2364 638 2433 proprium,
681 2362 984 2416 ostendens
1014 2362 1161 2417 nihil
1193 2362 1345 2416 aliud
1397 2378 1519 2417 esse
1560 2367 1769 2432 tragaz-

130 2451 250 2506 diam
299 2468 460 2522 quam
497 2452 864 2506 miseriarum
921 2451 1520 2522 comprehensionem.
1573 2452 1771 2505 Nonne

130 2541 525 2594 adolescentulus
573 2539 668 2592 δύο
696 2544 815 2601 τοὺς
856 2543 1063 2608 πίθους,
1107 2544 1193 2592 τὸν
1232 2543 1320 2612 μὲν
1350 2541 1435 2592 ἕνα
1465 2548 1654 2607 κακῶν,
1686 2542 1771 2590 τὸν

132 2626 173 2681 a‘a
207 2631 347 2703 ἕτερον
388 2630 613 2701 ἀγαθῶν.
659 2631 786 2684 Haec
825 2630 1018 2684 Grmca
1052 2630 1209 2685 misit
1259 2630 1329 2685 ad
1375 2646 1467 2684 me
1521 2631 1768 2684 Joannes

131 2719 402 2773 .ildicollius
426 2736 489 2774 ex
539 2723 871 2789 pervetusto
920 2720 1256 2789 exemplari,
1320 2736 1449 2790 quae
1516 2719 1592 2773 sic
1642 2718 1771 2772 red-

134 2803 305 2860 duntur
352 2807 564 2862 Latine.
623 2808 746 2861 Duo
777 2807 952 2874 dolia,
986 2809 1271 2862 malorum
1302 2808 1536 2878 quidem
1569 2823 1770 2872 unum,

137 2893 333 2950 alterum
346 2902 533 2951 autem
558 2897 863 2951 honorum.
887 2898 948 2951 In
972 2896 1201 2951 Cmsarii
1228 2898 1412 2951 nostri
1438 2897 1632 2951 libello
1648 2897 1773 2951 haec
1848 2909 1854 2916 '

136 2980 308 3051 insunt,
356 2988 409 3035 οὐ
456 2988 726 3058 μειράκιον
781 2986 847 3035 ὢν
896 2987 968 3036 ἔτι
1019 2982 1134 3056 δύοκ
1154 2987 1366 3054 πίθους,
1415 2987 1501 3037 τὸν
1554 2988 1642 3057 μὲν
1688 2986 1773 3037 ἕνα

132 3078 280 3136 κακῶν,
309 3076 385 3123 τὸν
412 3070 467 3124 δὲ
496 3074 668 3146 ἓτερθν
707 3072 934 3145 ἀγαθῶν.
971 3075 1107 3139 Quae
1139 3074 1210 3129 ad
1246 3075 1485 3129 verbum
1534 3076 1610 3129 sic
1642 3091 1773 3145 pos-
1813 3061 1853 3117 Ο

132 3174 288 3215 sumus
324 3162 684 3235 interpretari
719 3165 877 3217 :Non
904 3164 1361 3219 adolescentulus
1393 3165 1577 3219 adhuc
1599 3165 1773 3218 etiam

132 3248 216 3302 duo
236 3251 389 3321 dolia,
439 3269 628 3307 unum
684 3254 914 3324 quidem
949 3255 1255 3324 malorum,
1302 3255 1545 3309 alterum
1583 3258 1773 3307 autem

131 3336 385 3398 bonorum.
421 3343 521 3397 Ubi
554 3343 1128 3397 animadvertendum
1166 3349 1267 3411 est,
1300 3361 1419 3399 non
1445 3360 1549 3415 pro
1582 3358 1774 3397 nonne

131 3428 354 3497 positum,
375 3437 686 3502 petereque
718 3432 828 3486 sibi
866 3432 1029 3486 reddi
1059 3433 1521 3487 afﬁrmationem.
1553 3433 1647 3487 Est
1677 3448 1775 3485 au-

131 3519 219 3569 tem
258 3518 354 3573 hoc
373 3526 670 3592 sumptum
690 3537 757 3575 ex
791 3521 1022 3575 Homeri
1071 3521 1217 3575 libro
1242 3522 1434 3576 Iliadis
1463 3521 1689 3585 ultimo,
1714 3521 1774 3575 in

132 3619 217 3674 quo
257 3607 363 3664 haec
407 3609 629 3675 insunt,
679 3610 993 3682 interprete
1044 3610 1348 3666 Laurentio
1400 3612 1590 3665 Valla:
1652 3612 1774 3664 Duo

130 3695 251 3749 enim
276 3697 416 3752 dolia
441 3700 514 3769 .in
553 3699 705 3755 Jovis
757 3700 956 3754 limine
1002 3700 1196 3754 sidunt
1225 3701 1395 3772 plena
1442 3715 1772 3766 munerum,

131 3797 229 3852 qua
255 3787 404 3841 nobis
433 3788 627 3843 danda
658 3788 973 3855 constituit,
1011 3789 1296 3844 malorum
1336 3790 1605 3856 alterum,
1640 3789 1772 3843 alte-

131 3887 231 3926 rum
250 3875 538 3933 bonorum.
577 3879 658 3933 Ex
679 3878 884 3949 quibus
913 3878 1151 3949 Jupiter,
1184 3895 1336 3933 nunc
1356 3878 1577 3933 homini
1602 3878 1771 3945 mala,

131 3978 247 4019 nunc
272 3967 413 4021 bona
443 3968 694 4023 exhibet.
730 3968 831 4023 Cui
863 3969 1035 4036 mala,
1078 3984 1210 4022 eum
1254 3968 1325 4022 ad
1357 3968 1633 4039 injuriam
1672 3983 1776 4021 ex-

130 4056 274 4121 ponit,
319 4062 378 4110 ut
428 4058 488 4112 in
536 4057 774 4111 miseria
825 4057 999 4111 vitam
1030 4061 1179 4128 agat.
1234 4056 1380 4111 Vivit
1406 4056 1560 4111 enim
1589 4071 1776 4126 neque

130 4141 228 4204 diis,
264 4161 436 4216 neque
484 4146 822 4201 hominibus
850 4145 1189 4200 honoratus.
1216 4144 1548 4200 Homericos
1579 4160 1776 4198 versus

130 4230 343 4287 Nicolaus
368 4236 519 4290 Valla
550 4234 631 4289 sic
668 4234 898 4290 Latinos
929 4234 1177 4289 reddidit
1209 4251 1221 4289 :

227 4339 437 4413 binaque
465 4346 723 4413 praeterea
753 4341 896 4413 Jovis
922 4354 1035 4412 esse
1064 4341 1116 4389 in
1144 4340 1333 4413 limine.
1358 4339 1543 4413 dicunt

226 4402 369 4466 yasa,’
392 4402 584 4466 quibus
616 4408 809 4452 sortem
840 4404 978 4451 Deus
1009 4403 1118 4466 ipse
1147 4403 1341 4451 emittit
1362 4408 1639 4465 utramque

225 4463 305 4527 ille
329 4463 498 4525 miser,
525 4467 615 4515 cui
645 4480 757 4514 sors
774 4466 865 4514 fati
888 4463 1147 4527 contingit
1174 4479 1372 4521 amara,

231 4526 572 4595 I_le_u_quantos
609 4529 768 4577 etiam
798 4529 1048 4595 gemitus,
1077 4525 1233 4589 Quam
1266 4529 1400 4595 dura
1428 4525 1628 4595 videbit.

224 4586 388 4654 Eritia',
413 4586 824 4654 atquegomnem'
846 4586 1398 4654 mistamimceroribus
1428 4589 1554 4636 atris

224 4650 378 4700 Vitam
407 4650 539 4715 aget,
578 4652 724 4702 hunc
746 4653 988 4702 homines
1014 4653 1135 4701 odio
1168 4653 1448 4715 superique
1468 4651 1773 4714 sequentur.

130 4745 251 4801 Hanc
275 4751 495 4807 Homeri
538 4753 872 4823 opinionem
902 4753 1157 4808 Socrates
1182 4755 1335 4823 apud
1375 4752 1668 4806 Platonem
1716 4749 1777 4802 in

130 4840 337 4893 secundo
362 4842 427 4895 de
448 4841 765 4912 Republica
796 4843 945 4897 libro
977 4842 1225 4911 graviter
1255 4840 1566 4911 improbat,
1618 4838 1776 4892 aiens

131 4938 219 4979 non
246 4930 650 4986 admittendum
682 4947 803 4986 esse
838 4932 1038 4987 Jovem
1069 4932 1236 4986 nobis
1255 4930 1595 5002 pennarium
1654 4943 1776 4982 esse

130 5012 369 5073 bonorum
395 5025 564 5092 atque
602 5022 907 5076 malorum.
944 5020 1221 5091 Loquitur
1253 5024 1445 5074 autem
1499 5017 1605 5071 hoc
1653 5017 1775 5071 loco

131 5102 455 5179 Philosophia
507 5127 621 5164 non
674 5126 743 5164 ex
782 5127 903 5178 sua,
966 5126 1168 5164 verum
1210 5110 1453 5163 fortuna:
1506 5122 1771 5178 persona,

129 5206 280 5264 neque
308 5214 421 5252 rem
452 5200 531 5253 ita
562 5216 620 5253 se
660 5199 893 5267 habere,
926 5199 1027 5253 sed
1074 5199 1335 5256 Boetium
1360 5198 1776 5264 ,adolescentu-

130 5279 224 5336 lum
251 5300 307 5339 ex
331 5289 568 5342 Homero
600 5288 867 5344 didicisse
898 5288 1089 5343 refert.

186 5372 323 5445 Quid]
358 5376 825 5432 Subaudiendum
849 5377 1021 5432 dices.

185 5460 435 5529 Sperandi
452 5467 701 5537 meliora]
729 5469 895 5522 Juxta
920 5466 1062 5520 illud
1087 5465 1328 5538 Tragici,

312 5553 465 5603 Nemo
492 5556 731 5619 desperet
760 5556 980 5605 meliora
1005 5554 1184 5617 lapsis.

688 5656 761 5709 IN
791 5654 1082 5709 METRUM
1104 5655 1171 5707 II.

188 5736 288 5794 Hoc
309 5742 574 5812 carmine,
616 5746 775 5815 cujus
818 5744 962 5801 alter
995 5758 1190 5799 versus
1222 5745 1307 5799 est
1352 5740 1773 5812 Asclepiadeus,

1874 561 1979 615 bus
2011 564 2257 633 graviter
2288 562 2505 617 offensa
2532 563 2779 631 fortuna,
2820 562 2880 617 in
2920 579 3122 617 eorum
3184 564 3566 619 insatiabilem

1876 652 2170 705 avaritiam
2212 652 2518 719 invehitur,
2552 654 2651 723 qui
2693 670 2806 723 quo
2833 653 3001 723 plura
3054 653 3464 723 congesserint,
3500 670 3566 709 eo

1876 741 2041 811 longe
2074 743 2237 812 plura
2260 743 2684 813 concupiscant.

1947 829 2213 902 Quantas]
2274 832 2439 897 Quot,
2492 833 2576 885 vel
2629 846 2801 901 quam
2853 847 3110 902 magnas.
3152 830 3348 886 Melius
3374 836 3563 888 tamen

1876 924 1960 973 est
1991 926 2050 974 ut
2087 937 2190 990 pro
2218 928 2359 990 quot
2389 920 2645 991 accipias.
2681 920 3098 975 Siliusltalicus
3123 921 3182 975 in
3214 938 3282 975 xv
3316 937 3328 975 :

2001 1011 2235 1073 Quantas
2260 1010 2370 1072 ipse
2392 1011 2529 1058 Deus
2559 1009 2708 1059 laetos
2734 1010 3005 1073 generavit
3024 1011 3080 1059 in
3106 1025 3253 1071 usus,

1999 1074 2100 1121 Res
2130 1072 2331 1121 homini

1878 1153 2257 1210 Claudianus:

2001 1242 2337 1291 Conveniunt
2365 1243 2573 1302 animai,
2602 1244 2827 1305 quantas
2853 1241 3201 1291 truculentior
3231 1245 3409 1291 auster

2002 1306 2210 1355 Decutit
2232 1306 2508 1355 arboribus
2537 1306 2771 1355 frondes.

1877 1387 2249 1442 Terentianus
2282 1403 2294 1441 :

2004 1474 2221 1523 Maurus
2250 1475 2374 1524 item
2401 1480 2627 1538 quantos
2656 1476 2803 1539 potui
2830 1488 3145 1539 cognoscere
3173 1474 3371 1523 Graios.

1947 1556 2206 1628 Rapidis]
2242 1558 2324 1611 Im
2331 1557 2608 1627 petuosis.

1945 1645 2170 1715 PontuS]
2193 1646 2360 1699 Mare.

1954 1734 2167 1804 Versat]
2198 1734 2408 1788 Crebro
2440 1733 2633 1789 vertit.

1945 1821 2139 1895 Edita]
2172 1824 2235 1877 In
2273 1823 2459 1876 lucem
2484 1822 2635 1876 data.

1949 1913 2135 1983 Copia]
2186 1914 2337 1966 Hanc
2367 1912 2698 1966 fabulantur
2727 1910 3037 1966 fertilitatis
3069 1925 3193 1964 esse
3238 1909 3429 1973 deam,
3477 1905 3571 1961 cui

1877 2016 2051 2055 cornu
2091 2000 2160 2053 ab
2194 2001 2431 2056 Hercule
2465 2000 2713 2054 Acheloo
2774 2000 2834 2054 in
2866 2000 3016 2054 tauri
3047 1998 3293 2069 speciem
3347 2000 3569 2050 mutato

1878 2090 2192 2145 detractum
2214 2090 2474 2143 omnium
2506 2088 2795 2143 fructuum
2818 2088 3088 2159 primitiis
3118 2087 3397 2142 refertum
3411 2084 3572 2139 Naia-

1878 2179 1974 2233 des
1996 2178 2399 2245 consecrarint,
2436 2179 2588 2232 unde
2615 2178 2768 2249 apud
2802 2178 2963 2233 Ovid.
2998 2176 3281 2232 Achelous
3318 2191 3330 2228 :

2097 2286 2342 2349 Rigidum
2364 2285 2481 2349 fera
2510 2285 2725 2349 dextera
2753 2297 2919 2333 cornu

2002 2342 2325 2419 Dum‘ten‘et,
2357 2347 2586 2419 infregit,
2612 2352 2912 2419 truncaque
2941 2360 2971 2394 a
2995 2345 3166 2419 fronte
3188 2342 3394 2392 revellit

2002 2410 2224 2481 ljaiades
2248 2408 2547 2481 hccpomis
2578 2413 2629 2458 et
2658 2408 2972 2481 odoro’ﬂore
3002 2408 3260 2479 repletum

2004 2474 2307 2533 Sacrarunt,
2345 2468 2593 2535 divesque
2623 2485 2740 2521 meo
2764 2473 2907 2521 bona
2927 2468 3077 2534 copia
3107 2482 3271 2518 cornu
3298 2468 3394 2516 est.

1881 2572 2161 2626 Lucianus
2202 2573 2269 2625 de
2310 2571 2568 2625 mercede
2629 2570 3007 2625 servientibus
3043 2586 3055 2624 :
3103 2571 3169 2623 Et
3201 2564 3438 2623 habebis
3478 2579 3573 2617 co-

1882 2662 1991 2732 pia:
2040 2678 2242 2730 cornu,
2315 2665 2371 2714 et
2425 2662 2512 2715 lac
2560 2661 2944 2732 gallinaceum
3007 2657 3346 2729 emulgebis.
3401 2656 3576 2710 Hora-

1880 2751 1995 2805 tius
2029 2767 2042 2805 :

2006 2841 2164 2889 Beata
2187 2839 2344 2905 plena
2375 2839 2524 2902 copia
2547 2852 2732 2888 cornu.

1884 2921 2040 2976 Idem
2067 2938 2079 2974 ε

2536 3007 2708 3055 Aurea
2734 3005 2913 3068 fruges

2006 3071 2171 3121 Italiae
2195 3070 2355 3134 pleno
2381 3068 2591 3118 diffudit
2612 3069 2763 3132 copia
2786 3081 2972 3117 cornu.

1952 3168 2094 3242 Ideo]
2128 3170 2211 3225 Ob
2231 3184 2357 3223 eam
2388 3166 2742 3222 afﬂuentiam
2777 3181 2975 3236 opum.

1955 3257 2241 3329 Prodigus]
2286 3260 2517 3327 Largus.
2558 3254 2849 3325 Accipitur
2890 3268 3042 3307 nunc
3075 3252 3134 3305 in
3176 3251 3390 3306 bonam
3443 3264 3575 3320 par-

1882 3352 2019 3404 tem.
2064 3346 2396 3402 Clanculum
2448 3350 2645 3400 tamen
2691 3343 2917 3397 videtur
2942 3340 3193 3395 alludere
3233 3339 3304 3393 ad
3348 3335 3577 3408 prodigi

1880 3437 2132 3492 hominis
2181 3451 2391 3503 mores,
2441 3434 2542 3505 qui
2589 3448 2739 3502 saepe
2776 3432 2930 3486 ultra
2977 3429 3217 3485 modum
3267 3427 3577 3498 pecuniam

1883 3526 2125 3598 largitur
2158 3523 2430 3594 indignis.
2456 3521 2803 3578 Claudianus
2836 3537 2849 3574 :

2006 3632 2284 3682 Muniﬁcus
2313 3630 2506 3690 laudis,
2532 3628 2621 3678 sed
2648 3641 2757 3677 non
2789 3640 2844 3676 es
2867 3625 3121 3690 prodigus
3146 3624 3279 3673 auri.

1953 3734 2048 3789 Nil
2060 3733 2181 3802 jam
2202 3734 2361 3800 parte
2409 3726 2682 3799 videntur]
2717 3725 2781 3779 Id
2823 3729 2923 3791 est,
2956 3740 3023 3777 ea
3052 3739 3201 3794 quae,
3250 3723 3387 3776 dum
3426 3720 3572 3775 desi-

1882 3823 2172 3888 derantur,
2224 3835 2435 3889 magna
2482 3816 2706 3886 cupidis
2756 3814 3116 3879 videbantur,
3166 3815 3361 3882 postea
3401 3824 3575 3880 quam

1883 3913 1944 3966 in
1974 3926 2173 3965 eorum
2202 3923 2409 3962 venere
2444 3906 2884 3976 possessionem,
2922 3918 3026 3972 pro
3059 3901 3238 3956 nihilo
3268 3899 3571 3966 habentur,

1885 4014 2110 4069 semper
2142 3996 2411 4050 ulteriora
2432 3994 2689 4047 sitienter
2706 3990 3079 4046 inhiantibus.

1957 4090 2082 4155 Quae
2107 4085 2287 4157 frena]
2318 4083 2491 4148 Quasi
2521 4083 2669 4137 dicat
2688 4082 2866 4134 nulla.

1954 4173 2249 4245 Retentent]
2282 4172 2545 4227 Retinere
2569 4168 2809 4241 possint.

1954 4267 2088 4322 Sitis
2125 4262 2380 4327 habendi]
2436 4259 2795 4314 Ecclesiastes
2847 4256 3029 4327 capite
3067 4270 3141 4309 v:
3194 4255 3408 4308 Avarus
3456 4266 3573 4303 non

1881 4354 2216 4426 implebitur
2246 4349 2528 4421 pecunia:
2574 4354 2631 4403 et
2685 4348 2786 4419 qui
2836 4351 2990 4401 amat
3036 4343 3280 4403 divitias,
3322 4342 3573 4395 fructum

1814 4436 1857 4490 D
1887 4461 2003 4501 non
2035 4442 2220 4512 capiet
2247 4457 2313 4495 ex
2337 4439 2437 4493 eis.
2468 4438 2754 4493 Juvenalis
2788 4454 2800 4492 :

2011 4531 2207 4580 Crescit
2231 4542 2377 4579 amor
2414 4528 2638 4587 nummi,
2670 4530 2927 4591 quantum
2970 4526 3083 4586 ipsa
3116 4520 3339 4586 pecunia
3369 4517 3569 4567 crescit.

1886 4611 2232 4668 Prudentius
2256 4626 2268 4664 :

2006 4700 2132 4749 Auri
2163 4710 2390 4760 namque
2421 4697 2586 4745 fames
2620 4699 2769 4759 parto
2791 4694 2847 4743 fit
2873 4693 3043 4756 major
3061 4691 3128 4739 ab
3159 4702 3309 4739 auro.

1887 4780 2172 4837 Horatius.

2009 4868 2338 4916 Crescentem
2364 4864 2602 4927 sequitur
2631 4877 2755 4914 cura
2786 4861 3083 4926 pecuniam,

2008 4930 2371 4992 Majorumque
2387 4928 2551 4977 fames

1886 5027 2057 5083 Divus
2099 5026 2434 5081 Ambrosius
2481 5025 2543 5079 in
2601 5024 2772 5079 tertio
2801 5022 3183 5095 Epistolarum
3215 5023 3287 5077 ad
3343 5022 3569 5091 Simpli-

1886 5118 2114 5171 cianum
2148 5133 2159 5171 :
2193 5115 2326 5180 Quis
2366 5120 2559 5169 autem
2610 5118 2743 5168 ante
2773 5115 2956 5167 Deum
2994 5113 3169 5179 dives,
3206 5112 3315 5165 nisi
3348 5112 3575 5181 quietus

1886 5211 1943 5262 et
1992 5206 2282 5261 modestus
2336 5204 2592 5275 spiritus,
2644 5203 2743 5274 qui
2802 5218 3099 5273 nunquam
3150 5200 3574 5268 corrumpitur?

1888 5294 2086 5347 Nonne
2127 5292 2229 5347 tibi
2286 5291 2515 5347 videtur
2562 5291 2737 5358 dives,
2794 5291 2892 5361 qui
2932 5290 3104 5344 habet
3131 5302 3331 5358 pacem
3373 5282 3571 5343 animi,

1887 5382 2368 5454 tranquillitatem
2420 5379 2652 5451 quietis,
2714 5383 2777 5434 ut
2813 5378 2959 5433 nihil
2987 5375 3367 5446 concupiscat,
3402 5371 3574 5425 nullis

1887 5472 2205 5543 exagitetur
2220 5470 2602 5541 cupiditatum
2633 5469 2918 5541 procellis,
2952 5483 3054 5521 nec
3078 5469 3271 5518 vetera
3298 5460 3571 5525 fastidiat,

1888 5566 1943 5617 et
1972 5578 2118 5616 nova
2149 5564 2383 5632 qumrat,
2420 5564 2475 5614 et
2503 5575 2730 5630 semper
2759 5553 3134 5612 desiderando
3183 5553 3279 5606 ﬁat
3312 5550 3369 5603 in
3418 5566 3575 5601 sum-

1887 5651 1997 5705 mis
2027 5649 2237 5704 divitiis
2262 5649 2466 5720 inops?
2492 5649 2649 5705 Idem
2670 5648 2731 5702 in
2754 5647 2954 5702 eodem
2986 5643 3130 5699 libro
3161 5642 3230 5695 ad
3264 5640 3531 5693 eumdem
3560 5656 3571 5692 :

1885 5742 1959 5796 At
1987 5755 2119 5795 vero
2150 5737 2427 5809 insipiens
2475 5742 2532 5795 et
2578 5738 2731 5809 quod
2776 5738 2940 5806 putat
2984 5749 3043 5789 se
3089 5731 3298 5787 habere
3357 5745 3573 5798 nequa-
