4054 6184
105 312 199 362 tltil

1366 310 1749 363 MURMELLH
1791 307 2315 365 COMMENTARIA.

3502 310 3606 360 illi?

174 435 572 505 Insidentibus]
610 435 832 489 Insideo
864 436 1017 490 sellas
1050 440 1106 490 et
1153 437 1352 490 sellam
1413 438 1675 503 dicimus,
1706 438 1803 491 sed
1842 440 1888 490 Î‘
1922 453 2119 490 sumus
2151 437 2456 505 sapientes,
2488 437 2642 507 quod
2663 441 2925 490 naturam
2956 435 3231 505 optimam
3261 436 3461 489 ducem
3488 440 3607 489 tau-

107 527 209 579 hoc
251 525 457 581 rarius.

175 617 357 681 Regia
380 614 582 683 laudis]
614 616 817 669 Laudis
840 615 1181 669 Theudorici
1214 614 1386 685 regis.

172 703 235 758 In
269 704 429 773 circo]
464 705 656 757 Circus
707 706 899 759 Romae
943 705 1099 758 locus
1153 705 1257 758 fuit
1298 704 1609 758 admodum
1663 720 1797 774 spa-

106 795 307 857 tiosus,
341 798 397 847 et
438 794 619 847 turba}
672 810 867 863 capax,
902 794 1221 864 spectandis
1256 793 1401 847 ludis
1442 794 1702 857 idoneus,
1740 791 1799 844 in

105 899 216 953 quo
246 888 307 937 et
336 898 575 936 munera
598 884 749 953 (quae
784 882 1021 936 missilia
1052 882 1409 952 dicebantur)
1444 882 1514 936 ab
1537 880 1799 935 mdilibus

105 972 500 1026 consulibusve
529 971 586 1025 in
616 972 917 1041 populum,
969 972 1037 1026 ad
1069 973 1191 1041 ejus
1237 972 1487 1026 favorem
1534 970 1641 1026 sibi
1673 986 1800 1024 ma-

110 1063 191 1133 gis
220 1061 673 1125 conciliandum,
707 1060 1140 1131 spargebantur.

179 1150 443 1219 Duorum]
480 1150 749 1203 Filiorum
786 1154 1035 1203 tuorum.

175 1238 415 1310 Medius]
482 1238 697 1292 Medius
754 1238 1043 1309 quondam
1105 1238 1262 1291 locus
1301 1237 1409 1291 fuit
1465 1238 1799 1306 honoratus,

111 1330 398 1400 hodieque
441 1328 591 1397 apud
631 1329 934 1380 nonnullos
984 1332 1086 1381 est.
1154 1328 1308 1381 Unde
1354 1328 1585 1383 Ovidius
1617 1328 1685 1381 de
1718 1344 1803 1381 se-

112 1420 284 1483 niore,
329 1419 622 1471 Fastorum
661 1417 756 1470 lib.
780 1416 1017 1486 quinto:

261 1514 331 1563 Et
354 1514 560 1563 medius
585 1514 865 1576 juvenum,
901 1527 1008 1561 non
1043 1513 1445 1575 indignantibus
1471 1514 1615 1576 ipsis,

358 1579 471 1626 Ibat
495 1581 546 1625 et
571 1578 820 1637 anterior,
859 1578 900 1624 si
927 1590 1103 1625 comes
1131 1590 1269 1624 unus
1299 1580 1428 1625 erat.

109 1678 290 1730 Exstat
345 1676 494 1746 apud
527 1675 891 1745 Spartianum
940 1676 1095 1728 locus
1142 1675 1414 1728 Hadriani
1445 1675 1652 1746 dignus
1683 1693 1801 1729 me-

114 1770 366 1832 moratu,
401 1766 499 1836 qui
530 1782 660 1819 cum
704 1782 932 1819 servum
972 1782 1140 1819 suum
1170 1765 1322 1819 inter
1353 1766 1495 1819 duos
1519 1770 1807 1820 senatores

111 1856 367 1909 medium
400 1854 689 1908 ambulare
744 1854 992 1919 vidisset,
1042 1854 1216 1920 misit,
1270 1855 1367 1925 qui
1399 1856 1450 1909 ei
1501 1853 1805 1925 colaphum

112 1946 282 2011 daret,
344 1947 399 1997 et
431 1944 676 1998 diceret:
705 1943 831 1997 Noli
864 1944 1015 1999 inter
1062 1960 1160 1998 eos
1203 1944 1520 2014 ambulare,
1557 1961 1803 2015 quorum

114 2050 228 2089 esse
254 2034 449 2088 adhuc
478 2039 638 2103 potes
671 2050 883 2088 servus.

174 2124 526 2192 Triumphali
563 2122 878 2194 largitione]
932 2123 1225 2195 Magnifica
1254 2128 1311 2177 et
1361 2124 1647 2178 consulari
1679 2140 1807 2179 mu-

115 2229 314 2267 nerum
338 2213 667 2267 donatione.

178 2304 394 2358 Dedisti
447 2303 610 2356 verba
658 2301 913 2371 fortunae]
969 2304 1279 2358 Fortunam
1338 2303 1565 2357 blandis
1623 2304 1809 2357 verbis

114 2392 405 2464 decepisti.
450 2394 591 2446 Dare
644 2392 823 2447 Verba
871 2395 956 2457 (ut
1006 2395 1176 2463 vulgo
1219 2394 1597 2461 notissimum)
1641 2394 1810 2462 signi-

116 2483 235 2535 ficat
265 2483 558 2552 decipere,
612 2482 786 2553 idque
829 2482 1018 2537 verbis
1072 2488 1127 2537 et
1172 2483 1471 2553 promissis
1520 2482 1804 2537 inanibus.

116 2572 380 2626 Martialis
408 2591 423 2625 :

231 2662 331 2710 Cui
362 2660 496 2709 nihil
527 2660 637 2723 ipse
665 2660 848 2717 dabas,
879 2661 921 2709 is
949 2662 1039 2709 tibi
1067 2662 1227 2710 verba
1251 2662 1413 2710 dedit.

184 2752 247 2804 Ut
272 2765 407 2804 suas
466 2750 712 2819 delicias]
766 2750 1005 2804 Delicias
1052 2751 1290 2822 alicujus
1337 2752 1601 2819 dicimus,
1632 2750 1730 2823 qui
1759 2752 1810 2805 ei

121 2840 169 2893 in
191 2840 411 2894 deliciis
434 2844 537 2893 est.
591 2840 742 2893 Maro
765 2839 828 2892 in
860 2840 1136 2894 Bucolicis
1163 2858 1174 2894 :

292 2948 611 2995 Formosum
644 2948 823 3010 pastor
852 2946 1099 3010 Corydon
1129 2946 1348 2996 ardebat
1374 2947 1562 2997 Alexin

290 3009 525 3057 Delicias
555 3008 781 3056 Domini.

180 3116 425 3187 Privato]
464 3116 719 3170 Privatus
741 3116 947 3169 dicitur
976 3116 1024 3170 is
1054 3116 1154 3188 qui
1184 3117 1413 3188 publico
1445 3133 1685 3172 munere
1718 3120 1814 3171 aut

123 3206 443 3277 principatu
474 3222 593 3260 non
625 3206 903 3276 fungitur.

183 3297 459 3351 Calculum
523 3292 733 3367 ponere]
801 3294 1103 3348 Rationem
1160 3294 1335 3350 inire.
1399 3297 1541 3349 Nam
1582 3295 1813 3349 calculis

122 3382 235 3437 fieri
265 3386 413 3439 solet
454 3384 823 3455 supputatio:
884 3384 1033 3438 unde
1083 3384 1322 3438 Martiali
1380 3385 1564 3438 dictus
1624 3386 1812 3439 calcu-

126 3472 277 3525 lator.

183 3561 399 3613 Livcnti
436 3558 607 3630 oculo]
647 3560 947 3624 llactenus,
993 3557 1203 3629 inquit,
1230 3557 1336 3611 tibi
1384 3558 1521 3611 favit
1550 3558 1812 3627 fortuna,

132 3666 267 3703 nunc
305 3649 565 3719 primum
615 3649 787 3718 ccepit
836 3648 1143 3702 adversari.
1190 3647 1352 3711 Quod
1399 3652 1591 3701 autem
1624 3649 1699 3702 ait
1744 3650 1813 3703 1i-

129 3738 265 3791 venti
318 3740 510 3802 oculo,
564 3737 789 3791 videtur
834 3736 1086 3790 alludere
1136 3736 1205 3789 ad
1259 3736 1530 3790 mulieres
1574 3738 1693 3789 visu
1726 3738 1816 3790 fa-

128 3828 421 3893 scinantes,
466 3843 593 3896 qua:
643 3825 977 3879 interimant
1022 3841 1165 3895 quos
1194 3824 1408 3879 diutius
1460 3825 1812 3893 intueantur,

130 3916 290 3969 iratus
320 3916 612 3986 praecipue
644 3915 841 3979 oculis,
876 3915 1025 3985 quod
1069 3930 1265 3968 earum
1298 3916 1515 3968 malum
1546 3915 1815 3968 teneriori

130 4007 270 4058 aetati
322 4004 511 4074 magis
546 4008 731 4057 nocet.
770 4005 1019 4057 Fortuna
1049 4003 1245 4073 igitur,
1272 4002 1477 4074 inquit,
1514 4020 1640 4074 quae
1672 4004 1816 4057 huc-

132 4111 301 4165 usque
352 4092 879 4163 iudulgentissimaa
921 4093 1118 4147 matris
1148 4109 1308 4147 more
1338 4098 1392 4145 te
1424 4109 1552 4146 suas
1589 4093 1817 4147 delicias

130 4183 271 4251 fovit,
308 4200 466 4238 nunc
497 4188 552 4237 te
575 4184 833 4253 primum
864 4182 1163 4237 fascinavit
1192 4199 1352 4237 more
1400 4182 1681 4236 Africana:
1730 4183 1817 4237 vel

130 4274 362 4345 Illyrica:
405 4274 784 4328 mulierculae.

188 4360 548 4433 Perstrinccit]
583 4362 773 4432 Lmsit,
804 4362 1084 4432 corrupit,
1116 4360 1353 4415 vitiavit.

190 4450 417 4522 Lirenti]
462 4452 694 4505 Minime
726 4451 987 4517 candido,
1032 4450 1323 4522 pestifero,
1375 4454 1431 4504 et
1469 4448 1672 4503 lividos
1724 4465 1819 4503 va-

133 4554 283 4607 pores
338 4541 647 4595 emittenti.

198 4631 265 4683 In
302 4631 443 4684 hanc
476 4633 602 4683 vita:
644 4628 884 4701 scenam]
934 4629 1189 4700 Eleganti
1218 4627 1556 4698 metaphora
1594 4641 1822 4681 scenam

137 4718 250 4771 illa}
306 4720 472 4786 dixit,
506 4736 636 4772 cum
667 4720 788 4773 haec
818 4720 891 4772 sit
919 4719 1126 4772 fabulae
1158 4718 1474 4784 simillima,
1512 4733 1644 4787 quin
1676 4716 1823 4769 solet

138 4805 189 4858 in
234 4823 401 4862 scena
452 4808 523 4862 ab
576 4808 956 4862 histrionibus
1005 4808 1116 4877 agi.
1169 4807 1381 4861 Seneca
1428 4806 1668 4877 epistola
1710 4810 1817 4859 77:

143 4895 427 4957 Quomodo
457 4897 672 4964 fabula,
702 4898 779 4951 sic
808 4898 943 4951 vita.
995 4900 1117 4951 Non
1149 4912 1325 4967 quam
1358 4896 1477 4961 diu,
1522 4895 1617 4948 sed
1650 4911 1823 4965 quam

138 4982 273 5039 bene
320 4991 443 5040 acta
488 4986 562 5039 sit
590 4986 783 5039 refert.
832 4985 1008 5040 Moria
1048 4985 1200 5055 apud
1237 4986 1535 5038 Erasmum
1565 4984 1625 5036 in
1652 4984 1826 5036 Enco-

139 5073 277 5129 mio:
332 5077 511 5130 Porro
573 5075 908 5128 mortalium
948 5074 1063 5128 vita
1116 5073 1303 5127 omnis
1349 5073 1487 5143 quid
1545 5072 1700 5125 aliud
1744 5075 1828 5125 est

141 5177 300 5231 quam
345 5164 542 5219 fabula
573 5162 884 5234 quzepiam,
918 5163 980 5217 in
1008 5180 1122 5233 qua
1161 5162 1260 5216 alii
1299 5162 1425 5215 aliis
1458 5160 1665 5216 obtecti
1694 5176 1822 5231 per-

144 5252 283 5305 sonis
324 5253 664 5323 procedunt,
707 5256 1004 5323 aguntque
1040 5268 1167 5306 suas
1204 5251 1449 5321 quisque
1493 5253 1704 5321 partes,
1735 5250 1831 5303 do-

145 5353 236 5393 nec
262 5342 542 5415 choragus
593 5343 796 5396 educat
830 5358 859 5395 e
904 5342 1220 5412 proscenio,
1277 5341 1376 5411 qui
1428 5357 1579 5411 saepe
1632 5344 1829 5393 tamen

148 5432 393 5487 eumdem
442 5432 666 5487 diverso
714 5432 872 5485 cultu
924 5431 1156 5501 prodire
1196 5430 1378 5499 jubet,
1425 5435 1485 5483 ut
1526 5430 1626 5498 qui
1660 5428 1831 5481 modo

150 5532 328 5587 regem
348 5526 737 5593 purpuratum
765 5524 981 5592 egerat,
1017 5535 1171 5573 nunc
1189 5520 1484 5574 servulum
1508 5532 1833 5587 pannosum

152 5615 317 5674 gerat.
377 5612 733 5666 Adumbrata
785 5610 1019 5681 quidem
1066 5608 1280 5675 omnia,
1328 5608 1426 5663 sed
1474 5607 1596 5661 haec
1642 5604 1836 5659 fabula

153 5710 260 5751 non
287 5699 447 5755 aliter
499 5702 712 5771 agitur,
759 5700 953 5756 Cicero
1012 5699 1071 5754 in
1104 5700 1318 5753 Catone
1350 5696 1587 5767 Majori:
1634 5695 1701 5749 In
1726 5693 1835 5749 hoc

1914 543 2087 596 quam
2120 528 2301 579 Deum
2355 526 2670 595 sequimur,
2719 525 2883 595 eique
2929 541 3218 594 paremus,
3267 542 3298 577 a
3329 542 3443 595 qua
3494 540 3610 577 non

1906 615 2217 669 verisimile
2266 620 2369 680 est,
2412 632 2540 668 cum
2590 619 2804 669 caetera:
2863 620 3050 684 partes
3084 615 3269 668 aetatis
3299 614 3445 667 bene
3490 616 3610 668 des-

1908 705 2105 775 criptm
2136 706 2267 771 sint,
2289 709 2606 759 extremum
2630 708 2819 759 actum
2844 708 3115 775 tanquam
3148 704 3221 757 ab
3244 704 3417 757 inerti
3438 708 3611 773 poeta

1909 810 2029 848 esse
2077 796 2423 865 neglectum.
2479 795 2635 849 Idem
2668 795 2726 847 in
2776 795 3014 848 eodem:
3071 794 3205 857 Quae
3257 798 3390 846 sunt
3436 791 3612 862 igitur

1908 884 2232 954 voluptates
2262 900 2575 955 corporum
2605 900 2734 938 cum
2768 884 3123 937 auctoritatis
3160 882 3415 953 praemiis
3443 898 3605 935 com-

1908 973 2183 1043 paranda:
2215 974 2431 1044 quibus
2463 974 2561 1044 qui
2604 973 2904 1043 splendide
2956 972 3044 1025 usi
3077 976 3225 1036 sunt,
3266 971 3305 1024 ii
3355 970 3495 1024 mihi
3534 970 3613 1024 vi-

1909 1062 2115 1116 dentur
2146 1062 2399 1116 fabulam
2442 1062 2625 1116 mtatis
2680 1062 2988 1131 peregisse,
3036 1076 3137 1115 nec
3196 1064 3470 1131 tanquam
3522 1059 3607 1112 in-

1910 1151 2201 1205 exercitati
2230 1151 2539 1205 histriones
2564 1151 2623 1204 in
2669 1155 2922 1203 extremo
2978 1153 3107 1203 actu
3136 1149 3435 1203 corruisse.
3471 1150 3611 1202 Rur-

1912 1256 2006 1292 sus
2068 1239 2127 1292 in
2193 1241 2430 1293 eodem:
2488 1242 2679 1308 Neque
2739 1239 2892 1293 enim
2945 1239 3211 1292 histrioni
3269 1242 3332 1291 ut
3392 1238 3613 1307 placeat

1911 1328 2239 1398 peragenda
2261 1333 2345 1382 est
2364 1329 2553 1382 fabula
2578 1329 2956 1381 solummodo.
2984 1329 3042 1380 lu
3067 1342 3411 1397 quocunque
3440 1326 3614 1379 fuerit

1913 1422 2061 1479 actu,
2097 1418 2393 1487 probetur.
2430 1419 2540 1471 Nec
2580 1417 2843 1487 sapiendi
2900 1432 3082 1487 usque
3133 1415 3206 1469 ad
3257 1415 3511 1485 plaudite
3541 1413 3617 1467 vi-

1913 1508 2184 1562 dendum.
2240 1506 2377 1559 Item
2412 1507 2515 1559 sub
2549 1507 2722 1559 linem
2759 1506 3016 1574 ejusdem
3055 1504 3310 1574 dialogi;
3345 1504 3614 1557 Senectus

1915 1600 2105 1649 autem
2150 1594 2402 1664 peractio
2453 1594 2638 1647 aetatis
2699 1599 2781 1647 est
2838 1600 3112 1662 tanquam
3172 1592 3401 1658 fabulae,
3455 1593 3614 1662 cujus

1915 1684 2384 1755 defatigationem
2418 1683 2616 1753 fugere
2649 1683 2941 1747 debemus,
2972 1682 3293 1752 praesertim
3346 1681 3613 1750 adjuncta

1919 1774 2201 1827 satietate.

1988 1861 2239 1933 Subitus]
2272 1860 2648 1931 Repentinus.

1988 1952 2213 2022 HOSpcs]
2258 1950 2625 2019 Peregrinus.

1991 2044 2234 2096 Ullamne
2265 2042 2515 2095 humanis
2545 2038 2717 2104 rebus]
2766 2040 3215 2107 Argumentatur
3246 2037 3316 2091 ab
3362 2052 3428 2089 eo
3462 2034 3615 2106 quod

1917 2137 2003 2185 est
2033 2131 2236 2200 magis.
2305 2132 2484 2183 llomo
2534 2128 2656 2197 ipse
2706 2126 3131 2196 corruptionem
3189 2126 3439 2195 effugere
3499 2141 3613 2177 non

1916 2225 2123 2291 potest,
2157 2236 2286 2273 cum
2330 2234 2477 2287 saepe
2510 2216 2809 2287 repentina
2836 2221 3014 2269 morte
3046 2215 3405 2269 dissolvatur.
3441 2213 3612 2268 Multo

1917 2309 2091 2379 igitur
2122 2308 2310 2361 minus
2343 2307 2510 2360 rebus
2542 2304 2813 2359 humanis
2856 2303 3006 2357 inest
3045 2303 3380 2357 constantia.
3419 2303 3608 2355 Horat.

1916 2400 1974 2452 in
2007 2400 2139 2451 Arte
2162 2396 2421 2467 poetica:

2043 2488 2307 2535 Debemur
2332 2484 2487 2533 morti
2514 2496 2611 2531 nos
2638 2487 2943 2543 nostraque.

1995 2569 2159 2622 Velox
2234 2565 2390 2636 hora]
2465 2567 2632 2617 Vetus
2691 2567 2776 2617 est
2824 2561 2968 2616 illud
3016 2560 3281 2615 Varronis
3323 2558 3613 2629 adagium.

1920 2658 2100 2711 Homo
2124 2656 2298 2710 bulla.
2330 2655 2573 2708 Faustus
2599 2670 2611 2706 Îµ

2138 2762 2357 2810 Subdita
2388 2761 2494 2807 sint
2515 2763 2657 2807 certo
2682 2756 2925 2805 mortalia
2951 2768 3172 2817 corpora
3202 2754 3326 2802 fato.

2232 2824 2534 2885 Cunctaque
2563 2820 2819 2883 prmcipiti
2863 2824 3095 2885 tempora
3124 2818 3267 2885 ï¬‚uxa
3296 2819 3479 2885 ruunt.

2137 2888 2263 2935 Tam
2296 2878 2775 2933 nimisâ€™humanum
2807 2880 2962 2929 celeri
2980 2878 3156 2941 genus
3187 2878 3524 2935 interithora,

2228 2947 2457 3009 Turgida
2478 2958 2636 3007 quam
2662 2944 2855 3007 pluviae
2879 2942 3023 2991 bulla
3044 2941 3289 3003 liquescit
3319 2952 3487 3001 aqum.

1850 3028 1890 3083 ÎŸ
1923 3047 2069 3111 Quid
2101 3051 2183 3100 est
2212 3046 2429 3099 homo?
2476 3042 2666 3113 inquit
2709 3041 2937 3095 Seneca.
2992 3038 3299 3102 Quodlibet
3347 3050 3619 3107 quassum

1922 3154 2042 3205 vas,
2078 3141 2135 3189 et
2164 3134 2467 3206 quodlibet
2498 3131 2697 3201 fragile
2723 3131 2958 3199 jactatu.
2980 3127 3123 3192 Quid
3150 3130 3232 3180 est
3258 3126 3430 3178 homo
3454 3124 3480 3178 á¼¦)
3513 3124 3619 3177 im-

1924 3226 2359 3281 becillissimum
2399 3236 2605 3291 corpus
2640 3223 2715 3287 ,et
2764 3217 2986 3287 fragile,
3029 3215 3251 3268 nudum
3282 3217 3483 3282 suapte
3521 3228 3622 3265 na-

1922 3320 2070 3382 tura,
2103 3314 2343 3378 inerme,
2397 3311 2599 3363 alience
2641 3306 2764 3377 opis
2796 3305 3082 3374 indigens,
3123 3303 3190 3355 ad
3240 3317 3469 3355 omnem
3505 3301 3619 3354 for-

1923 3409 2077 3461 tuna:
2110 3400 2516 3456 contumeliam
2565 3398 2903 3467 projectum,
2938 3392 3169 3462 frigoris
3208 3396 3289 3445 cst
3320 3395 3375 3445 et
3404 3390 3619 3443 laboris

1923 3493 2246 3565 impatiens,
2275 3507 2340 3544 ex
2372 3485 2940 3555 inï¬rmistluidisque
2965 3485 3317 3535 contextum.
3354 3479 3509 3533 Odor
3533 3478 3610 3531 ibi

1924 3598 2228 3655 saporque,
2263 3583 2318 3633 et
2371 3577 2669 3644 lassitudo,
2727 3578 2782 3628 et
2812 3573 3031 3643 vigilia,
3084 3572 3312 3635 humor,
3352 3574 3406 3623 et
3445 3568 3622 3633 cibus,

1924 3673 2047 3727 sine
2079 3670 2289 3742 quibus
2322 3667 2514 3721 vivere
2546 3682 2661 3719 non
2713 3666 2915 3733 potest,
2950 3660 3244 3715 mortifera
3284 3662 3431 3711 sunt.
3471 3658 3621 3721 Quo-

1924 3776 2149 3831 cunque
2180 3775 2237 3811 se
2282 3761 2489 3822 movet,
2552 3753 2905 3807 infirmitatis
2956 3766 3071 3803 suae
3123 3748 3315 3802 statim
3364 3746 3625 3799 conscius

1924 3848 2279 3905 tenuissimis
2329 3844 2515 3898 causis
2574 3847 2744 3912 atque
2791 3838 3205 3894 offensionibus
3238 3835 3533 3889 morbidus
3564 3850 3625 3887 ac

1924 3937 2128 4009 putris.
2178 3934 2373 3989 Merito
2428 3934 2623 4002 itaque
2680 3930 2885 3985 cecinit
2926 3926 3380 3999 sapientissimus
3427 3929 3621 3995 poeta-

1926 4043 2056 4083 rum
2089 4043 2101 4081 Îž

2049 4113 2170 4163 Tale
2196 4111 2409 4176 quidem
2440 4122 2606 4173 genus
2639 4110 2717 4156 est
2746 4106 3043 4163 hominum,
3065 4104 3219 4167 quale
3246 4105 3323 4149 est
3357 4100 3624 4149 foliorum.

1997 4210 2283 4279 Fortuitis]
2343 4208 2508 4264 Bonis
2558 4207 2819 4261 fortunm.
2855 4203 3111 4257 Valerius
3146 4199 3419 4255 Maximus
3470 4198 3619 4251 libro

1929 4308 2105 4369 sexto,
2170 4299 2395 4355 Caduca
2478 4296 2727 4350 nimium
2787 4298 2843 4347 et
2908 4292 3133 4362 fragilia
3183 4286 3625 4360 puerilibusque

1854 4386 1897 4439 D
1929 4397 2311 4448 consentanea
2341 4385 2586 4456 crepidis
2617 4387 2749 4437 sunt
2775 4383 2900 4448 ista,
2943 4396 3073 4451 quae
3104 4379 3249 4433 vires
3282 4382 3453 4447 atque
3485 4390 3623 4444 opes

1930 4484 2199 4538 humanae
2229 4480 2523 4533 vocantur.
2556 4474 2816 4527 Afï¬‚uuut
2841 4470 3050 4535 subito,
3083 4472 3318 4538 repente
3363 4465 3628 4519 dilabun-

1930 4576 2044 4639 tur,
2077 4567 2327 4625 nulloin
2362 4567 2502 4632 loco,
2554 4563 2712 4616 nulla
2754 4562 2813 4615 in
2861 4574 3110 4631 persona
3150 4554 3448 4611 stabilibus
3502 4553 3632 4607 nixa

1932 4658 2217 4713 radicibus
2259 4654 2593 4719 consistunt,
2640 4650 2737 4705 sed
2772 4647 3153 4703 incertissimo
3198 4646 3334 4699 llatu
3386 4643 3631 4697 fortuna:

1932 4750 2042 4803 huc
2083 4751 2253 4817 atque
2287 4745 2419 4797 illuc
2466 4747 2608 4808 acta,
2658 4757 2799 4811 quos
2846 4736 3090 4791 sublime
3122 4734 3473 4800 extulerunt,
3520 4731 3632 4786 im-

1933 4836 2165 4909 proviso
2198 4848 2433 4888 recursu
2458 4830 2757 4886 destitutos
2787 4828 2846 4881 in
2877 4824 3158 4897 profundo
3190 4822 3438 4877 cladium
3470 4821 3636 4875 mise-

1935 4926 2190 4981 rabiliter
2216 4923 2587 4990 immergunt.
2615 4920 2811 4985 Itaque
2841 4931 3027 4985 neque
3051 4914 3260 4967 debent
3288 4910 3628 4976 existimari,

1934 5030 2123 5085 neque
2154 5012 2265 5066 dici
2298 5012 2469 5076 bona,
2498 5023 2627 5079 qua:
2653 5005 3004 5059 intlictorum
3032 5002 3319 5057 malorum
3351 4998 3630 5055 amaritu-

1938 5105 2133 5160 dinem
2164 5100 2449 5155 desiderio
2476 5098 2564 5151 sui
2602 5094 2915 5165 duplicant.

2015 5194 2243 5249 Ultimus
2288 5195 2470 5243 tamen
2515 5190 2638 5240 vitae
2692 5184 2805 5237 dies
2852 5196 2991 5237 mors
3027 5180 3277 5247 quaedam
3296 5180 3530 5245 fortunae
3557 5176 3635 5227 est

1940 5287 2105 5339 etiam
2125 5276 2415 5345 manentis]
2444 5276 2533 5330 Sic
2564 5276 2807 5343 Prosper
2833 5272 2891 5325 in
2922 5267 3361 5341 epigrammatis
3386 5282 3399 5317 :

2125 5386 2365 5435 Terrenis
2395 5381 2587 5445 Opibus
2621 5393 2741 5428 cum
2774 5378 2931 5445 dives
2946 5376 3147 5445 gaudet
3168 5374 3413 5445 iniquus,

2251 5446 2399 5495 Veris
2424 5437 2478 5492 se
2510 5443 2761 5491 miserum
2792 5437 2975 5489 nescit'
2990 5451 3139 5500 egere
3168 5437 3338 5502 bonis.
3434 5493 3443 5502 á½·

2128 5511 2258 5559 Nam
2288 5507 2415 5570 quid
2445 5506 2544 5554 erit
2586 5504 2727 5570 quod
2778 5516 2885 5551 non
2916 5504 3185 5570 momento
3225 5500 3476 5570 temporis
3526 5506 3635 5542 uno

2252 5561 2475 5619 Perdere
2509 5561 2780 5617 mundana
2810 5563 3113 5629 conditione
3146 5561 3321 5629 queat,

2132 5634 2261 5682 Cum
2296 5632 2433 5688 licet,
2461 5630 2692 5679 adversis
2728 5624 3074 5692 cessantibus,
3105 5622 3285 5692 omnia
3309 5622 3546 5692 pareant,

2255 5696 2388 5757 Lege
2418 5682 2593 5743 tamen
2623 5690 2807 5741 mortis
2838 5687 2905 5735 sit
2934 5683 3206 5733 faciendus
3245 5683 3400 5745 ineps
3424 5682 3449 5729 Îµá¼°
3470 5703 3485 5713 Î¹
