4054 6184
504 231 607 283 963
660 197 667 200 ⁴

1085 351 1155 402 ΙΝ
1197 351 1479 406 METRUM
1518 354 1613 412 ΙΙΙ.

572 438 812 491 Carmen
844 440 926 490 est
967 436 1211 505 dicolon,
1268 444 1533 494 constans
1585 442 1868 512 Sapphico
1901 447 1956 497 et
2005 444 2197 515 Glyco-

500 528 645 593 nico,
683 542 795 597 quo
826 526 960 580 satis
990 527 1282 582 evidenter
1315 530 1630 584 ostenditur
1664 548 1777 585 non
1809 532 1994 586 solum
2027 534 2195 587 rebus

496 617 766 670 humanis
799 617 1018 670 nullam
1056 617 1238 672 inesse
1279 620 1682 685 constantiam,
1722 626 1781 675 ut
1814 622 1935 692 jam
1979 622 2194 677 dictum

497 710 599 772 est,
637 706 735 760 sed
784 706 927 760 nihil
984 707 1101 760 fere
1133 708 1193 761 in
1241 708 1350 761 hoc
1381 711 1618 765 'mundo
1650 727 1771 765 esse
1812 711 2193 778 immutabile,

496 810 627 848 cum
674 810 844 848 omne
902 794 960 849 id
1009 797 1161 867 quod
1218 798 1289 852 sit
1344 799 1607 868 genitum
1678 816 1906 856 necesse
1966 800 2039 855 sit
2097 801 2198 855 ali-

500 884 730 955 quando
753 885 1060 955 corrumpi.

568 972 818 1044 Phcebus]
851 974 965 1028 Sol.

566 1063 742 1132 Rosci]
776 1062 1145 1117 Rubicundis.

567 1150 871 1224 Hebetata]
904 1154 1079 1224 Majus
1113 1152 1265 1209 enim
1292 1155 1487 1210 lumen
1519 1156 1755 1212 offuscat
1786 1156 2011 1212 minus:
2047 1157 2195 1212 unde

502 1244 558 1295 et
588 1241 858 1296 Ovidius:

714 1349 845 1397 Ecce
878 1349 1008 1412 vigil
1035 1351 1201 1415 nitido
1218 1351 1477 1415 'patefecit
1497 1354 1561 1401 ab
1584 1358 1702 1402 ortu

620 1412 917 1477 Purpureas
947 1427 1138 1477 aurora
1169 1412 1325 1471 fores,
1355 1420 1408 1464 et
1431 1416 1587 1477 plena
1616 1430 1856 1465 rosarum

621 1474 787 1542 Atria,
822 1474 1108 1542 diffugiunt
1129 1478 1315 1542 stellae,
1347 1474 1565 1542 quarum
1588 1479 1799 1541 agmina
1823 1479 1963 1542 cogit

621 1535 849 1597 Lucifer,
880 1541 931 1585 et
955 1535 1317 1588 éoelistatione
1348 1535 1666 1589 novissimus
1696 1542 1819 1589 exit.

570 1643 854 1713 Flammis]
880 1645 1295 1714 Splendoribus
1327 1648 1478 1701 solis.

565 1731 960 1803 Prementibus]
999 1732 1449 1789 Obscurantibus
1484 1736 1693 1791 stellas.

569 1818 773 1887 Spirat]
808 1821 975 1874 Deest
999 1827 1066 1876 si.

564 1905 847 1978 Insanum]
881 1910 1272 1980 Insalubriter,
1307 1928 1517 1967 nomen
1548 1930 1651 1984 pro
1692 1914 1977 1968 adverbio.

564 1996 862 2053 Nebulosus
908 1999 1115 2070 auster]
1172 2000 1270 2054 Hic
1301 2006 1504 2056 ventus
1552 2007 1633 2056 est
1683 2002 1828 2057 ﬂans
1860 2021 1891 2057 a
1933 2003 2190 2072 meridie,

495 2084 805 2139 nebulosus
837 2091 1005 2158 atque
1038 2089 1342 2145 humectus
1370 2111 1384 2159 ;
1417 2092 1567 2146 unde
1597 2096 1653 2146 et
1683 2109 1715 2145 a
1745 2092 1953 2147 Gracis
1986 2093 2194 2147 dicitur

493 2177 659 2236 νότος,
691 2175 761 2230 ab
816 2193 883 2230 eo
913 2179 1066 2249 quod
1101 2184 1187 2233 est
1218 2184 1383 2243 νότος,
1434 2181 1771 2251 humiditas,
1819 2183 2052 2250 humor,
2099 2184 2194 2237 La-

492 2264 614 2318 tine
642 2269 852 2335 auster,
888 2268 1041 2337 quod
1075 2285 1239 2323 aures
1267 2274 1484 2325 sternat
1506 2271 1873 2342 habetatque,
1899 2273 1987 2325 vel
2019 2272 2190 2326 haus-

493 2356 600 2418 ter,
633 2353 701 2407 ab
755 2355 1089 2410 hauriendis
1136 2357 1319 2429 aquis.
1377 2360 1453 2412 De
1502 2360 1607 2413 hoc
1655 2360 1951 2414 Cornelius
1997 2361 2191 2415 Celsus

495 2442 639 2494 libro
680 2442 969 2497 Medicinae
1013 2446 1283 2513 secundo,
1340 2448 1523 2518 capite
1572 2448 1797 2518 primo:
1849 2453 2055 2504 Auster
2096 2466 2191 2504 au-

494 2544 584 2583 res
615 2529 867 2596 hebetat,
923 2549 1121 2588 sensus
1178 2536 1385 2603 tardat,
1436 2538 1637 2607 capitis
1697 2539 1920 2593 dolores
1979 2543 2187 2605 movet,

496 2619 687 2672 alvum
734 2620 917 2687 solvit,
950 2625 1132 2676 totum
1174 2641 1379 2695 corpus
1412 2626 1584 2680 efﬁcit
1627 2627 1822 2694 hebes,
1859 2628 2186 2694 humidum,

493 2707 850 2777 languidum.
888 2712 1150 2765 Horatius
1174 2712 1233 2767 in
1260 2714 1669 2771 Sermonibus:

614 2797 719 2844 Nec
743 2798 881 2846 mala
910 2812 993 2847 me
1026 2801 1244 2850 ambitio
1276 2803 1447 2864 perdit
1498 2817 1596 2854 nec
1620 2804 1897 2869 plumbeus
1926 2810 2122 2856 auster.

493 2876 723 2931 Ovidius
757 2877 817 2932 in
848 2880 1092 2949 septimo
1127 2883 1687 2956 Metamorphoseos:

623 2964 878 3016 Laztiferis
908 2968 1063 3017 calidi
1089 2971 1359 3034 spirarunt
1388 2974 1603 3023 aestibus
1629 2976 1793 3025 austri

548 3063 739 3135 Decus]
772 3066 1053 3122 Rosarum
1078 3070 1452 3139 pulchritudo
1481 3076 1537 3127 et
1566 3077 1992 3129 ornamentum.

567 3153 890 3221 Tranquillo
917 3163 1118 3223 sereno]
1142 3160 1475 3232 Tranquilla
1503 3163 1828 3220 serenitate.

558 3242 816 3309 Immot-is]
858 3244 981 3298 Non
1008 3246 1200 3301 motis.

559 3330 789 3403 Aquilo]
845 3333 1055 3386 Ventus
1100 3339 1184 3388 est
1235 3335 1303 3389 ab
1355 3336 1675 3407 impetuoso
1739 3338 1947 3411 aquilae
1999 3340 2190 3395 volatu

492 3417 843 3484 nominatus,
886 3422 1354 3490 septentrionalis
1394 3427 1631 3495 quidem
1676 3432 1733 3483 et
1761 3428 2186 3499 frigidissimus,

494 3518 667 3573 quem
700 3503 875 3559 Graeci
909 3506 1095 3580 βορέαν
1125 3512 1435 3581 appellant.

560 3593 868 3666 Ferventes]
894 3596 1238 3653 distuantes.

564 3680 749 3754 Verso]
783 3684 1085 3752 Subverso,
1119 3685 1332 3755 diruto,
1375 3688 1681 3760 exagitato.

562 3772 818 3841 Equore]
846 3775 1139 3844 Aquarum
1166 3777 1661 3851 planilie.rEquor
1691 3780 1844 3837 enim
1885 3782 1953 3838 ab
1998 3800 2183 3857 aequa-

490 3857 652 3914 litate
684 3860 900 3915 dictum
933 3879 1052 3917 esse
1084 3870 1323 3920 constat.

570 3951 721 4004 Rara
748 3953 797 4004 si
822 3956 1031 4007 constat
1084 3969 1185 4008 sua
1247 3956 1431 4021 forma
1476 3958 1696 4027 mundo]
1764 3961 2186 4031 Argumentum

488 4037 706 4107 profert
736 4038 803 4092 ab
854 4055 921 4094 eo
970 4043 1125 4112 quod
1166 4043 1349 4114 magis
1394 4049 1492 4099 est.
1542 4048 1718 4117 Magis
1764 4049 1920 4104 enim
1968 4053 2184 4107 mundo

491 4125 713 4180 videtur
741 4127 927 4183 inesse
971 4132 1311 4198 constantia,
1344 4138 1398 4187 et
1438 4142 1749 4205 perpetuus
1784 4141 1967 4204 tenor,
2011 4157 2185 4210 quam

487 4215 655 4269 rebus
695 4219 1025 4274 mortalium
1079 4220 1321 4275 fortunae
1385 4222 1805 4296 mutationique
1865 4228 2173 4297 subjectis:

487 4304 582 4358 sed
615 4306 852 4370 mundo,
877 4312 941 4361 ut
971 4325 1039 4362 ex
1083 4309 1524 4378 particularibus
1560 4314 1833 4385 exemplis
1878 4317 2178 4372 collectum
2220 4338 2261 4392 Τ

487 4398 591 4460 est,
652 4411 771 4449 non
832 4395 981 4449 inest
1024 4413 1251 4468 semper
1292 4399 1488 4453 eadem
1542 4400 1735 4470 facies,
1792 4408 2184 4478 perpetuaque

484 4475 824 4539 constantia.
863 4485 1035 4540 Multo
1076 4485 1255 4557 igitur
1285 4487 1476 4542 minus
1505 4489 1837 4547 mirandum
1860 4490 1983 4563 est,
2018 4496 2064 4550 si
2089 4475 2183 4552 res

486 4570 756 4626 humanas
787 4589 1024 4628 casuum
1055 4576 1385 4631 varietatem
1416 4578 1678 4650 vicesque
1710 4581 2008 4653 recipiant.

556 4658 745 4732 Crede]
808 4662 1002 4717 Ironia
1047 4669 1148 4732 est,
1201 4666 1364 4736 quasi
1412 4667 1600 4723 dicat:
1649 4670 1877 4727 Minime
1914 4673 2021 4728 tibi
2070 4689 2184 4730 cre-

488 4746 739 4802 dendum
774 4754 872 4803 est.
903 4750 990 4805 Sic
1014 4756 1219 4822 poeta:

672 4835 693 4881 1
723 4850 887 4898 nunc,
917 4844 969 4889 et
1001 4842 1174 4891 verbis
1205 4842 1453 4895 virtutem
1483 4844 1647 4897 illude
1676 4848 1932 4912 superbis.

492 4915 556 4969 Et
589 4915 850 4971 Horatius
875 4933 888 4973 :

674 5004 692 5051 1
725 5019 867 5055 nunc
893 5011 945 5057 et
975 5022 1155 5061 versus
1179 5015 1355 5061 tecum
1381 5014 1637 5064 meditare
1667 5030 1908 5073 canoros.

557 5084 745 5157 Bonis]
782 5087 1011 5143 Iambus
1062 5098 1166 5159 est,
1226 5110 1358 5148 nam
1399 5094 1543 5150 sicut
1583 5097 1953 5153 Terentianus
1994 5100 2178 5169 docet,

487 5174 823 5247 Glyconicus
855 5194 1046 5233 versus
1081 5184 1569 5253 quemadmodum
1603 5190 1659 5241 et
1709 5186 2040 5255 Phalaecius,
2077 5207 2180 5261 pro

487 5265 741 5335 spondeo
773 5266 945 5322 modo
983 5268 1262 5339 iambum,
1310 5274 1486 5329 modo
1542 5276 1859 5332 trochaeum
1907 5278 2173 5335 admittit.

487 5354 775 5424 Septimus
802 5369 815 5411 :

708 5463 953 5529 Ceritque
972 5464 1128 5529 intus
1158 5465 1211 5512 in
1245 5467 1495 5529 oppidum

704 5524 937 5575 Anhelos
969 5527 1181 5590 Panope
1204 5524 1405 5591 greges.

491 5598 642 5652 Idem
665 5614 676 5652 :

1248 231 1596 286 APPENDIX
1634 233 1725 285 AD
1768 230 2016 286 LIBROS
2056 231 2145 284 DE
2185 230 2709 290 CONSO[.ATIONE
2750 235 3251 291 PHILOSOPHUS.

2232 358 2278 409 A

3822 248 3905 299 sai

2556 360 2806 421 Purpurea
2831 360 2991 420 leguli
3022 373 3189 419 senes,

2554 420 2699 469 Intus
2731 422 2814 471 hic
2840 423 2931 471 ubi
2962 424 3223 472 consitum
3253 426 3346 472 est.

2306 500 2569 555 Horatius
2598 502 2659 555 in
2690 503 2859 557 Odis:

2551 591 2692 653 Ignis
2722 591 2905 641 Iliacas
2939 592 3142 641 domos.

2305 670 2556 725 Catullus
2582 687 2595 723 :

2553 760 2734 809 Dianae
2763 774 2946 809 sumus
2976 762 3031 810 in
3061 762 3159 810 tlde

2554 824 2750 872 Puella:
2781 828 2833 873 et
2856 826 3004 887 pueri
3031 824 3234 887 integri.

2305 900 2461 955 Idem
2486 917 2498 955 :

2552 989 2772 1075 ἕεὲἕῖίὲῗδ
2798 990 3227 1075 ἷίῗῖ-Ϋὲἓυῖέἷηε-
4000 1008 4001 1075 l

2553 1053 2765 1100 Rustica
2800 1053 3043 1115 agricolas
3079 1054 3230 1103 bonis

2553 1115 2706 1163 'l‘ecta
2728 1115 2970 1178 frugibus
2990 1117 3221 1178 expleas.

2375 1196 2593 1250 Constat
2667 1194 2886 1267 aeterna]
2954 1197 3192 1251 Pulchra
3249 1195 3649 1267 verissimaque
3679 1198 3915 1261 conclusio,

2305 1300 2418 1354 qua
2474 1285 2796 1339 ostenditur
2844 1301 3013 1339 omne
3056 1286 3110 1339 id
3160 1285 3313 1356 quod
3372 1286 3625 1356 genitum
3654 1291 3916 1358 estcorrup-

2303 1371 2446 1425 tioni
2476 1388 2597 1426 esse
2645 1373 2975 1427 obnoxium.
3005 1374 3369 1429 Aristotelem
3416 1375 3474 1428 in
3518 1375 3695 1445 primo
3732 1377 3789 1430 de
3812 1378 3916 1431 Cale

2305 1465 2359 1514 et
2393 1462 2635 1516 Mundo:
2667 1463 2931 1517 Genitum
2963 1464 3115 1517 enim
3148 1468 3202 1518 et
3231 1464 3600 1534 corruptibile
3630 1479 3737 1518 sese
3776 1470 3917 1518 mutuo

2304 1562 2748 1622 consequuntur.
2809 1554 3022 1607 Seneca
3068 1554 3310 1624 epistola
3356 1557 3457 1607 88:
3510 1554 3607 1607 Cui
3653 1552 3784 1606 nasci
3822 1570 3913 1606 con-

2232 1662 2272 1714 B
2305 1640 2455 1710 tigit,
2492 1641 2637 1696 mori
2682 1646 2874 1698 restat.
2928 1642 3085 1697 Idem
3120 1643 3294 1699 alibi:
3330 1643 3444 1697 Lex
3491 1643 3641 1696 utilis
3689 1645 3774 1707 est,
3828 1657 3914 1713 qua

2297 1730 2461 1801 jubet
2489 1731 2638 1786 nasci
2672 1736 2726 1786 et
2754 1732 2921 1786 mori.

2364 1821 2602 1887 Constat]
2641 1822 2869 1875 Certum
2904 1826 2960 1876 et
2986 1822 3238 1889 ﬁrmum,
3269 1823 3377 1876 hoc
3420 1825 3522 1887 est,
3567 1825 3627 1875 ut
3655 1820 3779 1874 nihil
3804 1821 3916 1890 geni.

2300 1910 2423 1961 tum
2445 1912 2680 1973 constet,
2718 1907 2773 1963 id
2806 1912 2889 1962 est
2925 1912 3203 1979 perpetuo
3234 1908 3402 1962 duret
3432 1913 3600 1979 atque
3631 1912 3907 1979 permaneat.

2303 1996 2677 2051 Maximianus
2706 2014 2719 2051 :

2522 2086 2679 2135 Ortus
2705 2090 2895 2135 cuncta
2924 2100 3047 2136 suos
3073 2090 3335 2149 repetunt,
3354 2090 3675 2150 matremque
3692 2085 3915 2149 requirnnt.

2301 2167 2549 2237 Baptista
2584 2168 2949 2221 Mantuanus:

2486 2256 2653 2311 Unda,
2676 2256 2866 2315 solum,
2884 2257 3271 2319 pereunt,perit
3287 2256 3540 2305 humidus
3570 2256 3735 2313 aether,
3756 2260 3798 2305 et
3826 2255 3917 2317 ignis

2546 2319 2762 2376 Occidit,
2801 2324 2853 2368 et
2884 2320 3139 2382 quidquid
3167 2324 3397 2382 quatuor
3428 2322 3527 2370 ista
3556 2323 3735 2368 creant.

2896 2419 2967 2472 IN
3000 2418 3279 2474 PROSAM
3309 2420 3399 2474 IV.

2370 2507 2661 2578 Superiori
2708 2524 2878 2577 prosa
2929 2510 3119 2561 Boetio
3180 2508 3551 2578 Philosophia
3580 2505 3919 2579 quantisal‘or.

2298 2600 2437 2650 tuna
2466 2597 2627 2650 bonis
2658 2596 2930 2667 praeditus
2969 2602 3280 2667 auctusque
3314 2597 3517 2650 fuisset
3536 2596 3784 2650 ostendit:
3811 2610 3912 2665 quo.

2297 2702 2427 2739 rum
2459 2687 2739 2740 relatione
2769 2685 2933 2739 facile
2962 2686 3223 2756 probavit
3252 2686 3424 2756 plura
3455 2687 3506 2740 ei
3536 2687 3791 2740 fortunam
3814 2699 3909 2736 con-

2296 2776 2495 2828 tulisse
2537 2791 2709 2845 quam
2742 2773 3057 2827 abstulisse.
3096 2776 3254 2828 Nunc
3286 2780 3483 2829 autem
3521 2775 3678 2828 docet
3705 2778 3829 2826 tanta
3853 2770 3909 2823 illi

2301 2879 2596 2934 superesse
2626 2864 2797 2928 bona,
2833 2868 2895 2916 ut
2925 2863 2971 2916 si
3002 2879 3113 2933 qua
3146 2864 3216 2916 sit
3242 2863 3301 2917 in
3346 2864 3588 2917 fortnam
3618 2863 3765 2916 rebus
3796 2860 3917 2914 felici-

2228 2965 2268 3020 ε
2300 2958 2400 3018 tas,
2424 2953 2682 3006 nondum
2707 2968 2829 3005 eam
2854 2952 3167 3021 perdidisse
3189 2951 3474 3006 videatur.
3515 2951 3713 3006 Deinde
3740 2948 3915 3003 familia-

2300 3042 2439 3095 riter
2477 3041 2664 3094 virum
2698 3039 3087 3110 reprehendit,
3128 3040 3299 3093 nimis
3348 3041 3545 3095 animo
3594 3037 3914 3094 conturbatum

2302 3130 2373 3185 ob
2406 3134 2627 3200 partem
2655 3129 2937 3184 bonorum
2962 3129 3248 3198 amissam,
3295 3146 3431 3185 cum
3467 3130 3769 3184 mortalium
3794 3140 3914 3179 nemo

2301 3220 2374 3273 sit
2394 3218 2550 3273 omni
2579 3234 2646 3271 ex
2685 3223 2846 3288 parte
2876 3218 3217 3274 fortunatus.
3252 3221 3461 3275 Postea.
3497 3220 3651 3273 docet
3680 3230 3835 3270 veram
3857 3213 3916 3266 fe-

2300 3302 2574 3359 licitatem
2604 3305 2663 3358 in
2681 3306 2923 3360 fortunas
2945 3307 3110 3361 bonis
3134 3309 3377 3363 minime
3401 3310 3716 3364 consistere.
3737 3302 3913 3360 Proinde

2300 3391 2717 3448 beatitudinem
2744 3396 3029 3466 expetenti
3064 3399 3222 3451 nulla
3254 3398 3481 3453 ratione
3510 3414 3623 3453 esse
3652 3393 3911 3452 dolendum.

2299 3483 2453 3553 quod
2486 3483 2741 3538 amiserit
2771 3500 2839 3539 ea
2869 3501 2997 3556 quas
3042 3502 3173 3541 vere
3213 3487 3450 3542 beatum
3481 3488 3690 3542 efficere
3718 3500 3809 3539 non
3825 3496 3912 3551 pos-

2300 3575 2454 3625 sunt.

2366 3660 2749 3731 Recolentem]
2781 3662 3285 3735 Reminiscentem,
3315 3671 3372 3721 et
3395 3667 3585 3722 animo
3613 3664 3908 3735 repetentem.

2366 3749 2587 3823 Coquit]
2612 3751 2802 3822 Angit.
2836 3754 3048 3808 Ennius
3073 3770 3085 3808 :

2944 3862 3199 3913 Curamvc
3229 3862 3457 3923 levasse,

2451 3921 2579 3979 Quae
2609 3936 2751 3972 nunc
2780 3927 2828 3973 te
2854 3925 3047 3987 coquit.

2368 4021 2819 4087 Infelicissimum
2874 4038 3039 4090 genus
3083 4028 3163 4081 est
3206 4026 3507 4092 infortunii
3548 4025 3707 4091 fuisse
3738 4019 3911 4086 felicem.

2294 4108 2527 4164 Plautus
2559 4112 2619 4165 in
2651 4111 3046 4181 Rudentibus;

2509 4218 2755 4285 Miserum
2786 4220 3177 4285 istuc‘verbum
3207 4224 3258 4271 et
3286 4223 3580 4285 pessimum
3610 4224 3697 4278 est,

2508 4280 2782 4340 Habuisse,
2816 4285 2867 4332 et
2894 4282 3027 4332 nihil
3057 4282 3253 4333 habere

2294 4374 2692 4433 Maximianus:

2480 4484 2623 4552 Dura
2643 4486 2773 4552 satis
2793 4486 2997 4536 miseris
3019 4489 3327 4537 memoratio
3351 4490 3527 4552 prisca
3550 4489 3802 4540 bonorum.

2538 4547 2602 4595 Et
2632 4549 2843 4610 gravius
2873 4564 3081 4599 summo
3113 4547 3549 4602 culmine'mersa
3578 4553 3743 4601 ruunt.

2362 4643 2540 4712 Igitur
2574 4645 2645 4717 si]
2690 4646 2999 4705 Memorare
3030 4649 3234 4721 incipit
3260 4650 3411 4706 bona
3445 4651 3633 4707 Boetio
3664 4648 3913 4704 etiamnum

2291 4732 2535 4804 reliqua.

2360 4823 2656 4894 Divinitus]
2684 4825 2730 4879 A
2760 4826 2898 4882 Deo.

2361 4910 2561 4983 Atqui]
2588 4912 2722 4967 Sed.

2340 5001 2654 5072 Incolumis]
2675 5002 2894 5059 Salvus.

2356 5089 2717 5161 Symmachus
2738 5090 2902 5167 socer]
2935 5092 3037 5148 Hic
3079 5093 3238 5149 locus
3284 5094 3523 5151 dilucide
3556 5092 3785 5149 ostendit
3808 5087 3911 5140 Boe-

2286 5176 2431 5231 tium
2463 5177 2759 5249 aliquanto
2782 5182 2943 5251 prius
2969 5182 3027 5236 in
3056 5184 3313 5238 exsilium
3340 5184 3512 5239 fuisse
3544 5184 3762 5238 missum
3784 5188 3914 5247 quam

2289 5266 2663 5337 Symmachus
2694 5270 2817 5341 ejus
2846 5287 3002 5325 socer
3052 5271 3226 5327 fuerit
3272 5279 3490 5345 captus,
3544 5277 3597 5328 et
3628 5272 3685 5325 in
3736 5262 3916 5321 vincula

2285 5356 2573 5426 conjectus
2608 5375 2722 5430 quo
2755 5365 3013 5431 tempore
3041 5365 3364 5434 composuit
3384 5365 3489 5418 hoc
3521 5363 3761 5418 divinum
3789 5367 3911 5425 opus-

2284 5446 2409 5499 Fuit
2432 5451 2626 5502 autem
2652 5448 2744 5503 hic
2764 5449 3140 5519 Symmachus
3170 5454 3258 5507 vir
3282 5452 3697 5517 disertissimus,
3726 5452 3773 5501 et
3798 5455 3914 5499 sum-

2284 5534 2393 5588 mis
2424 5541 2657 5592 ornatus
2686 5538 3016 5608 virtutibus,
3059 5542 3159 5613 qui
3204 5544 3395 5598 Boetio
3440 5547 3600 5614 patre
3631 5538 3823 5593 orbato.
3863 5527 3913 5624 Ol?

2284 5622 2407 5694 ejus
2432 5641 2723 5682 summum
2749 5627 3050 5701 ingenium
3084 5636 3141 5687 et
3170 5632 3443 5704 optimam
3469 5631 3733 5691 indolem,
3761 5622 3911 5677 Busti-
