4054 6184
399 275 501 329 967

465 395 617 469 llunc
646 399 803 469 rigor,
838 397 1175 469 liuncpietas
1197 397 1347 469 illum
1377 397 1588 446 solertia
1613 396 1767 459 juris,

464 463 614 510 Ilunc
643 461 867 517 soboles,
894 461 1126 521 castique
1158 461 1277 507 tori.

477 541 723 609 Rimetur]
753 540 977 609 Litigat,
1016 539 1426 607 disconveniat,
1466 540 1766 611 discrepet.

479 633 610 686 Huic
630 629 837 702 census]
869 629 1125 685 Ostendit
1164 627 1220 681 in
1254 628 1357 682 hac
1386 629 1502 683 vita
1533 629 1751 683 nemini
1792 632 1967 683 totam
2010 629 2089 683 fe-

401 718 669 773 licitatem
707 719 1033 789 provenire.

472 812 709 875 Degener
730 812 977 876 sanguis]
1015 808 1247 862 Generis
1283 807 1634 877 ignobilitas.

476 897 729 969 Utroque]
757 900 826 951 Et
855 914 1057 951 census
1091 902 1147 951 et
1174 896 1398 968 generis
1431 897 1747 951 nobilitate.

476 991 659 1044 Vitam
685 986 935 1058 caelibem]
980 988 1162 1041 Uxore
1213 991 1523 1040 carentem.
1574 986 1839 1040 Horatius
1883 985 1942 1039 in
1982 985 2095 1057 pri-

399 1093 493 1133 mo
526 1078 906 1148 Epistolarum
942 1092 954 1129 :

678 1167 863 1213 Lectus
892 1163 1115 1225 genialis
1143 1164 1193 1210 in
1230 1162 1349 1211 aula
1379 1166 1477 1223 est,

522 1227 602 1275 Nil
626 1228 698 1275 ait.
728 1241 839 1275 esse
863 1228 1028 1289 prius,
1056 1226 1244 1273 melius
1264 1225 1342 1289 nil
1368 1225 1553 1274 caelibe
1576 1226 1702 1274 vita.

524 1291 575 1337 Si
606 1303 713 1337 non
746 1296 843 1348 est,
866 1291 1011 1351 jurat
1039 1289 1174 1336 bene
1200 1288 1324 1336 solis
1346 1302 1458 1336 esse
1489 1289 1708 1336 maritis.

470 1369 810 1441 Inempertus]
848 1370 967 1423 Non
992 1372 1278 1439 expertus.

470 1460 625 1515 Adde
646 1460 790 1529 quod
810 1456 1141 1528 felicissimi]
1169 1457 1422 1512 Ostendit
1450 1472 1562 1527 quo
1596 1455 1777 1524 magis
1806 1456 1949 1525 {sint
1980 1458 2092 1511 for-

399 1554 549 1603 tunm
608 1548 958 1602 successibus
1002 1546 1233 1613 assueti,
1270 1562 1334 1599 eo
1360 1546 1568 1615 iminus
1621 1546 1881 1599 adversos
1930 1563 2091 1601 casus

398 1639 543 1695 ferre
566 1654 729 1709 posse
762 1636 1051 1691 mortales.

468 1706 802 1794 Ad'nutum]
834 1727 909 1778 Ex
943 1724 1121 1777 animi
1152 1724 1452 1791 sententia,
1507 1728 1562 1778 et
1612 1725 1683 1779 ad
1712 1726 2084 1781 voluntatem.
2128 1706 2168 1759 Β

468 1815 727 1887 Insciens]
752 1818 1030 1869 Insuetus.

469 1904 859 1973 Prosternitur]
894 1904 1195 1973 Afﬂigitur,

467 1993 644 2065 Adeo]
677 1996 739 2047 In
768 1999 1013 2048 tantum.

467 2088 569 2140 Per
594 2082 811 2155 emigua]
839 2084 1011 2137 Valde
1047 2083 1271 2153 exigua.

468 2172 763 2242 Summam]
808 2172 1241 2227 Perfectionem.

467 2264 602 2319 Cazlo
640 2260 943 2333 promimos]
995 2262 1177 2332 Supra
1223 2261 1461 2316 modum
1516 2260 1854 2315 fortunatos.
1899 2260 2088 2315 Proxi-

396 2369 557 2408 mum
589 2353 727 2406 coelo
761 2367 861 2404 seu
891 2352 947 2403 in
975 2352 1113 2404 ccelo
1150 2367 1291 2414 esse,
1324 2368 1421 2404 seu
1456 2352 1663 2405 coelum
1713 2351 1892 2421 digito
1918 2352 2088 2405 attin-

396 2459 549 2513 gere,
625 2440 908 2510 signiticat
952 2455 1122 2508 supra
1166 2440 1399 2493 modum
1452 2440 1809 2493 fortunatum
1855 2456 1975 2493 esse
2020 2454 2085 2494 ac

397 2531 731 2601 gloriosum.
790 2529 859 2582 Μ.
918 2528 1133 2581 Tullius
1178 2544 1188 2581 :
1250 2528 1483 2581 Bibulus
1529 2528 1589 2581 in
1629 2530 1767 2581 coelo
1820 2533 1923 2595 est,
1982 2546 2085 2583 nec

398 2635 573 2691 quare.
634 2619 768 2685 scio,
811 2618 905 2671 sed
949 2616 1027 2670 ita
1061 2617 1345 2671 laudatur.
1400 2617 1598 2671 Idem:
1656 2617 1837 2672 Nostri
1893 2622 2082 2672 autem

396 2709 674 2780 principis
708 2706 885 2777 digito
916 2723 973 2760 se
1007 2707 1211 2760 caelum
1250 2710 1454 2777 putant
1497 2706 1797 2777 attingere,
1832 2706 1878 2759 si
1912 2708 2084 2762 nullis

394 2798 617 2854 barbati
648 2798 705 2850 in
736 2796 969 2866 piscinis
999 2796 1131 2861 sint,
1158 2796 1256 2866 qui
1283 2796 1354 2849 ad
1376 2812 1611 2850 manum
1643 2797 1929 2850 accedant.

467 2888 621 2941 Adeo
648 2886 791 2940 nihil
810 2889 887 2939 est
924 2887 1203 2951 miserum,
1232 2887 1343 2939 nisi
1373 2900 1491 2939 cum
1510 2885 1687 2955 putes]
1720 2885 1810 2939 Sic
1859 2886 2084 2940 Menan-

395 2978 495 3032 der
530 3018 542 3031 0
640 3063 778 3112 Nihil
805 3062 1091 3126 admodum
1116 3066 1267 3112 atrox
1283 3076 1468 3126 passus
1484 3075 1558 3123 es,

640 3126 748 3173 Nisi
775 3125 827 3173 id
858 3129 913 3174 tu
946 3125 1039 3173 tibi
1066 3126 1241 3187 fingis.

392 3208 845 3278 quuanimitate]
900 3205 1201 3259 Patientia.
1234 3206 1466 3259 Plautus
1499 3221 1511 3258 :

578 3295 637 3343 In
663 3308 718 3343 re
742 3293 881 3342 mala
914 3294 1091 3342 animo
1122 3294 1164 3341 si
1195 3293 1336 3342 bono
1364 3294 1543 3353 (utare,
1579 3292 1812 3356 adjuvat.

395 3375 659 3430 Horatius
693 3392 706 3427 :

581 3462 679 3510 Sed
712 3461 879 3509 levius
902 3460 958 3508 ﬁt
977 3460 1248 3523 patientia,

578 3523 844 3586 Quidquid
872 3521 1131 3584 corrigere
1148 3526 1226 3569 est
1254 3521 1422 3570 nefas.

464 3603 684 3658 Dederit
725 3602 936 3671 manus]
988 3601 1328 3656 Submiserit
1367 3617 1443 3654 se.
1502 3602 1867 3657 'I‘ranslatum
1914 3606 1981 3659 ab
2012 3606 2081 3661 iis

393 3692 492 3765 qui
524 3692 672 3748 bello
698 3691 845 3763 capti
893 3706 1097 3745 manus
1115 3706 1243 3744 suas
1279 3690 1482 3744 victori
1521 3691 1779 3761 prmbent
1834 3693 2080 3750 vincien—

393 3782 511 3837 das.

456 3871 627 3937 Quam
656 3872 840 3926 multis
871 3868 1333 3925 amaritudinibus
1366 3870 1612 3924 humanas
1642 3872 1931 3936 felicitatis
1960 3873 2081 3929 dul-

391 3960 515 4015 cedo
544 3974 788 4028 respersa
820 3964 915 4024 est]
942 3959 1171 4012 Plautus
1205 3957 1266 4011 in
1295 3958 1711 4029 Amphitryone
1746 3976 1759 4015 :

512 4066 590 4114 Ita
615 4067 802 4128 cuique
832 4068 1191 4129 comparatum
1217 4068 1295 4114 est
1334 4066 1387 4114 in
1420 4070 1571 4116 aetate
1600 4066 1901 4129 hominum;

512 4129 706 4205 gadiis
718 4129 945 4191 placium
957 4129 1217 4205 volpptati
1235 4132 1294 4205 ut
1310 4142 1504 4205 maeror
1520 4137 2075 4205 com‘esconsequatur.

512 4191 647 4249 Quin
672 4190 993 4240 incommodi
1014 4190 1136 4253 plus
1165 4190 1395 4253 malique
1416 4192 1557 4241 illico
1584 4192 1741 4253 adsit,
1772 4190 1897 4242 boni
1923 4196 1965 4243 si
1992 4197 2076 4245 ob-

1726 4255 1845 4317 tigit
1868 4258 2013 4319 quid,

452 4349 610 4405 Plato
653 4366 718 4403 ex
749 4350 948 4404 eodem
977 4349 1184 4403 vertice
1230 4354 1421 4405 censet
1464 4351 1825 4407 dulcedinem
1869 4356 2076 4410 amari-

387 4439 762 4510 tudinemque
812 4439 1065 4492 defluere
1110 4439 1462 4508 voluptatem
1514 4444 1569 4493 et
1591 4437 1885 4508 ldolorem.
1918 4445 2074 4515 Apu-

387 4527 529 4584 leius
550 4528 606 4581 in
630 4531 835 4599 quarto
878 4527 1235 4581 Floridorum
1260 4527 1406 4581 libro
1434 4544 1445 4581 :
1470 4528 1576 4582 Sed
1608 4545 1805 4585 verum
1836 4533 2077 4589 verbum

388 4622 471 4671 est
500 4617 750 4687 profecto
779 4616 933 4687 quod
954 4616 1117 4670 aiunt
1150 4633 1161 4669 :
1198 4615 1347 4669 Nihil
1369 4615 1682 4687 quidquam
1713 4619 1935 4675 homini
1960 4628 2075 4678 tam

385 4722 723 4776 prosperum
756 4705 1025 4759 divinitus
1055 4705 1271 4772 datum,
1300 4705 1439 4776 quin
1471 4707 1643 4760 etiam
1672 4708 1981 4765 admistum
2006 4713 2078 4766 sit

388 4792 605 4864 aliquid
638 4792 1007 4859 difﬁcultatis,
1043 4797 1107 4847 ut
1134 4794 1307 4847 etiam
1349 4794 1407 4847 in
1452 4795 1808 4864 amplissima
1850 4814 2075 4871 quaque

384 4882 583 4937 laetitia
604 4881 784 4935 subsit
817 4882 1101 4953 quaepiam
1133 4882 1220 4936 vel
1241 4899 1416 4953 parva
1449 4884 1847 4954 qumrimonia,
1882 4890 2077 4960 conju-

385 4972 615 5042 gatione
648 4971 895 5041 quadam
921 4972 1107 5027 mellis
1148 4976 1203 5027 et
1231 4971 1399 5027 fellis.
1433 4972 1534 5027 Ubi
1571 4973 1731 5042 uber,
1765 4974 1845 5030 ibi
1883 4978 2070 5034 tuber.

386 5060 623 5117 Ovidius
659 5075 671 5113 :

599 5149 775 5214 Usque
802 5148 932 5197 adeo
959 5148 1103 5214 nulla
1135 5152 1214 5214 est
1243 5150 1448 5214 sincera
1469 5150 1732 5214 voluptas,

599 5210 1000 5273 Sollicitumque
1019 5211 1217 5273 aliquid
1242 5212 1377 5261 lmtis
1400 5210 1701 5262 intervenit.

382 5311 651 5366 Salomon
684 5308 1120 5363 Proverbiorum
1148 5309 1331 5377 capite
1362 5325 1457 5365 xm
1493 5326 1506 5364 :
1542 5311 1707 5365 Risus
1739 5312 1933 5367 dolore
1969 5315 2073 5369 mi-

382 5399 653 5467 scebitur,
689 5402 744 5450 et
765 5402 1019 5451 extrema
1049 5396 1243 5466 gaudii
1270 5397 1455 5452 luctus
1488 5404 1745 5471 occupat.
1782 5402 2074 5460 Lucretius

383 5486 453 5540 de
480 5486 626 5540 libro
659 5487 874 5541 Rerum
904 5487 1115 5540 Natura
1142 5490 1346 5555 quarto
1380 5502 1393 5540 :

754 5590 1021 5651 Convivia,
1054 5589 1183 5648 ludi,

506 5651 702 5703 Pocula
730 5654 930 5712 crebra,
956 5656 1246 5716 unguenta,
1276 5664 1509 5715 coronae,
1530 5657 1669 5705 serta
1696 5662 1949 5720 parantur

1133 273 1471 329 APPENDIX
1512 274 1603 327 Al)
1647 274 1896 330 LIBROS
1938 275 2025 330 DE
2066 276 2586 333 CONSOLATIONE
2627 275 3131 338 PHILOSOPHUS.
3769 285 3863 333 965s

2328 399 2399 446 Ne
2429 398 2715 461 quidquam
2743 398 2992 508 quoniam
3022 399 3193 447 medio
3230 400 3291 448 de
3327 400 3465 448 fonte
3494 400 3727 462 leporum

2328 460 2507 508 Surgit
2536 462 2698 508 amari
2726 475 2753 508 a
2782 461 2923 508 iauid
2944 500 2955 508 .
2980 462 3119 508 quod
3152 462 3206 508 in
3240 463 3366 508 ipsis
3396 463 3610 508 floribus
3636 477 3727 508 ana

2327 461 2507 522 Surgit
2536 462 2698 509 amari
2726 461 2923 524 aliquid
2944 500 2955 521 ,
2980 462 3119 523 quod
3152 462 3206 509 in
3240 463 3366 525 ipsis
3396 461 3610 510 floribus
3636 469 3802 525 angat.

2273 556 2475 629 Emtra]
2503 559 2563 611 In
2594 560 2760 613 rebus
2799 560 3071 627 externis,
3112 560 3219 614 hoc
3257 566 3340 615 est
3362 565 3513 615 extra
3538 577 3636 613 vos
3661 564 3868 630 positis.

2272 648 2434 701 Intra
2462 648 2572 721 vos]
2621 651 2680 702 In
2720 649 2927 703 animis
2949 650 3171 704 vestris.
3202 650 3395 705 Cicero
3434 650 3489 704 in
3533 652 3829 704 Paradoxis
3860 669 3869 704 :

2201 738 2377 791 Nemo
2407 744 2595 809 potest
2627 756 2740 793 non
2773 739 3136 794 beatissimus
3168 757 3308 809 esse,
3332 741 3533 812 quiest
3557 744 3708 795 totus
3728 749 3874 811 aptus

2201 841 2266 880 ex
2306 843 2445 895 sese,
2472 828 2684 898 quique
2713 828 2774 881 in
2808 845 2864 882 se
2897 845 3014 882 uno
3048 846 3149 883 sua
3173 830 3337 899 ponit
3369 830 3586 886 omnia.

2270 914 2517 987 Inscitia]
2552 918 2906 986 Ignorantia.
2944 917 3171 972 Persius
3206 935 3218 973 :

2325 1005 2391 1053 Ut
2426 1008 2602 1055 teneat
2628 1006 2819 1054 vetitos
2848 1006 3058 1056 inscitia
3084 1006 3271 1057 debilis
3301 1012 3465 1057 actus.

2272 1103 2561 1159 Cardincm
2586 1120 2794 1159 summa
2824 1106 3091 1171 felicitate
3115 1105 3229 1178 tibi]
3268 1107 3331 1161 Id
3361 1105 3421 1161 in
3445 1122 3564 1178 quo
3592 1108 3878 1163 vertituret

2200 1194 2458 1247 consistit
2488 1195 2737 1249 maxima
2768 1200 2824 1250 et
2850 1212 2983 1250 vera
3018 1195 3337 1250 beatitudo.

2272 1281 2468 1354 Cardo]
2508 1283 2679 1347 Quasi
2711 1301 2810 1339 cor
2841 1286 3055 1355 januae,
3100 1286 3156 1341 id
3192 1301 3306 1357 quo
3361 1286 3606 1341 vertitur
3630 1286 3745 1340 illa.
3780 1287 3875 1340 Vir-

2201 1369 2374 1438 gilius
2409 1384 2421 1423 :

2386 1477 2609 1526 Foribus
2639 1477 2796 1527 cardo
2828 1478 3086 1529 stridebat
3106 1480 3309 1529 alienis.

2198 1575 2486 1647 Accipitur
2513 1575 2802 1632 interdum
2834 1595 2937 1649 pro
2980 1579 3426 1650 opportunitate.
3455 1579 3654 1634 Idem:

2386 1685 2537 1734 Haud
2564 1689 2709 1734 tanto
2740 1687 2963 1735 cessabit
2992 1686 3205 1735 cardine
3228 1700 3421 1735 rerum.

2201 1783 2269 1837 Et
2298 1783 2445 1838 circa
2474 1784 2534 1839 id
2554 1785 2695 1840 verti
2728 1786 3016 1841 cardinem
3050 1786 3312 1854 dicimus,
3334 1787 3393 1841 in
3425 1802 3541 1859 quo
3564 1803 3786 1842 summa
3804 1789 3871 1842 rei

2199 1873 2476 1929 consistit.

2269 1964 2429 2017 Situi
2444 1978 2652 2032 compos
2673 1961 2870 2034 fueris]
2904 1965 3000 2019 Sui
3033 1982 3266 2037 compos
3292 1971 3395 2034 est,
3425 1968 3525 2039 qui
3566 1968 3873 2040 compositis

2198 2050 2497 2106 affectibus
2532 2052 2730 2121 animi,
2764 2059 2933 2109 rectze
2966 2055 3178 2110 rationi
3211 2058 3451 2128 subjecit
3473 2059 3811 2130 appetitum.

2268 2142 2330 2196 Si
2362 2142 2655 2215 beatitudo]
2678 2144 3426 2213 Argumentatursummum
3458 2148 3685 2203 bonum
3716 2150 3769 2203 in
3786 2150 3874 2202 for-

2195 2230 2355 2283 tuitis
2386 2231 2558 2285 rebus
2579 2247 2692 2285 non
2713 2248 2833 2285 esse
2866 2233 3138 2303 positum,
3162 2235 3269 2288 hoc
3298 2237 3466 2291 modo
3495 2254 3507 2290 :
3537 2237 3868 2309 Quocuaque

2196 2320 2559 2389 prmstantius
2590 2319 2744 2374 aliud
2770 2320 2985 2375 bonum
3011 2328 3111 2390 est,
3138 2322 3194 2377 id
3213 2340 3328 2377 non
3354 2329 3438 2379 est
3457 2342 3769 2380 summum.
3793 2328 3868 2379 Est

2196 2412 2384 2462 autem
2414 2408 2658 2463 fortunae
2682 2425 2939 2465 successu
2961 2412 3177 2467 bonum
3223 2417 3615 2484 praestantius,
3650 2417 3704 2470 id
3749 2420 3867 2487 puta

2195 2497 2347 2569 quod
2378 2498 2524 2568 eripi
2555 2515 2671 2553 non
2700 2505 2906 2570 potest.
2943 2502 3065 2555 Non
3082 2507 3165 2555 est
3193 2503 3369 2572 igitur
3393 2504 3649 2559 fortuna:
3671 2522 3863 2559 succes-

2194 2604 2288 2641 sus
2319 2603 2610 2641 summum
2659 2590 2897 2643 bonum.
2934 2590 3093 2644 Unde
3120 2590 3184 2646 fit
3208 2597 3271 2646 ut
3317 2609 3420 2647 nec
3464 2594 3864 2649 beatitudinem

2193 2676 2446 2731 conferre
2477 2678 2674 2749 possit,
2707 2696 2836 2734 cum
2866 2696 2932 2734 ea
2954 2680 3097 2733 nihil
3122 2681 3193 2735 sit
3214 2682 3365 2737 aliud
3391 2698 3566 2754 quam
3589 2700 3862 2739 summum

2192 2766 2406 2820 bonum
2437 2771 2657 2822 naturae
2681 2769 2901 2823 ratione
2933 2769 3212 2840 degentis.

2264 2856 2357 2910 Ad
2378 2857 2504 2927 haec]
2534 2858 2702 2912 Addit
2730 2859 2898 2912 aliam
2923 2861 3477 2930 argumentationem
3500 2861 3559 2915 in
3572 2862 3726 2916 hunc
3757 2878 3868 2916 sen-

2194 2960 2319 2997 sum
2359 2961 2370 2998 :
2410 2946 2535 2999 Non
2570 2952 2755 3016 potest
2783 2964 3078 3001 summum
3111 2949 3327 3003 bonum
3351 2965 3493 3016 esse,
3537 2950 3699 3021 quod
3732 2951 3864 3003 nullo

2194 3034 2363 3088 modo
2395 3033 2739 3105 intelligitur
2771 3051 2783 3090 :
2809 3036 2917 3090 Sed
2946 3037 3095 3091 bona
3124 3038 3367 3093 fortunae
3397 3039 3444 3093 si
3466 3039 3863 3111 intelligantur,

2192 3123 2413 3178 fallacia
2440 3124 2706 3195 ﬂuxaque
2731 3132 3184 3196 cognoscuntur;
3215 3128 3364 3182 unde
3380 3128 3697 3183 continuus
3726 3129 3863 3182 amit-

2192 3212 2352 3266 tendi
2384 3214 2560 3266 timor
2588 3214 2855 3282 nascitur,
2886 3230 3016 3285 quas
3044 3215 3374 3289 felicitatem
3396 3233 3515 3271 non
3542 3218 3760 3288 recipit.
3784 3216 3861 3270 Sin

2193 3305 2381 3355 autem
2412 3317 2531 3355 non
2551 3302 2974 3373 intelliguntur,
2997 3320 3194 3359 rursus
3217 3307 3536 3362 excluditur
3564 3305 3860 3371 beatitudo,

2192 3406 2223 3442 a
2257 3405 2371 3460 qua
2407 3392 2607 3460 procul
2637 3392 2795 3445 abest
2814 3392 3154 3463 ignorantiae
3185 3394 3689 3467 caacitas,quzeque
3719 3395 3862 3466 polis-

2191 3477 2401 3533 simum
2456 3478 2518 3533 in
2548 3479 2831 3534 bonorum
2873 3484 3263 3552 speculatione
3321 3500 3707 3556 verarumque
3748 3500 3857 3538 con-

2189 3568 2562 3638 templatione
2589 3569 2862 3624 consistit.

2266 3660 2333 3711 Et
2356 3662 2609 3726 quoniam
2643 3664 2699 3712 tu
2729 3659 2869 3713 idem
2899 3661 2971 3730 cs]
2998 3660 3399 3730 Superioribus
3420 3662 3589 3717 aliam
3622 3663 3863 3733 adjungit

2188 3747 2491 3811 rationem,
2521 3763 2633 3818 qua
2688 3748 2851 3802 docet
2904 3750 3328 3805 evidentissime
3360 3751 3699 3807 felicitatem
3748 3767 3859 3805 cum

2189 3835 2418 3889 fortuna
2446 3852 2560 3890 non
2592 3836 2894 3891 cohaerere.
2936 3839 3060 3892 Non
3089 3844 3192 3907 est,
3226 3840 3435 3911 inquit,
3461 3858 3748 3895 summum
3779 3842 3860 3895 ho-

2189 3925 2361 3978 minis
2404 3926 2642 3992 bonum,
2690 3926 2846 3996 quod
2886 3927 2954 3980 ab
2992 3944 3057 3980 eo
3113 3932 3302 3997 potest
3348 3930 3621 3999 separari.
3673 3931 3858 3982 Verum

2188 4018 2373 4067 morte
2404 4013 2658 4081 corporis
2689 4014 2757 4067 ab
2791 4014 3102 4069 immortali
3140 4016 3391 4070 hominis
3422 4018 3615 4072 animo
3647 4017 3859 4074 fortuita

2187 4101 2427 4156 felicitas
2447 4106 2764 4171 separatur.
2801 4106 2913 4157 Aut
2934 4104 3111 4173 igitur
3136 4105 3258 4160 haec
3301 4123 3418 4160 non
3466 4112 3555 4161 est
3586 4122 3858 4161 summum

2188 4190 2435 4245 hominis
2477 4191 2715 4259 bonum,
2747 4196 2843 4246 aut
2894 4193 3284 4249 confitendum
3324 4202 3409 4250 est
3455 4213 3626 4252 omne
3664 4201 3857 4252 morta-

2118 4307 2160 4360 Ι)
2190 4278 2329 4331 lium
2360 4293 2540 4349 genus
2562 4278 2621 4332 in
2654 4279 2945 4334 miseriam
2978 4283 3177 4336 mortis
3200 4283 3314 4337 fine
3354 4284 3596 4355 prolabi.
3633 4286 3741 4340 Sed
3768 4284 3859 4338 hoc

2187 4382 2303 4420 non
2333 4366 2412 4419 ita
2442 4383 2563 4420 esse
2584 4368 2860 4436 praeclara
2891 4370 3207 4424 multorum
3236 4372 3492 4426 facinora
3531 4374 3853 4439 docuerunt,

2190 4455 2289 4527 qui
2310 4470 2416 4525 pro
2442 4455 2652 4511 Christi
2683 4456 2915 4511 nomine
2956 4460 3213 4529 tyrannis
3245 4462 3509 4516 alacriter
3561 4465 3855 4518 reclaman-

2186 4544 2290 4609 tes,
2324 4542 2616 4597 doloribus
2637 4546 3047 4618 suppliciisque
3078 4548 3496 4605 beatitudinem
3527 4552 3635 4607 sibi
3655 4570 3857 4624 compa-

2183 4644 2399 4683 ravere.
2436 4632 2681 4687 Proinde
2727 4635 2787 4687 in
2818 4634 3071 4690 fortuitis
3107 4638 3281 4709 hujus
3331 4640 3465 4695 vita:
3516 4642 3849 4697 successibus

2185 4735 2317 4773 vera
2344 4719 2580 4774 felicitas
2607 4722 2912 4779 consistere
2930 4741 3047 4780 non
3076 4731 3279 4797 potest.

2256 4809 2543 4863 Permultis
2570 4809 3135 4888 demonstrationibus]
3166 4820 3286 4872 Non
3314 4817 3623 4875 Platonicis
3666 4819 3853 4886 solum,

2187 4896 2283 4951 sed
2306 4901 2361 4951 et
2392 4898 2748 4956 Christianis.

2256 4988 2400 5050 Hazc]
2430 4988 2592 5043 Mors.

2259 5075 2481 5146 Multos]
2538 5078 2664 5132 Non
2721 5078 2952 5145 Stoicos,
3014 5098 3203 5154 neque
3253 5085 3506 5156 Cynicos,
3548 5089 3646 5144 sed
3696 5085 3858 5158 magis

2189 5162 2541 5218 Christianos
2572 5172 2851 5238 martyres
2884 5170 3093 5241 accipe.

2254 5253 2561 5323 Doloribus]
2599 5258 2845 5327 Baptista
2874 5261 3214 5316 Mantuanus
3249 5280 3262 5316 :

2369 5359 2543 5433 Pauca
2570 5363 2682 5424 pari
2708 5365 2894 5433 satius,
2916 5366 3269 5433 brevibusque
3288 5371 3486 5433 interna
3518 5383 3697 5433 parare

2370 5422 2890 5534 Gaudia‘sup’pliciis,
2906 5442 3062 5489 quam
3094 5422 3217 5477 dum
3248 5431 3505 5494 fugientia
3519 5422 3719 5481 'frustra

2370 5482 2635 5534 Complem
2703 5500 2805 5534 ona
2826 5502 3083 5534 conamur
3113 5492 3362 5534 retinere.
3387 5493 3617 5534 lahnmm

2367 5482 2805 5553 gomplexib'ona
2826 5482 3083 5553 con-amur
3113 5482 3365 5553 retinere,
3387 5493 3619 5545 laborem

2364 5545 2587 5596 Perdere
2612 5550 2663 5596 et
2687 5548 2922 5601 infernos
2947 5551 3159 5604 demum
3190 5545 3508 5607 descendere
3556 5558 3619 5607 ad
3659 5566 3841 5605 amnes.

2181 5657 2339 5715 Idem
2362 5661 2476 5718 alio
2510 5662 2571 5719 in
2599 5663 2722 5721 loco
2750 5682 2764 5722 :
