4054 6184
178 250 271 302 969
1438 266 1825 324 MURMELLII
1866 274 2391 333 COMMENTARIA.

377 381 430 449 ἓξ
458 394 625 449 genus
656 382 946 432 humanum
980 392 1205 449 saperet,
1238 403 1334 439 nec
1364 392 1556 443 inertia
1586 400 1789 448 tantum

374 443 635 521 illecebris
664 450 897 521 captum,
927 443 1152 521 vitentque
1182 443 1457 521 fugacibus
1486 443 1640 508 annis

377 506 604 584 Corpora
633 506 869 584 cur—aret,
885 506 1117 584 labentia
1142 506 1322 584 regna,
1343 506 1636 584 imumque

374 568 698 644 Caeni-asque
732 571 967 644 habitare
994 568 1281 644 domosfet
1309 568 1407 644 vile
1438 568 1633 644 pudere

375 631 689 712 l‘lospitiu'm‘,
721 634 1084 712 qluod‘cuncta
1132 631 1251 712 sinu
1286 631 1535 712 caelique
1589 631 1851 712 marisque

371 694 719 768 Purgamenta
739 694 897 768 legit,
929 699 1224 768 tristesuhi
1256 703 1428 768 sidera
1450 694 1631 768 casus,

369 755 723 820 Assiduasque
753 755 949 821 pluunt
974 761 1164 811 infesto
1192 764 1393 817 lumine
1416 755 1630 820 mortes:

755 859 822 911 IN
854 860 1143 917 METRUM
1173 864 1257 920 IV.

227 942 461 996 Carmen
493 948 577 997 est
606 944 855 1014 dicolon,
887 948 1247 1021 distrophon,
1284 955 1447 1026 cujus
1471 958 1696 1027 primus

167 1046 341 1084 versus
368 1037 452 1085 est
476 1035 907 1103 Anacreontius,
945 1038 1211 1109 dimeter,
1245 1045 1664 1113 acatalecticus,
1699 1047 1843 1102 iam-

166 1118 326 1184 bicus,
357 1124 621 1175 constans
666 1123 848 1179 tribus
878 1128 1122 1197 pedibus
1171 1136 1227 1186 et
1257 1134 1496 1204 syllaba,
1531 1136 1733 1192 similis
1761 1137 1844 1192 illi

171 1209 538 1266 Prudentiano
562 1228 574 1266 :

581 1301 759 1351 Cultor
786 1304 880 1353 Dei
905 1312 1188 1359 memento.

169 1384 442 1439 Secundus
468 1392 553 1442 est
591 1389 1010 1463 Pherecratius,
1042 1401 1309 1452 constans
1361 1416 1429 1454 ex
1471 1402 1723 1472 spondeo
1754 1404 1842 1458 vel

167 1480 446 1543 anapaesto,
478 1476 700 1548 dactylo
750 1485 806 1534 et
851 1483 1122 1552 spondeo.
1174 1487 1349 1542 Docet
1386 1494 1577 1546 autem
1622 1492 1842 1545 tutissi-

166 1579 304 1616 mum
345 1580 464 1619 esse
510 1566 748 1622 minime
796 1570 960 1625 bonis
1010 1575 1258 1629 externis
1310 1577 1552 1633 inhiare.
1610 1581 1750 1634 Nam
1791 1580 1840 1634 si

163 1650 373 1708 fortuna
418 1670 629 1725 magna
674 1660 932 1716 conferre
976 1663 1255 1733 videatur,
1300 1668 1579 1723 maximos
1610 1685 1837 1740 quoque

163 1741 362 1795 dolores
393 1743 694 1800 discedens
716 1751 1074 1806 estallatura.
1110 1754 1323 1810 Suadet
1344 1757 1522 1827 igitur
1546 1758 1839 1813 vitandam

162 1845 262 1884 esse
300 1831 538 1888 nimiam
584 1835 922 1906 claritatem,
960 1843 1113 1912 quod
1166 1843 1287 1898 haec
1336 1845 1566 1900 invidia:
1627 1847 1699 1901 sit
1743 1848 1841 1902 ob-

161 1920 327 1987 noxia,
372 1925 864 1991 quemadmodum
905 1931 1190 1986 montium
1223 1934 1520 1988 cacumina
1550 1936 1839 2007 perpetuis

160 2008 316 2061 ventis
346 2010 713 2068 infestantur.
753 2017 1071 2087 Fugiendas
1102 2038 1333 2093 quoque
1372 2023 1581 2095 inopiae
1623 2026 1835 2094 sordes,

162 2114 269 2167 quae
299 2101 524 2170 pondus
557 2104 750 2159 arduae
770 2106 996 2161 virtutis
1024 2110 1303 2165 sustinere
1331 2113 1548 2184 nequit,
1570 2114 1640 2167 ob
1665 2114 1838 2185 idque

164 2186 351 2241 bibulis
390 2191 585 2245 arenis
624 2201 1005 2265 comparatur.
1053 2199 1301 2254 Medium
1330 2201 1521 2272 itaque
1554 2204 1838 2274 optimum

160 2291 278 2344 esse,
310 2279 457 2347 quod
490 2296 595 2351 per
624 2282 841 2338 humile
864 2302 1062 2341 saxum
1084 2288 1471 2359 significatum
1505 2298 1609 2362 est,
1654 2294 1837 2348 maxi-

159 2380 480 2437 mopereque
532 2372 995 2442 amplectendum
1060 2382 1161 2431 est.
1208 2379 1276 2432 Ut
1331 2380 1484 2433 enim
1535 2382 1836 2438 Aristotele

159 2460 326 2509 auctor
356 2462 437 2511 est
459 2459 839 2516 Politicorum
869 2463 1016 2518 libro
1051 2471 1275 2535 quarto,
1327 2469 1387 2521 in
1423 2470 1581 2524 omni
1612 2471 1835 2527 civitate

159 2549 269 2597 sunt
292 2550 401 2600 tres
430 2547 736 2603 hominum
770 2553 1025 2622 species:
1059 2554 1280 2624 divites,
1318 2572 1599 2629 pauperes
1630 2566 1685 2615 et
1720 2577 1835 2615 me-

158 2632 387 2702 diocres;
446 2654 703 2707 quorum
750 2642 954 2710 optimi
1016 2648 1149 2698 sunt
1202 2646 1536 2716 mediocres,
1580 2666 1647 2702 eo
1682 2650 1833 2721 quod

162 2724 385 2778 medium
412 2742 646 2798 semper
678 2733 763 2783 est
784 2731 1087 2800 optimum.
1122 2734 1278 2788 Idem
1302 2735 1498 2790 scribit
1518 2738 1834 2794 mediocres

161 2812 286 2866 cives
314 2816 497 2885 magis
528 2817 753 2885 salvari,
790 2821 1065 2890 quoniam
1106 2839 1212 2877 nec
1242 2825 1479 2879 insidias
1508 2827 1829 2897 patiuntur,

160 2917 241 2953 nec
269 2902 494 2958 fraudes
520 2905 757 2973 faciunt,
790 2913 853 2963 ut
883 2909 979 2963 alii
1005 2953 1017 2979 ,
1052 2918 1404 2984 quapropter
1424 2914 1544 2968 sine
1574 2916 1830 2987 periculo

157 2990 344 3045 vivunt.
375 2994 470 3047 Ait
507 3000 562 3047 et
589 2996 789 3051 eodem
819 2997 878 3051 in
906 2998 1054 3053 libro
1082 3018 1093 3054 :
1138 3001 1358 3065 Quanto
1400 3005 1582 3073 magis
1614 3006 1829 3077 aliquid
1870 3014 1910 3068 C

155 3082 341 3135 accedit
367 3083 435 3135 ad
461 3084 748 3149 medium,
782 3090 939 3141 tanto
967 3105 1085 3142 esse
1118 3092 1362 3157 melius;
1399 3098 1615 3162 quanto
1650 3097 1831 3165 magis

154 3169 727 3239 distatamedio,tanto
745 3177 929 3247 pejus.
954 3178 1220 3234 Horatius
1264 3182 1592 3237 Carminum
1644 3184 1825 3242 lib.n:

370 3281 591 3347 [lectius
622 3281 786 3337 vives,
816 3284 1005 3347 Licini,
1039 3300 1208 3347 neque
1236 3289 1399 3337 altum

373 3343 883 3413 gempenurgendo,
912 3343 1081 3413 neque
1106 3343 1231 3398 dum
1258 3351 1514 3413 procellas

370 3407 573 3475 Ceu-tus
604 3406 866 3475 horrescis
900 3406 1120 3460 nimium
1146 3406 1435 3475 premendo

464 3469 638 3517 Littus
666 3470 926 3532 iniquum.

366 3530 595 3595 Auream
628 3530 867 3595 quisquis
898 3534 1316 3585 mediocritatem

368 3593 570 3649 Diligit,
597 3593 745 3643 tutus
770 3593 914 3645 caret
934 3597 1156 3646 obsoleti

369 3631 632 3704 Sordib’us
661 3657 802 3713 tecti.
834 3663 977 3708 caret
1011 3660 1297 3709 invidenda

462 3719 686 3767 Sobrius
712 3720 851 3768 aula.

369 3781 579 3846 Saepius
602 3782 785 3846 Sventis
819 3783 1048 3845 agitatur
1076 3784 1263 3846 ingens

373 3845 560 3907 Pinus,
586 3847 637 3892 et.
655 3844 808 3893 celsae
840 3844 1082 3907 graviore
1110 3844 1232 3893 casu

368 3906 631 3971 Decidput
660 3906 1170 3971 turres,’feriuntque
1193 3921 1430 3957 summos

530 3967 760 4030 Fulgura
784 3973 1012 4019 montes.

150 4063 349 4119 Ovidius
375 4066 434 4121 in
464 4067 636 4121 tertio
660 4066 730 4123 de
751 4068 1026 4123 Tristibus
1051 4085 1063 4123 :

254 4171 453 4236 Visibus
483 4171 686 4236 edocto
705 4172 748 4220 si
774 4174 1064 4236 quidquam
1096 4173 1266 4223 credis
1297 4175 1486 4230 amico.

305 4234 572 4310 Viventibi,
604 4239 656 4283 et
677 4234 834 4310 longe
869 4234 1087 4310 nomina
1114 4238 1482 4310 magnafuge.‘

252 4295 368 4362 Vive
399 4298 514 4350 tibi.
546 4295 913 4362 quantumque
935 4303 1084 4362 potes
1114 4295 1559 4362 prtelustriavita,

306 4359 515 4408 Saevum
542 4359 807 4423 praelustri
827 4359 1048 4411 fulmen
1074 4359 1140 4411 ab
1177 4375 1295 4411 arce
1322 4362 1483 4412 venit.

148 4433 279 4490 Idem
307 4456 417 4494 non
449 4442 534 4495 ita
565 4440 747 4495 multo
776 4444 901 4511 post
928 4457 940 4495 :

249 4526 401 4592 Crede
432 4528 583 4585 mihi,
617 4528 751 4592 bene
781 4529 877 4592 qui]
902 4529 1075 4584 latuit,
1112 4529 1247 4578 bene
1273 4529 1422 4587 vixit,
1451 4534 1504 4579 et
1526 4530 1667 4579 intra

306 4591 590 4641 Fortunam
614 4590 767 4641 debet
794 4590 1015 4655 quisque
1043 4604 1259 4643 manere
1280 4606 1450 4642 suam.

203 4670 469 4744 Quisquis]
504 4672 866 4743 Quicunque.

202 4760 491 4831 Pereiutem]
525 4763 891 4831 Perpetuam,
914 4760 1271 4830 diuturnam,
1312 4759 1652 4816 durabilem.

204 4847 401 4922 Ponere]
431 4849 751 4906 xEdiﬁcare.

203 4935 397 5010 Sedem]
432 4938 860 5007 Habitaculum,
892 4938 1190 4994 habitandi
1222 4940 1431 4995 locum.

206 5026 343 5099 Euri]
378 5028 565 5082 Venti.

209 5113 448 5185 Pontum]
483 5118 653 5172 Mare.

204 5204 411 5261 Bibutas
460 5206 676 5275 arenas]
729 5205 914 5260 Siccas
954 5209 1010 5259 et
1048 5205 1310 5260 humoris
1350 5220 1605 5275 capaces.
1659 5206 1824 5276 Apud

151 5290 451 5349 Matthaeum
474 5295 889 5365 evangelistam
924 5295 1144 5364 (Matth.
1180 5294 1276 5363 vn)
1302 5294 1557 5348 Christus
1585 5294 1823 5347 humani

149 5384 347 5447 generis
374 5388 629 5439 servator
659 5386 782 5440 haec
808 5384 1065 5455 loquitur
1092 5401 1103 5438 :
1139 5382 1337 5439 Omnis
1368 5399 1505 5453 ergo
1538 5383 1635 5453 qui
1664 5383 1826 5438 audit

153 5470 297 5525 verba
327 5489 453 5527 mea
491 5474 613 5528 haec
661 5478 718 5529 et
760 5473 896 5528 facit
940 5488 1032 5542 ea,
1084 5472 1499 5526 assimilabitur
1549 5472 1669 5525 viro
1727 5488 1824 5525 sa-

149 5558 325 5625 pienti,
359 5563 459 5633 qui
481 5563 786 5618 aediﬁcavit
813 5563 1047 5618 domum
1081 5578 1247 5616 suam
1277 5577 1451 5632 supra
1477 5564 1698 5633 petram
1726 5578 1738 5627 ;
1767 5566 1825 5615 et

150 5645 414 5706 descendit
440 5652 653 5724 pluvia,
703 5656 759 5707 et
796 5656 1080 5707 venerunt
1132 5650 1394 5718 fiumina,
1430 5654 1494 5706 et
1541 5650 1822 5705 {laverunt

481 5753 754 5820 PATROL.
806 5752 1029 5819 LXIII.

3550 299 3656 352 970

1891 407 1936 459 A
1968 406 2140 473 venti,
2175 411 2231 460 et
2258 406 2549 464 irruerunt
2583 412 2641 465 in
2692 413 2929 469 domum
2971 416 3147 485 illam,
3181 424 3236 473 et
3265 438 3378 477 non
3428 427 3651 483 cecidit.

1965 495 2220 550 Fundata
2243 497 2395 551 enim
2415 504 2539 554 erat
2568 518 2739 572 super
2768 509 3010 573 petram.
3040 507 3109 561 Et
3146 511 3331 565 omnis
3364 516 3461 583 qui
3496 518 3656 572 audit

1962 584 2132 639 verba
2172 602 2300 641 mea
2349 588 2494 655 haec,
2547 594 2603 645 et
2651 608 2769 646 non
2831 594 2965 648 facit
3017 613 3103 665 ea,
3136 598 3336 655 similis
3394 605 3501 659 erit
3530 607 3651 663 viro

1962 676 2154 741 stulto,
2182 676 2281 747 qui
2313 678 2613 733 mditicavit
2635 681 2873 736 domum
2902 700 3064 740 suam
3103 704 3274 759 super
3303 708 3573 764 arenam;
3602 706 3658 754 et

1960 762 2254 819 descendit
2294 767 2506 836 pluvia,
2541 774 2596 822 et
2644 777 2926 827 venerunt
2972 776 3233 848 flumina,
3283 786 3338 835 et
3372 762 3658 842 ﬂaverant

1958 852 2134 920 venti,
2166 858 2220 907 et
2242 854 2537 911 irruerunt
2569 856 2626 911 in
2655 858 2893 916 domum
2921 862 3103 934 illam,
3132 871 3189 921 et
3210 869 3430 941 cecidit,
3464 878 3521 928 et
3547 875 3656 931 fuit

1956 940 2124 995 ruina
2174 943 2295 1013 ejus
2347 960 2579 1015 magna.
2651 948 2789 1002 Rem
2851 952 3113 1009 eamdem
3161 957 3439 1016 Juvencus
3499 963 3654 1022 hisce

1956 1029 2257 1085 luculentis
2286 1034 2543 1087 versibus
2592 1037 2929 1106 explicavit:

2141 1119 2373 1201 Quisque
2400 1123 2531 1201 meis
2567 1126 3073 1201 monitis‘auresque
3105 1134 3320 1201 etfacta
3346 1137 3557 1201 dicabit,

2140 1183 2292 1250 l_lunc
2321 1186 2542 1250 aequabo
2571 1187 2704 1250 viro,
2732 1189 2915 1239 solidis
2948 1183 3430 1250 fundamina‘sﬁairis

2140 1245 2782 1325 Pp_niajnti,:librata_super
2801 1266 2927 1325 quae
2956 1258 3155 1325 moenia
3179 1245 3429 1325 surgent":

2136 1306 2232 1385 l'l‘la
2261 1308 2451 1385 domus
2480 1310 2675 1384 pluviis
2691 1306 2968 1385 ventisque
2998 1319 3165 1385 illaesa
3184 1306 3443 1385 ‘nSEﬁ’iEiiii,

2137 1369 2560 1438 '_I:orrentumq_ue
2592 1376 2762 1425 minas
2798 1369 3010 1429 ﬁrmato
3036 1369 3446 1438 robore‘vince-t:

2137 1432 2597 1511 ligrentgimm‘oto
2621 1440 2880 1511 quoniam
2912 1432 3222 1511 fundamine
3251 1432 3433 1511 phiae.

2138 1492 2374 1571 Quivero
2404 1497 2585 1546 auditu
2617 1492 2833 1571 teritum
2854 1516 2969 1553 mea
2995 1492 3391 1571 jussva'ten‘eb'it',

2139 1555 2473 1637 Riversisqrile
2505 1562 2689 1637 prpcul
2714 1562 2867 1637 factis
2891 1555 3429 1637 perlubricaperg‘et,

2138 1618 2289 1693 Eunt:
2314 1618 2556 1693 simileiir
2570 1622 2759 1673 faciam
2785 1618 2985 1693 volucri
3011 1632 3099 1693 qui
3132 1618 3465 1687 iniciih‘iéiia

2136 1680 2507 1759 Eundamenta
2527 1684 2715 1755 domus
2738 1702 2757 1735 :
2787 1680 3100 1759 cuimox'ut
3126 1680 3526 1759 naisiha'iv’éiia,

2133 1741 2197 1817 ξι
2224 1742 2403 1815 pluvia
2418 1744 2614 1817 ‘etl‘usis
2648 1741 3370 1817 cmpcre_imcunibere_rivis,

2138 1804 2606 1880 pm’nisisubverso
2632 1804 2934 1880 procumbit
2962 1804 3197 1877 pondere
3226 1804 3415 1880 £56133,

2134 1865 2537 1932 lnsequiturque
2562 1865 2708 1933 gravi
2734 1865 2992 1926 tectorum
3022 1865 3193 1944 strage
3226 1865 3399 1933 Fuit-1a:

1950 1945 2205 2001 Graecum
2260 1950 2628 2018 proverbium
2685 1958 2796 2009 est:
2856 1956 2926 2018 εἰς
2975 1958 3191 2033 ψάμμον
3239 1962 3551 2038 οἱκοὸομεῖς,
3586 1969 3650 2023 ln

1950 2052 2122 2090 arena
2161 2037 2443 2093 aediﬁcas:
2478 2057 2591 2111 quo
2651 2058 2786 2097 usus
2828 2046 2955 2114 erit,
3016 2050 3115 2103 ubi
3162 2053 3290 2122 quis
3353 2037 3648 2127 negotium

1948 2126 2283 2196 aggreditur
2312 2128 2516 2182 inutile
2570 2129 2848 2198 futurum,
2897 2139 3094 2207 utpote
3130 2156 3245 2195 non
3299 2150 3449 2200 recte
3478 2146 3646 2217 jactis

1948 2220 2078 2269 ante
2108 2216 2520 2271 fundamentis.

2020 2304 2190 2374 Illud]
2228 2307 2509 2360 Cacumen
2533 2307 2632 2361 alti
2662 2311 2891 2365 montis.

2015 2392 2325 2465 Protervus]
2360 2395 2533 2450 Valde
2565 2399 2758 2451 torvus
2780 2404 2837 2453 et
2861 2401 3149 2459 terribilis.

2014 2482 2238 2553 Auster]
2272 2485 2502 2538 Ventus.

2020 2571 2204 2642 Urget]
2230 2573 2482 2640 lnfestat,
2525 2575 2799 2630 concutit.
2834 2578 3063 2635 Ovidius
3088 2599 3101 2637 :

2068 2659 2285 2709 Summa
2310 2662 2439 2724 petit
2466 2662 2615 2719 livor,
2647 2664 2871 2726 perﬂant
2909 2668 3163 2722 altissima
3192 2674 3357 2725 venti.

1942 2740 2152 2797 Seneca
2181 2742 2240 2795 in
2274 2742 2580 2813 Hippolyto
2606 2760 2617 2797 :

2158 2830 2382 2905 Admota
2410 2832 2649 2905 tethereis
2668 2833 2913 2905 culmina
2937 2841 3172 2905 sedibus,

2312 2895 2484 2961 puros
2513 2896 2785 2961 excipiunt
2812 2906 2986 2961 notos,

2310 2956 2487 3021 lasani
2520 2956 2696 3008 Borém
2730 2963 2919 3021 minas,

2315 3018 2752 3086 Imbriferumque
2778 3018 2978 3074 corum.

2162 3080 2388 3130 Humida
2419 3084 2569 3133 vallis
2594 3080 2713 3136 raro
2744 3089 2940 3150 patitur
2966 3090 3207 3139 fulminis
3231 3091 3383 3141 ictus.

2011 3158 2130 3230 H2]
2152 3164 2375 3217 Arente.

2008 3249 2328 3320 Pendulum]
2374 3254 2646 3308 Pendens.

2009 3335 2199 3409 Ferre]
2226 3338 2541 3396 Sustinere.

2007 3426 2371 3484 Periculosam
2402 3432 2621 3501 sortem]
2657 3432 3050 3489 Periculorum
3090 3436 3318 3507 plenam
3352 3439 3632 3495 conditio-

1935 3527 2090 3567 nem.

2004 3603 2242 3659 Amce-nae
2287 3606 2454 3679 sedis]
2506 3609 2878 3681 Voluptuosas
2926 3612 2987 3667 in
3032 3613 3246 3669 montis
3305 3618 3632 3675 summitate

1933 3690 2324 3749 habitationis.

2002 3784 2211 3852 Figere]
2247 3785 2524 3855 Condere,
2557 3788 2856 3845 aedificare.

2008 3872 2190 3940 Tonct]
2222 3874 2603 3929 Vehementer
2623 3882 2679 3932 et
2707 3879 3041 3935 terribiliter
3063 3887 3244 3937 sonet.

2004 3960 2213 4031 Ruim's]
2246 3962 2666 4020 Eversionibus.

2002 4048 2236 4118 Robore]
2271 4050 2581 4107 Firmitate.

2003 4137 2195 4206 Duces]
2218 4141 2387 4208 Ages.

1902 4266 1909 4273 ,
2003 4226 2257 4297 Serenus]
2290 4228 2492 4291 Quieta
2530 4233 2723 4286 mente
2761 4233 3128 4305 compositus.

2006 4315 2236 4385 Eoum]
2266 4317 2513 4388 Tempus
2534 4319 2686 4376 vitae.

2003 4403 2227 4475 Ridens]
2264 4407 2426 4461 Parvi
2456 4406 2689 4465 faciens.

2000 4493 2136 4566 lras]
2165 4496 2551 4567 Tempestates
2581 4499 2743 4554 aeris.

2533 4589 2605 4642 ΙΝ
2647 4589 2925 4646 PROSAM
2963 4591 3024 4645 V.

2002 4673 2283 4728 Hactenus
2311 4675 2685 4748 Philosophia
2716 4678 2983 4734 disseruit
3012 4680 3259 4735 fortunae
3290 4679 3442 4735 bona
3476 4683 3631 4753 apud

1929 4777 2113 4817 unum
2175 4764 2555 4836 eamdemque
2604 4772 2886 4838 perpetuo
2949 4785 3065 4823 non
3097 4785 3453 4841 permanere.
3485 4771 3629 4827 Nam

1931 4850 2063 4906 licet
2096 4853 2405 4923 aliquando
2433 4855 2718 4911 viventem
2746 4874 2861 4912 non
2881 4859 3171 4929 deserant,
3198 4861 3401 4916 mortis
3431 4865 3627 4917 tamen

1930 4939 2267 4995 necessitate
2335 4948 2691 5013 separantur.
2756 4947 2917 5002 Nunc
3001 4964 3134 5004 vero
3192 4955 3632 5022 argumentatur

1931 5029 2155 5083 etiamsi
2186 5030 2300 5085 sint
2330 5032 2517 5099 ﬁrma,
2552 5033 2915 5107 stabiliique,
2950 5042 3146 5093 tamen
3196 5039 3451 5095 hominis
3497 5056 3628 5112 pro-

1930 5116 2055 5186 pria
2083 5116 2236 5171 bona
2265 5118 2374 5173 dici
2433 5136 2551 5174 non
2583 5137 2764 5191 posse,
2818 5140 3005 5196 neque
3061 5128 3307 5183 conferri
3356 5130 3625 5183 humanm

1930 5205 2214 5275 dignitati,
2251 5224 2378 5279 qua:
2410 5209 2576 5279 longe
2606 5214 2969 5281 praestantior
2997 5222 3081 5272 est
3116 5218 3397 5273 universis
3437 5218 3627 5273 fortu-

1932 5310 2021 5348 nae
2053 5294 2291 5350 divitiis.

2001 5387 2312 5457 Rationum]
2344 5389 2948 5458 Argumentationum.

2006 5474 2273 5547 Fomenta]
2306 5477 2601 5541 Remedia.
2634 5482 3069 5537 medicamenta.
3105 5484 3376 5538 Fomenta
3393 5484 3627 5554 proprie

1932 5563 2202 5619 dicuntur
2231 5567 2643 5637 applicationes
2664 5587 2859 5626 rerum
2890 5572 3203 5626 calidarum
3226 5572 3343 5627 sive
3363 5572 3627 5631 humida-

1930 5668 2064 5709 rum
2096 5654 2167 5711 ad
2196 5660 2385 5727 partes
2411 5659 2666 5731 corporis
2696 5661 2877 5731 lassas,
2912 5660 3085 5732 idque
3116 5662 3386 5720 medendi
3414 5665 3622 5737 gratia.

3178 5764 3258 5827 31
