4054 6184
1187 252 1535 306 APPENDIX
1578 253 1667 304 AD
1711 249 1957 306 uanos
2000 249 2093 304 DE
2134 246 2675 305 CONSOLATIONE
2717 246 3271 303 PHILOSOPHIIE.’
3786 256 3867 308 sm

462 388 660 442 Fomes
688 384 894 441 dicitur
924 384 1111 439 assula
1142 400 1205 438 ex
1227 384 1427 438 arbore
1468 399 1700 439 excussa
1732 384 1865 439 dum
1897 383 2152 438 caeditur.
2195 386 2240 437 A
2268 381 2328 435 in
2360 380 2567 452 quibus
2615 380 2831 433 nescias
2877 383 3067 433 utrum
3098 379 3313 450 species
3344 379 3569 451 amplius
3598 381 3791 449 ﬂorum,
3817 402 3871 439 an

459 478 598 530 Item
630 491 988 546 quaecunque
1026 474 1267 528 materia
1321 475 1484 542 sicca,
1520 474 1581 528 in
1641 490 1756 545 qua
1794 473 1955 528 facile
2009 472 2159 544 ignis
2267 471 2350 525 vis
2381 470 2559 524 odora
2595 468 2888 525 delectet?
2915 470 3230 523 Pascuntur
3259 468 3406 523 oculi
3443 474 3587 539 grato
3614 475 3871 541 spectaculo

458 561 866 619 inﬂammatur.
902 567 1007 619 Per
1028 564 1421 634 metaphoram
1451 569 1642 618 autem
1674 562 1933 618 fomitem
1961 563 2158 634 appel-
2265 560 2437 631 longe
2461 560 2689 630 lateque
2720 558 2863 613 odor
2892 558 3203 630 spargitur,
3227 558 3388 629 cujus
3414 558 3664 614 suavitate
3682 561 3873 632 comple-

456 655 661 721 lamus,
697 654 977 727 quidquid
1007 656 1267 711 accendit
1293 673 1397 711 nos
1420 662 1592 729 atque
1613 658 1818 713 excitat
1834 658 1905 712 ad
1934 653 2158 726 aliquid
2267 665 2424 704 mur.

456 743 766 815 agendum.
2342 737 2589 811 Ubertas]
2623 737 2920 792 Fertilitas.

2334 824 2745 897 Animantium]
2774 827 3148 881 Animalium.

2335 917 2649 987 Alimentis]
2683 917 3079 971 Nutrimentis.

461 257 553 308 971

531 849 933 922 Validioribus]
970 853 1394 908 Efﬁcacioribus
1425 855 1761 910 rationibus.

522 940 662 1011 Age]
696 942 852 995 Nunc
884 948 968 996 est
995 943 1332 998 adverbium
1365 945 1644 1015 captantis
1682 942 2076 999 attentionem.

523 1028 757 1101 Earum]
783 1030 1144 1086 Divitiarum.

520 1117 727 1189 Potius]
756 1120 971 1188 Melius,
1006 1122 1385 1192 praestantius.

522 1209 831 1282 Aurumne]
857 1211 942 1264 An
980 1227 1206 1279 aurum,
1240 1212 1447 1283 inquit,
1491 1213 1642 1285 quod
1674 1213 1743 1267 ab
1774 1226 1932 1280 aura,
1963 1209 2022 1266 id
2063 1213 2149 1265 est

451 1298 694 1370 fulgore.
731 1300 945 1356 dictum
978 1305 1085 1367 est,
1116 1301 1309 1371 potius
1338 1308 1442 1357 est.

524 1391 619 1443 An
646 1389 751 1459 vis]
781 1390 841 1444 Id
867 1394 949 1444 est
976 1391 1285 1447 multitudo
1316 1392 1595 1463 pecuniae.

526 1479 815 1550 Congesta]
848 1480 908 1534 Id
940 1485 1026 1535 est
1044 1487 1416 1537 coacervataa.

521 1568 720 1640 Atqui]
748 1569 876 1623 Sed.

522 1657 638 1727 Hae]
667 1657 950 1712 Pecuniae.

521 1748 707 1801 Nitent
736 1748 928 1801 melius
959 1746 1301 1820 e/fundendo]
1340 1748 1482 1803 Cum
1522 1746 1915 1802 effunduntur.

523 1835 695 1900 Quam
727 1834 1114 1908 eoaccrvando]
1159 1837 1298 1891 Cum
1330 1840 1756 1891 coacervantur.

512 1924 795 1993 Siquidem
870 1930 1112 1981 avaritia
1162 1942 1370 1996 semper
1398 1927 1630 1994 odiosos,
1681 1926 1857 1980 claros
1920 1926 2150 1992 largitas

448 2013 625 2083 eﬁicit]
660 2015 937 2069 Praeclara
962 2016 1247 2075 sententia
1268 2020 1353 2070 est
1383 2020 1438 2069 et
1460 2014 1839 2087 philosophice
1872 2014 2148 2087 gravitate

452 2100 647 2172 digna.

516 2209 598 2264 Et
622 2226 728 2264 vos:
780 2211 998 2278 quidem
1056 2209 1185 2283 tota]
1222 2210 1484 2266 Ostendit
1514 2210 1663 2265 vocis
1697 2214 1961 2265 naturam
1998 2226 2145 2280 prae-

447 2298 784 2353 stantiorem
813 2315 933 2353 esse
974 2316 1147 2370 quam
1202 2300 1566 2367 divitiarum;
1608 2316 1739 2354 cum
1777 2316 1885 2353 vox
1939 2304 2059 2353 tota
2091 2305 2149 2354 et

447 2387 673 2458 integra
701 2388 918 2458 pariter
959 2389 1275 2442 multorum
1326 2388 1545 2458 repleat
1592 2390 1878 2459 auditum,
1933 2388 2145 2443 divitias
2412 2387 3610 2469 ingenuae“ﬁgisé'a‘ieirédaé'éi'ﬂoiﬁni

448 2491 580 2531 vero
606 2476 714 2529 nisi
744 2477 1042 2530 diminuta:
1086 2482 1142 2531 et
1196 2477 1500 2541 distractae,
1553 2478 1613 2531 in
1660 2480 1854 2548 plures
1902 2478 2122 2532 transiri

2408 2468 2700 2548 ﬁmbitioso
2732 2468 2915 2526 fames,
2938 2472 2990 2517 et
3014 2468 3178 2548 lautae:
3202 2468 3372 2548 gloria
3394 2480 3606 2548 mensas.

733 2563 742 2573 .
1016 2566 1024 2575 .
1296 2530 1323 2531 ⁷⁷
1348 2530 1365 2575 ⁷.
1810 2530 1813 2531 ⁷
1840 2530 1876 2576 “.
1911 2530 1937 2532 ⁷⁷
1998 2530 2007 2577 ζ
2124 2530 2135 2532 ἡ
2409 2531 2621 2586 Discite,
2650 2544 2807 2592 quam
2831 2544 2993 2592 parvo
3026 2531 3183 2580 liceat
3212 2530 3503 2594 producere
3527 2530 3691 2583 vitam,

448 2578 566 2656 non
596 2570 837 2656 possint.
870 2566 1098 2656 Boetius
1132 2572 1325 2620 noster
1352 2583 1412 2619 in
1444 2582 1631 2637 primo
1653 2568 1720 2621 de
1740 2568 1949 2621 Musma
1972 2568 2140 2635 libro,
2408 2594 2471 2642 Et
2500 2598 2757 2655 quantum
2791 2599 2981 2656 natura
3004 2596 3169 2656 pem,
3211 2608 3320 2642 non
3350 2592 3507 2656 erigi]
3537 2604 3692 2654 egros

446 2652 629 2722 capite
662 2652 724 2705 14-
750 2669 761 2707 :
798 2655 958 2707 Nunc
980 2653 1107 2725 quis
1126 2656 1329 2709 modus
1353 2657 1623 2711 audiendi
1655 2656 1746 2726 sit,
1772 2657 2139 2711 disseramus.
2407 2631 2606 2705 ﬁebilis
2632 2631 3320 2717 igu0i5“dﬁias‘{i;'55hsiﬁ;
3342 2631 3592 2705 ﬂagitas:

447 2741 578 2796 Tale
610 2741 763 2795 enim
796 2742 1071 2813 quiddam
1115 2744 1241 2798 ﬁeri
1271 2746 1565 2799 consuevit
1592 2746 1652 2800 in
1684 2746 1939 2813 vocibus,
1973 2747 2141 2817 quale
2250 2736 2410 2792 Idem
2436 2753 2552 2791 Ποῑι
2586 2736 2767 2789 Immo
2789 2741 2954 2806 Ροδῖε

446 2844 575 2883 cum
608 2831 934 2901 paludibus,
970 2833 1057 2887 vel
1080 2834 1286 2904 quietis
1316 2834 1712 2906 aquisjactum
1736 2836 1959 2890 eminus
1990 2852 2122 2891 meri

2500 2824 2637 2874 Satis
2664 2828 2745 2872 est
2772 2824 2980 2887 populis
3010 2825 3307 2887 ﬂuviusque
3338 2824 3611 2885 Ceresque.

446 2918 603 2989 gitur
633 2936 851 2975 saxum.
882 2922 1046 2976 Prius
1078 2902 1230 2977 enim
1274 2923 1336 2978 in
1369 2902 1787 2994 parvissimum
1818 2924 2015 2979 orbem
2040 2942 2140 2979 un-
2252 2911 2312 2965 1d
2339 2917 2423 2963 est
2454 2906 2617 2977 Panis
2649 2908 2707 2958 et
2730 2921 2899 2975 aqua-
2932 2906 3231 2976 Euripides
3252 2905 3407 2976 δι)υά
3434 2911 3495 2960 Α.
3531 2902 3776 2994 Gellium:

447 2987 575 3062 dam
627 3010 868 3081 colligit,
920 3012 1123 3066 deinde
1194 2987 1506 3083 majoribus
1564 3014 1797 3068 orbibus
1854 3014 2137 3068 undarum
2180 2997 2220 3051 C
2374 2999 2506 3105 gem
2535 2996 2663 3069 quid
2707 2995 3019 3047 mortalibus
3064 2995 3132 3043 sit
3161 2995 3278 3042 usui
3305 2998 3498 3057 praeter
3528 2993 3626 3042 duo
3650 2991 3727 3040 illa
3749 2987 3877 3039 modo.

485 3097 496 3105 .
545 3099 557 3105 -
852 3101 860 3105 _
1450 3103 1460 3105 μ
1642 3102 1654 3105 _
2224 3084 2233 3091 ι
2398 3074 2577 3105 λεγειιιε
2607 3074 2825 3105 munus.
2855 3062 2906 3105 et
2945 3072 3095 3105 acute
3123 3057 3392 3105 poculum.
3437 3070 3553 3105 quae
3582 3057 3765 3105 adsunt.

458 3060 574 3062 ⁷”’“
635 3060 868 3111 "mo"?
924 3060 1121 3066 ““““⁷
1194 3060 1505 3083 """'""‘"
1568 3060 1795 3113 """ﬁ'"
1858 3060 2137 3068 ““’““““”””
2224 3084 2233 3091 ι
2374 3060 2577 3109 Cereris
2607 3074 2825 3121 munus,
2855 3062 2906 3107 et
2945 3072 3095 3120 aqua?
3122 3060 3392 3119 poculum.
3437 3070 3553 3118 quae
3582 3060 3765 3111 adsum.

444 3097 644 3167 globos
673 3104 911 3170 spargit,
945 3107 1115 3172 atque
1147 3118 1399 3173 eousque
1432 3103 1570 3157 dum
1631 3102 1904 3174 fatigatus
1952 3108 2140 3156 motus
2374 3123 2445 3187 ᾼο
2476 3137 2572 3171 nos
2602 3127 2809 3187 quem;
2853 3121 3012 3175 alere,
3062 3133 3287 3182 quorum
3327 3119 3488 3187 saties
3518 3130 3761 3187 nunquam
3787 3112 3877 3162 est?

444 3187 513 3241 ab
544 3188 838 3243 eliciendis
885 3190 1152 3244 ﬂuctibus
1201 3192 1585 3263 conquiescat.
1639 3191 1991 3263 Semperque
2040 3207 2141 3261 po-
2377 3185 2551 3234 Luxus
2573 3179 2751 3236 alith
2783 3188 2910 3233 sunt
2943 3179 3251 3265 Omeliarum
3279 3179 3834 3265 9PU1ﬁrum_i_nd3_gi§°§-

442 3277 647 3330 sterior
668 3282 722 3330 et
754 3280 939 3349 major
974 3279 1195 3333 undula
1250 3258 1420 3349 pulsu
1454 3279 1729 3334 debiliore
1775 3258 2119 3334 diffundit—ur

2264 3266 2444 3321 Cicero
2486 3268 2544 3319 in
2580 3268 2781 3335 quinto
2810 3264 3035 3319 Tuscul.
3078 3262 3515 3327 Qumstionum:
3550 3261 3667 3316 Dies
3694 3258 3877 3318 deficiet,

443 3364 606 3429 Quod
640 3365 685 3418 si
708 3367 848 3436 quid
879 3367 972 3433 sit,
1007 3367 1161 3438 quod
1202 3373 1517 3423 crescentes
1552 3370 1734 3423 undas
1757 3369 1932 3439 possit
1958 3368 2122 3423 oﬁ'en‘

2264 3354 2297 3408 si
2319 3355 2489 3409 velim
2532 3356 2888 3426 paupertatis
2926 3368 3154 3406 causam
3192 3350 3519 3406 defendere.
3557 3354 3745 3422 Aperta
3768 3350 3880 3402 enim

444 3453 598 3521 dere,
652 3454 845 3507 statim
875 3456 973 3509 ille
1029 3463 1219 3510 motus
1268 3458 1595 3523 revertitur,
1629 3464 1683 3512 et
1717 3459 1879 3528 quasi
1907 3459 1976 3513 ad
2009 3474 2142 3512 cen-

2249 3459 2340 3499 res
2367 3450 2467 3511 est,
2530 3449 2585 3499 et
2615 3444 2871 3516 quotidie
2905 3458 3009 3497 nos
3054 3442 3179 3512 ipsa
3228 3444 3438 3495 natura
3481 3443 3732 3495 admonet
3756 3450 3878 3509 quam

442 3547 618 3609 trum,
655 3543 802 3597 unde
836 3543 1123 3614 profectus
1164 3544 1365 3608 fuerat,
1408 3546 1623 3599 eisdem
1668 3527 1901 3601 undulis
1933 3552 2143 3602 rotun-
2250 3535 2468 3604 Ρδυείεν
2501 3550 2674 3605 quam
2702 3532 2891 3605 Pa”is
2921 3531 3093 3586 rebus
3114 3535 3293 3601 θεθετ.
3326 3547 3506 3602 quam
3532 3530 3733 3584 νίίίδυε·
3758 3527 3878 3579 Dm“

442 3632 628 3686 datur.
664 3632 741 3684 lta
769 3631 951 3702 igitur
980 3649 1110 3687 cum
1143 3651 1241 3688 aer
1270 3635 1470 3705 pulsus
1507 3635 1705 3689 fecerit
1723 3652 1950 3704 sonum,
1982 3637 2144 3708 pellit

2249 3624 2586 3678 Ambrosius
2624 3624 2684 3677 in
2714 3640 2745 3677 x
2781 3623 2928 3677 libro
2973 3621 3397 3692 Epistolarum:
3438 3621 3581 3676 Satis
3610 3620 3743 3674 enim
3768 3616 3878 3670 dives

442 3720 621 3775 alium
647 3722 1000 3792 proximum,
1024 3729 1080 3777 et
1112 3724 1536 3795 quodammodo
1557 3726 1873 3779 rotundum
1901 3725 2141 3780 ﬂuctum

2251 3712 2516 3767 omnibus
2576 3718 2799 3767 natura:
2852 3712 2942 3765 lex
3005 3716 3109 3777 est,
3169 3710 3260 3763 cui
3317 3711 3434 3763 cito
3498 3710 3731 3765 invenias
3772 3702 3880 3777 quod

438 3811 587 3863 aeris
616 3810 744 3864 ciet.
780 3812 976 3883 Itaque
1004 3811 1341 3867 diffunditur
1370 3817 1426 3867 et
1467 3814 1728 3868 omnium
1761 3815 2143 3869 circumstan-
2251 3802 2520 3856 abundet-
2546 3800 2967 3873 cupiditatibus
2991 3804 3181 3854 autem
3210 3799 3397 3854 omnis
3428 3800 3736 3854 diVitiamm
3759 3796 3884 3849 θώων

441 3895 587 3950 tium
618 3896 787 3950 simul
822 3898 951 3952 ferit
980 3899 1264 3954 auditum.
1290 3901 1577 3971 Atqueilli
1608 3906 1693 3955 est
1714 3901 2011 3957 obscurior
2040 3917 2141 3955 vox

2252 3891 2444 3945 dantia
2473 3890 2671 3962 inopia
2703 3895 2805 3946 est.
2860 3891 3239 3961 Hieronymus
3272 3890 3333 3943 in
3387 3889 3737 3944 Iovinianum
3760 3902 3769 3938 :
3796 3882 3881 3936 Cito

444 3986 542 4056 qui
580 3986 806 4057 longius
841 3988 1080 4055 steterit,
1119 3990 1400 4060 quoniam
1440 3990 1510 4043 ad
1562 4006 1693 4044 eum
1726 3990 1968 4045 debilior
1992 3990 2142 4061 pulsi

444 4074 591 4128 aeris
619 4076 773 4130 unda
803 4078 1084 4147 pervenit.

2332 1007 2485 1073 Quod
2511 1012 2723 1061 naturae
2751 1009 2886 1061 satis
2918 1006 3015 1075 est]
3045 1005 3398 1059 Parenthesis
3422 1008 3522 1059 est.

2325 1096 2497 1166 Quod]
2525 1096 2765 1167 Replere
2790 1096 3189 1166 indigentiam.

2329 1187 2525 1240 Paucas
2556 1187 2696 1240 enim
2725 1187 3071 1254 minimisque
3088 1189 3291 1239 natura
3320 1188 3559 1239 contenta
3588 1182 3676 1253 est]
3697 1183 3874 1238 Senten.

2258 1275 2338 1329 tia
2367 1280 2449 1329 est
2493 1292 2623 1330 cum
2677 1274 2880 1346 primis
2927 1275 3227 1329 celebrata.
3262 1273 3388 1329 Sex.
3447 1272 3713 1344 Turpilius
3752 1278 3874 1344 poeta

2260 1363 2510 1419 comicus
2536 1380 2550 1417 :

2416 1452 2674 1515 Profecto,
2702 1456 2760 1500 ut
2784 1452 3007 1515 quisque
3037 1451 3257 1515 omnino
3288 1454 3563 1515 contentus
3592 1448 3696 1509 fuit,

2411 1515 2491 1563 lta
2513 1514 2838 1563 fortunatam
2866 1515 3027 1563 vitam
3059 1514 3207 1562 duxit
3225 1514 3472 1571 maxime,

2413 1577 2478 1625 Ut
2504 1577 2803 1640 philosOphi
2836 1578 2986 1625 aiunt
3019 1576 3124 1633 isti,
3154 1577 3361 1640 quidvis
3386 1580 3466 1624 sat
3485 1578 3576 1624 est.

2262 1840 2318 1889 et
2340 1836 2407 1888 ad
2442 1850 2791 1905 supervacua
2822 1834 3079 1888 sudatur.
3128 1835 3230 1888 Illa
3258 1839 3391 1888 sunt
3420 1850 3546 1905 quas
3575 1838 3747 1903 togam
3783 1848 3875 1885 con-

2260 1928 2470 1991 terunt,
2505 1940 2632 1994 quae
2664 1940 2766 1977 nos
2795 1940 3087 1978 senescere
3133 1924 3236 1978 sub
3268 1925 3516 1977 tentorio
3547 1926 3752 1992 cogunt,
3785 1936 3873 1991 quae

2258 2012 2317 2067 in
2351 2014 2535 2067 aliena
2566 2014 2761 2066 littora
2791 2014 3158 2083 impingunt;
3189 2013 3259 2067 ad
3287 2029 3523 2067 manum
3557 2017 3649 2077 est,
3679 2010 3803 2083 quod
3821 2014 3878 2062 sat

2259 2194 2518 2247 Lucanus
2550 2192 2607 2245 in
2637 2196 2840 2261 quarto
2871 2192 3174 2247 Pharsalia:
3202 2208 3214 2245 :

2507 2280 2546 2328 Ο
2582 2279 2798 2343 prodiga
2826 2294 2999 2329 rerum

2414 2343 2687 2399 Luxuries,
2718 2356 2990 2405 nunquam
3020 2356 3179 2405 parvo
3215 2346 3466 2392 contenta
3485 2346 3676 2405 paratu,

2252 3980 2515 4049 expletur
2541 3986 2763 4035 natura}
2797 3981 3119 4046 necessitas,
3171 3980 3351 4050 frigus
3381 3984 3442 4032 et
3496 3978 3666 4032 fames
3695 3967 3880 4043 simplici

2250 4072 2455 4125 vestitu
2504 4075 2561 4125 et
2610 4070 2735 4124 cibo
2777 4070 2984 4140 expelli
3028 4074 3241 4141 potest.
3304 4072 3466 4125 Unde
3512 4076 3568 4125 et
3608 4062 3881 4154 Apostolus]

2251 4160 2557 4226 Habentes,
2610 4159 2820 4230 inquit,
2864 4159 3078 4214 victum
3127 4166 3185 4215 et
3230 4160 3523 4229 vestitum,
3584 4158 3667 4214 his
3690 4151 3884 4210 contenti

513 4182 602 4237 An
658 4199 975 4250 gemnarum
1023 4184 1230 4254 fulgor]
1269 4186 1337 4239 Ut
1368 4202 1538 4256 supra
1580 4186 1650 4241 de
1681 4202 1842 4254 auro,
1876 4186 1959 4241 ita
1991 4203 2144 4241 nunc

2252 4266 2469 4304 sumus.
2503 4248 2849 4303 Prudentius
2880 4249 2940 4303 in
2972 4249 3423 4321 Psychomachia
3450 4266 3463 4304 :

443 4272 512 4327 de
544 4274 787 4344 gemmis
820 4274 955 4345 agit,
990 4291 1199 4345 easque
1245 4275 1389 4329 nihil
1428 4275 1638 4330 habere
1684 4277 1956 4345 ostendit,
1991 4277 2141 4349 quod
2180 4306 2223 4359 D

441 4362 515 4417 sit
544 4362 876 4417 hominibus
899 4364 984 4416 vel
1016 4363 1346 4417 mirandum
1369 4365 1455 4418 vel
1482 4366 1886 4435 expetendum.

511 4452 851 4507 Gemmarum
903 4458 980 4507 est
1030 4454 1126 4507 lum
1153 4454 1271 4520 illa,
1328 4470 1434 4508 non
1492 4454 1787 4527 hominum]
1830 4456 1922 4511 Sic
1979 4456 2139 4511 divus

440 4540 771 4595 Ambrosius
821 4541 879 4594 in
912 4540 1007 4595 lib.
1043 4541 1112 4596 de
1144 4542 1435 4596 Nabutha:
1481 4544 1605 4597 Non
1654 4544 1844 4598 abnuo
1892 4545 2139 4614 gratiam

441 4631 750 4700 quamdam
782 4630 1037 4700 lapidum
1071 4630 1311 4685 istorum
1341 4648 1461 4686 esse
1484 4631 1791 4702 fulgorem,
1817 4633 1916 4688 sed
1943 4638 2139 4688 tamen

444 4718 723 4787 lapidum.

512 4807 604 4858 Αη
635 4822 728 4859 vos
756 4822 1014 4874 agrorum
1041 4807 1417 4880 pulchritudo]
1456 4810 1841 4865 Docetitidem
1864 4827 2138 4883 agrorum

440 4890 926 4963 pulchritudinem
960 4896 1198 4951 minime
1229 4898 1529 4952 hominum
1564 4916 1684 4954 csse
1716 4902 2028 4969 propriam.

510 4983 718 5047 Quidni
732 4980 772 5055 ?]
801 4984 912 5038 Cur
943 5001 1082 5054 non,
1113 4988 1423 5056 respondet
1446 4989 1690 5042 Boetius.

509 5072 879 5127 Pulcherrimi
910 5074 1111 5145 Operis]
1148 5076 1363 5130 Mundi.

503 5163 740 5216 Pulchra
764 5162 972 5234 portio]
1005 5166 1138 5218 Pars
1172 5167 1451 5235 speciosa.

510 5251 694 5321 Facie]
722 5251 941 5323 Specie,
967 5253 1173 5319 forma,
1209 5260 1462 5325 aspectu.

2374 4356 2590 4421 Summa
2620 4356 2770 4421 quies
2805 4355 2883 4421 nil
2908 4357 3049 4421 velle,
3072 4371 3229 4421 super
3257 4370 3416 4421 quam
3450 4355 3674 4420 postulat
3694 4362 3799 4402 usus

2374 4420 2611 4483 Debitus,
2645 4424 2704 4468 ut
2731 4419 2954 4483 simplex
2988 4419 3466 4483 alimo’niafvestis’
3489 4423 3541 4468 et
3569 4430 3671 4467 una

2373 4480 2615 4545 infirmos
2638 4486 2795 4545 tegat,
2823 4480 2885 4531 ac
2926 4486 3125 4531 recreet
3154 4481 3492 4531 mediocriter
3508 4485 3669 4545 artus,

2373 4543 2758 4608 Expletumque
2787 4545 3005 4594 modum
3038 4548 3243 4594 naturae
3278 4557 3388 4593 non
3416 4543 3595 4593 trahat
3628 4543 3771 4590 extra.

2310 4636 2431 4687 Jam
2461 4649 2584 4688 vero
2622 4632 2933 4704 pulchrum]
2984 4634 3236 4688 Vestium
3289 4649 3523 4704 quoque
3570 4620 3885 4701 pulchritudi-

2250 4737 2382 4775 nem
2440 4722 2774 4777 hominibus
2823 4723 3072 4775 alienam
3112 4737 3253 4783 esse,
3302 4726 3361 4775 et
3411 4722 3500 4774 vel
3554 4715 3782 4773 materia!
3819 4704 3879 4759 vel

2249 4810 2475 4864 artiﬁcii
2528 4812 2824 4882 prapriam
2867 4812 3069 4877 docet;
3114 4810 3342 4864 tametsi
3385 4813 3551 4863 vetus
3600 4807 3669 4860 sit
3695 4799 3811 4858 illud
3842 4796 3886 4845 εἰ·

2250 4917 2390 4969 ματα
2420 4896 2568 4971 ἀνὴρ,
2603 4904 2785 4954 vestes
2823 4900 2930 4965 vir,
2990 4905 3045 4952 et
3094 4899 3264 4968 vulgo
3296 4899 3500 4952 tritum
3557 4896 3644 4950 sit.
3694 4888 3880 4945 Vestitns

2250 4988 2437 5041 virum
2464 4988 2667 5055 reddit,
2706 4990 2804 5059 qui
2826 4988 3019 5053 habet,
3048 4987 3270 5041 induat.

2319 5079 2410 5131 An
2440 5092 2561 5130 vero
2596 5076 2661 5148 te]
2723 5078 2932 5131 Probat
2978 5076 3308 5130 felicitatem
3365 5092 3483 5130 non
3535 5072 3811 5129 consistere
3844 5064 3885 5115 in

2248 5167 2420 5235 longo
2451 5166 2801 5220 famulorum
2842 5166 3134 5220 comitatu.

2322 5253 2572 5326 Sarcina]
2611 5256 2845 5326 Proprie
2878 5260 2962 5309 est
2993 5254 3327 5309 utensilium
3358 5257 3412 5308 et
3443 5256 3655 5309 'eorum
3708 5261 3813 5320 que
3838 5238 3884 5293 ad

2250 5343 2465 5396 cultum
2496 5344 2809 5413 pertinent,
2854 5345 3032 5399 veluti
3064 5343 3247 5406 fascis,
3282 5359 3452 5415 quem
3494 5342 3620 5413 quis
3650 5341 3702 5393 in
3730 5337 3885 5391 itinere

2249 5431 2509 5485 faciendo
2540 5436 2768 5502 portare
2800 5432 2997 5503 possit.
3034 5433 3178 5487 Hinc
3217 5432 3425 5487 milites
3454 5446 3585 5485 cum
3616 5432 3778 5484 castra
3804 5436 3886 5474 mo-

2249 5539 2381 5579 vere
2402 5524 2617 5591 volunt,
2640 5522 2954 5577 sarcinulas
2973 5522 3243 5594 colligere
3265 5524 3548 5587 dicuntur,
3570 5521 3663 5593 qui
3684 5519 3739 5573 in
3757 5514 3886 5570 aliam

2250 5612 2486 5669 domum
2517 5612 2789 5683 migrant,
2813 5612 3064 5669 sarcinas
3088 5630 3221 5669 suas
3239 5627 3603 5684 componere.
3628 5612 3728 5664 Per
3753 5606 3887 5659 meta-

512 5342 702 5395 Vernis
750 5340 994 5412 ﬂoribus]
1057 5343 1224 5395 Divus
1286 5343 1623 5398 Ambrosius
1681 5345 1741 5399 in
1799 5346 1970 5399 tertio
2029 5346 2132 5400 lib.

435 5428 634 5499 Operis
657 5446 753 5482 sex
780 5430 1003 5483 dierum
1028 5446 1039 5483 :
1064 5429 1212 5494 Quid
1245 5430 1348 5484 tibi
1378 5432 1702 5487 describant
1723 5450 2140 5503 purpurascen-

432 5522 516 5569 tes
566 5518 767 5587 violas,
818 5519 1061 5573 candida
1139 5519 1280 5585 lilia,
1334 5520 1636 5574 rutilantes
1688 5537 1860 5586 rosas,
1915 5522 2141 5593 depicta

434 5620 588 5673 rura,
625 5622 777 5682 nunc
814 5608 1025 5674 aureis,
1076 5623 1227 5663 nunc
1256 5607 1447 5675 variis,
1484 5624 1635 5664 nunc
1663 5610 1847 5665 'luteis
1876 5611 2136 5677 ﬂoribus,

2261 1658 2475 1713 Seneca
2524 1658 2904 1727 Philosophus
2963 1657 3205 1727 epistola
3261 1661 3498 1727 quarta:
3550 1653 3777 1709 Parabile
3819 1661 3877 1708 est
3974 1666 3975 1717 ξ

2263 1746 2418 1816 quod
2467 1751 2676 1799 natura
2726 1745 3031 1811 desiderat,
3066 1752 3123 1800 et
3150 1744 3479 1817 appositum
3509 1760 3670 1815 parvo
3695 1748 3872 1806 constat,
3974 1754 3975 1817 ξ

2259 2108 2355 2156 est.
2390 2103 2654 2166 Quicum
2703 2108 3039 2172 paupertate
3099 2103 3244 2156 bene
3276 2102 3563 2166 convenit,
3615 2102 3748 2156 dives
3803 2104 3874 2152 est.
3974 2112 3975 2115 ‘
