4054 6184
206 277 285 329 973

1424 258 1814 315 MURMELLII
1857 258 2389 314 COMMENTARIA.

3539 262 3643 315 974

203 405 403 477 phoram
429 400 615 450 tamen
662 392 942 447 sarcinam
979 408 1083 462 pro
1116 392 1301 446 inutili
1336 407 1511 446 onere
1542 391 1831 463 ponimus.
1873 399 1920 451 Α
1947 391 2149 445 modi:
2203 391 2488 463 Quidquid
2545 392 2775 445 habenti
2828 397 3016 459 nocet,
3073 408 3190 447 non
3250 397 3335 447 est
3400 394 3638 448 bonum.

200 487 418 546 Aurelius
449 500 459 535 :
494 482 559 534 Et
596 480 745 534 hanc
788 482 1043 550 corporis
1074 481 1355 534 sarcinam
1395 480 1706 550 aliquando
1735 479 1840 533 de—

202 589 449 652 ponerem.
483 568 816 624 Ambrosius
851 587 863 623 :
888 570 1033 633 Quid
1053 570 1202 623 enim
1228 568 1381 624 aliud
1405 574 1489 623 est
1519 573 1839 640 peccatum,

203 667 287 722 nisi
314 660 548 717 sarcina?

255 757 325 809 Ex
360 750 542 820 quibus
574 748 843 817 omnibus]
870 749 975 802 Per
1001 748 1235 802 modum
1270 747 1617 802 iuductionis
1633 763 1699 802 ex
1714 762 1845 818 par-

203 840 485 899 ticularibus
514 836 1006 903 antecedentibus,
1032 835 1247 906 colligit
1293 836 1672 891 universalem
1708 852 1843 891 con-

202 931 490 988 clusionem.

257 1018 378 1087 Quid
405 1017 459 1070 id
488 1021 581 1068 tua
626 1011 823 1085 refert]
856 1013 1003 1078 Quid
1041 1014 1108 1068 ad
1146 1019 1199 1069 te
1231 1014 1286 1068 id
1318 1015 1609 1085 pertinet?
1669 1014 1739 1068 Ut
1784 1012 1846 1068 in

197 1112 297 1163 Vita
333 1104 541 1161 Solonis
590 1121 622 1157 a
664 1103 884 1157 Laertio
938 1104 1182 1157 relatum
1234 1109 1338 1170 est,
1396 1104 1559 1157 aiunt
1608 1102 1843 1174 quidam

200 1201 434 1261 Croesum,
467 1209 596 1247 cum
630 1209 688 1246 se
720 1191 1160 1262 exquisitissime
1192 1193 1456 1247 omnium
1481 1196 1846 1247 ornamento-

196 1303 301 1343 rum
320 1299 514 1354 genere
534 1280 964 1352 composuisset,
988 1281 1337 1353 sublimique
1359 1282 1419 1335 in
1446 1281 1585 1335 solio
1600 1281 1842 1346 sederet,

198 1378 541 1442 interrogasse
563 1370 832 1425 Solonem
860 1386 931 1423 an
964 1371 1260 1440 pulchrius
1280 1387 1537 1442 unquam
1561 1374 1847 1440 spectacu-

197 1468 292 1520 lum
322 1462 530 1529 viderit,
550 1460 830 1531 illumque
853 1458 1057 1513 dixisse
1089 1460 1277 1513 Gallos
1297 1458 1667 1525 Gallinaceos,
1699 1460 1846 1511 Pha-

198 1555 356 1608 sianos
383 1556 548 1621 atque
580 1552 854 1603 Pavones.
892 1548 1146 1603 Naturali
1182 1548 1336 1602 enim
1370 1564 1465 1602 eos
1496 1547 1637 1602 ﬂore
1672 1552 1731 1602 et
1759 1547 1847 1602 in-

196 1638 415 1694 credibili
445 1636 803 1707 speciositate
834 1636 1048 1689 vestiri.

250 1723 593 1797 Sequestrata]
626 1725 913 1796 Separata,
938 1727 1206 1796 seposita.

252 1816 377 1883 Quid
423 1820 599 1869 autem
655 1813 823 1886 tanto]
878 1816 1139 1885 Increpat
1221 1814 1492 1868 mortales
1550 1817 1850 1884 tantopere

194 1907 403 1960 fortuna:
448 1904 618 1957 bonis
661 1904 968 1969 inhiantes,
1022 1904 1384 1973 ostenditque
1457 1917 1557 1957 eos
1585 1903 1853 1957 maximis

194 1994 446 2049 laboribus
478 2010 587 2064 pro
628 1992 989 2057 sufficientia,
1013 2009 1186 2063 quam
1223 1993 1343 2047 dies
1374 1996 1429 2046 et
1466 1997 1663 2046 noctes
1710 1990 1852 2046 alie-

194 2088 340 2147 ctant,
370 2082 745 2152 indigentiam
766 2086 1077 2151 reportare.

250 2172 617 2234 Adminiculis]
652 2170 1033 2239 Adjumentis.

251 2261 512 2314 Permultis
545 2259 794 2324 indigere
824 2256 935 2329 eos]
962 2257 1337 2327 ,Ecclesiastes
1386 2257 1569 2328 capite
1601 2256 1802 2327 quinto
1838 2269 1851 2308 :

197 2349 280 2402 Ubi
298 2351 477 2403 multa:
500 2354 638 2402 sunt
663 2364 819 2418 opes,
853 2348 1019 2401 multi
1051 2347 1149 2417 qui
1180 2346 1488 2400 comedunt
1515 2362 1634 2400 eas.
1674 2345 1855 2400 Aulus

194 2439 371 2492 Gellius
398 2438 540 2492 libro
587 2441 820 2491 octavo:
867 2437 1079 2490 Verum
1112 2440 1198 2489 est
1243 2435 1518 2505 profecto,
1553 2434 1708 2505 quod
1746 2434 1855 2487 ob-

195 2531 380 2580 servato
408 2543 605 2580 rerum
625 2542 730 2579 usu
752 2525 1037 2595 sapientes
1058 2524 1164 2577 viri
1180 2524 1371 2577 dixere
1406 2538 1418 2577 :
1444 2523 1641 2577 multis
1663 2537 1854 2591 egere,

193 2616 273 2686 qui
297 2617 463 2669 multa
482 2616 714 2681 habeat,
737 2612 1512 2685 magnamqueindigentiam
1538 2612 1712 2677 nasci,
1738 2626 1855 2664 non

193 2722 243 2756 ex
269 2704 450 2773 inopia
498 2720 733 2773 magna,
768 2703 863 2756 sed
898 2719 961 2756 ex
993 2718 1204 2771 magna
1232 2701 1398 2771 copia
1430 2719 1446 2754 :
1480 2701 1663 2754 multa
1701 2700 1856 2752 enim

192 2792 469 2847 desiderari
499 2794 569 2846 ad
598 2793 799 2853 multa,
841 2807 969 2861 quae
1002 2791 1233 2857 habeas,
1281 2790 1513 2843 tuenda.
1548 2788 1713 2858 Apud
1746 2787 1855 2841 Xe-

190 2883 508 2951 nophontem
559 2883 620 2934 in
676 2881 807 2950 Cyri
850 2880 1039 2934 Paedia
1082 2880 1227 2933 libro
1270 2884 1466 2932 octavo
1499 2878 1852 2932 Pheraulas:

1948 480 2165 537 Divitiae
2201 486 2391 535 autem
2421 481 2764 553 plerumque
2798 488 3005 535 nocent
3032 482 3282 536 habenti.
3336 483 3457 537 Non
3511 487 3644 537 sunt

1948 570 2126 642 igitur
2167 571 2351 626 bonae.
2399 571 2727 641 Assumptio
2766 571 3100 642 quotidiana
3147 571 3427 642 probatur
3465 588 3643 643 expe-

1948 659 2175 727 rientia,
2202 664 2258 714 et
2282 659 2571 714 Iuvenalis
2587 660 2941 714 auctoritate.
2981 660 3237 714 Valerius
3271 659 3442 715 etiam
3477 660 3645 716 Maxi-

1952 764 2098 816 mus,
2134 749 2284 803 libro
2312 765 2409 815 vn,
2453 749 2574 803 haec
2595 764 2730 803 sane
2758 765 2931 820 quam
2947 748 3240 819 eleganter
3254 748 3419 804 nobis
3440 748 3651 820 scripta
3716 762 3719 767 ‘

1950 837 2206 908 reliquit.
2242 836 2487 891 Socratis
2517 837 2788 891 humanae
2830 837 3125 908 sapientiae
3157 838 3320 910 quasi
3362 839 3651 910 quoddam

1951 930 2216 981 terrestre
2287 927 2604 994 oraculum,
2668 926 2809 980 nihil
2876 928 3029 981 ultra
3081 928 3393 999 petendum
3454 946 3488 981 a
3545 927 3652 982 diis

1952 1015 2373 1070 immortalibus
2404 1015 2807 1085 arbitrabatur,
2843 1033 3016 1087 quam
3031 1023 3094 1072 ut
3114 1017 3268 1071 bona
3282 1017 3603 1072 tribuerent
3635 1032 3648 1071 :

1953 1105 2091 1176 quia
2123 1105 2182 1159 hi
2225 1106 2460 1160 demum
2493 1106 2703 1160 scirent
2734 1106 2873 1177 quid
2906 1106 3219 1177 unicuique
3254 1112 3401 1161 esset
3458 1106 3601 1161 utile
3634 1122 3647 1161 :

1952 1211 2058 1249 nos
2089 1202 2282 1249 autem
2336 1196 2677 1265 plerumque
2738 1196 2883 1248 votis
2916 1197 2973 1249 id
3025 1202 3289 1266 expetere
3341 1196 3495 1267 quod
3535 1212 3651 1251 non

1952 1284 2290 1355 impetrasse
2325 1286 2528 1338 melius
2558 1285 2723 1339 foret.
2762 1286 2984 1339 Etenim
3019 1284 3367 1339 densissimis
3399 1284 3651 1339 tenebris

1954 1374 2210 1428 involuta
2250 1374 2582 1428 mortalium
2609 1378 2807 1439 (mens,
2852 1375 2913 1428 in
2970 1391 3142 1445 quam
3190 1376 3301 1428 late
3363 1377 3653 1446 patentem

1956 1478 2212 1517 errorem
2264 1479 2438 1516 caecas
2497 1462 2857 1532 precationes
2906 1468 3033 1516 tuas
3092 1463 3352 1534 spargis?
3420 1462 3653 1517 Divitias

1957 1552 2197 1623 appetis,
2248 1568 2376 1621 quae
2404 1551 2603 1605 multis
2637 1551 2809 1605 exitio
2856 1551 3109 1605 fuerunt.
3160 1553 3413 1606 Honores
3442 1568 3651 1605 concu-

1958 1640 2149 1711 piscis,
2183 1641 2282 1711 qui
2312 1640 2637 1710 complures
2666 1640 3181 1709 pessundederunt.
3232 1642 3429 1710 Regna
3460 1646 3653 1694 tecum

1960 1730 2084 1801 ipsa
2125 1729 2320 1797 volvis,
2354 1744 2600 1800 quorum
2634 1728 2825 1797 ~lentitus
2864 1744 3260 1798 saepenumero
3304 1729 3657 1782 miserabiles

1960 1823 2295 1874 cernuntur.
2330 1817 2654 1888 Splendidis
2685 1817 2965 1887 conjugiis
2991 1818 3179 1887 iujicis
3213 1834 3438 1883 manus,
3462 1823 3521 1872 at
3535 1818 3657 1871 hinc

1960 1914 2025 1963 ut
2070 1908 2378 1978 aliquando
2437 1908 2743 1973 illustrant,
2798 1906 2877 1959 ita
2920 1922 3339 1976 nonnunquam
3394 1906 3654 1960 funditus

1963 1999 2163 2052 domos
2194 2000 2474 2050 evertunt.
2498 1995 2700 2049 Desine
2732 1994 2909 2063 igitur
2939 1995 3113 2048 stulta
3133 1995 3344 2049 futuris
3366 1996 3655 2049 malorum

1962 2092 2195 2140 tuorum
2227 2086 2435 2154 causis,
2464 2084 2630 2155 quasi
2667 2083 3009 2137 felicissimis
3029 2084 3198 2137 rebus
3219 2084 3462 2153 inhiare,
3484 2089 3655 2155 teque

1963 2180 2143 2228 totam
2174 2174 2491 2228 caelestium
2524 2171 2759 2225 arbitrio
2788 2171 3090 2241 permitte;
3116 2171 3252 2241 quia
3279 2171 3379 2241 qui
3398 2172 3651 2225 tribuere

1961 2263 2117 2317 bona
2146 2278 2211 2315 ex
2230 2262 2383 2316 facili
2413 2262 2612 2325 solent,
2637 2260 2808 2313 etiam
2832 2260 3042 2330 eligere
3063 2259 3357 2332 aptissime
3377 2264 3641 2332 possunt.

1961 2351 2249 2405 Juvenalis
2284 2356 2471 2421 satyra
2499 2348 2722 2404 decima
2755 2362 2768 2405 :

2089 2455 2192 2504 Sed
2220 2455 2396 2518 plures
2422 2455 2586 2503 nimia
2613 2457 2863 2517 congesta
2891 2455 3117 2517 pecunia
3143 2468 3270 2503 cura

2087 2517 2487 2589 §trangulat,_et
2506 2520 2715 2589 cuncta
2741 2530 3067 2589 exsuperans
3093 2517 3413 2589 patrimonia
3441 2531 3653 2578 census,

2089 2578 2302 2638 Quanto
2332 2579 2605 2643 Delphinis
2633 2578 2842 2628 balaena
2870 2578 3168 2629 Britannica
3195 2580 3384 2643 major.

2035 2681 2165 2736 Cum
2218 2683 2486 2748 pessimus
2540 2678 2786 2749 quisque]
2830 2678 2979 2733 Ordo
3005 2684 3130 2732 est:
3192 2678 3334 2733 Cum
3374 2678 3660 2750 pessimus

1965 2769 2207 2840 quisque
2229 2768 2427 2822 avidus
2459 2768 2642 2837 magis
2665 2768 2794 2821 aeris
2818 2768 3011 2835 alieni,
3037 2768 3092 2822 id
3115 2773 3202 2822 est
3238 2769 3442 2823 alienae
3480 2784 3659 2839 pecu-

1966 2857 2096 2923 niae,
2123 2862 2286 2927 putat
2304 2858 2563 2923 sefsolum
2583 2856 3007 2927 dignissimum,
3031 2856 3128 2927 qui
3150 2857 3359 2912 habeat
3379 2857 3661 2928 quidquid

192 2972 311 3024 Num
342 2973 488 3025 enim
521 2971 627 3037 ita,
678 2970 891 3040 inquit,
946 2969 1104 3034 Saca,
1138 2968 1428 3021 existimas
1460 2983 1550 3021 me
1582 2982 1736 3020 nunc
1786 2981 1853 3019 eo

2031 2946 2094 3000 iri
2125 2961 2604 3016 gemmarumque
2638 2950 2721 2998 est
2754 2961 3016 3015 usquam.

190 3060 347 3114 vivere
371 3059 705 3129 jucundius,
757 3075 871 3129 quo
921 3059 1087 3128 plura
1144 3056 1452 3126 possideo?
1493 3059 1581 3109 An
1622 3056 1854 3126 ignoras

193 3164 266 3202 me
293 3155 345 3203 et
381 3150 705 3214 comedere,
735 3153 794 3200 et
823 3148 1038 3213 bibere,
1091 3150 1147 3199 et
1192 3145 1443 3199 dormire
1477 3144 1633 3197 nullo
1682 3144 1853 3196 modo

190 3240 310 3292 mihi
333 3239 666 3309 jucundius,
697 3253 869 3307 quam
898 3242 1034 3289 tunc
1064 3250 1194 3288 eum
1226 3250 1381 3287 eram
1407 3235 1668 3303 pauper?
1695 3232 1855 3296 Quod

191 3332 356 3381 autem
384 3328 503 3380 haec
525 3332 663 3381 sunt
688 3326 830 3379 mihi
850 3326 1157 3396 permulta,
1182 3328 1402 3377 tantum
1427 3322 1572 3376 mihi
1594 3322 1854 3387 estlucri,

190 3416 317 3484 quod
345 3420 509 3487 plura
538 3433 632 3470 me
665 3419 891 3486 oportet
921 3413 1226 3479 custodire,
1254 3412 1420 3482 plura
1452 3411 1577 3465 aliis
1608 3411 1857 3465 tribuere

190 3510 235 3557 et
252 3521 353 3575 quo
391 3507 560 3576 plura
592 3523 686 3558 me
706 3509 932 3576 oportet
947 3503 1254 3567 custodire,
1278 3502 1447 3571 plura
1460 3500 1587 3555 aliis
1601 3498 1857 3555 tribuere

188 3599 236 3646 et
261 3610 362 3664 quo
395 3597 557 3666 plura
580 3611 743 3663 curo,
777 3611 842 3649 eo
876 3593 1017 3647 mihi
1048 3593 1215 3664 plura
1243 3607 1365 3645 esse
1395 3590 1645 3661 negotia.
1700 3592 1859 3645 Nunc

188 3684 321 3737 enim
357 3686 559 3739 famuli
593 3685 762 3739 multi
792 3685 983 3739 cibum
1015 3701 1046 3736 a
1076 3699 1166 3737 me
1180 3686 1406 3754 petunt,
1439 3680 1606 3735 multi
1634 3683 1856 3750 potum,

186 3773 326 3826 multi
357 3774 624 3839 amictus,
660 3774 755 3827 alii
775 3777 944 3843 egent
964 3772 1215 3826 medicis.
1240 3770 1401 3826 Venit
1432 3770 1602 3825 etiam
1630 3768 1855 3839 aliquis,

186 3862 268 3929 qui
294 3862 429 3917 ferat
455 3866 711 3934 pecudes
736 3879 768 3916 a
799 3862 948 3933 lupis
971 3862 1319 3931 absumptas,
1347 3864 1443 3913 aut
1471 3858 1639 3913 boves
1664 3856 1861 3927 praeci-

181 3950 364 4018 pitium
422 3970 646 4023 passos,
682 3958 779 4006 aut
819 3952 1085 4005 morbum
1116 3966 1325 4019 pecora
1375 3949 1528 4003 dices
1562 3947 1857 4002 invasisse.

186 4038 357 4110 Itaque
386 4041 530 4095 mihi
560 4041 766 4095 videor
819 4040 1003 4110 magis
1032 4039 1267 4104 tristari,
1302 4039 1458 4110 quod
1506 4052 1658 4091 nunc
1698 4037 1862 4108 plura

185 4130 504 4197 possideam,
535 4146 717 4201 quam
744 4134 930 4195 antea,
952 4129 1106 4200 quod
1133 4144 1313 4198 pauca
1341 4127 1633 4181 haberem.

244 4219 383 4272 Itane
435 4226 625 4274 autem
680 4220 889 4273 nullum
928 4224 1006 4273 est
1047 4220 1336 4287 proprium
1381 4215 1553 4284 vobis]
1592 4214 1863 4269 Pulcher-

188 4305 315 4360 rima
342 4308 463 4363 haec
489 4314 631 4363 sunt
665 4307 736 4364 ad
761 4307 938 4362 ﬁnem
960 4322 1161 4379 usque,

187 4399 431 4453 tenenda.

248 4487 448 4557 Merito]
476 4490 585 4543 Per
612 4487 906 4542 meritum.

244 4577 397 4630 Haud
428 4578 730 4644 immerito]
764 4575 985 4645 Merito,
1012 4573 1165 4645 jure.

253 4664 391 4737 Tum]
425 4668 608 4721 Tunc.

250 4756 371 4811 Cum
428 4774 487 4812 se
532 4750 839 4827 cognoscit]
888 4754 1062 4809 Vetus
1108 4756 1192 4808 est
1249 4751 1390 4807 illud
1450 4752 1608 4822 γνῶθι
1661 4747 1874 4800 σεαυτόν

187 4841 456 4914 Cognosce
498 4847 779 4917 teipsum.
817 4844 992 4898 Divus
1022 4842 1355 4898 Ambrosius
1388 4841 1447 4894 in
1478 4839 1682 4893 ultimo
1727 4837 1872 4891 libro

184 4932 590 4991 Hexaemeron.
657 4936 818 4989 Nunc
876 4933 1153 5004 quoniam
1229 4936 1286 4985 et
1330 4930 1666 5001 elephantos
1720 4926 1876 4980 vides

186 5022 276 5076 tibi
298 5026 583 5093 subditos,
623 5028 682 5080 et
710 5024 907 5079 leones
926 5039 1046 5077 esse
1074 5021 1378 5092 subjeztos,
1404 5034 1572 5073 nosce
1603 5016 1875 5087 teipsum,

183 5126 209 5164 ο
237 5110 424 5170 homo.
456 5115 627 5180 Quod
662 5114 748 5185 (ut
776 5110 1327 5183 ferunt)Appollinis
1362 5107 1574 5180 Pythii,
1596 5106 1698 5161 sed
1714 5105 1880 5161 Salo-

182 5204 354 5255 monis
375 5204 560 5258 sancti
594 5206 702 5265 est,
740 5201 841 5274 qui
871 5202 951 5255 ait
976 5220 991 5255 :
1016 5200 1132 5255 Nisi
1172 5199 1313 5253 scias
1352 5202 1404 5252 te
1456 5197 1767 5251 formosam
1821 5193 1884 5247 in

182 5291 504 5348 mulieribus
530 5309 544 5361 ;
586 5306 927 5363 quanquam
956 5290 1137 5345 multo
1169 5293 1337 5343 antea
1365 5288 1544 5342 Moses
1572 5284 1648 5355 lin
1676 5285 1881 5339 Deute-

181 5382 429 5436 rouomio
491 5380 810 5452 scripserit,
854 5378 1100 5435 Attende
1128 5378 1251 5445 tibi,
1311 5394 1342 5431 o
1390 5376 1591 5431 homo.
1644 5373 1884 5428 Attende

184 5466 295 5539 tibi,
325 5471 406 5526 ait
435 5471 547 5526 lex.
582 5472 659 5526 Et
684 5471 967 5542 propheta
998 5468 1077 5523 ait
1110 5468 1264 5523 :Nisi
1296 5466 1439 5520 scias
1477 5470 1554 5520 te.

246 5560 354 5625 Ego
381 5575 510 5615 vero
540 5575 684 5629 nego
713 5559 873 5626 illud]
904 5556 1308 5630 Syllogismum
1345 5554 1508 5609 affert
1568 5551 1639 5606 ad
1688 5550 1888 5603 osten-

188 5644 428 5704 dendum
458 5648 701 5706 divitias
738 5664 857 5705 non
901 5664 1022 5704 esse
1051 5647 1249 5703 bonas.
1302 5646 1399 5699 Est
1448 5646 1641 5698 autem
1679 5638 1886 5710 hujus-

2036 3037 2281 3097 Contum]
2321 3036 2568 3087 Hastam.
2598 3034 2831 3100 Coutus,
2865 3034 3052 3101 sudes,
3095 3033 3212 3088 sive
3242 3034 3405 3089 hasta
3434 3033 3663 3106 longior

1965 3125 2298 3195 duriorque,
2336 3124 2408 3178 ad
2436 3123 2876 3193 percutiendum
2905 3128 3056 3193 apta.
3086 3122 3355 3194 Virgilius
3380 3140 3393 3179 :

2120 3230 2327 3279 Assueti
2358 3229 2517 3292 longo
2552 3243 2734 3279 muros
2763 3228 3043 3279 defendere
3070 3233 3244 3279 conto.

1964 3329 2255 3400 Accipitur
2272 3333 2328 3383 et
2357 3345 2460 3399 pro
2483 3328 2699 3401 pertica
2724 3328 2942 3382 ferrum
2974 3327 3034 3381 in
3058 3326 3242 3399 capite
3269 3326 3525 3397 habenti,
3551 3343 3665 3399 qua

1966 3428 2151 3473 nautae
2185 3423 2427 3475 utuntur
2459 3419 2529 3473 ad
2547 3419 2671 3473 loca
2692 3417 2928 3473 navibus
2947 3423 3277 3489 opportuna
3292 3417 3659 3489 exploranda.

1968 3508 2125 3564 Idem
2160 3524 2173 3563 :

2093 3615 2207 3679 Ipse
2242 3620 2410 3665 ratem
2442 3619 2598 3664 conto
2630 3615 2822 3664 subito.

2040 3713 2397 3786 Pertimescis]
2435 3714 2606 3768 Valde
2636 3714 2823 3768 times.
2850 3711 3291 3767 Proverbialiter
3321 3708 3489 3774 δειλός
3510 3710 3668 3765 πλοῦ-

1969 3824 2054 3865 τος
2110 3804 2337 3869 dicitur,
2401 3804 2509 3857 hoc
2556 3807 2639 3855 est
2678 3802 2894 3856 timida:
2948 3801 3181 3857 divitiae.
3228 3802 3371 3856 Nam
3414 3803 3475 3857 in
3507 3801 3668 3857 omni

1970 3894 2201 3963 negotio
2223 3891 2659 3946 formidolosior
2690 3896 2775 3945 est
2793 3890 2948 3944 dives
2968 3906 3141 3961 quam
3164 3905 3404 3961 pauper.
3428 3891 3666 3946 Cautius

1971 3980 2156 4037 munit
2184 3982 2330 4035 aedes
2351 3980 2545 4034 furum
2580 3984 2757 4032 metu.
2793 3978 2990 4031 Metuit
3020 3982 3390 4048 tempestates
3428 3982 3667 4049 propter

1970 4072 2276 4137 frumenta,
2315 4085 2443 4140 qua:
2471 4067 2645 4121 habet
2674 4068 2737 4121 in
2776 4066 2955 4137 agris;
2990 4072 3229 4137 propter
3252 4083 3489 4134 merces,
3523 4083 3667 4138 quas

1970 4161 2143 4216 habet
2164 4160 2223 4213 in
2274 4159 2436 4213 mari.
2487 4157 2681 4213 Metuit
2724 4156 2955 4223 amicos,
3006 4171 3076 4209 ne
3124 4154 3264 4226 quid
3320 4155 3664 4227 rogantibus

1973 4253 2187 4305 donare
2218 4254 2470 4319 cogatur.
2513 4247 2710 4301 Metuit
2753 4245 3038 4314 inimicos,
3078 4261 3150 4300 ne
3209 4245 3348 4317 quid
3408 4249 3669 4302 noceant.

1187 4311 1244 4362 et
1260 4321 1486 4376 semper
1504 4321 1565 4359 ω
1584 4318 1864 4359 memon“
1902 4334 1946 4390 D
1978 4339 2254 4395 Timidius
2293 4337 2635 4392 convitiatur
2661 4340 2817 4390 metu
2874 4334 3121 4389 mulctae.
3181 4334 3390 4390 Omnia
3429 4336 3673 4391 circum-

1979 4429 2227 4501 spectius
2247 4433 2305 4482 et
2340 4426 2475 4482 facit
2504 4431 2559 4480 et
2583 4426 2718 4481 dicit
2750 4428 2907 4479 metu
2937 4424 3262 4492 calumniae,
3286 4441 3415 4496 quae
3445 4423 3676 4497 potissi-

1980 4534 2143 4574 mum
2169 4515 2438 4572 divitibus
2468 4515 2613 4568 strui
2661 4515 2844 4568 solet:
2879 4513 3093 4585 quippe
3136 4513 3345 4585 quibus
3393 4518 3477 4570 est
3521 4513 3679 4587 quod

1981 4606 2195 4663 auferri
2240 4605 2436 4676 possit.
2475 4603 2534 4659 Si
2564 4603 2777 4658 bellum
2809 4602 3127 4670 immineat,
3168 4602 3325 4657 dives
3373 4604 3434 4658 in
3476 4603 3681 4676 primis

1982 4695 2369 4752 discruciatur.
2425 4692 2684 4762 Denique
2738 4706 2843 4745 nec
2899 4691 3303 4761 superstitione
3368 4698 3550 4760 vacat,
3608 4709 3681 4748 ne

1985 4785 2134 4857 quod
2166 4799 2383 4838 numen
2403 4796 2609 4852 parum
2641 4781 2888 4834 amicum
2919 4780 3196 4834 damnum
3228 4780 3524 4838 immittat.
3550 4784 3683 4838 Haec

1985 4874 2345 4931 doctissimus
2415 4870 2499 4925 vir
2532 4871 2796 4925 Erasmus
2841 4869 2903 4923 in
2940 4869 3385 4925 Proverbiorum
3428 4871 3682 4928 Chiliade

1989 4964 2196 5033 prima.
3590 5023 3601 5031 ‘

2066 5056 2279 5111 Vacuus
2294 5047 2499 5120 viator]
2529 5049 2701 5103 Totus
2722 5045 2814 5101 hic
2830 5047 2987 5102 locus
3019 5063 3084 5101 ex
3101 5048 3373 5104 Iuvenale
3421 5053 3683 5121 sumptus

1990 5147 2094 5212 est,
2120 5143 2281 5213 cujus
2312 5140 2373 5195 hi
2396 5143 2531 5194 sunt
2551 5152 2747 5190 versus
2780 5152 2792 5190 :

2114 5259 2287 5307 Pauca
2313 5256 2434 5303 licet
2466 5256 2645 5317 portes
2675 5252 2885 5317 argenti
2907 5252 3122 5302 vascula
3147 5252 3284 5316 puri,

2114 5322 2275 5369 Nocte
2304 5319 2404 5365 iter
2428 5312 2719 5378 ingressus,
2738 5312 2985 5378 gladium
3019 5312 3339 5378 contumque
3364 5312 3592 5378 timebis,

2117 5382 2181 5430 Et
2206 5382 2365 5428 motae
2389 5379 2454 5427 ad
2485 5374 2667 5426 tunam
2694 5374 2979 5441 trépidabis
3004 5374 3281 5441 arundinis
3298 5374 3561 5426 umbram.

2118 5441 2365 5493 Cantabit
2392 5454 2592 5489 vacuus
2627 5439 2803 5489 coram
2838 5440 3043 5489 latrone
3071 5439 3260 5487 viator.

2067 5544 2113 5597 Ο
2138 5539 2429 5613 praetura]
2463 5538 2651 5593 Ironia
2683 5542 2786 5592 est.
2812 5536 3021 5591 Irridet
3050 5534 3203 5589 enim
3250 5552 3388 5608 opes
3425 5534 3687 5608 caducas,

1999 5636 2057 5691 et
2085 5647 2355 5690 curarum
2384 5630 2596 5686 molem
2628 5643 2821 5685 secum
2850 5625 3164 5695 trahentes,
3188 5625 3356 5699 juxta
3384 5625 3527 5685 illud
3551 5642 3567 5685 :
