4054 6184
471 326 576 378 97ὕ

895 451 1225 502 Crescentem
1256 446 1496 510 sequitur
1523 457 1651 494 cura
1682 441 1979 506 pecuniam,

596 520 962 585 Majorumque
984 514 1168 564 fames.

1077 612 1147 666 ΙΝ
1178 607 1469 666 METRUM
1499 607 1560 660 V.

546 712 787 767 Carmen
825 709 911 760 est
961 700 1324 765 monocolon,
1372 694 1802 767 anapaesticum,
1836 688 2163 763 parthenia-

476 818 625 868 cum,
665 799 997 862 dimetrum,
1049 787 1457 847 catalecticum.
1497 788 1560 840 In
1598 784 1787 855 prima
1832 778 2166 836 etsecunda

477 891 713 964 regione
756 886 1130 957 anapaestum,
1178 876 1380 949 recipit
1420 880 1477 930 et
1531 873 1871 945 spondeum,
1904 871 1964 925 in
2002 868 2169 924 tertia

478 957 665 1037 solum
703 977 1082 1047 anapaestum,
1124 973 1321 1041 postea
1368 968 1627 1037 superest
1673 962 1907 1034 syllaba.
1970 957 2168 1016 Simile

479 1074 565 1129 est
592 1068 679 1125 illi
709 1084 721 1122 ε

601 1175 833 1238 Adytum
864 1167 1077 1220 Veneris
1103 1164 1249 1227 fuge,
1270 1162 1440 1223 virgo.

480 1275 696 1332 Laudat
744 1274 937 1325 autem
1003 1280 1192 1320 mores
1252 1259 1435 1316 atatis
1489 1257 1714 1329 primae,
1769 1269 1941 1325 quam
1989 1253 2173 1322 poeta:

482 1363 555 1419 ob
585 1368 830 1430 (morum
876 1352 1268 1426 praestantiam
1327 1355 1383 1402 et
1425 1346 1664 1400 virtutes
1713 1356 1948 1397 auream
2005 1354 2171 1393 voca-

481 1453 707 1515 verunt,
737 1447 913 1517 idque
952 1442 1013 1497 in
1044 1437 1296 1495 avaritiae
1338 1433 1669 1490 mortalium
1708 1428 2168 1494 detestationem,

482 1556 612 1613 quae
642 1549 939 1607 nunquam
982 1528 1177 1585 satiari
1209 1530 1417 1597 potest.

549 1625 726 1698 Prior]
757 1606 966 1687 Prima,
1008 1620 1076 1673 de
1125 1632 1238 1687 qua
1266 1615 1490 1683 legatur
1520 1611 1576 1663 in
1619 1607 1807 1679 primo
1861 1606 2163 1660 Metamor-

484 1720 743 1792 phoseos.
778 1713 929 1767 Maro
959 1708 1018 1762 in
1052 1701 1359 1774 Georgicis,
1393 1705 1446 1756 et
1472 1698 1749 1754 Tibullus.

554 1803 728 1871 jEtas]
758 1794 1224 1855 Subaudiendum
1243 1792 1372 1858 fuit.

551 1869 832 1949 Fidelibus
862 1882 1039 1956 arvis]
1068 1883 1205 1948 Quae
1238 1877 1558 1952 depositum
1586 1888 1781 1930 semen
1819 1869 2067 1927 ﬁdeliter
2115 1872 2172 1923 et

485 2000 614 2041 cum
646 1982 840 2037 fenore
868 1974 1132 2031 reddunt.

556 2069 754 2139 Facili]
788 2063 1058 2122 Parabili.

555 2164 710 2225 Sera]
746 2157 1028 2213 Diuturna
1053 2154 1110 2205 et
1137 2149 1196 2203 in
1217 2160 1515 2219 vesperam
1546 2141 1832 2199 durantia.

557 2247 789 2322 Solvere]
828 2246 1131 2314 Frangere.

560 2311 796 2408 Glande]
829 2311 1133 2390 Namvante
1172 2323 1447 2381 frumenti
1478 2321 1869 2377 inventionem
1908 2311 2182 2371 mortales

489 2428 793 2502 glandibus
821 2419 1227 2481 vescebantur;
1252 2413 1405 2469 unde
1433 2410 1701 2466 Ovidius:

613 2528 963 2590 Contentique
987 2524 1122 2574 cibis
1154 2520 1301 2590 nullo
1332 2521 1552 2590 cogente
1586 2514 1793 2590 creatis,

615 2576 893 2641 hrbuteos'
907 2588 1061 2644 fetus,
1088 2576 1627 2644 montanaqu—egl‘raga
1661 2576 1925 2644 legebant,

616 2637 890 2716 Cornaque
921 2654 974 2716 et
988 2637 1059 2716 in-
1074 2647 1220 2716 duris
1247 2637 1506 2716 haerentia
1526 2637 1676 2716 more
1695 2637 1911 2716 rubetis,

614 2698 1159 2780 Et—quaeﬁdeciderant
1187 2707 1366 2772 patula
1389 2704 1534 2755 Jovis
1556 2703 1742 2752 arbore
1769 2698 2009 2763 glandes.

561 2814 835 2871 Bacchica
853 2808 1095 2882 munera]
1130 2808 1291 2863 Vina.

560 2904 754 2974 Norat]
788 2905 1050 2961 Noverat,
1085 2898 1317 2965 sciebat,
1342 2894 1527 2967 perita
1554 2894 1693 2947 erat.

562 2991 928 3064 Confundere]
958 2990 1209 3047 Miscere.

562 3081 745 3154 Melle]
767 3084 843 3137 Ex
881 3082 1014 3134 vino
1059 3084 1114 3133 et
1144 3076 1314 3132 melle
1362 3071 1665 3128 conﬁcitur
1694 3065 1947 3139 potionis
1977 3077 2178 3135 genus,

493 3173 647 3246 quod
678 3171 873 3226 Latine
895 3169 1102 3224 dicitur
1130 3166 1402 3231 mulsum,
1441 3162 1630 3217 Graece
1660 3155 1992 3230 μελίκρατον,

564 3258 799 3331 Lucida]
832 3256 1103 3313 Candida.

565 3328 880 3420 Serumjvili
906 3344 1107 3417 populi
1136 3346 1269 3398 sunt.
1292 3340 1442 3396 Asiae
1469 3335 1763 3409 Scythicae,
1798 3332 1867 3387 de
1892 3330 2102 3403 quibus
2128 3328 2187 3383 in

495 3438 783 3510 Georgicis
813 3440 980 3506 poeta
1017 3451 1028 3487 :

622 3525 927 3588 Velleraque
953 3521 1093 3570 foliis
1123 3519 1401 3582 depectant
1427 3515 1607 3565 tenuia
1654 3525 1817 3562 seres.

496 3628 724 3685 Solinus
758 3641 771 3679 ί
804 3623 966 3678 Seres
997 3633 1276 3690 aquarum
1312 3612 1614 3686 aspergine
1636 3609 1931 3665 inundatis
1971 3604 2189 3661 frondi-

492 3717 621 3785 bus,
653 3714 864 3768 vellera
893 3710 1161 3765 arborum
1207 3704 1556 3761 adminiculo
1602 3700 1911 3772 depectunt
1948 3694 2191 3767 liquoris

494 3810 551 3860 et
580 3801 871 3874 lanuginis
922 3805 1181 3854 teneram
1232 3792 1646 3850 sublimitatem
1681 3790 1924 3844 humore
1954 3785 2192 3841 domant

495 3895 564 3950 ab
586 3890 947 3963 obsequium.
976 3890 1089 3943 Hoc
1119 3886 1261 3940 illud
1293 3888 1376 3938 est
1404 3882 1670 3947 sericum,
1706 3878 1764 3932 in
1786 3892 1957 3933 usum
1999 3873 2190 3946 publi-

493 4000 624 4039 cum
645 3983 853 4037 damno
912 3975 1231 4033 severitatis
1280 3972 1611 4031 admissum,
1668 3974 1723 4023 et
1754 3984 1866 4040 quo
1917 3962 2193 4020 ostentari

491 4072 685 4145 potius
713 4084 953 4141 corpora
1000 4081 1171 4138 quam
1223 4062 1451 4129 vestire,
1504 4059 1693 4131 primo
1734 4054 1985 4121 feminis,
2036 4067 2191 4107 nunc

495 4161 663 4216 etiam
696 4158 832 4213 viris
846 4155 1128 4229 persuasit
1154 4151 1397 4207 luxuriae
1411 4148 1605 4203 libido.
1640 4146 1801 4200 Seres
1821 4142 1930 4213 ipsi
1952 4139 2187 4212 quidem

495 4251 661 4306 mites
693 4253 747 4303 et
774 4248 924 4302 inter
945 4262 1002 4299 se
1032 4239 1395 4314 quietissimi,
1430 4236 1571 4291 alios
1588 4235 1945 4305 reliquorum
1980 4232 2196 4283 morta-

498 4340 639 4395 lium
672 4342 847 4393 coetus
891 4332 1184 4403 refugiunt
1224 4329 1388 4393 adeo,
1434 4330 1495 4379 ut
1539 4329 1875 4379 casterarum
1934 4317 2194 4389 gentium

494 4425 839 4485 commercia
895 4424 1169 4478 abnuant.
1226 4418 1483 4472 Primum
1513 4429 1711 4469 eorum
1744 4410 1983 4465 ﬂuvium
2039 4422 2189 4461 mer-

494 4524 714 4574 catores
748 4514 855 4588 ipsi
874 4512 1191 4576 transeunt,
1227 4507 1286 4560 in
1317 4504 1479 4575 cujus
1502 4502 1644 4572 ripis
1675 4500 1833 4555 nullo
1861 4494 2195 4567 interpretis

497 4609 710 4679 linguae
761 4599 1124 4663 commercio,
1176 4595 1275 4650 sed
1321 4591 1713 4664 depositarum
1761 4602 1955 4642 rerum
2011 4582 2195 4655 pretia

496 4696 676 4752 oculis
723 4695 1091 4755 aestimantes,
1141 4702 1242 4740 sua
1284 4682 1538 4747 tradunt,
1581 4684 1774 4733 nostra
1817 4692 1931 4730 non
1974 4676 2193 4727 emunt.

504 4787 787 4841 Hactenus
819 4781 933 4835 ille.
970 4772 1287 4847 Singularis
1317 4770 1490 4841 hujus
1514 4766 1782 4823 dictionis
1811 4759 2197 4818 nominativus

502 4876 605 4939 est,
639 4870 758 4925 Ser.
786 4865 1055 4921 Sidonius
1084 4880 1097 4917 :

652 4957 899 5020 Assyrius
920 4965 1175 5017 gemmas,
1214 4948 1306 4998 Ser
1334 4944 1549 5000 vellera,
1586 4941 1743 4990 thura
1773 4937 2009 4987 Sabaeus.

499 5040 783 5098 Ausonius
808 5054 821 5091 :

622 5132 741 5179 Jam
770 5125 958 5191 pelago
984 5122 1170 5171 volitat
1197 5120 1459 5169 mercator
1492 5112 1767 5163 vestiﬂuus
1798 5106 1908 5155 Ser.

500 5209 856 5267 Vermiculus
876 5210 931 5261 et
962 5205 1082 5275 ipse
1115 5202 1201 5272 (ut
1254 5202 1450 5253 auctor
1477 5199 1561 5249 est
1600 5186 1932 5256 Pausanias)
1965 5200 2056 5240 ser
2090 5199 2197 5254 ap-

541 5302 772 5358 ellatur.

502 5320 772 5375 pellatur.

575 5393 737 5459 Tyrio
780 5382 997 5452 veneno]
1037 5384 1317 5448 Purpura,
1363 5387 1658 5444 purpureo
1709 5368 1954 5437 liquore.
1997 5362 2200 5431 Tyrus,

505 5453 640 5533 urbs
667 5483 753 5533 est
770 5470 1097 5534 Phoeniciaa,
1126 5464 1223 5520 ubi
1242 5463 1458 5534 optima
1474 5465 1559 5514 est
1592 5471 1868 5529 purpura.
1902 5453 2203 5506 Venenum

506 5583 607 5637 pro
639 5566 827 5621 colore
858 5560 1115 5634 ponitur,
1145 5570 1211 5607 eo
1238 5550 1389 5623 quod
1412 5553 1621 5602 vestem
1680 5546 1759 5598 ita
1810 5542 2107 5613 percurrat
2137 5540 2204 5590 ut

507 5670 789 5710 venenum
838 5631 1064 5721 corpus.
1111 5646 1249 5699 Nam
1286 5637 1469 5695 Latini
1504 5636 1562 5691 id
1620 5648 1907 5689 venenum
1973 5631 2201 5693 vocant,

506 5743 661 5815 quod
688 5739 863 5795 Graeci
902 5738 1192 5809 γάρμακον.
1216 5726 1486 5799 Virgilius
1521 5741 1534 5779 :

1198 309 1548 368 APPENDIX
1589 308 1679 361 AD
1722 304 1966 361 LIBROS
2006 302 2100 359 DE
2138 296 2663 358 CONSOLATIONE
2706 290 3219 352 PHILOSOPHUS.

3805 290 3884 339 976

2434 434 2566 483 Alba
2594 444 2693 481 nec
2727 427 2941 491 Assyrio
2976 425 3186 473 fucatur
3208 421 3329 470 lana
3358 430 3568 469 veneno.

2348 518 2571 573 Somnos
2627 507 2891 580 salubres]
2953 507 3211 561 Salutem
3262 500 3659 555 conservantes.
3720 497 3888 551 Alladit

2275 611 2469 662 autem
2499 604 2570 659 ad
2604 597 2972 657 medicinales
3000 593 3225 650 herbas.
3263 592 3453 645 Potest
3477 591 3529 642 et
3549 585 3765 640 salubris
3788 587 3885 657 legi.

2276 698 2428 755 Maro
2462 710 2472 750 :

2206 438 2253 492 Α

2867 773 3156 835 Mollesque
3187 769 3284 819 sub
3314 767 3496 817 arbore
3524 763 3697 813 somni.

2350 859 2635 933 Lubricus]
2669 859 2892 925 Fluens,
2926 852 3176 909 mobilis.

2350 952 2506 1022 Alta]
2538 947 2849 1005 Profunda.
2882 943 3139 999 Tibullus
3174 954 3184 993 :

2404 1038 2650 1090 Nondum
2676 1033 2927 1084 caeruleas
2951 1031 3111 1094 pinus
3139 1024 3525 1094 contempserat
3551 1019 3723 1077 undas,

2465 1086 2703 1151 Ebusum
2733 1096 2907 1146 ventis
2934 1086 3332 1157 praebueratque
3353 1086 3527 1157 sinu‘m
3557 1098 3567 1131 :

2407 1144 2511 1214 Nec
2534 1144 2702 1225 {diu}
2730 1144 3200 1225 ig'notis‘repetens
3230 1144 3538 1225 compendia
3567 1144 3720 1204 terris,

2470 1213 2737 1276 Presserat
2752 1213 2983 1271 Externa
3012 1213 3192 1266 navita
3219 1225 3389 1262 merce
3421 1213 3601 1259 ratem.

2360 1306 2628 1377 Undique]
2660 1302 2829 1361 Omni
2859 1317 2925 1357 ex
2954 1302 3138 1371 parte.

2354 1395 2553 1469 Lectis]
2586 1391 2863 1451 Collectis.

2356 1491 2506 1545 Nova
2536 1483 2723 1539 littora
2746 1480 2963 1535 viderat
2995 1476 3201 1544 hospes]
3236 1469 3396 1526 Ovid.
3435 1482 3449 1523 :

2407 1574 2666 1636 Nullaque
2688 1568 2937 1619 mortales
2966 1568 3158 1629 praeter
3186 1574 3282 1611 sua
3310 1559 3490 1609 littora
3514 1556 3711 1604 norant.

2362 1654 2529 1727 Tunc]
2563 1656 2627 1709 1n
2648 1666 2824 1707 aurea
2856 1653 3042 1703 aetate.

2215 1746 2255 1798 Β
2356 1747 2594 1805 Classica
2615 1739 2780 1813 sava]
2816 1739 2992 1795 Tubae
3013 1734 3222 1807 quibus
3242 1729 3375 1785 sa‘vi
3398 1725 3604 1783 milites
3630 1723 3683 1777 in
3700 1718 3897 1792 praelium

2288 1837 2628 1894 excitantur.

2364 1920 2650 1991 Tacebant]
2704 1920 2828 1972 Non
2913 1911 3275 1969 resonabant.
3348 1903 3668 1968 Classicum,
3734 1900 3898 1952 auctore

2289 2013 2505 2080 Servio,
2540 2016 2658 2067 tam
2688 2008 2884 2063 tubam
2916 2004 3125 2076 ipsam,
3160 2013 3333 2071 quam
3363 1996 3487 2066 ejus
3516 1993 3744 2047 sonitum
3780 1993 3900 2057 sigm-

2290 2106 2438 2160 ﬁcat.
2464 2103 2614 2157 Maro
2654 2116 2664 2154 :

2413 2192 2519 2240 Nec
2550 2189 2674 2238 dum
2706 2186 2865 2235 etiam
2896 2181 3176 2231 audierant
3203 2174 3387 2240 inflari
3408 2169 3636 2225 classica,
3662 2178 3747 2214 nec
3767 2162 3859 2211 dum

2412 2236 2693 2315 impositos
2715 2247 2875 2310 {duris
2909 2243 3164 2307 crepitare
3190 2236 3474 2287 incudibus
3504 2244 3666 2280 enses.

2362 2304 2624 2403 Horrida]
2655 2304 2974 2391 Terribilia,
2998 2304 3306 2378 horrorem
3344 2310 3687 2371 incutientia.
3714 2304 3901 2362 Tibullus

2416 2425 2531 2473 Non
2562 2422 2715 2475 acies,
2742 2430 2852 2466 non
2879 2415 2957 2463 ira
2990 2412 3107 2467 fuit,
3140 2421 3248 2475 non
3278 2403 3436 2475 bella,
3468 2415 3567 2451 nec
3598 2409 3748 2451 enses,

2478 2467 2673 2534 immiti
2695 2467 2867 2529 saevus
2894 2476 3113 2525 duxerat
3141 2474 3251 2520 arte
3284 2467 3453 2516 faber.

2365 2567 2507 2633 Quid
2536 2561 2695 2634 enim]
2733 2561 2866 2627 Cur,
2898 2559 3131 2629 propter
3152 2550 3309 2623 quid.

2353 2622 2613 2723 litinam]
2657 2622 2827 2722 Optat
2853 2622 3145 2716 antiquos
3172 2622 3404 2705 imores,
3450 2639 3506 2689 et
3540 2631 3759 2704 priscam
3791 2622 3900 2677 illam

2295 2745 2634 2800 mortalibus
2663 2741 2793 2795 vitae
2834 2734 3224 2806 integritatem
3255 2725 3442 2783 reddi.

2366 2797 2549 2901 siina]
2588 2828 2791 2886 Montis
2824 2797 3027 2881 Sicilire
3059 2823 3339 2893 perpetuo
3400 2809 3644 2868 ardentis
3687 2797 3900 2860 incendio.

2298 2926 2366 2980 de
2394 2938 2506 2995 quo
2534 2918 2807 2991 Virgilius
2830 2932 2902 2982 II’,
2937 2910 3283 2968 Claudianus
3314 2904 3520 2959 multa.

2229 3036 2267 3090 ρ
2370 3014 2540 3068 Amor
2569 3006 2823 3075 habendi]
2854 3000 3122 3060 Avaritia.
3158 2995 3393 3052 Ovidius
3430 3009 3444 3047 :

2976 3091 3039 3139 Et
3065 3100 3211 3137 amor
3241 3084 3529 3134 sceleratus
3553 3072 3771 3127 habendi.

2369 3184 2483 3236 Heu
2504 3182 2715 3250 primus
2746 3177 2869 3245 quis
2898 3174 3008 3239 fuit
3037 3167 3148 3241 ille]
3182 3168 3520 3221 Exsecratur
3547 3157 3661 3214 auri
3698 3149 3895 3208 invento—

2298 3288 2438 3337 rem,
2475 3270 2622 3323 sicut
2646 3263 2903 3320 Tibullus
2938 3272 3232 3315 armorum
3267 3271 3280 3309 :

2422 3328 2549 3415 Ouis
2575 3354 2674 3403 fuit
2700 3348 2994 3400 horrendos
3023 3344 3224 3415 primus
3246 3336 3584 3415 (χρίει-ορξζῇ
3606 3328 3777 3382 enses?

2483 3399 2839 3477 Onam—ferus,
2872 3415 2924 3460 et
2961 3399 3081 3458 vere
3114 3399 3313 3455 ferreus
3348 3399 3441 3452 ille
3469 3399 3581 3449 fuit.

2368 3519 2515 3574 Auri
2538 3511 2679 3585 tecti]
2710 3512 2773 3566 In
2802 3514 2970 3564 terra:
2993 3502 3247 3560 cavernis
3277 3493 3669 3558 delitescentis,
3692 3483 3812 3559 quod
3822 3492 3901 3579 non

2297 3608 2409 3664 nisi
2440 3601 2704 3661 maximis
2742 3597 3034 3655 laboribus
3056 3591 3297 3648 eruitur.
3336 3590 3418 3643 De
3466 3585 3619 3657 cujus
3659 3570 3905 3634 inventione

2299 3699 2347 3753 si
2376 3697 2581 3769 placet,
2605 3692 2736 3747 vide
2768 3685 3114 3745 Lucretium.
3151 3679 3388 3735 Ovidius
3414 3692 3426 3733 :

2422 3802 2669 3863 Eruimus
2704 3801 2846 3863 terra
2867 3792 3096 3863 solidum
3126 3803 3221 3862 pro
3251 3786 3497 3863 frugibus
3534 3789 3722 3829 aurum.

2488 3848 2724 3914 Possidet
2752 3860 2993 3909 inventas
3020 3848 3280 3917 sanguine
3313 3848 3469 3898 miles
3488 3856 3624 3908 opes.

2373 3967 2607 4022 Plautus
2644 3978 2656 4016 :

2489 4053 2584 4103 Odi
2612 4063 2709 4115 ego
2723 4060 2911 4098 aurum
2942 4060 2951 4093 :
2972 4043 3140 4093 multa
3163 4037 3345 4088 multis
3371 4047 3513 4098 smpe
3536 4028 3687 4079 suasit
3705 4023 3904 4087 perperam

2371 4135 2627 4192 Tibullus
2661 4148 2673 4185 :

2524 4224 2672 4285 Smpe
2693 4217 2867 4268 solent
2890 4227 3018 4265 auro
3048 4209 3217 4262 multa
3242 4205 3463 4258 subesse
3486 4200 3634 4253 mala.

2380 4301 2711 4376 Propertius
2745 4316 2758 4353 :

2494 4410 2693 4459 Aurum
2724 4415 2927 4459 omnes,
2955 4399 3090 4449 victa
3108 4395 3218 4459 jam
3248 4393 3459 4459 pietate,
3495 4386 3678 4440 colunt,

2459 4454 2781 4532 A-uroipulsa
2811 4454 2940 4513 fides
2969 4454 3340 4532 auro'venalia
3362 4454 3501 4532 jura.

2493 4508 2697 4583 λιιῖιῆιῖ
2722 4508 2808 4579 lex
2835 4508 3092 4589 sequitur,
3128 4533 3253 4569 mox
3278 4508 3391 4565 sine
3414 4516 3525 4578 lege
3556 4508 3724 4574 pudor.

2310 4632 2662 4704 Phocylides,
2696 4626 3006 4697 interprete
3036 4619 3179 4676 Aldo
3203 4615 3492 4673 Manutio:
3526 4604 3748 4665 Avaritia
3784 4593 3909 4704 mater

2310 4722 2544 4779 malitiae
2575 4718 2878 4775 universae.
2928 4715 3147 4766 Aurum
3175 4718 3406 4775 semper
3448 4699 3608 4756 dolus
3650 4694 3726 4746 est
3772 4686 3813 4737 et
3852 4690 3909 4728 δῖ’

2310 4817 2545 4885 gentum
2593 4804 2970 4863 hominibus:
3015 4799 3057 4853 Ο
3112 4810 3315 4852 aurum
3366 4790 3643 4845 malorum
3689 4776 3902 4885 prunis:

2310 4856 2545 4885 gem..."
2594 4856 2895 4863 ---__w,-.,

2308 4900 2612 4973 vitiperda,
2646 4894 2841 4950 omnia
2870 4889 3157 4946 minuens.
3220 4883 3450 4939 Utinam
3504 4890 3613 4931 non
3657 4856 3910 4925 mortalibus

2312 5006 2462 5047 esses
2508 4988 2918 5043 nocumentum
2974 4975 3235 5032 amabile.
3307 4972 3428 5025 Tua
3480 4965 3625 5021 enim
3663 4955 3908 5046 causanpll‘

2313 5095 2579 5152 gnaaque,
2609 5074 2955 5147 praedaeque,
2990 5066 3307 5135 cmdesque.
3354 5054 3573 5114 Inimici
3600 5062 3720 5103 vero
3747 5036 3827 5152 ﬁlii
3846 5044 3910 5152 fa-

3321 5151 3327 5152 γ
3367 5150 3373 5152 -
3435 5148 3450 5152 -
3614 5137 3660 5152 ιν
3715 5124 3910 5152 1....ἑιιη

2313 5121 3010 5152 δ“ψῚ“νΤ⁶ψ“”Ἰ-“1“
3191 5121 3213 5135 Δ
3832 5124 3835 5130 η

2311 5168 2591 5233 rentibus,
2626 5166 2943 5232 fratresque
2969 5152 3287 5213 Germanis.
3313 5148 3585 5205 Diodorus
3614 5121 3911 5233 Siculus1

2313 5208 2591 5233 ιυμιιυυν,
2626 5208 2939 5232 ...ηημιη
2978 5208 3093 5213 _-_,
3818 5212 3825 5221 ο
3862 5208 3869 5214 ι

2313 5264 2467 5314 sexto
2491 5257 2561 5311 de
2588 5252 2791 5309 insulis
2832 5245 3161 5304 Balearibus
3193 5242 3316 5298 haec
3369 5230 3651 5293 memoriae
3694 5208 3911 5314 prodi-dli:

2313 5354 2500 5404 Aureo
2533 5359 2770 5401 nummo
2813 5342 2911 5394 aut
2927 5338 3164 5407 argento
3204 5346 3322 5386 non
3349 5328 3600 5387 utuntur,
3641 5298 3913 5407 quaesiit-’1':1

2316 5440 2386 5495 ad
2409 5437 2655 5491 insulam
2686 5429 2995 5503 prohibent
3036 5436 3266 5479 causam
3312 5414 3618 5472 afferentes.
3675 5394 3914 5503 Centone:

2316 5482 2386 5495 ι...
2410 5482 2655 5491 ...__-,__
2688 5482 2745 5503 Γ,
2766 5482 2781 5485 τ
3792 5482 3799 5489 '

2315 5523 2625 5599 Chrysauri
2656 5521 2843 5575 filium
2877 5532 3014 5571 auro
3046 5518 3217 5585 atque
3250 5508 3483 5578 argento
3504 5482 3913 5599 opulentissimus:

3473 5596 3480 5599 _
3656 5575 3765 5599 ηε,
3790 5578 3870 5599 ,πη

2316 5560 2625 5599 υυιαῡαυιι
2657 5560 2843 5575 una...
2877 5560 3012 5571 ...ην
3046 5560 3215 5585 ,κν-ν
3254 5560 3349 5578 WU
3537 5560 3555 5570 .
3790 5570 3799 5579 .

2316 5615 2607 5691 quondam
2650 5611 2718 5666 ab
2743 5607 2983 5664 Hercule
3014 5604 3163 5659 bello
3206 5596 3604 5669 expugnatum.
3656 5560 3914 5691 Existlmzil

3519 5682 3527 5691 -
3598 5677 3767 5691 -Α--ηη
3832 5669 3881 5691 c,

2318 5660 2473 5764 gnim
2500 5721 2565 5760 eo
2596 5704 2782 5774 pacto,
2809 5712 2938 5753 cum
2962 5708 3101 5750 auro
3131 5695 3305 5761 atque
3339 5682 3569 5755 argento
3590 5664 3805 5727 careant,
3832 5660 3913 5705 sese

2231 4400 2275 4454 D
