4054 6184
158 301 270 351 977

1453 297 1843 355 MURMELLII
1880 297 2412 355 COMMENTARIA.

3576 309 3680 362 978

154 437 327 492 facile
356 451 558 491 omnes
587 435 716 490 vitae
744 434 975 489 insidias
1003 450 1289 502 evasuros,
1316 438 1378 489 ut
1407 435 1632 490 Solinus
1662 439 1859 490 auctor
1893 435 1941 490 A
1967 436 2190 491 nullum
2232 440 2335 504 est,
2375 437 2580 494 omnia
2610 438 2835 493 virtutis
2858 439 3097 510 praemia
3128 439 3362 496 ambitio
3401 442 3674 513 possidet.

156 528 271 589 est,
301 541 335 578 a
361 524 518 579 Susis
549 522 784 578 Barbitm
827 522 1105 593 oppidum
1151 526 1377 577 centum
1411 522 1663 595 trigenta
1695 523 1866 595 quin-

155 630 277 685 que
308 613 564 667 millibus
587 627 858 684 passuum
878 611 1070 679 distat,
1092 611 1152 666 in
1169 628 1280 683 quo
1308 613 1581 667 mortales
1612 612 1869 668 universi

157 702 302 757 odio
331 701 459 756 auri
490 704 757 755 coemunt
782 700 889 755 hoc
931 716 1110 772 genus
1140 700 1379 768 metalli,
1410 704 1466 755 et
1504 701 1786 772 abjiciunt
1810 700 1870 755 in

156 795 457 845 terrarum
488 789 791 861 profunda.
834 789 912 843 Ne
938 788 1143 860 polluti
1189 806 1295 843 usu
1325 789 1450 860 ejus
1484 790 1700 845 avarita
1740 806 1870 845 cor-

158 884 447 951 rumpant
476 879 828 950 aequitatem.
860 878 1032 933 Silius
1064 878 1290 933 Italicus
1318 879 1465 934 libro
1495 880 1681 949 primo
1712 896 1724 934 :

290 987 398 1036 Sed
431 985 690 1035 scelerum
719 985 1097 1047 causasoperit
1126 986 1283 1045 Deus,
1317 984 1480 1034 Astur
1508 999 1700 1035 avarus

296 1049 597 1098 Visceribus
628 1046 1044 1110 lacerastelluris
1073 1048 1330 1110 mergitur
1360 1047 1498 1109 imis,

294 1112 359 1161 Et
385 1112 519 1161 redit
550 1111 732 1160 infelix
762 1108 952 1159 effosso
979 1108 1227 1160 concolor
1252 1123 1399 1159 auro.

153 1212 389 1266 Plinius
420 1212 563 1266 libro
597 1210 879 1265 Naturalis
911 1210 1171 1264 Historiae
1201 1226 1394 1279 xxxm,
1428 1210 1611 1281 capite
1642 1208 1864 1280 primo:

154 1301 517 1371 Utinamque
538 1305 732 1371 posset
764 1316 792 1352 e
822 1299 1008 1353 vitain
1042 1304 1225 1353 totum
1247 1300 1500 1354 abdicari
1525 1314 1752 1364 aurum,
1780 1315 1870 1352 sa-

150 1406 254 1444 cra
298 1391 501 1456 fames,
538 1395 599 1443 ut
645 1387 1007 1443 celeberrimi
1043 1392 1302 1442 auctores
1351 1386 1561 1455 dixere,
1620 1387 1867 1458 proscis-

153 1496 298 1533 sum
356 1478 625 1533 conviciis
684 1477 753 1531 ab
808 1476 1039 1547 optimis
1073 1476 1419 1548 quibusque,
1463 1480 1518 1530 et
1575 1476 1642 1530 ad
1674 1475 1869 1547 perni-

147 1568 311 1623 ciem
344 1569 476 1622 vitse
510 1570 823 1638 repertum.

228 1659 433 1711 Latere
482 1655 733 1724 volentes]
782 1656 845 1709 In
890 1658 1056 1708 terrm
1114 1654 1367 1707 cavernis
1415 1653 1761 1721 reconditas,
1808 1650 1868 1706 in

152 1746 330 1817 cujus
361 1747 525 1813 (teste
554 1744 760 1816 Plinio)
796 1744 1009 1798 viscera
1040 1743 1208 1810 imus,
1243 1748 1300 1797 et
1334 1744 1392 1797 in
1433 1743 1564 1797 sede
1610 1743 1868 1797 manium

152 1850 304 1906 opes
354 1833 686 1906 quaerimus.
750 1834 1001 1887 Pretiosa
1056 1833 1327 1902 pericula,
1395 1848 1497 1903 per
1554 1831 1869 1903 appositio-

152 1939 301 1978 nem
336 1940 350 1977 :
385 1922 776 1994 superioribus
806 1922 912 1975 hoc
940 1922 1115 1988 addit,
1142 1922 1198 1974 id
1234 1926 1337 1982 est,
1372 1937 1461 1975 res
1488 1922 1719 1993 quidem
1738 1938 1870 1993 pre-

150 2013 363 2077 tiosas,
397 2014 494 2067 sed
528 2012 914 2083 periculorum
947 2028 1164 2077 causas,
1199 2012 1269 2064 ob
1302 2027 1441 2081 quas
1473 2011 1710 2081 plurimi
1744 2011 1865 2082 qui-

152 2102 297 2157 dem
329 2102 602 2156 mortales
632 2117 783 2171 sazpe
818 2100 1236 2170 periclitantur.
1272 2098 1544 2153 Ovidius:

322 2225 426 2275 Sed
456 2226 591 2274 itum
620 2228 699 2274 est
730 2226 783 2272 in
808 2225 1013 2273 viscera
1042 2228 1216 2281 terrae,

255 2290 511 2360 Qqasque
527 2287 922 2360 recondiderat,
972 2287 1271 2360 Stygiisque
1309 2286 1617 2336 admoverat
1649 2286 1870 2347 umbris,

252 2348 611 2400 Etfodiuntur
638 2364 761 2414 opes
794 2348 1123 2399 irritamenta
1151 2348 1430 2398 malorum.

151 2467 381 2523 Plinius
404 2466 504 2521 lib.
541 2484 597 2535 ιι,
636 2481 760 2537 cap.
796 2468 861 2520 65
898 2482 909 2521 :
940 2464 1329 2520 ‘Penetramus
1361 2464 1419 2519 in
1470 2464 1707 2531 viscera,
1734 2464 1860 2519 auri

149 2557 509 2628 argentique
531 2572 723 2621 venas,
747 2560 800 2609 et
830 2555 957 2609 teris
980 2571 1043 2609 ac
1056 2554 1282 2626 plumbi
1302 2554 1533 2609 metalla
1553 2553 1863 2609 fodientes:

146 2660 422 2715 gemmas
470 2644 665 2709 etiam,
701 2648 758 2697 et
807 2642 1087 2714 quosdam
1117 2642 1385 2713 parvulos
1439 2640 1754 2712 quaerimus
1784 2643 1865 2697 la-

148 2733 346 2803 pides,
401 2731 696 2784 scrobibus
742 2730 803 2783 in
853 2729 1205 2799 profundum
1254 2728 1389 2783 actis
1440 2729 1655 2782 viscera
1696 2733 1865 2784 terrae

150 2819 541 2887 extrahimus,
565 2824 629 2873 ut
649 2818 829 2889 digito
854 2823 1110 2889 gestetur
1131 2833 1568 2889 gemma,quam
1590 2817 1860 2888 petimus.

150 2911 313 2975 Quot
343 2923 550 2963 manus
573 2912 918 2974 atteruntur,
958 2911 1017 2961 ut
1051 2922 1198 2961 unus
1230 2906 1409 2960 niteat
1438 2905 1749 2960 articulus!

220 3000 295 3053 Ut
322 2999 603 3052 hactenus
646 2997 839 3051 docuit
868 2996 1091 3051 divitias
1122 3012 1239 3051 non
1262 3012 1382 3050 esse
1426 2994 1652 3049 homini
1691 3011 1861 3067 expe-

151 3089 385 3153 tendas,
446 3088 525 3141 ita
574 3103 727 3141 nunc
782 3086 1185 3157 pulcherrimis
1214 3084 1641 3156 verissimisque
1689 3102 1861 3156 argu-

149 3178 377 3233 mentis
407 3174 1002 3247 ostenditfdignitates
1042 3180 1097 3229 et
1127 3175 1442 3246 potentiam
1477 3174 1619 3229 nihil
1655 3175 1861 3230 habere

146 3266 318 3338 quod
366 3266 455 3319 vel
508 3265 891 3336 expetendum
939 3264 1031 3329 sit,
1086 3265 1167 3318 vel
1224 3280 1415 3319 veram
1446 3262 1860 3320 beatitudinem

146 3356 425 3411 conferre
451 3354 648 3425 possit.

222 3448 399 3501 Inscii
433 3442 642 3514 Ignari.

223 3535 367 3590 Caelo
392 3531 711 3601 exaequatis]
764 3529 1012 3587 Summis
1048 3530 1218 3585 rebus
1270 3532 1638 3601 comparatis,
1665 3547 1856 3603 aequa-

140 3628 355 3697 lesque
382 3623 673 3695 judicatis.

223 3716 357 3781 Qua
388 3714 660 3782 incendia]
693 3710 866 3777 Quasi
896 3711 1047 3766 dicat
1070 3710 1247 3766 nulla.

222 3802 641 3872 Eructantibus]
673 3801 1143 3872 Erumpentibus.

219 3891 476 3963 Strages]
506 3890 889 3958 Calamitates,
924 3890 1360 3945 devastationes.

218 3980 473 4051 Dederitj
511 3980 792 4033 Intulerit.

219 4070 347 4142 Uti]
382 4069 895 4133 Quemadmodum.

218 4160 525 4217 Consulare
576 4158 882 4228 imperium]
951 4157 1211 4213 Ostendit
1256 4156 1630 4228 dignitatibus
1687 4156 1858 4227 hujus

142 4248 350 4304 seaculi
381 4247 601 4300 nullam
632 4246 815 4300 inesse
846 4245 1248 4312 constantiam,
1282 4261 1412 4299 cum
1460 4244 1561 4311 reil
1584 4245 1858 4299 Romanae

137 4344 333 4393 status
365 4352 517 4407 saepe
560 4336 632 4389 sit
662 4336 1017 4389 immutatus.
1054 4334 1313 4389 Primum
1342 4335 1495 4388 enim
1540 4334 1721 4389 Roma
1743 4335 1847 4389 sub

134 4428 385 4500 regibus
406 4426 535 4491 fuit,
562 4440 809 4496 quorum
833 4425 1110 4495 septimus
1133 4425 1493 4495 Tarquinius,
1521 4424 1612 4477 cui
1643 4439 1850 4495 cogno-

134 4534 276 4573 men
317 4516 596 4586 Superbo,
630 4531 693 4569 ex
726 4514 983 4568 moribus
1013 4514 1231 4579 datum,
1274 4530 1450 4584 regno
1482 4518 1708 4568 exactus
1738 4517 1841 4581 est,

132 4606 237 4661 ubi
271 4605 352 4658 ad
401 4604 525 4674 ejus
568 4603 897 4674 superbiam
926 4602 1245 4658 liberorum
1294 4601 1467 4657 libido
1498 4602 1841 4668 accessisset,

133 4710 399 4767 quorum
442 4708 572 4747 cum
629 4693 774 4747 alter
830 4691 1209 4747 ornatissima:
1265 4691 1496 4746 feminae
1572 4692 1846 4746 Lucretiae

132 4790 412 4855 stuprum
452 4781 754 4847 intulisset,
789 4782 1037 4852 populus
1072 4783 1364 4835 Romanus
1396 4781 1573 4835 Bruto
1606 4780 1846 4834 Collati-

136 4888 337 4944 noque
366 4870 607 4925 ducibus
647 4874 705 4924 et
742 4870 1090 4937 auctoribus,
1119 4886 1253 4941 rege
1288 4876 1525 4940 repente
1547 4870 1843 4938 destituto,

134 4962 463 5034 imperium
487 4961 549 5014 in
579 4960 805 5015 eosdem
839 4959 1118 5014 libertatis
1154 4976 1271 5014 suae
1317 4959 1569 5014 vindices
1590 4964 1846 5014 transtu-

134 5053 221 5120 lit,
254 5051 641 5122 consulesque
692 5049 1004 5121 appellavit
1024 5065 1126 5120 pro
1156 5049 1407 5120 regibus,
1455 5053 1520 5104 ut
1549 5049 1845 5104 consulere

130 5142 362 5196 civibus
414 5140 533 5193 suis
582 5139 790 5194 debere
837 5139 1256 5194 meminissent.
1294 5141 1494 5193 Postea
1538 5142 1734 5193 tamen
1789 5143 1847 5195 et

132 5230 446 5285 consulare
468 5228 780 5299 imperium
802 5227 1015 5299 cupivit
1032 5228 1279 5290 abolere,
1304 5231 1359 5281 et
1384 5242 1538 5281 nunc
1558 5226 1842 5292 dictatori,

136 5336 300 5375 nunc
370 5317 731 5383 decemviris,
765 5317 1066 5372 consulatu
1109 5333 1341 5389 prorsus
1399 5316 1647 5380 sublato,
1697 5332 1848 5370 nunc

136 5407 397 5463 tribunis
417 5405 603 5477 plebis
633 5405 895 5476 permisit
924 5404 1330 5477 principatum.

212 5515 373 5580 Quod
392 5528 691 5583 perrarum
741 5513 839 5582 est]
888 5510 1257 5567 Parenthesis
1298 5513 1401 5566 est.
1450 5509 1622 5565 Valde
1651 5524 1846 5564 rarum

139 5610 225 5659 est
256 5604 454 5675 probis
484 5605 731 5659 honores
772 5602 1001 5658 deferri.
1040 5604 1109 5657 Ut
1138 5601 1293 5657 enim
1334 5602 1487 5673 apud
1517 5599 1847 5656 Sallustium

140 5694 206 5749 in
238 5693 574 5749 Catilinario
606 5696 690 5749 est
734 5709 747 5748 :
804 5695 955 5747 Inter
1009 5695 1192 5747 Bonos
1231 5694 1286 5745 et
1332 5692 1510 5747 malos
1541 5690 1845 5746 discrimen

2053 526 2179 592 Quae
2219 542 2341 581 vero
2388 532 2466 582 est
2496 529 2604 582 ista
2649 527 2849 600 vestra]
2874 529 3077 584 Irridet
3108 530 3440 585 mortalium
3472 536 3679 602 poten-

1983 613 2144 684 tiam,
2175 618 2238 670 ut
2267 614 2492 671 irritam
2524 620 2580 671 et
2600 616 2963 672 imbecillam.

2037 706 2188 759 Inter
2206 721 2385 760 mures
2416 706 2683 760 Alludere
2713 706 2933 761 videtur
2957 706 3030 760 ad
3063 707 3426 764 Homericum
3448 724 3674 781 poema,

1980 793 2071 847 cui
2100 793 2300 847 titulus
2327 794 2987 865 Batrachomyomachia,
3022 812 3134 867 quo
3160 797 3431 853 describit
3460 798 3555 853 ille
3587 815 3674 853 ra-

1979 898 2185 938 narum
2213 887 2267 938 et
2290 883 2542 938 murium
2574 900 2848 956 pugnam,
2884 889 2941 940 et
2970 886 3179 941 borum
3215 902 3414 958 regem
3438 889 3678 942 Troxar-

1981 974 2097 1026 tem
2120 972 2271 1026 facit.

2051 1059 2280 1133 Quanto]
2317 1060 2581 1115 Maximo.

2049 1150 2383 1205 Imbecillius
2442 1150 2673 1220 homine]
2736 1149 3184 1205 Proverbialiter
3242 1151 3451 1207 dicitur
3507 1152 3677 1208 homo

1977 1238 2186 1306 fictilis,
2218 1239 2274 1293 id
2305 1244 2391 1293 est
2430 1239 2641 1308 mollis,
2667 1238 2990 1307 imbecillis,
3026 1240 3266 1310 fragilis.
3316 1243 3561 1295 Ductum
3592 1246 3680 1295 est

1979 1328 2168 1381 avasis
2187 1329 2465 1394 testaceis,
2489 1345 2618 1399 quae
2647 1328 2808 1383 facile
2828 1328 3325 1384 comniinuuntur.
3357 1332 3636 1386 Homerus
3659 1346 3671 1385 :

2039 1416 2179 1465 Nihil
2208 1416 2422 1467 homine
2451 1417 2649 1467 enutrit
2678 1417 2834 1467 tellus
2860 1418 3121 1467 infirmius
3150 1418 3306 1468 alma.

2048 1498 2273 1551 Homine
2292 1498 2448 1569 quos]
2476 1499 2731 1553 Notanda
2749 1499 2871 1553 haec
2898 1499 3107 1554 locutio
3129 1516 3141 1567 ;
3168 1500 3497 1554 discordant
3520 1499 3674 1554 enim

1978 1601 2219 1640 numero
2251 1587 2591 1641 antecedens
2623 1591 2679 1641 et
2708 1587 3030 1643 relativum.
3063 1588 3151 1642 Sic
3194 1605 3367 1659 supra
3399 1588 3458 1643 in
3505 1606 3676 1660 prosa

1977 1675 2147 1745 hujus
2166 1674 2298 1729 libri
2330 1675 2531 1747 quinta
2557 1692 2570 1730 :
2594 1678 2680 1729 An
2712 1674 2793 1729 vis
2825 1681 3110 1747 congestae
3142 1678 3425 1747 pecuniae,
3474 1678 3673 1749 singu-

1982 1764 2180 1819 lariter
2224 1764 2485 1836 protulit.
2536 1764 2753 1820 Deinde
2781 1765 3078 1835 subjunxit
3107 1767 3410 1836 pluraliter
3449 1783 3461 1821 :
3499 1767 3672 1838 Atqui

1981 1854 2072 1909 hae
2116 1854 2317 1909 nitent.
2374 1854 2463 1909 Sic
2507 1858 2563 1908 et
2603 1853 2879 1920 Catullus,
2929 1858 2993 1909 ut
3039 1855 3181 1911 alios
3234 1871 3389 1910 nunc
3429 1854 3670 1910 sileam:

2046 1979 2175 2042 Tum
2195 1978 2306 2042 jam
2338 1978 2481 2027 nulla
2503 1979 2617 2027 viro
2646 1978 2848 2041 juranti
2879 1978 3297 2042 feminagcredat,

2041 2040 2317 2089 Nulla'viri
2347 2044 2519 2090 sueret
2543 2040 2815 2090 sermones
2845 2054 2959 2090 esse
2984 2040 3162 2089 ﬁdeles

2043 2103 2164 2166 Qui,
2194 2103 2322 2152 dum
2352 2103 2549 2166 aliquid
2579 2103 2797 2166 cupiens
2823 2104 3031 2152 animus
3058 2103 3324 2166 praegestit
3352 2103 3537 2166 apisci,

2042 2165 2125 2214 Nil
2156 2169 2399 2215 metuunt
2416 2165 2615 2228 jurare,
2648 2165 2781 2214 nihil
2805 2165 3111 2228 promittere
3141 2168 3381 2229 parcunt.

2050 2281 2161 2348 Quo
2208 2296 2331 2337 vero
2382 2280 2657 2353 quisqumj
2709 2280 2966 2337 Ostendit
3022 2280 3281 2352 tyrannis
3325 2280 3469 2336 nihil
3523 2281 3673 2353 juris

1979 2387 2098 2425 esse
2127 2370 2190 2426 in
2221 2370 2401 2426 animi
2433 2371 2777 2438 libertatem,
2810 2386 2912 2425 nec
2944 2386 3039 2425 eos
3072 2372 3221 2426 ultra
3250 2386 3423 2442 quam
3455 2370 3516 2426 in
3545 2386 3669 2426 cor-

1978 2475 2084 2530 pus
2110 2459 2307 2514 saevire
2333 2476 2522 2531 posse,
2546 2460 2723 2531 idque
2741 2461 3036 2531 cujusdam
3059 2459 3392 2531 philosophi
3408 2460 3669 2531 exemplo

1977 2548 2340 2603 memorabili
2362 2549 2717 2620 comprobat.

2048 2655 2189 2727 Quo]
2226 2656 2346 2721 Qua
2375 2672 2458 2724 re,
2489 2672 2602 2728 quo
2626 2656 2821 2724 modo,
2846 2672 2958 2727 quo
2991 2656 3395 2712 instrumento.

2046 2764 2377 2834 Imperabis]
2412 2763 2633 2835 Aliquis
2664 2763 2989 2835 imperabit.

2045 2870 2296 2925 Liberum
2344 2870 2629 2936 quemdam
2673 2869 2879 2943 virum]
2912 2870 3315 2926 Anaxarchum
3346 2869 3669 2940 significare

1974 2959 2216 3026 videtur,
2267 2959 2367 3031 qui
2412 2959 2706 3015 Abderites
2737 2976 2967 3031 genere,
3018 2959 3374 3031 professione
3417 2959 3669 3031 philoso-

1906 3032 1946 3087 δ
1975 3049 2139 3121 phus,
2200 3048 2500 3103 inimicum
2544 3048 2748 3103 habuit
2773 3048 3206 3103 Nicocreontem
3259 3048 3425 3119 Cypri
3468 3053 3664 3119 tyran-

1972 3154 2132 3193 num.
2163 3138 2306 3193 Cum
2340 3138 2495 3193 enim
2534 3137 2700 3191 illum
2734 3138 3055 3193 Alexander
3093 3138 3328 3208 Magnus
3359 3136 3668 3209 aliquando

1972 3227 2034 3281 in
2062 3226 2318 3282 convivio
2358 3230 2633 3297 rogasset,
2676 3226 2954 3298 quidnam
2990 3227 3058 3281 de
3090 3242 3251 3281 coena
3281 3226 3381 3281 illa
3407 3226 3664 3293 sentiret,

1973 3317 2176 3371 dixisse
2220 3316 2402 3371 fertur
2446 3332 2457 3369 :
2496 3318 2711 3373 Cuncta
2759 3316 3190 3387 permagniﬁce,
3242 3333 3274 3370 o
3304 3332 3421 3384 rex,
3469 3331 3666 3370 verum

1971 3404 2271 3476 oportebat
2279 3406 2402 3476 jam
2432 3410 2604 3476 caput
2634 3410 2877 3476 satrapas
2904 3406 3201 3477 cujusdam
3226 3403 3462 3476 apponi,
3504 3404 3666 3459 Nico-

1969 3500 2261 3550 creontem
2309 3495 2555 3550 intuens.
2604 3498 2721 3550 Hoc
2758 3495 2854 3549 ille
2899 3494 3093 3550 audito
3132 3493 3488 3567 indignatus,
3536 3496 3667 3565 post

1968 3588 2213 3640 mortem
2236 3585 2402 3655 :regis
2450 3600 2580 3639 cum
2621 3584 2751 3639 navi
2792 3584 3041 3639 ferretur
3078 3584 3470 3652 Anaxarchus,
3512 3582 3664 3637 invi-

1967 3678 2173 3746 tusque
2204 3672 2568 3745 applicuisset
2606 3674 2879 3744 Cyprum,
2922 3674 3403 3744 comprehensum
3438 3688 3569 3727 eum
3602 3672 3663 3726 in

1966 3780 2163 3817 saxum
2207 3778 2521 3817 concavum
2564 3762 2827 3832 conjecit,
2863 3762 3150 3834 jussitque
3194 3762 3394 3816 ferreis
3442 3761 3662 3815 malleis

1965 3851 2128 3907 caedi.
2164 3852 2331 3905 Illum
2361 3865 2546 3920 paenae
2576 3866 2692 3905 suae
2738 3851 3149 3922 negligentem,
3183 3849 3402 3906 celebre
3442 3850 3499 3905 id
3540 3850 3658 3904 dic-

1966 3945 2091 3995 tum
2140 3938 2525 4010 ingeminasse
2573 3938 2735 3992 aiunt
2784 3954 2797 3992 :
2850 3940 3065 4006 Tunde,
3114 3940 3291 3995 tunde
3342 3938 3661 3994 Anaxarchi

1967 4029 2259 4083 vasculum
2289 4043 2301 4082 :
2328 4043 2461 4082 nam
2485 4027 2883 4081 Anaxarchum
2914 4029 3057 4082 nihil
3080 4028 3234 4083 teris.
3263 4028 3503 4083 Jubente
3526 4044 3659 4082 vero

1967 4117 2066 4172 illo
2089 4116 2267 4188 ipsius
2295 4114 2532 4187 praecidi
2562 4114 2840 4185 linguam,
2864 4115 3015 4169 fama
3044 4120 3150 4182 est,
3182 4116 3481 4186 praecisam
3508 4131 3659 4169 mor-

1968 4206 2127 4261 dicus
2157 4205 2219 4260 in
2264 4204 2387 4276 ejus
2430 4204 2633 4259 faciem
2677 4204 3023 4275 conspuisse.
3061 4205 3299 4273 ,Rectius
3329 4209 3523 4259 tamen
3552 4204 3660 4258 hoc

1967 4298 2037 4352 ad
2066 4298 2350 4351 Zenonem
2389 4296 2638 4351 Eleatem
2672 4295 2763 4366 (de
2808 4310 2924 4366 quo
2960 4295 3178 4350 dictum
3218 4298 3304 4350 est
3343 4293 3568 4349 abunde
3602 4293 3659 4347 in

1888 4383 1931 4436 D
1961 4386 2149 4458 primo
2180 4385 2614 4448 commentario)
2664 4384 2911 4439 refertur
2946 4400 3012 4439 eo
3043 4384 3197 4456 quod
3248 4382 3656 4456 conjurationis

1958 4476 2049 4531 hic
2091 4475 2156 4530 ﬁt
2194 4475 2435 4541 mentio,
2494 4491 2619 4546 quae
2660 4474 2732 4530 ad
2771 4475 3173 4528 Anaxarchum
3224 4490 3343 4529 non
3385 4473 3653 4546 pertinet.

1958 4565 2231 4620 Eusebius
2262 4580 2509 4637 quoque,
2532 4564 2679 4618 libro
2711 4564 2781 4618 de
2825 4563 3252 4634 Prmparatione
3302 4561 3648 4634 evangelica,

1957 4654 2080 4708 hac
2110 4653 2318 4707 tradit:
2363 4654 2552 4706 Zenon
2584 4653 2797 4721 Eleata,
2831 4667 3005 4723 quem
3032 4650 3193 4705 aiunt
3222 4666 3353 4705 cum
3394 4649 3654 4721 tyranni-

1956 4742 2085 4797 dem
2117 4742 2402 4813 deponere
2433 4746 2757 4806 conaretur,
2794 4740 3075 4811 linguam,
3112 4739 3251 4794 dum
3296 4756 3328 4793 a
3380 4743 3647 4811 tyranno,

1958 4836 2021 4886 ut
2057 4831 2311 4886 conscios
2338 4829 2570 4897 diceret,
2604 4833 2986 4900 torqueretur,
3021 4829 3291 4885 dentibus
3323 4828 3652 4896 abscissam,

1957 4921 2017 4975 in
2044 4920 2248 4975 faciem
2278 4919 2401 4990 ejus
2429 4919 2671 4990 spuisse.

2029 5028 2173 5100 Quid
2217 5032 2397 5083 autem
2449 5031 2545 5096 est,
2608 5025 2730 5100 δια]
2761 5028 3214 5097 Argumentatur
3263 5026 3654 5098 .perexiguam

1958 5132 2078 5173 esse
2127 5116 2458 5171 mortalium
2496 5116 2837 5187 potentiam,
2872 5132 2937 5169 eo
2978 5115 3131 5187 quod
3164 5115 3277 5170 vim
3314 5132 3489 5187 quam
3524 5116 3653 5169 aliis

1956 5206 2228 5272 inferunt,
2266 5222 2338 5259 ne
2379 5204 2493 5259 sibi
2545 5220 2777 5275 quoque
2806 5203 3049 5259 invicem
3082 5203 3152 5259 ab
3197 5205 3321 5259 aliis
3349 5204 3649 5269 inferatur,

1956 5296 2260 5367 prohibere
2292 5310 2409 5348 non
2437 5298 2695 5365 possunt.

2026 5403 2111 5458 Ab
2146 5403 2272 5473 alio]
2336 5403 2506 5456 Vetus
2561 5401 2711 5473 apud
2766 5403 3039 5458 Senecam
3070 5398 3353 5455 sententia
3379 5402 3463 5452 est
3520 5399 3652 5452 :Ab

1959 5493 2136 5548 altero
2168 5493 2473 5564 exspectes,
2494 5492 2658 5547 alteri
2688 5492 2834 5563 quod
2862 5490 3079 5547 feceris.

2028 5599 2357 5674 Busiridem]
2394 5600 2609 5656 Busiris
2650 5616 2748 5655 rex
2794 5599 2901 5655 fuit
2940 5596 3187 5668 Egypti,
3229 5595 3327 5667 qui
3359 5611 3491 5651 cum
3520 5613 3649 5652 sus-

1954 5694 2146 5762 ceptos
2174 5690 2426 5761 hospites
2467 5690 2813 5757 immolaret,
2864 5688 2931 5743 ab
2978 5686 3219 5743 Hercule
3265 5685 3650 5757 interemptus
