4054 6184
400 300 503 354 979

399 435 503 499 est,
538 446 668 484 cum
700 429 872 484 etiam
894 443 1025 484 eum
1059 428 1327 483 voluisset
1351 428 1628 483 occidere.
1660 429 1937 501 Virgilius
1969 446 1981 484 :

894 517 1022 573 Quis
1046 520 1139 565 aut
1165 516 1442 565 Euristhea
1473 517 1681 575 durum,

521 580 625 629 Aut
644 579 884 629 illaudati
910 580 1078 628 nescit
1107 580 1359 629 Busiridis
1384 580 1538 628 aras?

396 680 662 748 Regulus]
715 678 936 732 Marcus
986 678 1215 732 Attilius
1267 679 1517 750 Regulus
1567 680 1765 733 consul
1814 679 1955 733 fusis
1989 679 2091 734 Sa-

396 768 652 823 lentimis
672 767 1063 837 triumphavit,
1090 767 1427 839 primusque
1453 769 1841 822 Romanorum
1875 769 2089 822 ducum

397 858 459 912 in
493 857 740 913 Africam
792 858 1028 910 classem
1085 857 1325 927 trajecit,
1383 862 1674 928 quassatas
1714 858 1782 911 de
1809 857 2090 911 Amilcare

396 963 568 1001 naves
592 946 787 1016 longas
810 950 921 999 tres
944 951 997 999 et
1020 947 1313 1015 sexaginta
1325 947 1560 1017 accepit.
1580 947 1805 1017 Oppida
1822 946 2087 1011 ducenta,

399 1040 455 1090 et
486 1036 782 1089 hominum
805 1035 1051 1089 ducenta
1079 1035 1253 1089 millia
1278 1037 1449 1105 cepit.
1474 1037 1718 1090 Absente
1751 1052 1837 1101 eo,
1861 1036 2091 1105 conjugi

398 1125 519 1195 ejus
540 1130 593 1179 et
624 1124 813 1178 liberis
831 1125 903 1177 ob
934 1129 1328 1194 paupertatem
1358 1129 1619 1194 sumptus
1643 1125 1869 1195 publice
1902 1126 2088 1179 datus.

397 1215 517 1268 Mox
561 1219 681 1267 arte
726 1213 985 1283 Xantippi
1036 1213 1446 1266 Lacedaemonii
1494 1214 1835 1267 mercenarii
1893 1214 2091 1267 militis

398 1308 617 1373 captus,
650 1303 707 1354 in
738 1317 1026 1355 carcerem
1061 1301 1287 1367 missus,
1326 1304 1546 1373 legatus
1579 1303 1647 1356 de
1696 1304 2090 1373 permutandis

397 1392 631 1462 captivis
666 1392 904 1444 Romam
938 1391 1163 1456 missus,
1203 1394 1333 1445 dato
1368 1392 1761 1461 jurejurando,
1811 1398 1871 1444 ut
1902 1392 1947 1444 si
1976 1408 2093 1445 non

396 1481 779 1550 impetrasset,
814 1480 891 1533 ita
925 1480 1156 1533 demum
1199 1481 1411 1533 rediret
1442 1498 1453 1533 :
1494 1482 1551 1533 in
1582 1486 1781 1532 senatu
1813 1480 2090 1533 conditio-

398 1585 531 1624 nem
566 1569 832 1623 dissuasit
861 1570 1052 1638 ejectis
1079 1586 1111 1622 a
1142 1586 1197 1622 se
1230 1570 1474 1638 conjuge
1521 1574 1575 1621 et
1608 1569 1820 1634 liberis,
1857 1569 2093 1621 Cartha-

400 1658 593 1728 ginem
643 1673 951 1727 regressus,
1004 1657 1102 1711 ubi
1142 1658 1199 1709 in
1253 1673 1441 1709 arcam
1482 1656 1736 1725 ligneam
1780 1657 2091 1726 conjectus,

409 1746 582 1799 clavis
614 1746 929 1797 introrsum
955 1744 1185 1810 adactis,
1208 1745 1420 1814 vigiliis
1449 1759 1513 1799 ac
1533 1745 1727 1797 dolore
1746 1745 1979 1815 punitus
1999 1751 2095 1799 est.

470 1834 561 1888 Ad
582 1833 709 1905 hac]
748 1835 1047 1887 Praeterea.
1069 1833 1279 1887 Probat
1302 1834 1409 1886 alia
1439 1834 1664 1887 ratione
1700 1834 1841 1887 nihil
1866 1840 2098 1888 natura-

400 1922 470 1977 lis
492 1938 554 1975 ac
579 1922 795 1993 proprii
825 1922 960 1975 boni
993 1922 1367 1993 dignitatibus
1390 1939 1453 1975 ac
1483 1923 1859 1993 potestatibus
1890 1924 2096 1991 inesse,

402 2027 468 2065 eo
501 2012 653 2083 quod
684 2012 1028 2083 plerumque
1057 2012 1323 2082 pessimis
1346 2012 1708 2081 proveniant.

475 2102 689 2157 Natura
726 2100 961 2173 reSpuit]
1001 2102 1061 2155 Id
1114 2106 1215 2167 est,
1256 2118 1371 2155 non
1408 2102 1660 2155 admittit
1709 2106 1770 2155 ut
1816 2102 2103 2156 contraria

403 2204 647 2261 qumque
672 2190 1012 2261 jungantur.
1050 2190 1220 2243 Divus
1267 2190 1587 2260 Cyprianus
1620 2191 1887 2244 adversus
1922 2192 2101 2244 Nova-

401 2278 625 2333 tianum
653 2294 665 2331 :
700 2278 1000 2333 Cohaerere
1034 2282 1089 2332 et
1119 2279 1394 2349 conjungi
1420 2296 1534 2333 non
1563 2284 1749 2349 potest
1776 2280 2101 2333 amaritudo

400 2382 534 2420 cum
567 2367 885 2429 dulcedine,
926 2367 1109 2436 caligo
1136 2384 1265 2420 cum
1310 2368 1549 2431 lumine,
1600 2368 1793 2437 pluvia
1837 2383 1967 2421 cum
2018 2384 2102 2421 se-

405 2456 674 2523 renitate,
710 2471 905 2526 pugna
928 2471 1056 2509 cum
1084 2472 1243 2525 pace,
1269 2472 1396 2509 cum
1431 2456 1779 2510 fecunditate
1812 2456 2100 2523 sterilitas,

405 2558 539 2596 cum
569 2544 822 2597 fontibus
852 2544 1091 2610 siccitas,
1132 2560 1262 2597 cum
1314 2544 1727 2615 tranquillitate
1771 2550 2100 2615 tempestas.

404 2630 744 2685 Franciscus
776 2631 1109 2702 Philelphus
1135 2633 1194 2686 in
1226 2632 1438 2703 Satyris
1463 2649 1475 2686 :

535 2738 798 2786 Tenebras
823 2737 915 2786 lux
944 2739 1144 2801 respuit
1178 2752 1381 2797 omnes,

472 2800 577 2847 Nec
605 2802 800 2861 patitur
828 2814 1006 2849 secum
1036 2800 1222 2849 vitium
1251 2801 1543 2850 coalescere
1577 2802 1762 2859 virtus,

475 2862 761 2926 Stultitiam
787 2877 992 2926 semper
1020 2864 1153 2912 ratio
1189 2868 1516 2926 aspernatur,
1548 2865 1732 2913 eodem

472 2925 755 2988 Nunquam
786 2929 923 2975 stare
953 2925 1070 2974 loco
1099 2925 1294 2989 pariter
1323 2927 1587 2976 contraria
1616 2930 1855 2990 possunt.

485 3024 637 3090 Quod
659 3025 876 3091 quidem
908 3025 974 3079 de
1003 3024 1229 3099 cunctis]
1273 3026 1535 3081 Ostendit
1575 3026 1821 3081 fortuna:
1871 3042 2111 3081 munera

412 3114 572 3167 nulla
616 3117 766 3168 recte
798 3114 907 3169 dici
933 3115 1105 3182 bona,
1156 3132 1286 3169 cum
1319 3116 1663 3187 plerumque
1709 3115 1871 3169 malis
1922 3115 2110 3170 adhae-

412 3206 595 3270 reant,
633 3219 737 3257 nec
766 3205 985 3274 possint
1024 3221 1122 3259 eos
1167 3205 1345 3259 bonos
1376 3205 1620 3272 efﬁcere,
1655 3206 1863 3276 quibus
1898 3206 2114 3260 fuerint

417 3292 704 3361 adjuncta.
738 3293 977 3347 Redolet
1003 3300 1196 3348 autem
1219 3295 1342 3362 hoc,
1372 3300 1433 3349 ut
1462 3296 1573 3349 alia
1605 3295 1781 3348 Boetii
1804 3296 2109 3365 permulta,

418 3380 667 3433 Platonis
715 3380 1056 3448 doctrinam,
1092 3383 1244 3451 apud
1287 3400 1459 3452 quem
1512 3384 1767 3438 Socrates
1804 3383 1864 3437 in
1907 3384 2114 3452 Gorgia

418 3467 498 3521 sic
519 3468 598 3519 ait
626 3485 639 3520 :
676 3470 773 3522 Est
795 3473 984 3522 autem
1007 3471 1289 3539 voluptas,
1316 3487 1426 3540 qua
1449 3476 1728 3541 praesente
1761 3472 2111 3541 gaudemus:

420 3556 640 3610 bonum
669 3573 817 3621 vero,
853 3573 965 3627 quo
989 3564 1269 3627 praesente
1293 3559 1430 3611 boni
1463 3576 1680 3613 sumus.
1720 3563 1954 3614 Prorsus
1977 3560 2117 3614 boni

420 3660 556 3698 vero
578 3661 775 3698 sumus
806 3651 863 3699 et
883 3662 1009 3710 nos,
1045 3651 1102 3699 et
1136 3662 1515 3716 quaecumpue
1553 3648 1662 3701 alia
1685 3648 1838 3703 bona
1860 3654 2015 3714 sunt,
2045 3649 2117 3703 ob

420 3734 691 3788 virtutem
725 3734 1032 3804 quamdam
1060 3750 1187 3805 quae
1226 3736 1391 3789 adsit.

1019 3861 1088 3913 IN
1134 3860 1420 3914 METRUM
1462 3862 1548 3915 VI.

503 3965 749 4021 Carmen
798 3969 884 4020 est
919 3966 1287 4038 Sapphicum,
1330 3985 1442 4039 quo
1485 3969 1851 4041 Philosophia
1881 3972 2120 4028 Neronis

426 4055 688 4126 exemplo
722 4055 900 4124 docet,
936 4056 1240 4127 dignitates
1273 4063 1328 4112 et
1363 4060 1681 4128 potentiam
1718 4060 1881 4114 malis
1910 4062 2120 4132 quibus

425 4146 711 4215 adjunctae
760 4144 992 4211 fuerint,
1043 4162 1229 4199 mores
1283 4164 1397 4201 non
1446 4148 1630 4202 solum
1683 4165 1801 4203 non
1833 4150 2121 4221 corrigere

427 4235 524 4289 sed
554 4234 681 4305 plus
714 4234 1074 4288 truculentiae
1101 4240 1155 4288 et
1188 4236 1562 4306 turpitudinis
1590 4236 1811 4293 afferre.

497 4322 776 4395 Nouimus]
815 4323 1052 4378 Scimus.

504 4411 742 4484 Dederit]
778 4412 1037 4467 Intulerit
1066 4412 1413 4468 hominibus.

499 4502 726 4574 Ruinas]
799 4502 1046 4573 Strages.
1126 4502 1398 4573 Designat
1464 4508 1654 4558 autem
1714 4505 1802 4559 his
1863 4507 2120 4561 versibus

430 4591 716 4645 Neronem
766 4592 1021 4645 omnium
1073 4593 1401 4645 mortalium
1446 4594 1615 4662 longe
1659 4595 2121 4650 crudelissimum

429 4679 534 4735 Hic
560 4683 725 4734 natus
757 4685 840 4733 est
861 4685 1017 4750 patre
1043 4681 1293 4735 Domitio
1318 4682 1689 4751 .I‘Enorbarbo,
1718 4691 1893 4738 matre
1925 4686 2123 4755 Agrip-

429 4768 567 4839 pina
592 4769 912 4823 Germanici
941 4769 1059 4823 lilia
1082 4787 1094 4823 :
1131 4786 1258 4841 qua:
1281 4787 1407 4824 cum
1434 4777 1627 4841 postea
1651 4773 1887 4827 Claudio
1909 4775 2123 4829 Caesari

432 4856 736 4925 nupsisset,
771 4858 851 4927 ab,
871 4858 978 4911 hoc
1006 4859 1151 4912 Nero
1187 4859 1485 4930 adoptatus
1518 4865 1623 4914 est.
1679 4862 1823 4915 Nero
1855 4862 1961 4916 fuit
1984 4863 2121 4917 olim

433 4962 643 5002 nomen
694 4947 898 5014 laudis,
961 4948 1115 5019 quod
1145 4950 1388 5003 ostendit
1436 4950 1493 5004 in
1551 4950 1777 5004 Tiberio
1818 4950 2121 5006 Suetonius

432 5038 520 5095 his
552 5036 739 5091 verbis
773 5052 784 5090 :
817 5038 970 5090 Inter
989 5038 1326 5107 cognomina
1346 5043 1537 5092 autem
1562 5044 1618 5092 et
1648 5038 1884 5092 Neronis
1912 5056 2124 5094 assum-

432 5126 566 5200 psit,
584 5142 696 5199 quo
718 5125 1285 5199 signiﬁcaturlingua
1315 5127 1526 5183 Sabina
1556 5128 1717 5181 fortis
1748 5145 1809 5182 ac
1832 5134 2119 5185 strenuus.

436 5221 597 5273 Nunc
641 5220 833 5271 autem
896 5233 1137 5272 summae
1192 5218 1546 5273 crudelitatis
1586 5233 1797 5272 nomen
1851 5224 1937 5273 est
1979 5222 2123 5274 Nero

433 5308 534 5379 qui
561 5307 716 5363 rabie
736 5308 815 5363 ita
848 5306 1114 5362 efferatus
1145 5312 1247 5373 est,
1280 5311 1343 5361 ut
1378 5307 1686 5379 plurimam
1734 5312 1960 5362 senatus
1993 5326 2123 5379 par-

434 5403 551 5451 tem
577 5396 941 5464 interfecerit,
975 5400 1300 5467 equestrem
1324 5397 1587 5452 ordinem
1618 5412 1761 5468 pene
1785 5396 2121 5461 destituerit,

435 5486 534 5539 sed
552 5502 621 5540 ne
639 5485 958 5557 parricidiis
989 5484 1222 5556 quidem
1250 5484 1544 5549 abstinuit,
1574 5492 1839 5553 matrem,
1866 5487 2123 5557 fratrem,

434 5589 715 5643 sororem,
759 5590 1017 5641 uxorem,
1067 5578 1420 5646 ceterosque
1470 5580 1743 5645 cognatos
1783 5580 1840 5629 et
1891 5577 2126 5648 propin-

435 5678 579 5735 quos
616 5662 741 5719 sine
772 5663 1130 5719 haesitatione
1160 5662 1482 5735 prostravit.
1522 5663 1693 5718 Auxit
1730 5664 1877 5718 hanc
1912 5664 2122 5720 molem

1138 295 1489 351 APPENDIX
1528 297 1618 351 AD
1661 295 1911 352 LIBROS
1950 296 2042 352 DE
2086 294 2606 355 CONSOLATIONE
2645 296 3151 353 PHILOSOPHL’E.

3757 304 3844 356 980

2122 432 2168 485 A
2197 428 2516 483 facinorum
2550 429 2673 499 ejus
2708 427 2999 483 temeritas
3032 427 3343 499 impietatis
3392 430 3452 483 in
3503 430 3685 484 Deum.
3728 432 3847 487 Nam

2200 518 2423 589 primus
2453 520 2650 573 Romae
2694 518 3047 572 Christianos
3088 518 3379 589 suppliciis
3411 521 3465 572 et
3509 518 3763 572 mortibus
3788 521 3851 573 af-

2199 607 2351 673 fecit,
2390 624 2453 660 ac
2480 622 2581 678 per
2623 623 2823 661 omnes
2871 606 3191 678 provincias
3222 608 3347 677 pari
3373 607 3744 679 persecutione
3775 624 3848 661 ex-

2200 695 2443 749 cruciari
2478 694 2803 765 imperavit,
2839 696 3144 767 ipsumque
3195 712 3405 750 nomen
3461 697 3749 767 exstirpare
3782 713 3850 749 co-

2202 788 2389 849 natus,
2428 784 2786 837 beatissimos
2834 784 3042 839 Christi
3096 785 3382 854 apostolos
3430 786 3651 838 Petrum
3694 800 3845 849 cruce,

2200 873 2437 927 Paulum
2472 872 2662 943 gladio
2695 873 2915 928 occidit.

2278 961 2413 1016 Urbe
2448 964 2741 1029 ﬂammata]
2774 962 3044 1016 Incendio
3077 967 3431 1034 consumpta.
3468 963 3630 1027 Nero,
3653 966 3707 1015 ut
3741 964 3849 1016 scri-

2202 1049 2284 1104 bit
2309 1050 2691 1120 Tranquillus,
2731 1051 2893 1121 quasi
2935 1051 3185 1105 offensus
3237 1052 3595 1106 deformitate
3633 1056 3849 1104 veterum

2202 1138 2594 1206 a'dificiorum,
2632 1146 2689 1193 ct
2715 1140 2989 1211 angustiis
3034 1140 3377 1212 ﬂexurisque
3405 1140 3672 1205 vicorum,
3697 1141 3849 1211 palam

2202 1228 2457 1282 inCendit
2487 1229 2707 1282 urbem.
2762 1231 2866 1283 Per
2900 1246 2994 1283 sex
3037 1230 3155 1283 dies
3209 1235 3542 1301 septemque
3591 1235 3763 1283 noctes
3802 1247 3851 1283 ea

2203 1319 2358 1372 clade
2400 1319 2660 1372 saevitum
2692 1324 2793 1387 est,
2827 1320 2896 1373 ad
2942 1330 3451 1374 monumentorum
3484 1320 3850 1392 bustorumque

2204 1409 2513 1464 diversoria
2566 1409 2728 1479 plebe
2762 1412 3072 1481 compulsa.
3110 1412 3265 1465 Tunc
3316 1415 3523 1481 praeter
3553 1411 3852 1464 immensum

2203 1515 2511 1553 numerum
2543 1498 2879 1565 insularum,
2926 1502 3127 1553 domus
3159 1501 3479 1571 priscorum
3513 1500 3710 1554 ducum
3736 1518 3853 1553 arse-

2204 1593 2338 1641 runt
2379 1587 2681 1641 hostilibus
2722 1589 2907 1642 adhuc
2962 1591 3159 1659 spoliis
3193 1597 3500 1655 exornatur,
3547 1591 3852 1660 deorumque

2210 1677 2360 1731 mdes
2393 1678 2462 1731 ab
2496 1678 2726 1747 regibus
2770 1694 2832 1731 ac
2877 1678 3084 1732 deinde
3115 1680 3342 1737 Punicis
3374 1684 3430 1732 et
3477 1679 3692 1734 Gallicis
3727 1679 3853 1732 bellis

2210 1772 2354 1820 votae
2388 1766 2793 1837 dedicataeque,
2828 1772 2881 1820 et
2922 1769 3198 1838 quidquid
3242 1769 3541 1822 visendum
3580 1773 3737 1837 atque
3765 1784 3852 1819 me.

2213 1856 2490 1909 morubile
2522 1873 2585 1909 cx
2623 1856 2964 1926 antiquitate
3005 1857 3325 1911 duraverat.
3364 1859 3480 1911 Hoc
3514 1856 3809 1910 incendium
3833 1872 3854 1907 ε

2211 1948 2369 2001 turre
2407 1946 2767 1999 llleccnnatica
2808 1951 3197 2016 prospectans,
3233 1947 3512 2016 laztusque
3547 1948 3768 1998 flammea
3794 1947 3856 2013 (ut

2212 2033 2428 2101 aiebat)
2460 2033 2909 2103 pulchritudine,
2944 2034 3167 2086 halosin
3216 2034 3299 2086 Ilii
3341 2033 3657 2087 decantavit
3696 2032 3746 2085 in
3781 2032 3854 2084 illo

2212 2122 2435 2175 scenico
2468 2122 2687 2176 habitu.
2724 2123 3031 2191 Eutmpius
3062 2126 3133 2192 :et
3177 2124 3455 2176 Eusebius
3484 2122 3697 2175 tradunt
3724 2122 3857 2174 Nero-

2213 2226 2342 2263 nem
2393 2210 2710 2264 incendisse
2757 2212 2957 2265 urbem
3004 2213 3275 2275 Romam,
3325 2218 3387 2265 ut
3435 2211 3723 2280 spectaculi
3764 2211 3857 2277 ejus

2212 2299 2527 2369 imaginem
2558 2306 2835 2365 cerneret,
2868 2301 3052 2371 qualis
3082 2301 3220 2354 olim
3262 2300 3435 2371 Troja
3479 2306 3638 2371 capta
3665 2304 3853 2351 arserat.

2282 2390 2643 2457 Patribusque
2673 2388 2847 2461 caesis]
2875 2390 3244 2444 Senatoribus
3270 2390 3490 2443 occisis.
3518 2390 3705 2444 Multos
3736 2386 3855 2440 enim

2215 2493 2281 2531 ex
2306 2478 2666 2531 senatoribus
2710 2477 2933 2545 occidit,
2988 2485 3180 2548 aperte
3230 2479 3403 2532 etiam
3439 2478 3763 2549 significans,
3804 2492 3857 2527 ne

2213 2566 2451 2637 reliquis
2511 2568 2743 2638 quidem
2784 2586 2841 2621 se
2887 2584 3210 2637 parsurum,
3248 2584 3500 2640 eumque
3532 2567 3751 2621 ordinen
3787 2580 3857 2616 su-

2212 2655 2505 2709 blaturum
2555 2658 2901 2727 quandoque
2947 2673 2976 2710 e
3018 2658 3309 2725 republica
3363 2674 3428 2711 ac
3487 2656 3780 2727 provincias
3818 2661 3859 2706 et

2215 2744 2493 2798 exercitus
2524 2745 2704 2815 equiti
2737 2746 2991 2800 Romano
3025 2763 3087 2799 ac
3116 2748 3331 2801 libertis
3363 2747 3774 2817 permissurum.

2285 2843 2497 2912 Fratre]
2532 2843 2854 2898 Britannico
2885 2844 3109 2897 Claudii
3132 2850 3189 2898 et
3215 2845 3531 2899 Messalinze
3562 2846 3686 2898 filio.
3710 2844 3857 2896 Fratre

2216 2930 2393 2999 igitur
2423 2948 2526 3001 per
2577 2932 2967 3001 adoptionem,
3002 2948 3134 2985 nam
3180 2949 3213 2985 a
3254 2934 3513 2999 Claudio,
3553 2939 3610 2987 ut
3638 2932 3856 2993 diximus,

2148 3000 2189 3055 Ο
2222 3020 2365 3074 Nero
2394 3000 2704 3091 adoptatus,
2720 3022 2826 3075 fuit
2870 3038 2983 3075 non
3016 3024 3282 3077 naturali.

2291 3128 2631 3197 Interempto]
2666 3129 2893 3182 Veneno
2946 3129 3169 3183 sublato
3201 3130 3310 3184 :de
3359 3147 3478 3201 quo
3507 3131 3627 3200 lege
3667 3130 3855 3183 Sueten.

2292 3234 2508 3304 Matris]
2537 3237 2681 3289 Nero
2716 3240 2960 3288 matrem
2994 3236 3390 3306 Agrippinam,
3428 3254 3497 3292 eo
3521 3237 3665 3308 quod
3693 3242 3795 3288 trux
3818 3237 3858 3284 et

2221 3323 2416 3377 minax
2460 3328 2621 3389 esset,
2660 3329 2715 3377 et
2756 3324 2905 3377 dicta
2938 3325 3196 3395 factaque
3229 3325 3352 3395 ejus
3391 3326 3705 3396 exquireret
3739 3336 3857 3375 acer-

2220 3413 2349 3467 bius
2379 3428 2442 3466 ac
2465 3413 2792 3482 corrigeret,
2822 3414 2973 3467 varie
3013 3413 3333 3468 interficere
3360 3414 3620 3480 tentaxit,
3654 3414 3856 3484 primum

2223 3517 2439 3555 veneno
2471 3518 2483 3555 :
2515 3502 2633 3563 [sed
2692 3518 2823 3556 cum
2872 3502 3143 3557 antidotis
3193 3504 3429 3558 sentiret
3485 3502 3856 3576 praemunitam,

2224 3590 2514 3644 lacunaria
2543 3606 2671 3661 quas
2714 3597 2885 3645 noctu
2932 3608 3101 3662 super
3134 3593 3519 3647 dormientem
3560 3594 3726 3646 laxata
3768 3604 3858 3641 ma-

2225 3679 2393 3732 china
2424 3680 2770 3741 deciderent,
2821 3681 3059 3748 paravit.
3096 3682 3205 3735 Hoc
3244 3682 3490 3736 consilio
3535 3698 3632 3753 per
3659 3677 3859 3735 conscios

2226 3784 2430 3837 parum
2464 3769 2663 3837 celato,
2689 3769 2977 3823 solutilem
3018 3786 3238 3835 navem,
3266 3772 3431 3841 cujus
3465 3774 3548 3826 vel
3590 3767 3857 3837 naufragio,

2225 3858 2312 3911 vel
2356 3873 2595 3911 camerm
2655 3858 2823 3912 ruina
2877 3860 3111 3929 periret,
3168 3867 3532 3915 commentus
3580 3866 3671 3914 est.
3716 3862 3859 3925 Atque

2228 3947 2307 4000 ita
2364 3947 2828 4003 reconciliatione
2877 3950 3163 4017 simulata,
3220 3951 3651 4021 jucundissimis
3704 3943 3860 4001 litteris

2228 4035 2391 4091 Baias
2423 4037 2692 4102 evocavit,
2729 4038 2793 4090 ad
2847 4038 3123 4093 solemnia
3153 4041 3592 4110 quinquatrium
3622 4037 3767 4091 simul
3799 4048 3860 4084 ce-

2230 4123 2531 4191 lebranda,
2567 4129 2877 4196 paratoque
2905 4128 3136 4197 negotio
3167 4127 3520 4194 trierarchis,
3555 4128 3646 4200 qui
3669 4121 3863 4179 liburni-

2230 4228 2374 4279 cam,
2402 4230 2517 4284 qua
2564 4215 2793 4268 advecta
2830 4220 2971 4280 erat,
3005 4217 3159 4270 velut
3200 4216 3436 4271 fortuito
3471 4231 3728 4272 concursu
3754 4227 3860 4265 con-

2161 4302 2204 4354 D
2231 4302 2570 4373 fringerent,
2591 4304 2868 4373 protraxit
2887 4306 3235 4374 convivium,
3266 4309 3655 4379 repetentique
3682 4303 3859 4361 Baulos,

2228 4392 2288 4445 in
2321 4392 2507 4445 locum
2537 4394 2788 4463 corrupti
2812 4394 3026 4465 navigii
3056 4397 3454 4452 machinosum
3480 4397 3628 4465 illud
3660 4390 3858 4449 obtulit:

2232 4481 2383 4535 unde
2408 4498 2537 4535 cum
2567 4487 2847 4537 enatasset
2877 4489 3079 4550 mater,
3104 4485 3578 4556 impientissimus
3612 4485 3745 4538 ﬁlius
3768 4492 3862 4532 eam

2233 4571 2419 4624 missis
2463 4571 2741 4625 militibus
2791 4573 2969 4626 occidi
3008 4574 3195 4642 jussit.
3224 4576 3345 4639 Quo
3386 4577 3625 4629 nefando
3664 4572 3861 4626 facinore

2232 4676 2348 4713 non
2375 4664 2705 4713 contentum
2758 4660 2991 4731 quidam
3022 4669 3283 4717 auctores
3313 4664 3585 4728 scribunt,
3629 4662 3689 4715 ad
3718 4660 3863 4711 visen—

2235 4750 2370 4803 dum
2442 4749 2754 4803 interfectae
2834 4750 3071 4804 cadaver
3142 4754 3470 4817 accurrisse,
3543 4754 3860 4807 contrectasse

2233 4838 2510 4903 membra,
2553 4839 2663 4891 alia
2711 4838 3081 4909 vituperasse,
3124 4842 3382 4897 laudasse
3414 4843 3540 4904 alia,
3591 4842 3774 4909 sitique
3798 4834 3860 4886 in-

2231 4927 2400 4982 terim
2432 4928 2631 4981 oborta
2658 4927 2885 4981 bibisse.
2921 4929 3111 4982 Latius
3140 4930 3261 4983 haec
3290 4948 3324 4985 a
3350 4930 3671 5003 Tranquillo
3700 4932 3747 4981 et
3768 4926 3857 4977 Cor-

2234 5018 2389 5071 nelio
2420 5017 2613 5071 Tacito
2644 5016 2958 5087 perscripta
2988 5022 3140 5072 sunt.

2305 5130 2424 5185 Non
2457 5126 2645 5195 tinxit]
2682 5126 2805 5179 Non
2835 5124 3061 5195 rigavit.

2306 5215 2522 5287 Censor]
2553 5215 2795 5280 Arbiter,
2823 5214 3018 5284 judex.

2305 5307 2541 5377 Decoris]
2576 5305 2773 5361 Decori
2805 5305 3082 5375 corporis.

2306 5395 2609 5467 Exstincti]
2635 5394 2855 5449 Mortui.

2308 5486 2548 5543 Condcns
2586 5484 2795 5554 radios]
2844 5482 3135 5551 Occidens,
3184 5483 3464 5554 signiﬁcat
3510 5486 3689 5535 autem
3729 5474 3863 5533 totius

2236 5575 2391 5631 orbis
2414 5580 2695 5629 terrarum
2728 5578 2949 5645 gentes,
2980 5589 3084 5644 per
3108 5577 3354 5644 quatuor
3377 5572 3494 5644 ejus
3523 5570 3721 5642 plagas.

2304 5664 2549 5737 Phoebus]
2585 5665 2702 5719 Sol.
