4054 6184
186 301 293 354 981

1468 294 1857 353 MURMELLII
1891 294 2403 352 COMMENTARIA.

3591 296 3697 352 982

274 433 527 507 Triones]
585 432 774 489 Prisca
828 433 1028 505 lingua
1086 433 1304 488 triones
1352 432 1525 488 boves
1558 432 1897 489 dicebantur
1935 432 1980 486 Α
2080 432 2892 505 Ambitionem]Cupiditatem.

194 524 452 581 aratorii.
477 524 708 595 Septem
731 527 923 579 autem
953 524 1131 578 stellae
1149 524 1228 578 ita
1258 524 1318 577 in
1341 539 1405 577 ea
1432 527 1592 593 parte
1614 523 1740 577 coeli
1762 527 1895 577 sunt

193 616 515 679 collocatae,
550 618 612 667 ut
640 613 959 685 plaustrum
991 628 1120 668 cum
1149 612 1333 667 bobus
1366 612 1638 683 efﬁngere
1670 612 1896 666 videan-

194 711 317 771 tur,
351 720 478 775 quae
537 706 593 758 et
624 703 1042 773 septentriones
1074 706 1368 769 vocantur,
1432 706 1486 756 et
1540 702 1623 755 illi
1668 700 1895 773 regioni

191 792 580 866 septentrioni
617 807 833 847 nomen
862 792 1287 863 imposuerunt.
1328 790 1492 847 Ovid.
1521 792 1554 845 I.
1586 808 1601 844 1
1628 792 1889 846 Metam:

852 898 1139 963 Scythiam,
1176 902 1479 963 septemque
1508 897 1707 947 triones

324 962 558 1012 Horrifer
582 962 774 1011 invasit
802 961 1007 1010 boreas.

260 1062 461 1132 Notus]
491 1064 715 1117 Auster.

258 1150 415 1205 Sicco
456 1149 606 1221 astu]
645 1150 859 1204 Calore.
909 1150 1215 1205 Sciendum
1263 1155 1370 1217 est,
1413 1152 1553 1203 teste
1580 1149 1888 1216 Macrobio,

185 1240 352 1309 quod
386 1246 578 1293 auster
611 1241 690 1292 ita
727 1239 788 1293 in
819 1239 1041 1310 origine
1094 1256 1195 1293 sua
1244 1239 1466 1309 gelidus
1496 1243 1602 1303 est,
1635 1244 1698 1292 ut
1736 1239 1889 1308 apud

185 1344 294 1381 nos
318 1329 655 1399 septentrio,
692 1329 790 1382 sed
820 1328 954 1399 quia
998 1345 1098 1399 per
1134 1329 1429 1383 ﬂammam
1466 1328 1701 1381 torridas
1732 1344 1890 1381 zonae

182 1418 257 1471 ad
291 1434 399 1472 nos
428 1424 731 1483 commeat,
756 1418 1031 1472 admistus
1060 1418 1183 1489 igni
1214 1418 1460 1485 calescit,
1485 1423 1540 1471 et
1563 1417 1662 1487 qui
1688 1415 1891 1487 incipit

184 1506 457 1577 frigidus,
487 1508 704 1562 calidus
739 1510 1017 1577 pervenit.

259 1604 432 1672 Num]
459 1603 751 1674 Nunquid.

254 1695 416 1747 Celsa
446 1692 699 1763 potestas]
734 1692 980 1763 Egregia
1010 1690 1286 1761 potentia.

254 1781 503 1852 Vertere]
538 1783 768 1835 Mutare.
801 1784 914 1835 Hoc
944 1780 1181 1835 verbum
1213 1778 1477 1849 producit
1507 1778 1599 1832 hic
1622 1777 1889 1831 ultimam

184 1870 541 1939 positionem
574 1872 645 1924 ob
678 1871 818 1923 duas
840 1874 1219 1924 consonantes
1246 1867 1602 1938 insequentis
1620 1865 1887 1919 dictionis

181 1959 359 2012 initio
391 1961 626 2029 positas,
661 1959 887 2013 tametsi
911 1964 1127 2028 negent
1158 1958 1213 2011 id
1245 1957 1368 2010 fieri
1401 1956 1559 2009 scioli
1593 1971 1888 2025 gramma-

184 2049 363 2113 tistaz,
398 2049 499 2119 qui
524 2050 996 2115 uecJuvenalem,
1034 2064 1137 2101 nec
1168 2046 1566 2110 Prudentium,
1602 2060 1704 2098 nec
1736 2044 1889 2098 hunc

182 2144 485 2192 auctorem
521 2154 777 2208 unquam
806 2138 1111 2208 diligenter
1144 2137 1493 2190 evolverunt.

252 2228 505 2296 Rabiem]
543 2227 842 2281 Etl‘eratam
872 2224 1297 2280 truculentiam.

242 2320 366 2371 Heu
396 2333 615 2385 gravem
645 2315 860 2388 sortem]
894 2315 1133 2370 Pulchra
1162 2312 1517 2377 exclamatio,
1564 2326 1668 2365 nec
1698 2310 1888 2364 minus

179 2422 341 2459 vera.
390 2408 511 2461 Heu
556 2421 837 2476 asperam,
884 2404 1093 2474 inquit,
1137 2407 1192 2457 et
1234 2400 1655 2456 intolerabilem
1689 2399 1885 2454 condi-

183 2495 432 2562 tionem,
465 2495 690 2564 quando
739 2494 973 2563 iniquus
1013 2491 1255 2562 gladius,
1288 2490 1345 2545 id
1394 2495 1497 2557 est,
1533 2490 1749 2558 iujusta
1778 2505 1887 2559 po-

179 2584 386 2649 tentia,
422 2588 478 2636 et
519 2583 783 2654 iniquum
834 2581 1146 2651 imperium
1190 2580 1423 2634 additur
1460 2595 1611 2632 saevo
1642 2594 1884 2646 veneno,

179 2671 234 2725 id
264 2677 359 2726 est
390 2672 630 2725 immani
660 2676 717 2725 et
747 2671 1072 2723 truculento
1091 2668 1348 2738 ingenio,
1372 2667 1747 2736 moribusque
1766 2682 1886 2720 cor-

180 2748 835 2832 ruptissimis/Seneca:
863 2760 1103 2813 Fulmen
1160 2762 1262 2819 est,
1317 2756 1414 2809 ubi
1455 2772 1583 2809 cum
1607 2759 1886 2825 potestate

180 2850 487 2905 iracundia
532 2849 770 2903 habitat.
818 2848 1149 2902 Aristoteles
1204 2846 1264 2899 in
1310 2844 1761 2899 IPoliticorum:
1818 2844 1886 2898 Ut

178 2940 344 2993 enim
379 2938 729 3009 perfectione
752 2942 1034 3007 suscepta,
1065 2936 1349 3006 optimum
1380 2940 1717 2988 cunctorum
1754 2932 1885 2986 ani-

2074 521 2352 591 Gerendis]
2385 521 2887 576 Administrandis.

2074 608 2269 683 Quone]
2308 612 2377 665 Ut
2411 627 2544 665 non.
2572 612 2833 666 Horatius
2856 611 2914 665 in
2946 610 3351 667 Sermonibus:

2127 716 2309 774 Quone
2349 730 2670 779 pervacuum
2721 718 2958 767 Romano
2990 718 3281 768 incurreret
3322 718 3505 767 hostis.

2072 816 2278 873 Tacita]
2308 816 2526 886 Ignota.
2560 816 2907 871 Claudianus
2933 834 2944 871 :

2187 920 2355 987 Major
2384 926 2436 971 et
2464 922 2645 987 utilior
2672 922 2809 971 facto
2841 923 3135 987 conjuncta
3162 924 3383 987 potenti.

2188 984 2300 1033 Vile
2332 984 2502 1033 latens
2526 985 2725 1033 virtus:
2762 986 2888 1035 quid
2926 984 3069 1034 enim
3102 984 3376 1035 submersa
3403 986 3632 1035 tenebris

2190 1046 2426 1111 Proderit
2455 1048 2698 1104 obscuro,
2727 1046 2888 1096 veluti
2916 1049 3044 1111 fsine
3074 1049 3271 1111 remige
3302 1049 3506 1111 puppis,

2188 1109 2280 1157 Vel
2312 1108 2426 1171 lyra
2469 1123 2587 1172 quas
2616 1111 2815 1167 reticet,
2847 1110 2929 1159 vel
2969 1112 3057 1173 qui
3088 1125 3197 1160 non
3213 1108 3467 1159 tenditur
3494 1124 3647 1159 arcus
3667 1112 3693 1159 ?

2071 1206 2163 1261 Ad
2192 1213 2491 1261 extremam
2530 1210 2769 1279 manum]
2794 1209 2875 1263 Ad
2908 1210 3239 1263 absolutum
3265 1209 3460 1263 finem.
3495 1210 3689 1263 Extre-

1999 1312 2153 1350 mam
2186 1312 2420 1350 manum
2454 1298 2771 1367 imponere,
2815 1298 3100 1368 significat
3122 1314 3245 1352 rem
3277 1299 3543 1352 omnibus
3570 1302 3693 1369 ejus

1998 1385 2257 1456 partibus
2280 1386 2593 1451 absolvere,
2614 1388 2951 1458 metaphora
2975 1388 3043 1440 ab
3058 1387 3371 1441 artiﬁcibus
3389 1388 3689 1443 translata:

1999 1474 2099 1545 qui
2129 1474 2382 1544 primum
2416 1476 2557 1529 rude
2591 1476 2881 1547 quoddam
2911 1477 3101 1547 operis
3133 1476 3502 1530 simulacrum
3526 1477 3691 1531 efﬁn-

1998 1566 2161 1633 gunt,
2197 1567 2367 1629 atque
2396 1563 2541 1617 hanc
2571 1564 2816 1633 primam
2864 1565 3157 1635 appellant
3181 1580 3440 1631 manum,
3490 1565 3693 1619 deinde

1928 1684 1967 1738 Β
2002 1650 2251 1705 formant
2274 1653 2617 1722 expressius,
2652 1657 2939 1723 postremo
2970 1671 3194 1708 summa
3220 1670 3357 1707 cura
3378 1655 3690 1723 expoliunt,

2001 1745 2171 1811 atque
2198 1742 2346 1795 hanc
2376 1746 2711 1809 extremam,
2748 1760 3099 1813 supremam,
3124 1760 3225 1797 seu
3255 1760 3541 1798 summam
3571 1760 3691 1797 ma-

2000 1846 2141 1884 num
2179 1836 2395 1885 vocant.

2070 1938 2265 1993 Gloriae
2293 1940 2498 1993 scilicet
2527 1940 2743 2008 cupido]
2780 1940 2848 1993 M.
2890 1940 3108 1993 Tullius
3138 1956 3242 2011 pro
3281 1939 3523 1994 Archia:
3556 1941 3690 1994 Tra-

1997 2025 2193 2080 himur
2245 2044 2445 2080 omnes
2496 2028 2678 2082 laudis
2733 2028 2941 2095 studio,
3021 2033 3075 2083 et
3145 2029 3399 2099 optimus
3448 2029 3693 2099 quisque

1997 2116 2247 2169 maxime
2278 2116 2462 2185 gloria
2495 2116 2743 2170 ducitur.
2789 2117 2901 2187 Ipsi
2935 2117 3019 2170 illi
3070 2116 3403 2186 philosophi
3435 2117 3693 2171 etiamin

1996 2204 2108 2258 illis
2141 2204 2375 2273 libellis,
2415 2220 2559 2276 quos
2598 2206 2667 2259 de
2712 2206 3129 2260 contemnenda
3182 2204 3364 2275 gloria
3412 2206 3689 2273 scribunt,

2000 2310 2213 2348 nomen
2249 2311 2417 2348 suum
2449 2294 2771 2349 inscribunt
2800 2296 2859 2349 in
2909 2311 2976 2349 eo
3008 2295 3132 2365 ipso
3162 2295 3224 2348 in
3263 2310 3376 2365 quo
3412 2295 3691 2365 praedica-

1995 2384 2209 2437 tionem
2243 2383 2719 2454 nobilitatemque
2746 2384 3085 2454 despiciunt,
3118 2383 3416 2453 praedicari
3447 2384 3515 2437 de
3539 2401 3597 2438 se
3628 2400 3691 2437 ac

1994 2472 2282 2527 nominari
2314 2474 2529 2527 volunt.
2565 2473 2724 2527 Idem
2760 2474 2817 2526 in
2841 2474 3080 2528 eadem:
3121 2472 3286 2527 Nulla
3317 2472 3472 2526 enim
3512 2473 3691 2527 virtus

1996 2561 2166 2614 aliam
2200 2562 2518 2615 mercedem
2560 2562 2823 2615 laborum
2874 2562 3375 2633 periculorumque
3412 2562 3693 2617 desiderat

1995 2655 2205 2721 prmter
2234 2652 2381 2704 hanc
2411 2650 2593 2704 laudis
2622 2656 2677 2705 et
2715 2652 2911 2722 gloria?
2939 2668 2951 2705 :
2995 2666 3109 2723 qua
3139 2652 3371 2722 quidem
3416 2651 3688 2723 detracta,

1988 2740 2233 2811 judices,
2268 2740 2407 2810 quid
2440 2746 2523 2793 est
2554 2740 2706 2811 quod
2749 2741 2807 2793 in
2838 2742 2943 2794 hoc
2974 2746 3090 2795 tam
3122 2741 3327 2811 exiguo
3350 2740 3479 2795 vitae
3509 2739 3686 2793 curri-

1995 2827 2122 2881 culo
2151 2831 2205 2880 et
2237 2831 2351 2879 tam
2402 2826 2578 2893 brevi,
2615 2828 2787 2880 tantis
2817 2845 2921 2881 nos
2946 2828 3243 2882 laboribus
3277 2828 3687 2881 exerceamus?

1996 2916 2275 2985 Loquitur
2308 2920 2497 2968 autem
2530 2916 2721 2970 Cicero
2777 2916 2948 2969 nimis
2978 2917 3264 2986 Iimpie,ut
3312 2917 3486 2970 homo
3538 2932 3684 2971 verte

178 3004 427 3084 malium
457 3032 542 3081 est
566 3028 739 3081 homo
765 3044 777 3080 :
812 3027 891 3079 ita
918 3004 975 3078 _si
1001 3004 1221 3079 alie—nus
1252 3026 1347 3078 fiat
1380 3039 1410 3076 a
1431 3024 1555 3092 lege
1579 3027 1635 3076 et
1662 3039 1694 3075 a
1721 3021 1881 3092 judi-
1920 3029 1962 3080 D
1996 3004 2290 3076 religionis
2308 3019 2509 3074 expers
2541 3007 2597 3057 et
2626 3005 2942 3075 sapientiai,
2975 3005 3066 3059 οιιί
3109 3021 3236 3074 Spes
3270 3009 3502 3059 αδῖθτηαε
3532 3005 3681 3073 Vim,

176 3119 301 3186 ciis,
343 3117 659 3187 pessimum
681 3120 766 3169 est
788 3115 1049 3169 omnium
1072 3113 1429 3167 animalium.
1456 3111 1773 3166 Ssevissima
1794 3114 1881 3165 est

175 3208 333 3263 enim
358 3207 438 3276 inj
450 3205 637 3259 ustitia
650 3203 867 3259 habens
889 3219 1066 3257 arma.
1084 3202 1406 3257 Lactantius
1429 3200 1527 3254 lib.
1550 3201 1619 3254 de
1632 3198 1876 3264 Justitia,

173 3314 275 3367 cap
300 3338 315 3349 .
358 3299 411 3349 ii
448 3312 460 3349 :
512 3294 646 3359 Quis
678 3294 979 3359 Caucasus,
1017 3308 1146 3363 quae
1199 3291 1381 3358 India,
1430 3306 1558 3361 quae
1600 3288 1880 3358 Hyrcania

171 3388 286 3437 tam
309 3386 618 3450 immanes,
636 3388 753 3437 tam
776 3380 1177 3452 sanguinarias
1194 3380 1403 3435 bestias
1424 3394 1681 3449 unquam
1697 3377 1878 3431 aluit?

174 3474 459 3543 quoniam
502 3472 757 3527 ferarum
799 3472 1060 3526 omnium
1108 3470 1293 3525 rabies
1348 3485 1527 3540 usque
1568 3467 1637 3522 ad
1666 3465 1877 3521 ventris

172 3564 505 3615 satietatem
547 3562 704 3627 furit,
738 3562 1004 3631 fameque
1035 3561 1247 3625 sedata,
1282 3560 1543 3630 protinus
1578 3554 1878 3627 conquies-

172 3652 263 3706 cit.
298 3652 407 3704 llla
432 3652 589 3705 enim
619 3668 748 3705 vera
773 3651 975 3718 bestia,
1010 3650 1172 3720 cujus
1206 3647 1594 3718 unajussione

332 3756 599 3805 Funditur
628 3760 739 3805 ater
768 3756 965 3819 ubique
996 3768 1169 3810 cruor,
1202 3751 1429 3819 crudelis
1465 3752 1662 3819 ubique

334 3819 551 3877 Luctus,
584 3820 780 3881 ubique
814 3814 993 3881 pavor,
1013 3823 1064 3867 et
1089 3817 1316 3880 plurima
1340 3815 1524 3864 mortis
1556 3814 1730 3876 imago

176 3919 362 3972 Nemo
404 3918 575 3987 huius
608 3922 778 3971 tantae
820 3917 1027 3971 bellum
1083 3914 1505 3969 immanitatem
1542 3914 1728 3983 potest
1778 3925 1881 3981 pro

175 4010 387 4062 merito
415 4007 753 4073 describere,
789 4007 888 4077 qui
921 4022 1036 4060 uno
1066 4004 1191 4058 loco
1218 4003 1518 4068 recubans,
1550 4004 1744 4054 tamen
1776 4013 1882 4068 per

176 4101 369 4149 totum
404 4096 602 4149 orbem
635 4095 903 4150 dentibus
950 4094 1149 4149 ferreis
1189 4093 1363 4158 saevit,
1417 4096 1473 4145 et
1501 4106 1619 4143 non
1659 4092 1882 4142 tantum

178 4190 341 4239 artus
364 4184 668 4238 hominum
701 4184 961 4253 dissipat,
996 4184 1094 4237 sed
1126 4188 1181 4237 et
1210 4198 1331 4235 ossa
1363 4181 1485 4251 ipsa
1516 4176 1878 4244 comminuit,

1956 3132 1959 3133 ν
1988 3097 2469 3163 contemptusque
2505 3092 2693 3146 inanis
2726 3093 2927 3164 glorias
2960 3110 3075 3147 non
3106 3098 3273 3149 esset.

2059 3201 2278 3255 Omnem
2318 3204 2474 3254 terra
2494 3198 2783 3273 ambitum]
2817 3201 2890 3253 Ex
2913 3216 3137 3255 summa
3156 3201 3332 3255 totius
3349 3201 3683 3255 mortalium

1987 3289 2359 3343 habitationis
2390 3289 2676 3359 angustia,
2712 3306 2885 3361 quam
2928 3290 3001 3344 sit
3032 3291 3191 3345 exilis
3213 3291 3379 3345 famen
3421 3291 3681 3363 divulga-

1986 3378 2085 3447 tio,
2110 3394 2399 3450 quamque
2430 3378 2628 3433 irritus
2658 3379 2987 3450 proferendi
3008 3379 3258 3434 nominis
3286 3384 3523 3435 conatus
3545 3396 3680 3433 sane

1988 3468 2279 3521 evidenter
2313 3468 2580 3521 ostendit.

2060 3568 2232 3622 Sicuti
2276 3566 2615 3633 astrologicis
2664 3565 3215 3621 demonstrationibus
3260 3563 3535 3636 accepisti]
3584 3565 3683 3619 Pa-

1986 3653 2269 3709 renthesis
2299 3658 2402 3720 est,
2451 3654 2721 3724 astrologi
2761 3658 3019 3723 respectu
3074 3653 3422 3708 firmamenti
3471 3658 3683 3706 terram

1986 3743 2185 3815 puncti
2235 3742 2415 3796 vicem
2470 3742 2681 3795 habere
2741 3742 2821 3793 sic
2874 3742 3285 3796 demonstrant.
3346 3742 3684 3812 Ubicunque

1989 3833 2143 3887 enim
2171 3831 2548 3885 existentibus
2590 3830 2755 3885 nobis
2794 3831 2854 3884 in
2884 3836 3053 3884 terras
3101 3830 3423 3902 superﬁcie,
3457 3836 3513 3884 et
3549 3846 3684 3885 con-

1988 3919 2370 3975 siderantibus
2411 3920 2603 3972 stellas
2656 3918 2888 3973 diversis
2939 3919 3000 3973 in
3059 3920 3220 3987 locis,
3258 3936 3373 3974 non
3415 3920 3685 3974 videntur

1990 4007 2437 4079 magnitudines,
2480 4024 2666 4078 neque
2715 4024 2913 4062 earum
2956 4010 3106 4063 inter
3149 4026 3207 4062 se
3256 4010 3542 4064 distantia
3586 4026 3681 4063 va-

1990 4098 2144 4152 riari.
2180 4096 2338 4151 Unde
2371 4102 2426 4150 et
2473 4112 2565 4149 eas
2596 4096 2891 4167 aequaliter
2942 4112 2974 4149 a
3018 4101 3168 4151 terra
3196 4101 3447 4151 remotas
3486 4097 3683 4153 haberi

1992 4185 2421 4257 comprobatur,
2458 4201 2622 4239 sensu
2650 4184 2704 4239 id
2737 4185 3078 4240 mstimante.
3110 4186 3282 4240 Terra
3329 4185 3509 4255 igitur
3545 4201 3683 4241 cen-

181 4279 235 4327 et
265 4273 329 4326 in
366 4273 587 4325 cineres
636 4273 844 4339 fundit,
879 4288 949 4326 ne
983 4272 1113 4342 quis
1143 4274 1322 4325 exstet
1353 4268 1670 4339 supulturee
1702 4267 1857 4320 locus

2065 4292 2143 4330 im
2177 4278 2257 4330 est
2310 4274 2566 4346 sphaera,
2603 4274 2797 4346 sicque
2855 4275 3051 4345 puncti
3098 4275 3371 4329 sortietur
3402 4274 3675 4330 officium.

182 4362 442 4433 Baptista
475 4363 809 4415 Mantuanus
836 4363 895 4415 in
922 4362 1169 4416 secunda
1194 4357 1528 4414 Parthenice

342 4469 498 4517 Nulla
527 4470 625 4517 sub
654 4470 873 4531 indigno
906 4469 1071 4517 virtus
1106 4472 1185 4517 est
1205 4468 1439 4530 principe
1470 4468 1598 4523 tuta,

341 4531 502 4580 Nulla
534 4534 633 4581 sub
662 4533 862 4581 incesto
902 4532 1058 4580 castis
1086 4534 1165 4579 est
1202 4531 1369 4594 gloria
1397 4544 1535 4592 rege.

756 4631 825 4684 IN
880 4629 1155 4685 PROSAM
1196 4631 1309 4683 VII.

242 4720 613 4791 Disputatum
658 4723 744 4773 est
772 4718 1068 4785 hactenus,
1102 4733 1289 4789 neque
1322 4720 1383 4772 in
1423 4718 1655 4784 divitiis,
1693 4734 1883 4790 neque

182 4810 239 4863 in
272 4808 659 4879 dignitatibus
690 4812 747 4861 et
791 4807 1047 4878 potentia
1094 4823 1287 4861 veram
1332 4807 1663 4863 felicitatem
1691 4809 1883 4863 consi-

180 4906 369 4953 stere:
406 4915 559 4953 nunc
606 4913 780 4969 quam
825 4897 1014 4951 inanis
1052 4902 1108 4951 et
1144 4896 1308 4950 irrita
1360 4897 1433 4950 sit
1465 4898 1667 4967 gloria,
1710 4914 1884 4969 quam

179 4990 447 5059 plerique
478 5004 677 5042 omnes
707 5002 1073 5057 summopere
1118 4990 1427 5052 sectantur,
1479 4987 1883 5057 pulcherrimis

181 5077 613 5148 verissimisque
688 5076 1009 5129 rationibus
1083 5075 1455 5130 demonstrat.
1510 5075 1632 5140 Quo
1690 5082 1885 5131 autem

181 5166 620 5221 convenientius
649 5166 720 5219 ad
760 5164 819 5219 id
848 5164 1163 5234 perveniat,
1222 5165 1446 5219 Boetius
1479 5165 1601 5236 ipse
1645 5165 1884 5220 interlo-

183 5257 406 5327 quitur,
462 5255 785 5325 fateturque
833 5270 955 5309 sese
987 5270 1105 5309 non
1152 5258 1269 5307 tam
1328 5254 1659 5309 mortalium
1691 5271 1884 5310 rerum

184 5345 505 5399 ambitione
558 5350 788 5414 captum
827 5343 1023 5409 fuisse,
1058 5359 1231 5414 quam
1261 5344 1425 5397 famas
1474 5344 1882 5415 propaganda,

185 5434 712 5505 comparandasque
734 5433 933 5504 glorise
957 5432 1269 5502 cupiditate
1299 5433 1741 5487 inflammatum.

262 5522 415 5593 Tum]
449 5522 676 5578 Ordinis
706 5522 1041 5577 adverbium
1072 5526 1173 5575 est.

260 5610 566 5685 Minimum]
618 5612 902 5667 Differunt
958 5610 1264 5665 minimum
1296 5615 1351 5665 et
1407 5610 1679 5665 minime:
1714 5610 1885 5665 mini-

192 5716 355 5755 mum
382 5701 540 5756 enim
571 5702 907 5774 quantitatis
920 5701 1047 5756 adv.
1075 5705 1179 5769 est,
1204 5701 1442 5758 minime
1467 5718 1597 5756 vero
1618 5702 1884 5772 negandi.

1992 4367 2145 4422 Idem
2191 4364 2403 4419 accidet
2441 4368 2610 4419 terra:
2668 4364 2738 4417 ad
2789 4364 2924 4418 solis
2978 4364 3264 4435 sphaeram
3320 4368 3681 4434 comparatae,

1996 4456 2147 4528 quod
2195 4458 2250 4508 et
2308 4453 2432 4508 aliis
2489 4452 2842 4525 comperitur
2896 4454 3140 4508 iudiciis.
3191 4455 3332 4508 Nam
3359 4468 3601 4525 corpora
3624 4454 3685 4507 in

1991 4544 2199 4599 centris
2247 4542 2767 4598 instrumentorum
2795 4542 3164 4598 circularium
3214 4543 3419 4614 posita,
3451 4543 3685 4597 umbras

1991 4633 2325 4706 projiciunt,
2350 4649 2558 4705 easque
2591 4633 2759 4704 longe
2811 4637 3016 4700 motas,
3069 4650 3182 4704 qua
3211 4637 3266 4686 et
3307 4633 3389 4686 sol
3432 4632 3553 4703 ipse
3591 4649 3682 4687 ra-

1993 4723 2156 4777 dians
2200 4725 2359 4776 motu
2407 4722 2597 4793 primo
2629 4720 3043 4775 circumfertur.
3080 4722 3154 4775 Ex
3186 4721 3556 4792 regularitate
3584 4721 3687 4776 ita-

1992 4828 2104 4883 que
2130 4816 2324 4865 motus
2360 4810 2604 4877 umbrae,
2656 4827 2827 4881 quam
2856 4827 3025 4865 sensu
3056 4810 3560 4881 deprehendimus,
3588 4811 3687 4865 eli-

1992 4903 2136 4955 citur
2155 4900 2336 4953 solem
2357 4899 2504 4953 circa
2525 4903 2783 4953 centrum
2802 4900 3321 4954 instrumentorum
3343 4900 3687 4971 regulariter

1992 4989 2245 5042 moveri:
2276 4988 2523 5059 ideoque
2572 4991 2764 5041 centra
2806 4988 3137 5058 hujusmodi
3168 4988 3686 5043 instrumentorum

1992 5077 2175 5131 centri
2206 5077 2426 5142 mundi,
2481 5076 2628 5131 circa
2663 5077 2799 5147 quid
2850 5081 3039 5131 motus
3071 5078 3312 5148 primus,
3347 5078 3688 5148 regulariter

1993 5166 2171 5220 vicem
2197 5166 2477 5220 obtinere.
2512 5166 2652 5221 Cum
2686 5166 2878 5236 itaque
2912 5171 3075 5221 terrze
3108 5168 3422 5221 crassitudo
3460 5166 3601 5221 nihil
3628 5165 3687 5219 in

1994 5255 2083 5309 his
2114 5254 2283 5308 rebus
2316 5254 2590 5308 immittat
2615 5255 2925 5327 varietatis,
2957 5272 3157 5311 verum
3210 5256 3570 5327 propositum
3602 5254 3685 5307 vi-

1995 5346 2179 5399 detur.
2218 5346 2501 5397 Praeterea
2550 5343 2787 5397 horizon
2822 5346 2986 5399 oculo
3027 5345 3085 5398 in
3132 5362 3189 5398 se
3223 5342 3487 5398 existenti
3532 5341 3688 5396 dimi-

1997 5433 2156 5487 dium
2181 5432 2307 5485 coeli
2334 5432 2596 5496 occultat,
2634 5432 3053 5503 dimidiumque
3099 5431 3278 5486 videri
3305 5429 3461 5484 sinit.
3523 5430 3688 5494 Quod

1995 5521 2253 5593 profecto
2294 5522 2439 5575 nulli
2487 5524 2811 5594 superﬁciei
2853 5524 3061 5593 planta,
3122 5520 3233 5573 nisi
3276 5536 3379 5590 per
3428 5523 3688 5575 centrum

1996 5611 2236 5683 sphaerae
2266 5612 2588 5667 transeunti
2633 5612 2933 5683 proprium
2976 5616 3078 5663 est.
3114 5609 3285 5665 Secus
3332 5616 3528 5665 autem
3561 5626 3689 5665 eve-

2000 5702 2153 5758 niret
2191 5700 2237 5755 si
2270 5718 2382 5771 qua
2430 5706 2575 5757 esset
2623 5706 2786 5756 terrae
2837 5702 3099 5769 respectu
3148 5699 3274 5753 caeli
3332 5700 3687 5771 magnitudo.
