4054 6184
424 313 526 364 983

1172 310 1521 365 APPENIHX
1566 312 1656 364 Al)
1701 309 1943 366 LIBROS
1985 310 2071 363 DE
2111 308 2641 366 CONSOI.ATIONE
2685 308 3200 365 PHILOSOPHIAE.

3768 316 3851 368 984

423 448 491 501 Μ.
528 445 742 501 Tullius
773 445 1165 509 Quaestionum
1212 446 1663 501 Tusculanarum
1706 447 1850 502 libro
1882 446 2070 518 primo
2096 464 2107 502 :
2151 447 2197 499 A
2226 446 2573 517 asperrimus
2604 450 2657 500 et
2682 444 3069 517 inhospitalis,-
3092 446 3361 501 lndiama
3392 447 3607 518 Scythia
3633 465 3860 520 separans

422 536 774 591 Persuadent
853 535 1007 589 enim
1089 536 1485 591 mathematici
1536 542 1747 591 terram
1806 537 1865 591 in
1928 537 2115 593 medio

424 626 642 681 mundo
702 626 870 678 sitam
920 626 989 679 ad
1043 625 1291 679 universi
1340 626 1466 679 coeli
1505 627 1886 696 complexum,
1919 628 2117 697 puncti

422 716 600 769 instar
644 714 921 780 obtinere,
974 716 1127 785 quod
1184 719 1385 788 κέντρον
1440 716 1523 769 illi
1578 721 1798 770 vocant.
1861 718 2112 771 Seneca:

427 805 708 857 Punctum
741 807 844 867 est,
879 807 933 855 et
966 803 1151 856 adhuc
1201 809 1412 871 puncto
1452 803 1663 870 minus,
1725 805 1877 874 quod
1921 804 2117 859 incoli-

425 906 574 944 mus.
638 890 780 959 Lege
831 889 1081 943 Plinium
1146 890 1291 944 libro
1377 908 1412 944 11
1489 892 1769 945 Naturalis
1826 892 2114 962 Historiae,

426 994 547 1049 cap.
590 982 675 1045 70,
710 979 871 1050 cujus
905 978 1102 1032 titulus
1148 983 1267 1033 est:
1319 979 1455 1043 Qum
1512 980 1699 1050 portio
1749 985 1913 1035 terrae
1950 981 2115 1036 habi-

425 1072 596 1121 tetur.

495 1157 706 1226 Puncti]
736 1156 1052 1211 Macrobius
1084 1156 1143 1209 in
1200 1157 1489 1211 somnium
1523 1158 1804 1228 Scipionis
1835 1159 1956 1212 11100
2005 1164 2115 1213 tra-

426 1243 607 1299 didit:
666 1245 946 1298 Punctum
1000 1245 1265 1298 dixerunt
1315 1262 1434 1299 esse
1494 1251 1804 1316 geometrm
1858 1248 2011 1319 quod
2044 1249 2115 1302 ob

424 1332 1065 1403 incomprehensibilem
1107 1334 1444 1388 brevitatem
1480 1336 1568 1389 sui
1619 1336 1675 1389 in
1719 1344 1909 1406 partes
1940 1338 2115 1392 dividi

424 1438 540 1476 non
567 1423 765 1492 possit,
811 1440 915 1477 nec
944 1424 1131 1494 ipsum
1177 1441 1307 1494 pars
1337 1425 1548 1495 aliqua,
1599 1426 1695 1479 sed
1725 1428 2116 1482 tantummodo

424 1511 651 1581 signum
679 1528 798 1565 esse
819 1513 1055 1567 dicatur.
1084 1514 1309 1585 Pliysici
1332 1519 1545 1568 terram
1568 1515 1636 1568 ad
1654 1516 2117 1586 magnitudinem

424 1601 577 1666 circi,
611 1617 713 1671 per
744 1619 916 1673 quem
944 1604 1026 1656 sol
1073 1604 1337 1671 volvitur,
1371 1604 1566 1673 puncti
1600 1604 1833 1659 modum
1858 1606 2116 1660 obtinere

422 1690 693 1745 docuere.

496 1781 794 1848 Ptolemaeo]
831 1780 929 1832 Hic
988 1781 1312 1851 astrologus
1374 1781 1481 1834 fuit
1538 1783 1836 1853 .‘Egyptius
1884 1799 2112 1853 genere.

425 1867 644 1920 studuit
672 1868 1052 1935 Alexandrim,
1096 1876 1153 1923 et
1194 1870 1521 1924 liberalium
1554 1873 1764 1924 artium
1799 1889 1862 1925 ac
1893 1874 2119 1927 Graeca-

425 1971 553 2008 rum
589 1956 909 2010 litterarum
944 1958 1147 2011 studiis
1179 1959 1529 2013 clarissimus
1560 1960 1735 2014 evasit
1766 1963 2120 2031 temporibus

428 2046 699 2099 Antonini
732 2046 1118 2115 imperatoris,
1152 2048 1301 2118 quod
1335 2048 1579 2118 ipsemet
1616 2051 1673 2104 in
1700 2068 1874 2120 opere
1912 2068 2121 2122 magno

428 2134 805 2189 demonstrat.
860 2137 921 2189 ln
980 2136 1299 2206 astrologim
1360 2137 1596 2193 scientia
1656 2140 1915 2210 priorum
1978 2140 2122 2193 nulli

427 2222 610 2276 cessit.
674 2222 896 2278 Primus
959 2223 1113 2279 enim
1170 2225 1321 2295 apud
1376 2226 1597 2281 Graecos
1648 2228 1775 2282 coeli
1839 2230 2123 2283 rationem

428 2328 659 2366 omnem
677 2312 1011 2384 diligentius
1035 2314 1327 2384 explicuit,
1350 2314 1695 2389 inventaque
1712 2318 1781 2372 ab
1805 2319 2124 2389 Hipparcho

429 2401 810 2455 instrumenta
837 2402 1041 2456 clarius
1070 2404 1430 2459 monstravit.
1452 2407 1639 2461 Edidit
1666 2424 1936 2479 magnam
1968 2409 2125 2463 illam

428 2490 927 2559 compositionem,
995 2507 1169 2561 quam
1226 2494 1619 2565 Almagestum
1695 2502 1935 2563 vocant;
1982 2514 2126 2567 opus

430 2577 569 2632 item
603 2584 850 2649 quatuor
872 2584 1237 2636 tractatuum.
1259 2582 1492 2652 Scripsit
1514 2585 1929 2655 centiloquium
1956 2602 2129 2655 super

430 2666 521 2720 1115
554 2683 683 2737 quae
711 2668 780 2721 ad
822 2669 1126 2739 practicam
1154 2670 1447 2740 pertinent
1478 2678 1760 2727 astrorum
1804 2676 2128 2745 prognosti-

432 2771 579 2823 cam,
626 2761 855 2811 centum
901 2757 1165 2827 videlicet
1210 2776 1474 2826 canones,
1508 2778 1650 2832 quos
1684 2763 1859 2817 Graeci
1900 2766 2128 2836 κάρπονς

431 2849 653 2912 vocant,
688 2847 843 2916 quod
870 2847 1119 2901 fructum
1152 2852 1206 2902 et
1240 2850 1698 2918 experimentum
1742 2854 2131 2922 prognostico-

434 2951 561 2988 rum
614 2950 736 2989 esse
770 2935 978 2989 dicant.
1016 2937 1124 2991 Sed
1157 2942 1212 2991 et
1254 2938 1324 2991 de
1376 2938 1596 2993 musica
1644 2946 1759 2994 tres
1808 2943 2131 3013 composuit

435 3024 633 3093 libros,
667 3025 852 3096 deque
883 3026 1253 3096 geographia,
1292 3028 1443 3097 quod
1492 3030 1760 3100 astrologi
1795 3047 1955 3084 more
1996 3048 2131 3085 con-
2171 3038 2209 3090 (1

437 3113 677 3184 scripsit.
736 3116 1103 3169 Enarratores
1157 3116 1328 3169 habet
1385 3117 1707 3188 praecipuos
1764 3134 1830 3172 ex
1876 3118 2130 3173 barbaris

436 3203 577 3274 Haly
606 3208 663 3256 et
690 3203 1055 3273 Albumazer,
1092 3220 1159 3257 ex
1192 3205 1399 3259 Graecis
1437 3207 1695 3277 Tappum
1728 3211 1782 3261 et
1816 3208 2126 3263 Theonem.

438 3291 739 3361 Sepulchri
770 3292 1020 3362 elogium
1052 3293 1445 3347 tetrastichum
1480 3294 1602 3364 ipse
1634 3296 1824 3366 posuit
1848 3297 2129 3364 Graecum,

438 3380 592 3450 quod
625 3379 860 3450 quidam
900 3380 977 3433 sic
1006 3381 1416 3452 interpretatus
1442 3388 1559 3438 est:

530 3503 803 3567 Montalem
836 3504 1076 3565 quamvis
1101 3518 1183 3551 me
1215 3506 1388 3553 norim
1414 3512 1552 3556 sorte
1584 3515 1835 3567 creatum,

624 3565 1297 3631 Deumtamenastrorum
1322 3574 1533 3631 scrutor
1560 3570 1613 3617 111
1644 3572 1767 3619 orbe
1793 3573 1923 3631 vias,

531 3626 657 3693 Sum
688 3627 922 3693 pedibus]
942 3628 1128 3676 tellure
1150 3630 1351 3691 procul,
1375 3631 1629 3693 juxtaque
1660 3626 1950 3684 Tonantem

622 3690 844 3739 Assideo
874 3691 1046 3748 divus,
1078 3690 1264 3754 pascor
1283 3698 1334 3742 et
1363 3690 1638 3743 ambrosia.

493 3807 791 3876 Incolatur]
826 3807 1199 3863 lnhabitetur.

512 3895 639 3967 Siti]
664 3896 941 3951 Siccitate.

519 3985 709 4055 Vasta]
745 3986 993 4039 Deserta.

511 4072 681 4146 Area]
716 4074 1086 4145 Regiuncula.

511 4164 825 4234 Limitibus]
871 4165 1171 4220 Terminis.

513 4255 769 4321 Arctata]
805 4253 1084 4321 Cohibita,
1119 4254 1439 4309 constricta.

511 4341 685 4413 Adde]
723 4343 980 4398 Ostendit
1010 4359 1077 4397 ex
1098 4344 1358 4413 gentium
1400 4345 1725 4402 diversitate
1749 4347 2132 4422 distantiaque

438 4430 654 4486 famam
687 4448 803 4486 non
835 4432 1005 4503 longe
1037 4434 1345 4505 propagari
1376 4451 1558 4505 posse.

512 4520 761 4593 Ratione]
793 4522 978 4576 Modo.

510 4608 814 4682 Distantcs]
894 4610 1248 4666 DifferenteS'
1317 4614 1640 4670 Grmcorum
1696 4616 1965 4688 adagium
2026 4622 2128 4686 est,

440 4702 611 4771 Νόμος
640 4704 725 4751 καί
756 4708 930 4775 χώρα,
966 4702 1082 4756 Mos
1114 4702 1227 4756 sive
1258 4703 1345 4757 lex
1378 4709 1433 4757 et
1462 4704 1638 4774 regio,
1666 4707 1815 4777 quod
1846 4707 2133 4777 signiticat

442 4788 752 4860 unicuique
788 4792 947 4860 genti
975 4808 1104 4844 suas
1137 4792 1411 4863 quasdam
1445 4809 1565 4847 esse
1590 4796 1739 4864 leges
1772 4800 1829 4850 et
1869 4798 2131 4851 instituta

440 4877 692 4934 vivendi.

512 4966 669 5023 Sicut
698 4973 813 5038 ipse
839 4968 1071 5037 quodam
1124 4971 1231 5025 loco
1266 4974 1557 5043 signiﬁcat]
1588 4973 1752 5045 Apud
1801 4974 2130 5027 Ciceronem

442 5057 501 5111 in
532 5057 767 5113 Somnio
803 5058 1111 5130 Scipionis,
1144 5060 1441 5115 Africanus
1492 5064 1561 5117 ad
1613 5067 1882 5134 nepotem
1919 5064 1995 5117 sic
2044 5064 2132 5119 in-

442 5148 602 5219 quit:
641 5149 721 5203 Ex
772 5148 863 5202 his
920 5148 1059 5219 ipsis
1104 5150 1267 5203 cultis
1321 5151 1584 5223 notisque
1631 5153 1797 5207 terris
1843 5169 1986 5208 num
2036 5159 2135 5208 aut

440 5242 628 5308 tuum,
659 5241 757 5297 aut
782 5238 1123 5310 cujusquam
1158 5244 1416 5294 nostrum
1448 5257 1658 5295 nomen
1694 5244 1779 5296 vel
1819 5244 2133 5297 Caucasum

440 5326 593 5381 hunc
646 5328 842 5399 (quem
895 5327 1099 5395 cernis)
1158 5330 1559 5384 transcendere
1608 5330 1812 5401 potuit,
1848 5332 1935 5385 vel
1970 5332 2131 5384 illum

444 5418 695 5485 Gangem
720 5422 1077 5472 transnatare
1098 5418 1127 5471 ?

514 5506 830 5579 Caucasum]
895 5508 1193 5569 Caucasus,
1274 5506 1513 5577 Scythia:
1584 5524 1747 5563 mons
1800 5513 1901 5575 est,
1952 5509 2133 5563 dictus

442 5594 604 5664 quasi
633 5610 960 5664 grancasus,
1012 5597 1121 5651 hoc
1160 5600 1243 5651 est
1291 5595 1419 5649 nive
1452 5595 1744 5665 candidus,
1778 5602 1843 5652 ut
1875 5598 2019 5652 Plin.
2055 5597 2135 5652 ait

442 5681 541 5738 lib.
595 5700 668 5738 v1.
736 5684 1018 5740 Caucasus
1086 5702 1249 5741 mons
1311 5688 1397 5739 est
1451 5684 1797 5741 editissimas
1859 5686 2131 5758 idemque

2226 534 2285 588 in
2318 535 2532 589 tinibus
2563 535 2946 605 Assyriorum.

2298 626 2539 692 Parthis]
2569 625 2635 679 Hi
2667 625 2865 695 populi
2899 627 3033 678 sunt
3057 624 3204 679 Asia:
3247 625 3477 696 majoris
3502 642 3667 696 prope
3688 628 3856 692 Medos,

2228 715 2533 785 Hyrcanos,
2561 714 2743 781 Arios,
2780 720 2835 768 et
2866 713 2923 768 id
2954 730 3135 785 genus
3164 714 3373 768 vicinas
3414 720 3640 785 gentes:
3671 716 3862 771 fuerunt

2225 808 2416 857 autem
2474 804 2812 873 Scytharum
2872 804 3112 857 exsules.
3164 805 3303 857 Nam
3351 804 3602 873 Scythico
3645 820 3861 860 sermone

2225 893 2439 956 Parthi,
2467 894 2688 947 exsules
2710 893 2999 957 dicuntur,
3023 894 3275 963 primum
3297 894 3526 964 quidem
3554 893 3690 946 inter
3705 895 3863 948 Orien-

2224 980 2365 1035 tales
2396 983 2635 1053 populos
2684 982 3096 1047 obscurissimi,
3131 988 3327 1053 postea
3382 998 3485 1053 per
3540 982 3780 1036 virtutem
3812 987 3863 1037 ad

2226 1087 2511 1125 summam
2544 1072 2783 1141 gloriam
2817 1072 3067 1142 provecti
3100 1076 3253 1125 sunt.
3285 1074 3549 1141 Pugnant
3575 1075 3743 1126 autem
3764 1089 3862 1142 pro-

2226 1159 2590 1213 currentibus
2621 1160 2805 1231 equis,
2850 1165 2945 1214 aut
3001 1165 3160 1230 terga
3214 1161 3480 1215 dantibus
3510 1176 3525 1227 ;
3554 1176 3694 1230 saepe
3730 1161 3862 1215 etiam

2224 1247 2418 1317 fugam
2486 1247 2781 1313 simulans,
2851 1252 2913 1300 ut
2980 1246 3321 1301 incautiores
3370 1247 3631 1300 adversus
3676 1249 3865 1303 vulnera

2226 1337 2594 1407 insequentes
2625 1336 2891 1390 habeant.
2930 1336 3099 1389 Plura
3122 1336 3191 1389 de
3212 1336 3297 1389 his
3321 1336 3443 1406 lege
3468 1337 3860 1406 apudJustinum

2226 1426 2371 1479 libro
2402 1442 2513 1489 xm,
2543 1430 2597 1478 et
2629 1426 2781 1495 apud
2821 1425 3183 1478 Plutarchum
3216 1426 3275 1477 in
3319 1426 3441 1477 Vita
3476 1425 3663 1479 Crassi.

2302 1515 2371 1567 Id
2405 1514 2654 1585 locorum]
2687 1516 2758 1568 Eo
2789 1516 2912 1567 loco
2956 1514 3361 1567 habitantibus.
3400 1515 3606 1567 Eorum
3637 1515 3862 1575 locorum,

2226 1602 2473 1671 ﬁgurata
2511 1604 2744 1669 locutio,
2780 1602 2979 1655 similis
3032 1602 3110 1655 illi
3143 1618 3315 1672 supra
3366 1603 3585 1672 positae,
3640 1608 3698 1655 ut
3736 1603 3782 1655 in
3824 1605 3862 1655 id

2226 1689 2405 1743 astatis
2431 1688 2644 1760 pueris.
3622 1742 3629 1747 .

2298 1779 2685 1847 Formidolosu]
2724 1778 3137 1831 Formidabilis.
3177 1778 3593 1831 Formidolosus
3641 1778 3783 1831 modo
3814 1780 3864 1830 si-

2229 1868 2461 1937 gniticat
2493 1868 2909 1921 meticulosum.
2946 1866 3243 1920 Terentius
3270 1884 3281 1919 :

3103 1984 3263 2045 Egon'
3301 1982 3700 2031 formidolosus?

2232 2092 2291 2145 Id
2321 2095 2422 2152 est,
2449 2107 2629 2161 egone
2662 2107 2785 2143 sum
2820 2090 2917 2160 qui
2950 2090 3226 2144 timeam?
3275 2090 3445 2143 modo
3504 2106 3627 2143 eum
3667 2089 3750 2159 qui
3776 2090 3867 2140 aliis

2233 2180 2500 2234 timorem
2526 2180 2715 2233 infert.
2748 2179 3046 2233 Sallustius
3074 2197 3086 2233 :
3122 2179 3372 2249 Regibus
3406 2178 3541 2233 boni
3582 2194 3736 2249 quam
3764 2178 3863 2231 mali

2235 2270 2614 2340 suspectiores
2644 2273 2796 2336 sunt,
2832 2285 3171 2339 semperque
3198 2268 3287 2322 his
3317 2268 3507 2323 aliena
3535 2269 3699 2321 virtus
3726 2266 3869 2321 formi-

2236 2360 2436 2414 dolosa
2466 2364 2567 2413 est.

2304 2469 2535 2523 Romani
2582 2464 2836 2537 nominis]
2910 2465 3151 2519 Romani
3207 2464 3480 2518 hominis.
3532 2461 3871 2517 Paranomasia

2237 2561 2338 2624 est,
2374 2572 2504 2627 qua:
2533 2555 2726 2610 Latine
2755 2555 2963 2608 dicitur
2984 2554 3399 2625 agnominatio.
3428 2552 3871 2624 Depromitautem

2236 2649 2643 2716 argumentum
2677 2660 2740 2697 ex
2768 2644 2889 2697 loco
2937 2644 3034 2714 qui
3066 2643 3274 2697 dicitur
3317 2644 3389 2698 ab
3432 2660 3498 2697 eo
3551 2643 3690 2714 quod
3732 2640 3870 2710 magis

2238 2738 2356 2787 est:
2392 2733 2545 2803 quod
2577 2737 2631 2785 et
2663 2733 2813 2786 hunc
2844 2732 2899 2785 in
2942 2732 3181 2785 modum
3221 2736 3410 2801 potest
3435 2731 3706 2802 explicari.
3735 2729 3867 2792 Magis

2236 2824 2460 2877 videtur
2506 2824 2696 2877 Roma!
2756 2823 3087 2893 reipublicae
3118 2838 3292 2893 quam
3318 2820 3769 2892 uniuscujuslibet
3794 2818 3870 2871 ho-

2238 2912 2410 2966 minis
2467 2912 2731 2979 Romani,
2803 2928 3013 2965 nomen
3071 2912 3218 2965 ultra
3286 2913 3603 2965 Caucasum
3656 2906 3871 2980 progredi

2171 3038 2209 3090 C
2243 3018 2436 3072 posse;
2471 3002 2567 3055 sed
2598 3018 2715 3055 non
2746 3001 2909 3067 illud,
2938 3001 3173 3071 proinde
3200 3016 3301 3053 nec
3332 3001 3465 3054 hoc.

2313 3106 2454 3172 Quid
2499 3107 2643 3176 quod
2692 3106 3031 3161 diversarum
3075 3106 3338 3176 gentium]
3385 3105 3595 3160 Probat
3625 3120 3683 3158 ex
3712 3103 3872 3157 discre-

2239 3195 2439 3267 pantia
2469 3211 2694 3249 morum
2730 3200 2785 3249 et
2813 3196 3232 3258 institutorum,
3256 3194 3471 3265 quibus
3490 3194 3706 3249 diversas
3723 3194 3871 3263 gentes

2241 3291 2499 3350 utuntur,
2529 3300 2643 3338 non
2675 3284 2991 3338 conducere
3022 3284 3270 3353 cuipiam
3310 3299 3529 3337 nomen
3556 3283 3611 3336 in
3654 3279 3873 3352 plurimos

2240 3375 2483 3445 populos
2510 3373 2785 3443 proferre,
2827 3388 2955 3426 cum
3003 3374 3155 3443 quod
3187 3372 3336 3442 apud
3368 3372 3477 3426 hos
3503 3372 3723 3443 dignum
3753 3366 3873 3421 laude

2242 3464 2395 3534 apud
2426 3464 2553 3516 illos
2584 3462 2862 3533 supplicio
2895 3462 3133 3532 dignum
3164 3460 3478 3531 judicetur.

2313 3555 2486 3607 Mores
2508 3557 2671 3621 atque
2699 3554 2953 3605 instituta
2986 3550 3320 3619 discordant]
3355 3551 3441 3603 De
3472 3550 3555 3604 his
3582 3550 3774 3619 legatur
3797 3544 3867 3596 Eu-

2242 3639 2431 3693 sebius
2484 3638 2628 3691 libro
2675 3653 2734 3691 Vi
2770 3639 2838 3691 de
2884 3639 3308 3707 Praeparatione
3340 3634 3678 3707 evangeliea,
3733 3632 3869 3702 capite

2242 3733 2437 3783 octavo
2463 3742 2475 3797 ;
2512 3728 2765 3781 Valerius
2788 3727 3060 3780 Maximus
3082 3727 3228 3780 libro
3252 3728 3537 3792 secundo;
3563 3726 3873 3793 Hieronymus

2242 3818 2301 3871 in
2333 3817 2694 3872 Jovinianum
2725 3834 2737 3884 ;
2774 3816 3069 3870 Bessarion
3090 3816 3235 3870 libro
3268 3822 3498 3887 quarto,
3529 3815 3585 3868 in
3619 3809 3873 3867 calumnia-

2241 3910 2426 3960 torem
2458 3906 2724 3971 Platonis,
2758 3906 2942 3976 capite
2970 3908 3034 3971 3;
3066 3905 3365 3975 Philippus
3394 3904 3694 3959 Beroaldus
3716 3901 3765 3953 in
3786 3912 3874 3951 ora-

2243 3994 2398 4049 tione
2429 3994 2789 4064 proverbiali,
2820 3996 2875 4049 et
2922 3995 3187 4047 Erasmus
3239 3999 3436 4047 noster
3464 3994 3522 4048 111
3562 3988 3874 4062 explicatione

2243 4084 2397 4138 illius
2424 4083 2646 4153 adagii:
2683 4084 2789 4136 Lex
2819 4087 2875 4137 et
2902 4084 3079 4153 regio.
3115 4084 3243 4136 Haec
3288 4083 3434 4137 mihi
3467 4098 3612 4137 nunc
3648 4079 3873 4133 indicasse

2245 4172 2514 4227 studiosis
2545 4188 2743 4226 earum
2768 4188 2963 4226 rerum
2990 4172 3127 4227 satis
3149 4173 3219 4227 sit
3242 4173 3314 4227 ad
3337 4172 3451 4226 alia
3471 4166 3787 4244 properanti.

2314 4263 2584 4317 Praeclara
2614 4260 2729 4333 illa]
2770 4261 2964 4316 Irrisio
2993 4266 3075 4315 est
3104 4278 3263 4315 vanae.
3294 4263 3515 4332 gloriae.
3582 4306 3587 4311 .

2172 4389 2215 4441 Ι)
2316 4352 2421 4407 Sed
2442 4367 2604 4420 quam
2630 4353 2823 4405 multos
2851 4350 3199 4423 clarissimos]
3229 4351 3431 4420 Arguit
3453 4349 3682 4420 gloriam
3701 4344 3871 4399 irritam

2242 4457 2385 4507 esse,
2418 4445 2540 4495 tum
2581 4440 2650 4495 ob
2699 4441 3042 4511 scriptorum
3096 4441 3400 4509 defectum,
3458 4446 3579 4495 tum
3607 4438 3670 4491 ob
3718 4444 3871 4487 eorum

2240 4530 2681 4585 inconstantiam
2713 4535 2769 4583 et
2799 4530 3033 4584 minime
3058 4530 3379 4584 durabilem
3412 4527 3793 4591 inﬁrmitatem.

2312 4622 2648 4690 Scriptorum
2694 4618 2867 4691 inops]
2918 4620 3219 4672 Multarum
3254 4619 3515 4689 gentium
3555 4622 3610 4671 et
3645 4606 3872 4683 imprimis

2240 4712 2654 4763 Germanorum
2678 4710 2962 4778 plerarque
2986 4708 3182 4761 laudes
3205 4714 3260 4761 et
3280 4724 3369 4760 res
3391 4712 3563 4777 gestae
3584 4701 3859 4768 latentigno

2238 4803 2576 4868 ranturque,
2604 4797 2753 4868 quod
2776 4798 2971 4868 priscis
2996 4797 3108 4850 illis
3126 4797 3504 4868 temporibus,
3525 4810 3645 4849 cum
3667 4787 3870 4845 nondum

2242 4903 2429 4940 mores
2451 4888 2695 4941 externis
2716 4886 2933 4941 deliciis
2962 4890 3149 4939 essent
3175 4885 3434 4950 emolliti,
3460 4883 3719 4956 paulatim
3739 4882 3869 4944 atque

2242 4977 2495 5047 corrupti
2527 4976 2849 5045 scriptores,
2882 4976 2980 5046 qui
3012 4976 3287 5046 praeclara
3325 4974 3575 5029 facinora
3607 4972 3871 5024 litterarum

2242 5065 2632 5120 monumentis
2662 5065 2991 5135 proderent,
3026 5065 3348 5118 defuerunt.
3385 5064 3491 5117 Sed
3525 5067 3580 5115 et
3617 5072 3751 5112 nunc
3775 5048 3872 5107 libri

2241 5155 2412 5209 Plinii
2443 5154 2511 5208 de
2544 5154 2709 5208 Bellis
2743 5152 3059 5207 Germaniae
3100 5158 3157 5207 et
3186 5153 3383 5223 procul
3427 5150 3598 5206 dubio
3647 5140 3875 5218 permulta

2241 5244 2533 5315 quondam
2564 5244 2792 5314 scripta,
2832 5259 3079 5314 quorum
3132 5258 3202 5295 ne
3234 5242 3385 5295 tituli
3412 5240 3640 5313 quidem
3694 5234 3755 5288 ad
3802 5241 3875 5281 ῐιοΞ

2240 5349 2573 5403 pervenere,
2609 5332 3024 5387 desiderantur.

2320 5424 2421 5476 Vos
2439 5437 2579 5488 vero,
2602 5421 2732 5491 etc.]
2748 5424 3199 5491 Argumentatnr
3211 5419 3595 5483 disertissime,
3615 5406 3878 5485 quamlibet

2243 5511 2499 5566 diuturni
2522 5511 2797 5582 temporis
2819 5510 3049 5575 famam,
3067 5526 3195 5564 cum
3212 5510 3384 5564 tinem
3403 5504 3695 5578 aliquando
3707 5496 3871 5555 admit-

2242 5602 2341 5665 tat,
2376 5598 2535 5651 nulla
2562 5597 2785 5652 ratione
2812 5614 2940 5654 cum
2966 5597 3281 5653 aeternitate
3305 5613 3425 5651 esse
3456 5586 3871 5664 comparandam,

2314 5688 2491 5757 Quod]
2516 5688 2783 5758 Tempus.
