4054 6184
190 330 297 380 983
1274 336 1283 345 ³
1470 330 1860 384 ΜΟΗΜΕΙᾸΛΙ

2068 331 2424 385 llENTAHIA.
3583 337 3685 389 986

258 462 579 535 Pertractes]
636 464 933 519 Intellecta
1008 464 1347 535 perpendes,
1419 469 1474 519 et
1537 465 1730 520 animo
1789 481 1877 520 re-
1916 469 1962 520 A
2062 466 2172 536 Ira]
2208 467 2315 519 Per
2346 466 2509 520 iram.

186 552 397 605 volvas.
2060 555 2176 624 Ille]
2198 556 2468 609 Tentatur
2495 559 2549 610 et
2578 555 2705 609 falsi
2737 556 3063 627 philosophi
3102 556 3321 611 illusor.

256 645 440 695 Decem
496 643 736 697 millibus
784 643 961 714 annis]
1015 646 1313 698 Annorum
1361 644 1555 698 decem
1601 644 1876 699 millibus.
2062 646 2123 700 Si
2154 644 2427 717 tacuisses]
2460 646 2806 700 Salomonin
2829 647 3148 700 Proverbiis
3182 646 3327 711 :Qui
3352 647 3681 704 moderatur

180 730 379 785 Sciolis
430 730 841 785 litteratorihus
904 734 1199 786 nonnullae
1276 733 1542 787 videntur
1591 734 1881 787 orationes
1991 750 2283 788 sermones
2334 750 2484 798 suos,
2538 735 2734 788 doctus
2785 740 2842 788 et
2901 735 3154 804 prudens
3190 740 3295 801 est,
3361 741 3415 790 et
3445 738 3680 806 pretiosi

180 836 385 889 parum
417 838 704 891 congruae,
737 838 863 891 qua:
893 838 1006 876 non
1047 838 1315 893 congrua:
1360 824 1545 878 solum
1578 830 1730 889 sunt,
1781 826 1881 879 sed
1991 824 2225 895 spiritus
2257 823 2340 877 vir
2361 824 2637 876 eruditus.
2684 824 2901 880 Stultus
2933 840 3163 895 quoque
3198 825 3245 877 si
3293 826 3550 891 tacuerit,
3592 843 3679 878 sa-

181 910 353 963 etiam
386 925 516 963 cum
549 910 750 980 primis
784 913 1076 981 elegantes
1099 918 1154 966 et
1186 912 1604 983 probatissimis
1639 914 1878 983 scripto-
1990 914 2152 985 piens
2184 913 2545 983 reputabitur
2576 929 2589 965 :
2641 918 2695 966 et
2725 913 2771 965 si
2810 914 3210 982 compresserit
3250 913 3399 967 labia
3439 930 3559 981 sua,
3594 912 3689 969 in?

183 999 339 1052 ribus
374 1004 678 1070 usurpatze.
713 1001 1047 1070 Cujusmodi
1081 1006 1163 1054 est
1197 1003 1353 1055 hanc:
1392 1005 1596 1057 Decem
1628 1003 1880 1058 millibus
1990 1004 2271 1073 telligens.
2310 1002 2591 1072 Diogenes
2612 1001 2838 1055 cuidam
2862 1002 3200 1072 philosopho
3236 1003 3335 1073 qui
3370 1004 3682 1058 contentio-

178 1089 343 1141 annis
404 1104 505 1158 per
545 1089 992 1158 appositioncm.
1053 1090 1142 1145 Sic
1198 1092 1393 1144 Latine
1441 1092 1732 1145 dicimus:
1782 1092 1881 1146 Hic
1989 1092 2104 1147 sius
2126 1091 2343 1163 aliquid
2373 1091 2703 1157 disserebat,
2746 1091 2928 1157 Miser,
2966 1092 3174 1161 inquit,
3203 1093 3353 1162 quod
3396 1092 3678 1163 optimum

178 1182 467 1230 mercator
514 1177 709 1231 decem
761 1178 937 1231 millia
995 1179 1163 1233 debet
1220 1195 1440 1233 aureos.
1499 1180 1879 1252 Hieronymus
1990 1186 2073 1236 est
2110 1182 2169 1234 in
2201 1182 2312 1234 vita
2342 1180 2779 1251 philosophi,ac
2811 1180 3165 1251 praecipuum
3195 1182 3377 1236 verbis
3431 1182 3681 1252 philoso-

178 1281 313 1318 cum
347 1266 481 1319 alibi
524 1266 576 1319 id
608 1283 786 1336 genus
822 1268 1091 1335 abundat,
1128 1275 1245 1321 tum
1283 1269 1337 1321 in
1390 1268 1753 1323 Iovinianum
1802 1271 1882 1324 sic
1991 1271 2218 1341 phando
2250 1270 2585 1339 corrumpis.
2638 1270 2875 1323 'l‘hales:
2915 1271 3037 1323 Non
3082 1270 3261 1323 multa
3310 1271 3501 1335 verba,
3553 1287 3681 1341 prn-

180 1356 413 1424 scripsit
443 1372 454 1409 :
488 1357 655 1410 Aliud
687 1362 768 1409 est
802 1359 992 1411 decem
1040 1358 1219 1411 millia
1240 1360 1452 1411 talenta
1477 1360 1878 1425 debcrc,aliud
1990 1358 2173 1411 dentis
2201 1357 2377 1410 animi
2412 1356 2685 1409 indicium
2727 1362 2877 1408 sunt.
2914 1356 3186 1409 Salomon
3241 1356 3680 1409 Proverbiorum

183 1445 589 1513 quadrantem.
642 1446 884 1499 Florus:
939 1450 1081 1500 Cum
1131 1447 1322 1500 statim
1384 1448 1577 1501 decem
1637 1450 1881 1519 amplius
1990 1462 2210 1517 cap.x:
2256 1447 2317 1499 ln
2376 1444 2735 1515 multiloquio
2781 1460 2895 1497 non
2953 1445 3133 1498 deerit
3200 1449 3514 1515 peccatum.
3574 1445 3680 1508 Qui

185 1534 373 1587 millia
392 1533 634 1587 coissent
661 1535 941 1601 homines,
974 1552 1090 1591 non
1117 1538 1286 1590 modo
1316 1537 1580 1607 effugisse
1603 1540 1877 1606 contenti,
1992 1537 2321 1591 moderatur
2376 1534 2527 1588 labia
2580 1550 2699 1601 sua,
2735 1534 3216 1603 prudentissimus
3256 1540 3357 1589 est.
3406 1534 3678 1588 Ecclesia-

181 1623 299 1691 jam
327 1624 600 1677 vindicari
632 1625 802 1678 etiam
834 1627 1113 1679 volebant.
1142 1626 1298 1680 Idem
1331 1628 1433 1679 :Ex
1459 1628 1580 1696 ipso
1601 1628 1880 1697 equestris
1990 1630 2102 1681 stes
2139 1642 2150 1678 :
2181 1626 2393 1679 Stultus
2422 1624 2587 1677 verba
2606 1623 2964 1693 multiplicat.
2996 1624 3205 1679 Seneca
3238 1642 3249 1679 :
3285 1626 3434 1679 Tene
3457 1640 3681 1695 semper

186 1712 407 1763 ordinis
440 1714 575 1765 llore
609 1729 671 1765 ac
694 1719 893 1766 senatu
926 1715 1037 1767 duo
1070 1716 1251 1768 millia
1284 1716 1443 1768 electi
1473 1716 1571 1786 qui
1605 1716 1750 1769 mori
1779 1718 1877 1786 ju-
1925 1767 1960 1786 ,ι
1990 1715 2141 1769 vocis
2173 1719 2226 1768 et
2257 1714 2467 1767 silentii
2499 1717 3037 1781 temperamentum.
3070 1715 3275 1767 Tacere
3324 1714 3424 1784 qui
3481 1714 3678 1777 noscit,

191 1800 479 1853 berentur.
518 1802 619 1855 Ubi
650 1803 1197 1872 subintelligendum
1222 1806 1585 1858 esthomines
1616 1822 1715 1859 seu
1750 1806 1873 1871 viri,
1924 1767 1961 1819 Β
1990 1806 2167 1860 nescit
2191 1804 2368 1874 loqui.
2418 1802 2733 1857 Macrobius
2777 1802 2872 1856 lib.
2930 1818 3001 1855 vii
3050 1802 3438 1856 Saturnalium
3472 1819 3483 1855 :
3539 1804 3680 1854 Cum

179 1892 236 1939 ut
268 1888 884 1959 desinantimprobare
919 1890 1056 1944 illud
1083 1891 1138 1944 iu
1158 1892 1330 1945 sacris
1356 1892 1579 1946 Litteris
1612 1909 1624 1946 :
1655 1895 1875 1948 Duode-
1988 1901 2182 1948 orator
2215 1910 2330 1947 non
2354 1894 2519 1946 aliter
2550 1891 2658 1944 nisi
2688 1893 2907 1945 orando
2935 1892 3258 1961 g'prohetur,
3301 1892 3681 1961 philosophus

175 1976 282 2029 cim
328 1977 508 2030 millia
540 1977 764 2047 signati.
1990 2000 2104 2037 non
2132 1984 2322 2036 minus
2352 1981 2589 2035 tacendo
2607 1997 2710 2051 pro
2745 1985 3005 2049 tempore
3034 1998 3207 2051 quam
3240 1981 3528 2053 loquendo
3562 1980 3683 2049 phi-

246 2067 495 2134 Ejusque
551 2069 945 2136 quantumlibet
1014 2069 1317 2141 multiplcm]
1375 2072 1439 2124 Et
1503 2070 1548 2123 is
1602 2088 1878 2125 numerus
1988 2073 2333 2141 losophatur.
2385 2069 2635 2123 Valerius
2683 2069 2955 2121 Maximus
2995 2069 3091 2122 lib.
3131 2086 3202 2122 vu
3240 2086 3251 2122 :
3287 2070 3432 2133 Quid
3489 2072 3681 2124 Xeno—

176 2154 607 2224 quautumlibet
629 2156 1059 2226 multiplicatus,
1095 2164 1155 2211 ut
1179 2159 1383 2212 millies
1416 2160 1570 2213 mille
1593 2178 1877 2215 annorum
1987 2161 2157 2214 cratis
2196 2173 2535 2228 responsum
2570 2173 2743 2227 quam
2778 2156 3079 2223 laudabile,
3106 2174 3235 2211 cum
3260 2157 3537 2211 maledico
3560 2172 3680 2210 ser-

176 2244 387 2311 millia,
421 2245 506 2298 vel
539 2246 667 2315 plus
697 2246 979 2301 minusve.
1985 2250 2143 2303 moni
2172 2246 2559 2319 quorumdam
2589 2260 2814 2298 summo
2836 2244 3063 2298 silentio
3104 2244 3428 2310 interesset,
3462 2261 3577 2299 uno
3609 2259 3674 2298 ex

248 2335 504 2404 Collatia]
533 2336 915 2405 Comparatio,
960 2336 1271 2407 proportio.
1308 2336 1681 2391 Aristotelesr
1733 2337 1877 2392 libro
1986 2339 2077 2393 his
2122 2342 2415 2409 quaerente
2458 2351 2559 2389 cur
2606 2334 2757 2387 solus
2798 2333 3057 2404 linguam
3111 2350 3275 2388 suam
3335 2334 3676 2388 cohiberet:

174 2422 240 2475 de
263 2424 423 2476 Ccelo
450 2427 505 2477 et
532 2424 739 2479 Mundo
774 2440 785 2478 :
840 2425 1026 2479 Portio
1060 2430 1254 2480 autem
1294 2426 1451 2481 nulla
1491 2430 1573 2481 est
1625 2426 1772 2481 ﬁniti
1808 2428 1876 2482 ad
1986 2427 2131 2491 Quia
2159 2425 2364 2480 dixisse
2395 2440 2506 2491 me,
2538 2422 2747 2492 inquit,
2782 2420 3089 2493 aliquando
3120 2422 3409 2491 paenituit,
3438 2421 3680 2475 tacuisse

176 2510 500 2565 inﬁnitum.
1982 2531 2300 2586 nunquam.
2339 2516 2502 2584 Lege,
2536 2511 2582 2565 si
2613 2513 2821 2582 placet,
2855 2511 3151 2581 pulchram
3182 2527 3355 2582 super
3408 2512 3515 2565 hoc
3567 2512 3679 2565 Ma-

243 2600 765 2673 Quantumcunque]
800 2602 1145 2657 Adverbium
1179 2620 1331 2658 nunc
1361 2608 1461 2659 est.
1987 2605 2145 2659 ronis
2168 2602 2512 2658 sententiam
2542 2600 2697 2670 apud
2727 2602 3013 2654 Donatum
3040 2599 3099 2653 in
3131 2600 3253 2670 ejus
3284 2600 3427 2654 Vita.

246 2689 486 2763 ProILri]
528 2691 726 2761 Longi.
2059 2694 2201 2759 Quid
2260 2697 2438 2746 autem
2489 2690 2584 2761 est]
2639 2689 2899 2745 Ostendit
2951 2688 3198 2759 gloriam
3247 2688 3490 2744 mortuis
3534 2687 3677 2742 nihil

246 2781 619 2851 Inexhausta]
662 2780 912 2845 Infinita,
946 2780 1378 2835 interminabili.
1987 2783 2274 2853 prodesse.
2303 2781 2460 2834 Unde
2492 2780 2723 2849 quidam
2756 2778 3049 2848 eleganter
3082 2794 3093 2831 :

250 2872 367 2923 Vos
383 2874 564 2923 autem
602 2870 726 2941 nisi]
775 2871 1033 2941 Increpat
1066 2870 1393 2924 mortalium
1425 2872 1743 2938 stultitiam,
1780 2888 1857 2943 qu

2236 2867 2359 2914 Post
2388 2865 2589 2913 cineres
2624 2863 2790 2927 gloria
2816 2877 2931 2912 sera
2962 2862 3126 2911 venit.

175 2974 238 3013 eo
268 2959 398 3012 fere
454 2964 589 3012 sunt
619 2959 873 3030 ingenio,
924 2965 988 3014 ut
1029 2959 1211 3030 magis
1245 2960 1546 3015 hominum
1597 2942 1879 3015 laudeset
2061 2946 2240 3018 QUOd]
2272 2948 2440 3000 Τοῖοδ
2473 2950 2529 2999 et
2568 2960 2804 3015 corpore
2826 2949 2884 2999 εδ
2902 2944 3095 2998 anima
3123 2943 3269 2998 mori
3298 2942 3579 2996 homines-

172 3048 346 3102 famze
378 3047 723 3115 celebritate,
758 3064 931 3119 quam
971 3066 1087 3103 sua:
1122 3048 1484 3104 conscientiae
1534 3050 1866 3120 puritatem,
1920 3066 1960 3120 (ς
2060 3040 2269 3094 Νοεινεθ
2288 3034 2549 3107 rationes]
2583 3033 2997 3105 Philosophiae
3020 3031 3569 3103 argumentationes-

173 3154 492 3209 veramque
524 3138 799 3191 virtutum
838 3138 1199 3193 securitatem
1244 3143 1549 3193 sectentur.
1604 3141 1764 3207 Nam,
1821 3145 1882 3193 ut
2072 3126 2283 3195 νείαηίίῖ
2314 3128 2432 3180 Non
2466 3124 2823 3194 Permittunt-

175 3229 499 3282 rectissime
549 3229 764 3282 dictum
811 3234 912 3296 est,
974 3228 1131 3282 Multi
1196 3230 1428 3293 famam,
1472 3229 1864 3283 conscientiam

2068 3218 2288 3269 Terrena
2345 3214 2576 3285 carcece]
2635 3216 2906 3283 Corpore,
2962 3213 3117 3284 quod
3150 3216 3233 3265 est
3273 3210 3437 3281 quasi
3469 3223 3679 3272 carcer,

176 3316 351 3384 pauci
381 3320 670 3369 verentur.
1992 3304 2077 3358 vel
2110 3304 2456 3374 sepulcrum,
2491 3303 2575 3355 vel
2602 3302 2893 3357 vinculum
2934 3302 3132 3356 animi.

244 3405 348 3460 Ad
369 3406 666 3476 populares
696 3404 887 3477 auras]
920 3406 1006 3460 Ad
1057 3405 1277 3459 favores
1326 3410 1383 3460 et
1421 3406 1728 3476 applausus
1776 3422 1880 3475 po-
2061 3394 2406 3462 Εωεηιριαηι]
2437 3392 2778 3447 Liberata“!-

178 3494 324 3563 puli,
358 3509 523 3563 quos,
548 3496 951 3561 teste;Donato,
984 3510 1100 3547 non
1116 3500 1383 3562 quierunt
1408 3494 1882 3565 sapientes.Aura
2572 3499 2640 3552 ΙΝ
2675 3498 2956 3553 ME’I‘RUM
2990 3498 3101 3551 Vll.

180 3582 556 3653 splendorem
578 3582 879 3653 signiﬁcat.
918 3584 1182 3637 Horatius
1208 3600 1220 3637 :
2064 3590 2303 3643 Carmen
2320 3592 2403 3642 est
2424 3587 2651 3642 dicolon
2676 3588 3033 3659 distrOphon,
3068 3588 3231 3658 cujus
3250 3584 3469 3657 primus
3492 3597 3685 3637 versus

438 3690 548 3737 Tua
576 3703 641 3738 ne
670 3690 898 3739 retardet
926 3704 1054 3739 aura
1089 3690 1323 3739 maritos.
1994 3682 2079 3732 est
2130 3677 2530 3744 archilochius,
2597 3678 2896 3744 iambicus,
2962 3678 3241 3739 senarius,
3295 3675 3636 3730 acatalectus
3670 3686 3682 3724 :

184 3788 431 3843 Ponitur
462 3804 565 3858 pro
598 3804 744 3855 aere,
765 3793 911 3842 statu
926 3794 1254 3857 ventorum,
1281 3788 1497 3855 afﬂatu,
1527 3788 1878 3860 aspiratione
1994 3767 2842 3861 ξθβυηάυδξῗιφδίουῗ,ἀίωθίθν
2866 3772 2933 3861 fit
2968 3767 3090 3861 ῘΡῗίῗ
3123 3766 3485 3861 θεδβδίθξδωεδ·
3539 3764 3685 3815 Hor-

180 3894 281 3932 δερ
310 3853 526 3932 favor-8.
560 3879 711 3932 Maro
732 3853 804 3931 'in
838 3879 1104 3932 τευθίδος
1135 3853 1286 3932 sem,
1319 3895 1331 3932 ε
1485 3853 1490 3855 ’
1592 3853 1610 3860 ’
1995 3859 2147 3910 tatur
2176 3872 2243 3909 eo
2276 3854 2643 3925 Philosophia
2675 3856 2944 3910 mortales
2977 3857 3047 3910 ad
3073 3854 3259 3910 inanis
3299 3853 3495 3924 gloria).
3542 3864 3685 3904 con-

1995 3948 2299 4015 temptum,
2334 3961 2462 4015 quas
2486 3960 2678 3998 rerum
2711 3947 2971 4000 omnium
3014 3945 3321 3999 vanissima
3365 3942 3530 3997 facile
3576 3938 3688 3993 illis

1998 4034 2299 4101 videbitur,
2327 4034 2373 4087 si
2397 4038 2675 4087 terrarum
2701 4034 2994 4104 angustias
3016 4032 3404 4103 contemplati,
3459 4029 3688 4099 amplis-

1997 4124 2199 4177 simam
2231 4123 2357 4177 cmli
2388 4124 2835 4177 immensitatem
2868 4122 3249 4193 suspexerint.

2067 4212 2358 4284 Pracipiti]
2397 4212 2640 4281 Festina,
2666 4213 3008 4281 inconsulta,
3041 4210 3365 4267 temeraria.

2068 4301 2363 4375 Summum]
2403 4306 2624 4357 Bonum
2657 4318 2968 4369 summum,
3008 4317 3127 4355 rem
3161 4314 3466 4365 summam,
3502 4295 3687 4349 bono-

2001 4409 2129 4446 rum
2162 4392 2356 4445 tinem.

2070 4482 2325 4535 zEthazris
2360 4480 2516 4537 Coeli.

2069 4569 2289 4641 Cernat]
2315 4569 2763 4641 Contempletur.

2070 4660 2289 4728 Plagas]
2316 4659 2620 4729 Regiones.

2068 4748 2316 4816 Arctum]
2361 4751 2702 4815 Angustum,
2737 4746 3126 4799 constrictum.
3190 4742 3487 4797 Africanus
3536 4738 3690 4811 apud

1998 4838 2330 4893 Ciceronem
2367 4836 2425 4888 in
2456 4835 2688 4890 Somnio
2735 4835 3030 4905 Scipionis,
3077 4833 3228 4887 unde
3260 4832 3375 4885 fere
3407 4831 3513 4885 hoc
3566 4845 3689 4883 car-

1996 4943 2130 4981 men
2160 4942 2289 4980 cum
2322 4941 2491 4996 prosa
2514 4925 2631 4993 jam
2654 4931 2917 4977 enarrata
2950 4924 3317 4991 desumptum
3333 4926 3417 4975 est
3446 4936 3458 4973 :
3494 4918 3690 4974 Omnis

1998 5021 2192 5070 autem
2223 5020 2373 5069 terra
2406 5030 2533 5084 quae
2568 5014 2772 5066 colitur
2793 5030 2824 5065 a
2852 5014 3026 5077 vobis,
3054 5016 3353 5081 angustata
3383 5009 3689 5064 verticibus

1998 5105 2271 5159 lateribus
2302 5104 2491 5171 latior,
2522 5119 2695 5173 parva
2718 5102 2981 5173 quaedam
3014 5101 3202 5157 insula
3233 5105 3318 5155 est
3348 5097 3690 5153 circumfusa

1998 5195 2096 5249 illo
2130 5194 2438 5264 mariquod
2471 5192 2837 5258 Atlanticum,
2859 5192 3008 5261 quod
3028 5192 3314 5261 Magnum,
3338 5188 3493 5259 quod
3525 5187 3690 5239 Ocea-

1999 5299 2139 5337 num
2197 5281 2495 5353 appellatis
2522 5282 2582 5333 in
2625 5281 2810 5343 terris,
2849 5280 2946 5350 qui
2999 5287 3191 5333 tamen
3241 5282 3395 5331 tanto
3454 5272 3689 5327 nomine

2001 5389 2173 5445 quam
2218 5372 2290 5426 sit
2335 5387 2565 5442 parvus,
2608 5371 2782 5425 vides.
2842 5371 2978 5423 Hinc
3035 5366 3339 5423 Petrarcha
3387 5364 3448 5418 in
3498 5380 3533 5416 u
3586 5362 3684 5416 lib.

1999 5462 2199 5517 Africa!
2219 5478 2336 5515 suae
2370 5478 2381 5515 :

273 3986 433 4033 Nunc
456 3998 666 4048 quoque
687 3984 795 4047 jam
825 3985 1049 4033 nimium
1068 3985 1268 4047 gaudes
1296 3985 1637 4048 popularibus
1660 3986 1820 4034 auris.

178 4085 572 4155 Hieronymus
608 4084 779 4137 :Plus
809 4084 977 4137 debet
1007 4084 1214 4137 Christi
1248 4083 1559 4153 discipulus
1592 4088 1883 4153 praestare,

178 4190 360 4245 quam
391 4172 591 4227 mundi
628 4173 1001 4243 philosophus
1032 4173 1229 4242 glorias
1263 4172 1475 4225 animal
1511 4179 1567 4225 et
1591 4172 1885 4242 popularis

180 4279 340 4317 aura:
366 4268 540 4332 atque
568 4278 866 4316 rumorum
898 4263 1095 4315 venale
1130 4261 1501 4331 mancipium.

250 4349 654 4421 Sermuncutis]
732 4351 1114 4404 Rumusculis.
1190 4350 1600 4404 Sermunculus
1677 4364 1885 4420 parvus
1930 4366 1970 4419 υ

185 4457 404 4506 sermo,
450 4444 513 4493 ut
557 4441 920 4493 rumusculus
962 4455 1170 4510 parvus
1222 4455 1439 4493 rumor.
1502 4438 1885 4509 Hieronymus

183 4530 511 4599 Nepotiano
541 4545 553 4581 :
587 4529 730 4585 Cave
758 4545 829 4583 ne
849 4528 1148 4583 hominum
1180 4528 1540 4583 rumusculos
1561 4528 1881 4599 aucuperis,

186 4637 257 4674 ne
290 4620 353 4673 in
402 4618 679 4673 offensam
719 4617 819 4671 Dei
863 4620 1208 4689 populorum
1260 4619 1489 4672 laudem
1550 4622 1883 4671 commutes.

188 4710 351 4765 Idem
376 4708 618 4763 Paulino
644 4725 657 4762 ε
688 4708 1068 4762 Βυωιιδευὶοε
1099 4713 1155 4761 et
1183 4708 1451 4778 gloriolae
1482 4711 1538 4761 et
1592 4708 1889 4778 palpantes

185 4800 520 4853 adulatores
552 4798 713 4868 quasi
735 4798 924 4851 hostes
948 4797 1102 4866 fuge.

258 4887 486 4955 Accipe]
517 4886 682 4954 Audi,
716 4902 1011 4955 cognosce.

257 4980 323 5031 In
371 4976 687 5044 hujusmodi
733 4976 972 5048 levitate]
1005 4976 1301 5029 Vanitate:
1339 4973 1549 5045 legitur
1600 4978 1655 5027 et
1686 4973 1885 5027 levita-

187 5071 329 5132 tem,
367 5066 522 5135 quod
558 5066 761 5136 placet,
787 5069 846 5119 ut
901 5066 979 5119 sic
1007 5070 1202 5120 contra
1254 5064 1535 5134 ejusmodi
1580 5062 1887 5117 vanitatem

184 5155 502 5226 superbiae.

257 5246 437 5310 Quam
465 5244 677 5315 festive]
711 5244 891 5308 Quam
920 5244 1194 5313 jucunde,
1237 5243 1425 5314 lepide
1458 5246 1510 5296 et
1527 5242 1717 5297 facete.

259 5334 528 5402 Illuserit]
559 5335 786 5388 Jocatus
809 5334 897 5387 sit.

260 5422 508 5477 Adortus
538 5425 692 5492 esset]
728 5422 958 5493 Legitur
987 5422 1161 5476 etiam
1196 5421 1433 5476 adorsus
1467 5438 1479 5475 :
1540 5420 1690 5491 quod
1716 5418 1888 5473 etiam

189 5512 345 5582 apud
381 5511 748 5565 Ambrosium
778 5515 833 5565 et
863 5512 1273 5581 Hieronymum
1305 5510 1552 5565 invenio.
1999 5510 2335 5517 """mm
2371 5510 2381 5515 ’
2456 5566 2465 5575 .
2796 5566 2806 5577 .
2856 5565 2865 5574 .
3102 5562 3127 5581 ..

271 5601 595 5630 m..r......-..,,n
632 5602 826 5630 num...
870 5600 1062 5630 c..;,.,..
2130 5629 2135 5630 γ
2246 5566 2497 5630 Augustis
2523 5569 2753 5615 arctatus
2780 5565 2972 5630 limbus
3002 5564 3143 5611 orbis

271 5601 595 5670 Τοιεναεεεε]
632 5602 828 5691 Passus
864 5600 1085 5691 fuisset
1291 5689 1297 5691 Α
2126 5600 2497 5691 ιοειιῗεῖῗὲιῗὲἕ
2517 5600 2753 5687 sima:
2780 5600 3401 5691 'é‘d'r‘ivi's"(iii££ﬁ_nexibus
3428 5622 3605 5691 ambit.

268 5692 573 5760 Paulisper]
605 5690 686 5745 Ad
712 5689 1023 5761 pauxillum
1054 5689 1353 5760 temporis.
2125 5686 2384 5751 Oceanus,
2416 5692 2587 5741 viden'
2613 5697 2671 5741 ut
2698 5704 2889 5752 parvus
2924 5686 3239 5749 cognomine
3275 5687 3508 5749 magno?
