4054 6184
419 295 522 348 987

1158 292 1509 348 APPENDIX
1552 292 1644 346 AD
1688 291 1940 349 LIBROS
1976 292 2069 348 DE
2111 291 2636 349 CONSOLATIONE
2677 292 3179 351 PHILOSOPHUS.
3767 306 3853 361 988

488 428 709 480 Brevem
738 425 964 496 replere]
1011 424 1163 480 Ordo
1205 431 1309 493 est,
1368 425 1632 493 Pudebit,
1686 427 1928 482 subaudi
1957 442 2110 494 eum,
2150 427 2195 480 A
2223 427 2414 495 rhum,
2462 428 2634 500 idque
2685 428 2809 500 ejus
2851 428 3065 485 factum
3110 445 3144 484 a
3204 434 3403 486 senatu
3448 433 3717 490 laudatum
3762 444 3849 493 est.

421 514 520 585 qui
551 518 835 569 terrarum
863 514 1158 584 angustias
1204 530 1268 568 ac
1292 515 1567 569 ccelorum
1592 515 1874 571 immensa
1928 517 2109 588 spatia

421 604 835 674 contemplatus
868 604 959 671 sit,
997 604 1249 658 nominis
1283 605 1454 672 aucti,
1487 606 1547 659 id
1567 612 1651 661 est
1691 607 1897 677 prolati
1919 613 1974 662 et
1992 625 2109 663 am-

422 694 677 766 pIiIicati,
712 710 826 747 non
874 693 1114 747 valentis
1162 698 1355 749 tamen
1386 696 1609 766 replere
1641 698 1871 752 brevem
1924 698 2106 753 ambi-

420 789 564 851 tum,
592 783 647 837 id
670 789 756 837 est
790 788 1094 854 angustum
1141 788 1424 838 terrarum
1455 785 1867 842 habitaculum.
1920 787 2108 857 Scipio

421 874 573 946 apud
607 874 935 929 Ciceronem
987 875 1083 928 lib.
1118 875 1186 929 de
1218 876 1437 946 Repub.
1464 893 1515 929 v1
1545 891 1557 932 :
1612 880 1735 932 Jam
1796 894 1930 932 vero
1986 878 2110 950 ipsa

423 971 573 1018 terra
613 964 692 1019 ita
721 965 865 1018 mihi
905 982 1077 1035 parva
1110 965 1227 1019 visa
1258 970 1361 1033 est,
1412 971 1474 1020 ut
1501 983 1591 1020 me
1639 967 1868 1037 imperii
1902 968 2105 1033 nostri,

422 1070 536 1124 quo
568 1053 728 1124 quasi
746 1058 1023 1125 punctum
1051 1055 1171 1125 ejus
1201 1055 1559 1124 attingimus,
1584 1057 1906 1127 paeniteret.
1942 1060 2004 1111 In
2018 1073 2109 1112 eo-

422 1145 549 1198 dem
577 1161 711 1197 avus
766 1145 844 1197 sic
890 1146 1154 1198 eumdem
1197 1150 1465 1213 nepotem
1523 1163 1691 1200 suum
1746 1148 2105 1218 alloquitur:

424 1234 601 1303 Igitur
646 1235 757 1288 alte
808 1239 1063 1304 spectare
1105 1234 1150 1287 si
1199 1234 1368 1295 voles,
1401 1240 1570 1305 atque
1597 1236 1743 1290 hanc
1802 1238 1996 1291 sedem
2054 1242 2112 1292 et

423 1329 695 1377 aeternam
719 1324 956 1377 domum
976 1324 1254 1390 contueri,
1278 1341 1463 1395 neque
1488 1330 1539 1379 te
1573 1326 1933 1380 sermonibus
1953 1328 2110 1396 vulgi

424 1412 667 1478 dederis,
697 1429 800 1467 nec
832 1413 891 1467 in
923 1413 1176 1484 praemiis
1215 1414 1482 1467 humanis
1528 1431 1684 1485 spem
1720 1416 1975 1485 posueris
2015 1432 2110 1469 re-

424 1517 551 1554 rum
574 1506 827 1570 tuarum,
860 1503 976 1556 suis
1007 1508 1061 1556 te
1084 1503 1366 1559 illecebris
1395 1508 1621 1574 oportet
1653 1504 1774 1573 ipsa
1796 1503 1974 1558 virtus
2001 1509 2113 1558 tra-

423 1590 522 1644 hat
547 1592 615 1645 ad
664 1609 863 1646 verum
895 1593 1086 1646 decus.
1136 1592 1277 1655 Quid
1315 1594 1382 1647 de
1438 1597 1491 1646 te
1523 1593 1619 1647 alii
1650 1594 1960 1663 loquantur
2002 1592 2110 1662 ipsi

421 1680 670 1749 videant,
700 1683 1115 1750 sedloquentur
1146 1687 1355 1736 tamen.
1377 1683 1573 1737 Sermo
1598 1682 1753 1735 enim
1773 1682 1871 1736 ille
1893 1681 2103 1747 omnis,

424 1776 481 1823 et
511 1772 790 1839 angustiis
827 1772 1079 1841 cingitur
1120 1773 1206 1825 his
1240 1773 1564 1842 regionum,
1612 1788 1752 1843 quas
1793 1771 1971 1839 vides,
2009 1787 2114 1823 nec

425 1873 678 1928 unquam
710 1860 775 1913 de
807 1861 921 1912 ullo
970 1860 1237 1929 perennis
1264 1861 1389 1921 fuit,
1433 1861 1696 1914 obruitur
1718 1860 1979 1914 omnium
2025 1859 2113 1911 in-

424 1949 616 2011 terilu,
650 1949 934 2004 oblivione
956 1951 1325 2019 posteritatis,
1361 1950 1765 2021 exstinguitur.

497 2038 662 2109 Quid]
690 2040 777 2091 Ad
808 2040 965 2109 quid.

499 2126 560 2198 Ο]
585 2129 833 2182 Mirantis
856 2130 1189 2200 interjectio,
1224 2132 1310 2185 vel
1342 2129 1666 2185 miserantis
1706 2134 1761 2183 et
1804 2126 2116 2182 condolen-

426 2216 495 2271 tis
525 2218 705 2270 errori
738 2220 1084 2274 mortalium.
1125 2220 1273 2275 Ordo
1301 2225 1385 2274 est
1417 2238 1429 2274 :
1460 2220 1501 2275 Ο
1564 2220 1701 2291 quid
1737 2217 1970 2288 superbi
2015 2232 2112 2287 ge-

424 2306 599 2361 stiunt
623 2306 835 2361 frustra
857 2309 1041 2362 levare
1069 2311 1212 2363 colla
1234 2311 1612 2380 mortalijugo
1635 2310 1647 2363 ε
1675 2310 1780 2363 hoc
1806 2312 1891 2361 est
1918 2324 1929 2361 :
1970 2306 2114 2370 Quid

424 2396 653 2465 superbi
703 2400 760 2452 et
783 2398 934 2451 fastu
967 2398 1149 2453 inflati
1178 2399 1453 2466 {homines
1482 2401 1762 2452 conantur
1810 2398 1867 2449 in
1902 2410 2114 2449 vanum

422 2485 655 2538 nomine
689 2502 791 2539 suo
822 2486 1170 2557 divulgando
1206 2503 1265 2541 se
1296 2488 1532 2542 reddere
1558 2484 1952 2540 immortales?

493 2571 695 2623 Levare
720 2572 859 2624 colla
905 2572 1063 2641 jugo]
1114 2572 1331 2625 Alludit
1360 2574 1431 2628 ad
1456 2572 1626 2626 boves
1654 2573 1872 2641 ‘jugum
1926 2569 2112 2623 detre-

424 2661 638 2712 ctantes
663 2676 728 2714 ac
758 2661 1003 2730 abjicere
1026 2678 1143 2715 non
1166 2662 1435 2727 valentes,
1463 2662 1626 2731 juxta
1663 2660 1804 2714 illud
1839 2675 1852 2713 :

546 2748 661 2796 Non
682 2748 812 2812 juga
837 2752 1020 2798 taurus
1045 2746 1202 2810 amat,
1230 2764 1348 2814 quae
1373 2754 1550 2800 tamen
1583 2750 1695 2799 odit
1719 2749 1894 2799 habet.

492 2840 715 2893 Mortali
739 2839 898 2909 jugo]
931 2840 1283 2895 Mortalitatis
1314 2840 1660 2909 conditione,
1710 2839 1802 2893 cui
1833 2842 1964 2892 sunt
2007 2838 2111 2892 ob-

422 2927 598 2981 noxii.

502 3019 668 3083 Licet]
705 3018 994 3086 Quamvis,
1025 3019 1276 3074 tametsi.

489 3109 695 3172 Means]
727 3110 1046 3163 Transiens.

492 3196 765 3266 Explicet]
810 3199 1239 3267 interpretetur.

490 3287 707 3348 Domus]
740 3286 903 3349 Gens,
938 3286 1155 3340 familia
1188 3301 1391 3354 genus.

492 3373 634 3425 Mors
682 3377 889 3439 spernit
922 3376 1093 3428 altam
1131 3372 1393 3445 gloriam]
1444 3374 1655 3429 Seneca
1697 3373 1942 3443 epistola
1991 3376 2049 3427 9t
2097 3388 2109 3427 :

420 3461 625 3526 [Equat
654 3475 854 3513 omnes
883 3462 1046 3527 cinis,
1100 3464 1349 3531 impares
1391 3464 1697 3528 nascimur,
1731 3479 1893 3532 pares
1935 3460 2114 3515 mori-

420 3563 570 3601 mur.
608 3548 761 3602 Idem
797 3549 1036 3619 epistola
1087 3552 1152 3603 99
1188 3567 1200 3604 :
1230 3551 1293 3603 In
1323 3554 1482 3604 tanta
1523 3550 1874 3603 volutatione
1920 3566 2113 3604 rerum

418 3635 802 3690 humanarum
833 3637 915 3690 nil
944 3637 1235 3708 cuiquam,
1264 3638 1373 3691 nisi
1413 3654 1590 3707 mors,
1642 3643 1881 3693 certum.
1943 3640 2113 3693 Hora-

421 3723 536 3777 tius
564 3722 624 3776 in
646 3723 779 3777 Odis
815 3740 826 3777 :

544 3810 747 3878 Pallida
767 3826 909 3860 mors
930 3826 1082 3875 aequo
1109 3814 1284 3876 pulsat
1308 3813 1438 3876 pede
1460 3828 1752 3878 pauperum
1785 3813 2051 3877 tabernas,

544 3874 852 3937 Regumque
882 3874 1071 3924 turres.

422 3971 717 4025 Lucretius
749 3990 762 4027 :

545 4058 823 4125 Scipiadas
845 4059 971 4110 belli
1004 4059 1224 4125 fulmen,
1253 4060 1581 4125 Carthaginis
1603 4075 1748 4125 error

545 4121 674 4185 Ossa
709 4121 853 4171 dedit
876 4126 1049 4177 terrae,
1080 4123 1300 4185 proinde
1330 4138 1389 4172 ac
1413 4121 1577 4172 famul
1613 4124 1828 4171 inﬁmus
1857 4127 2010 4172 esset.

542 4183 688 4249 Adde
716 4188 1013 4249 repertores,
1032 4183 1392 4235 dectrinarum
1417 4190 1573 4248 atque
1604 4186 1863 4249 leporum,

540 4244 689 4295 Adde
716 4244 1115 4296 Heliconiadum
1146 4248 1380 4297 comites.

419 4325 574 4380 Idem
605 4342 619 4380 :

542 4424 788 4496 Innde‘alii
818 4425 971 4496 multi
1000 4438 1163 4496 reges,
1190 4438 1476 4496 rerumque
1509 4426 1766 4496 potentes,

544 4487 879 4545 Occiderunt,
913 4488 1118 4551 magnis
1148 4488 1237 4551 qui
1264 4487 1508 4551 gentibus
1538 4487 1924 4549 imperitarunt.

423 4574 579 4629 Idem
615 4618 627 4629 .

544 4664 673 4721 Quae
702 4664 841 4713 male
867 4678 963 4713 nos
992 4664 1189 4726 subigit
1217 4665 1337 4712 vitae
1370 4667 1517 4726 tanta
1550 4662 1776 4726 cupido?

543 4726 693 4774 Certa
722 4727 935 4788 quidem
972 4726 1091 4774 ﬁnis
1121 4725 1241 4775 vitae
1274 4725 1585 4775 mortalibus
1615 4725 1768 4782 adsit,

542 4789 645 4836 Nec
675 4789 895 4837 devitari
925 4789 1087 4837 letum
1114 4794 1233 4852 pote
1262 4789 1389 4851 quin
1422 4789 1695 4837 obeamus.

488 4867 699 4923 Fidelis
730 4870 991 4939 Fabricii]
1030 4869 1129 4923 Hic
1158 4869 1355 4923 consul
1374 4870 1667 4923 Romanus
1697 4869 1824 4936 fuit,
1849 4868 1947 4941 qui
1974 4868 2111 4924 ﬁde-

415 4955 484 5009 lis
516 4971 582 5009 eo
612 4956 819 5009 dicitur
853 4959 1003 5027 quod
1026 4957 1197 5011 ﬁdem
1218 4958 1302 5011 vel
1326 4958 1475 5011 hosti
1494 4958 1831 5011 servandam
1856 4958 2105 5028 putavit,

418 5044 677 5116 nihilque
698 5062 799 5115 per
821 5046 1077 5100 fraudem
1104 5047 1189 5100 vel
1214 5046 1449 5100 insidias
1469 5047 1775 5115 agendum.
1798 5048 1938 5101 Cum
1953 5048 2107 5101 enim

418 5134 502 5206 (ut
531 5135 598 5190 M.
656 5134 826 5191 Tullii
868 5134 1050 5189 verbis
1112 5136 1259 5205 utar)
1295 5151 1389 5189 rex
1439 5136 1691 5206 Pyrrhus
1732 5136 1947 5207 populo
1991 5137 2109 5192 Ro-

415 5242 585 5279 mano
608 5224 825 5279 bellum
851 5224 1159 5291 intulisset,
1181 5240 1426 5296 cumque
1453 5225 1523 5278 de
1544 5224 1788 5296 imperio
1820 5230 2107 5281 certamen

416 5320 566 5368 esset
594 5330 724 5367 cum
755 5330 887 5385 rege
921 5329 1200 5384 generoso
1236 5329 1300 5366 ac
1326 5313 1569 5383 potenti,
1604 5315 1844 5385 perfuga
1903 5314 1973 5369 ab
2034 5332 2101 5369 eo

413 5403 571 5457 venit
595 5403 653 5457 in
684 5409 867 5457 castra
898 5401 1160 5468 Fabricii,
1194 5402 1360 5471 eique
1402 5407 1487 5455 est
1517 5403 1828 5472 pollicitus,
1881 5404 1927 5457 si
1958 5421 2106 5474 pra:-

415 5493 594 5545 mium
624 5493 677 5546 ei
730 5490 1139 5562 proposuisset,
1173 5507 1231 5546 se
1264 5500 1324 5546 ut
1357 5492 1503 5545 clam
1534 5494 1798 5561 venisset,
1850 5494 1930 5549 sic
1959 5495 2104 5550 clam

415 5579 476 5633 in
529 5580 731 5650 Pyrrhi
764 5587 946 5636 castra
998 5580 1319 5637 rediturum
1352 5584 1410 5634 et
1444 5596 1577 5634 eum
1608 5599 1829 5638 veneno
1870 5590 2105 5639 necatu-

415 5686 570 5725 rum.
602 5672 766 5727 Hunc
815 5674 1104 5730 Fabricius
1154 5673 1546 5730 reducendum
1591 5675 1810 5730 curavit
1842 5678 1914 5731 ad
1967 5678 2102 5748 Pyr-

2224 516 2409 587 Super
2438 518 2546 572 hoc
2576 519 2743 589 plura
2768 520 3025 573 Valerius
3055 520 3346 587 Maximus,
3378 523 3549 577 Aulus
3578 526 3780 592 Gellius,
3811 536 3853 583 et

2219 607 2279 661 in
2311 608 2432 660 Vita
2458 608 2663 679 Pyrrhi
2692 608 2897 663 Plut-iv
2927 612 3027 658 ξιιις

2286 695 2488 768 lacent]
2528 697 2759 767 Legitur
2784 706 2829 747 rt
2865 719 2951 749 um
2983 718 3031 750 ιιι
3056 712 3231 750 mem.

2289 786 2432 852 Quid
2476 788 2700 851 Brutus]
2754 786 3011 841 Subaudi
3084 803 3239 841 nunc
3295 791 3393 843 est.
3446 789 3640 844 Junius
3687 793 3853 847 Brutus

2216 875 2439 945 primus
2496 876 2891 929 Romanorum
2924 876 3140 944 consul,
3189 877 3395 932 exactis
3438 879 3662 949 regibus
3690 881 3850 938 urbem

2216 964 2495 1032 liberavit,
2557 964 2705 1019 ﬁlios
2751 982 2905 1033 suos,
2948 965 3102 1036 quod
3133 982 3262 1020 cum
3291 968 3531 1038 Aquiliis
3578 974 3631 1022 et
3660 970 3855 1026 Vitelliis

2218 1052 2291 1106 ad
2318 1052 2673 1122 recipiendos
2712 1052 2773 1108 in
2813 1053 3012 1107 urbem
3055 1055 3394 1126 Tarquinios
3438 1056 3849 1126 conjuraverunt,

2218 1142 2392 1212 virgis
2424 1159 2595 1196 caesos
2624 1159 2820 1197 secure
2847 1144 3143 1214 percussit.
3195 1145 3409 1199 Deinde
3458 1145 3720 1215 singulari
3755 1165 3857 1202 cer-

2219 1232 2433 1286 tamine
2493 1247 2623 1285 cum
2671 1235 2885 1286 Arunte
2925 1233 3242 1304 .Tarquinii
3276 1233 3390 1288 lilio
3429 1250 3746 1304 congressus
3774 1244 3855 1303 est,

2220 1338 2333 1392 quo
2376 1338 2434 1375 se
2481 1322 2648 1376 ambo
2675 1322 2891 1376 mutuis
2920 1322 3251 1377 vulneribus
3285 1323 3627 1378 occiderunt.
3682 1326 3856 1379 Marcus

2222 1411 2445 1478 Brutus,
2473 1410 2558 1464 vir
2573 1410 2895 1481 praetorius,
2932 1417 3055 1466 tum
3078 1411 3333 1479 scientia,
3370 1417 3498 1466 tum
3537 1413 3727 1467 virtute
3749 1430 3861 1484 prae-

2221 1498 2373 1553 ditus
2422 1500 2492 1553 ad
2534 1501 2982 1569 recuperandam
3013 1500 3339 1555 libertatem
3368 1500 3585 1555 Julium
3628 1502 3861 1557 Caesarem

2221 1588 2447 1655 occidit,
2481 1594 2676 1659 postea
2721 1589 2897 1644 victus
2927 1589 2987 1643 in
3028 1589 3228 1661 prmlio
3262 1590 3333 1645 ab
3371 1589 3596 1647 Octavio
3622 1591 3718 1646 sibi
3745 1608 3862 1645 mor-

2220 1682 2334 1732 tem
2365 1678 2659 1732 conscivit.

2295 1768 2550 1838 Rigidus]
2580 1767 2836 1834 Severus,
2871 1766 3217 1823 inﬂexibilis.

2298 1856 2447 1918 Cato]
2483 1855 2640 1908 Multi
2671 1856 2863 1908 Roma:
2880 1855 3123 1910 Catones
3146 1855 3405 1925 fuerunt,
3435 1873 3627 1911 verum
3655 1856 3753 1911 duo
3773 1874 3859 1927 prae

2224 1944 2442 1997 cateris
2479 1943 2747 1997 illustrati
2779 1948 2931 2012 sunt,
2982 1944 3198 1999 Marcus
3235 1946 3471 2001 Porcius
3523 1947 3647 2000 Cato
3704 1947 3865 2000 Censo-

2224 2032 2445 2099 rius,ct
2494 2034 2630 2087 Cato
2684 2033 2920 2102 Stoicus,
2969 2034 3069 2105 qui
3102 2040 3231 2105 post
3283 2040 3533 2089 mortem
3586 2051 3740 2106 quam
3787 2036 3867 2089 sibi

2224 2122 2392 2175 Utica).
2422 2122 2711 2186 conscivit,
2744 2122 3019 2177 Uticensis
3068 2124 3250 2178 dictus
3286 2129 3389 2178 est.
3428 2126 3636 2179 Horum
3670 2129 3863 2195 uterque

2218 2210 2462 2280 justitia,
2488 2210 2806 2277 severitate,
2850 2228 3195 2283 morumque
3227 2230 3458 2268 summa
3506 2213 3759 2284 gravitate
3784 2211 3865 2266 fuit

2224 2300 2588 2353 clarissimus.

2298 2389 2462 2459 Quid]
2489 2388 2571 2442 Ad
2603 2389 2762 2459 quid.

2298 2481 2503 2533 Decora
2540 2478 2819 2546 vocabula]
2857 2478 3099 2533 Pulchra
3131 2479 3384 2534 nomina.

2293 2564 2573 2637 Novimus]
2604 2566 2845 2635 Scimus,
2884 2573 3167 2623 tenemus.

2294 2656 2455 2725 Num]
2482 2655 2773 2726 Nunquid.

2295 2744 2666 2814 Consumptos]
2699 2744 2965 2798 Mortuos.

2276 2831 2509 2911 ‘Jacelisj
2546 2832 2800 2887 Subaudi
2830 2849 2926 2886 vos
2956 2832 3222 2888 homines
3244 2838 3377 2905 post
3411 2840 3669 2889 mortem.

2286 2908 2557 2991 'Prorsus]
2600 2921 2867 2975 Omnino.

2296 3008 2645 3082 Ignorabiles]
2686 3010 2991 3080 Ignobiles.

2299 3098 2483 3171 Trahi]
2534 3099 2818 3154 Protrahi.

2292 3187 2475 3259 Aura[
2514 3188 2853 3258 Splendore.

2292 3279 2540 3334 Nominis
2592 3278 2859 3341 mortalis]
2910 3276 3076 3331 Morti
3121 3280 3179 3331 et
3246 3277 3604 3348 corruptioni
3652 3273 3861 3344 subjecti.

2292 3366 2581 3421 Ausonius
2617 3382 2629 3420 :
2684 3376 2689 3381 '

2344 3472 2597 3521 Miremur
2652 3471 2866 3534 periisse
2930 3471 3192 3531 homines,
3232 3476 3583 3522 monumenta
3624 3472 3859 3523 fatiscunt;

2407 3536 2545 3583 Mors
2567 3535 2723 3583 etiam
2750 3534 2908 3597 saxis,
2940 3535 3353 3598 nominibusque
3386 3537 3551 3585 venit.

2297 3633 2452 3705 Cum]
2485 3633 2744 3697 Quando.

2292 3726 2425 3779 Sera
2447 3724 2580 3790 dies]
2616 3726 2861 3792 Tempus
2887 3721 3198 3793 aliquando
3233 3727 3564 3777 venturum.

2290 3813 2424 3881 Hoc]
2459 3812 2697 3865 Nomen.

2290 3900 2538 3957 Secunda
2590 3900 2755 3969 mors]
2816 3899 2936 3963 Qua
2990 3915 3202 3953 nomen
3286 3900 3686 3971 exstinguitur,
3754 3896 3866 3949 sicut

2221 3990 2407 4063 prima
2439 3992 2621 4043 morte
2655 3988 2768 4042 vita
2801 3988 3075 4042 exstincta
3104 3994 3201 4043 est.
3228 3980 3399 4059 Apud
3433 3981 3863 4043 Petrarchamlib.

2218 4080 2421 4136 Africae
2453 4095 2510 4145 ιι,
2536 4076 2860 4148 Scipionem
2886 4077 3187 4132 Africanus
3213 4078 3367 4131 hunc
3396 4078 3459 4132 in
3491 4077 3711 4131 modum
3761 4071 3866 4125 allo-

2221 4170 2418 4242 quitur
2439 4184 2451 4222 :

2343 4273 2664 4322 Transibunt
2688 4285 2789 4334 que
2812 4272 2934 4331 cito,
2966 4285 3084 4334 quas
3109 4285 3204 4321 vos
3228 4285 3488 4321 mansura
3516 4270 3715 4335 putatis.

2342 4336 2459 4384 Una
2482 4348 2695 4383 manere
2724 4338 2897 4396 potest
2921 4347 3139 4382 occasus
3169 4336 3345 4383 nescia
3372 4336 3559 4384 virtus.

2341 4398 2439 4446 Illa
2468 4397 2606 4459 viam
2629 4395 2754 4444 facit
2777 4396 2843 4445 ad
2873 4408 3110 4458 superos,
3134 4396 3231 4445 hac
3256 4397 3459 4459 pergite
3489 4396 3662 4456 fortes,

2346 4461 2449 4508 Nec
2470 4458 2675 4507 defessa
2700 4459 2844 4521 gravi
2874 4460 3226 4507 succumbant
3253 4458 3402 4518 terga
3428 4458 3595 4509 labori

2348 4521 2500 4579 Quod
2529 4521 2571 4569 si
2602 4521 2733 4584 falsa
2762 4534 2949 4584 vagam
2975 4521 3200 4584 delectat
3228 4521 3397 4584 gloria
3421 4527 3668 4575 mentem,

2346 4584 2530 4647 Aspice
2556 4583 2680 4647 quid
2703 4583 2902 4647 cupias,
2940 4583 3248 4647 transibunt
3266 4588 3521 4647 tempora,
3552 4594 3729 4647 corpus

2346 4596 2530 4647 Aspice
2552 4596 2680 4692 31111]
2703 4597 2902 4646 cupias,
2940 4596 3241 4633 transibunt
3266 4596 3521 4695 tempore,
3552 4596 3729 4692 corpus

2346 4647 2455 4694 Hoc
2489 4659 2547 4693 ca
2588 4649 2655 4703 et,
2686 4649 2737 4693 et
2765 4645 2953 4694 cedent
2980 4645 3200 4707 indigno
3239 4659 3378 4694 mem
3422 4660 3481 4694 ra
3509 4659 3631 4708 sepu
3656 4656 3748 4691 cro.

2343 4710 2464 4757 Mox
2494 4712 2613 4770 ruet
2637 4712 2689 4756 et
2716 4708 2952 4765 bustum,
2984 4708 3273 4770 titulusque
3304 4709 3359 4756 in
3388 4720 3648 4757 marmore
3672 4708 3819 4754 sectus

2344 4770 2572 4830 Occidet,
2602 4769 2688 4819 hic
2719 4773 2939 4818 mortem
2964 4769 3329 4832 patieris’nate
3357 4770 3659 4819 secundam.

2787 4869 2854 4923 IN
2888 4869 3166 4924 PROSAM
3197 4870 3339 4924 VIII.

2289 4968 2569 5021 Hactenus
2584 4965 2831 5020 fortuna;
2854 4964 3319 5033 inconstantiam,
3350 4962 3864 5028 fraudulentiamun

2217 5059 2274 5109 et
2304 5054 2604 5125 perﬁdiam
2638 5055 3009 5125 Philosophia
3038 5055 3272 5119 detexit,
3310 5060 3367 5109 et
3394 5056 3455 5109 in
3476 5055 3557 5108 eis
3578 5048 3864 5107 muneribus

2214 5143 2359 5198 nihil
2388 5144 2507 5197 veri
2537 5144 2675 5199 boni
2706 5143 2891 5198 inesse
2921 5144 3338 5199 demonstravit
3364 5161 3378 5200 :
3412 5160 3567 5199 nunc
3595 5143 3669 5195 ait
3709 5138 3865 5192 adver-

2214 5249 2337 5287 sam
2366 5234 2495 5303 plus
2526 5233 2856 5287 hominibus
2888 5249 3062 5303 quam
3089 5249 3421 5305 prosperam
3480 5232 3734 5304 prodesse
3771 5225 3862 5279 for-

2214 5327 2434 5389 tunam,
2465 5337 2595 5375 cum
2640 5321 2763 5376 haec
2801 5322 3035 5393 quidem
3090 5322 3380 5377 blanditiis
3430 5322 3657 5375 allectos
3701 5333 3731 5370 a
3757 5326 3861 5367 vero

2213 5411 2364 5464 bono
2392 5410 2672 5464 fallaciter
2701 5410 3012 5478 abstrahat,
3047 5410 3144 5465 illa
3177 5427 3312 5465 vero
3338 5410 3674 5481 plerumque
3705 5414 3863 5457 erran-

2214 5504 2299 5553 tes
2337 5498 2410 5553 ad
2467 5514 2657 5552 veram
2711 5498 3132 5554 beatitudinem
3180 5500 3550 5571 quarendam
3599 5494 3857 5551 reducens,

2213 5588 2368 5642 velut
2399 5604 2545 5641 unco
2578 5588 2852 5641 retrahat.

2284 5679 2642 5751 Ineworabile]
2686 5679 2850 5745 Quod
2894 5680 3064 5736 nullis
3107 5680 3370 5751 precibus
3398 5675 3657 5748 componi
3693 5669 3858 5745 possit.
