4054 6184
168 314 277 369 989

238 449 359 523 Est]
399 451 614 506 Evenit.

239 540 367 609 Illa]
402 541 672 594 Fortuna.

246 630 411 699 Tum]
446 630 621 682 Tunc.

240 718 398 787 Culn]
428 718 687 782 Quando.

239 806 447 878 Gestio]
483 806 679 877 Cupio.

241 895 446 967 quue]
482 897 546 949 Et
576 896 647 949 ob
678 895 756 949 id.

240 967 371 1037 Illa]
400 970 681 1036 Prospera
724 967 973 1020 fortuna.
1024 967 1294 1022 Rationes
1346 972 1509 1025 affert
1558 970 1767 1042 quibus
1820 972 1875 1027 id

177 1056 332 1126 quod
368 1057 510 1110 dixit
542 1071 738 1108 verum
773 1071 893 1109 esse
926 1056 1149 1125 probat.

248 1144 402 1213 Hac]
436 1144 700 1198 Adversa.
738 1144 950 1197 Seneca
980 1144 1247 1213 Tragicus
1283 1162 1294 1198 :

307 1233 497 1280 Malam
531 1233 684 1280 home
712 1232 956 1294 praeferre
988 1232 1256 1283 fortunam
1284 1233 1422 1283 licet.

253 1313 569 1381 Ventosam]
608 1315 1043 1366 lnconstantem.
1085 1315 1390 1368 Horatius:

306 1403 489 1449 Romae
518 1401 681 1450 Tibur
711 1415 901 1460 amem,
926 1405 1177 1449 ventosus
1212 1403 1419 1471 Tibure,
1454 1404 1692 1454 Romam.

248 1479 545 1553 Fluentem]
583 1481 1011 1546 Luxuriantem,
1041 1482 1421 1551 diffluentem,
1456 1486 1877 1555 vagabundam.

177 1571 457 1625 Ovidius:

306 1659 605 1708 Luxuriant
635 1660 796 1707 animi
824 1661 979 1708 rebus
1010 1659 1321 1721 plerumque
1351 1662 1614 1716 secundis,

368 1722 473 1769 Nec
506 1720 657 1769 facile
695 1726 772 1770 est
807 1736 959 1784 azqua
988 1720 1266 1770 cumnioda
1302 1729 1473 1771 mente
1500 1726 1621 1786 pati.

247 1803 459 1869 Suique
504 1818 710 1871 semper
756 1801 1035 1872 ignaram]
1081 1803 1374 1871 ,Homines
1432 1805 1588 1856 enim
1635 1804 1880 1859 fortunas

178 1890 536 1944 successibus
576 1891 730 1956 elati,
777 1890 949 1943 nimis
996 1891 1355 1961 superbiant,
1387 1909 1560 1963 seque
1594 1894 1747 1963 ipsos
1779 1911 1879 1949 ne-

177 1997 475 2051 quaquam
506 1984 878 2050 cognoscunt.

245 2070 521 2140 Sobriam]
554 2071 1012 2139 Temperantem.

246 2158 617 2227 Succinctam]
648 2158 994 2223 Cohibitani,
1029 2174 1141 2211 non
1183 2158 1563 2213 diffluentem.

246 2249 625 2303 Adversitatis
669 2248 1074 2318 exercitatione]
1125 2248 1375 2319 Baptista
1403 2250 1740 2303 Mantuanus
1784 2248 1880 2304 lib.

177 2337 471 2393 Silvarum
498 2337 745 2391 secundo
777 2354 788 2390 :

436 2425 612 2473 Rebus
638 2425 872 2473 adversis
909 2424 1105 2487 agitata
1135 2424 1304 2473 virtus

434 2487 645 2549 Crescit,
674 2490 725 2535 et
758 2488 922 2535 robur
952 2488 1184 2535 cruciata
1212 2487 1371 2549 longo

435 2548 611 2597 Sumit
638 2549 836 2606 attritu,
870 2549 1161 2612 meliusque
1186 2548 1325 2597 terso

620 2612 872 2661 Candicat
896 2625 1003 2660 ore.

251 2694 305 2747 A
338 2708 465 2746 vero
497 2692 827 2761 bono]Divus
857 2690 1195 2747 Ambrosius
1226 2691 1287 2745 in
1316 2692 1411 2747 lib.
1450 2692 1517 2746 de
1550 2693 1884 2764 Interpella-

178 2781 340 2835 tione
377 2798 389 2834 :
427 2782 629 2851 Magna
670 2782 825 2835 enim
857 2780 1125 2835 illecebra
1158 2781 1530 2850 delinquendi
1577 2787 1660 2835 est
1689 2798 1884 2836 rerum

180 2870 486 2924 afﬂuentia
521 2871 919 2924 secundarum.
974 2868 1190 2939 Supina
1240 2869 1480 2936 extollit,
1534 2870 1882 2925 oblivionem

180 2959 434 3013 auctoris
466 2959 741 3014 infundit.
779 2960 1205 3029 Mimograpbus
1238 2975 1249 3012 :

310 3047 549 3094 Fortuna
572 3060 729 3109 quem
759 3048 982 3095 nimium
1012 3046 1170 3103 fovet,
1196 3045 1417 3095 stultum
1448 3044 1589 3094 facit.

254 3126 512 3197 Baptista
540 3128 876 3181 Mantuanus
902 3127 959 3181 in
993 3128 1178 3198 prima
1210 3127 1546 3181 Parthenice
1573 3144 1585 3181 :

308 3232 575 3281 Enervare
598 3234 771 3282 solent
799 3248 1011 3282 securas
1041 3234 1148 3282 otia
1169 3238 1391 3290 mentes,

310 3294 382 3343 Et
410 3295 821 3344 vitiisuimbrare
842 3296 1063 3354 animas,
1098 3301 1155 3343 ut
1178 3296 1350 3357 pulvis
1376 3308 1575 3357 aquoso

310 3357 486 3420 imbre
518 3358 637 3414 coit,
671 3358 977 3420 levibusque
1004 3358 1115 3419 rapi
1137 3358 1245 3419 jam
1283 3359 1453 3405 nescit
1478 3358 1541 3405 ab
1571 3357 1741 3417 Euris,

312 3418 399 3467 Sic
430 3420 649 3467 adversa
678 3421 868 3481 premit
894 3418 1054 3468 sensu
1081 3418 1293 3468 fortuna
1322 3420 1560 3477 rebelles,

312 3481 377 3528 Et
403 3481 544 3543 cogit
572 3496 754 3544 parcre
784 3483 906 3539 Deo,
942 3482 1261 3544 morbosque
1290 3482 1513 3529 latentes

316 3544 486 3601 Pellit,
519 3543 842 3592 etiardentes
881 3544 932 3591 in
960 3543 1401 3605 pectore'mitigat
1426 3548 1604 3591 aestus.

312 3606 379 3669 Ut
414 3607 521 3653 sale
548 3620 831 3669 consperso
864 3606 1051 3669 longos
1080 3611 1359 3654 servantur
1390 3606 1445 3653 in
1478 3620 1605 3653 usus

313 3666 547 3731 Yiscera,
582 3666 829 3716 nec'lzedi
860 3666 1024 3731 sanie,
1053 3681 1149 3716 nec
1186 3672 1417 3731 tempore
1452 3672 1694 3730 possunt,

312 3729 400 3777 Sic
427 3729 571 3777 duris
598 3731 758 3777 animi
793 3731 948 3779 rebus
984 3730 1277 3788 ﬁrmantur,
1296 3729 1351 3778 et
1378 3729 1589 3779 omnem

309 3791 587 3855 _Abjirciunt
614 3794 776 3854 pestis
806 3807 1037 3851 causam,
1072 3806 1185 3841 sors
1216 3806 1399 3855 aspera
1424 3796 1595 3841 tutum

310 3853 518 3903 Praebet
545 3853 661 3912 iter,
694 3856 778 3903 via
808 3855 1037 3903 sidereas
1068 3855 1180 3903 Ι]ωο
1211 3853 1356 3903 ducit
1386 3854 1441 3902 in
1473 3868 1636 3903 arces.

246 3950 577 4005 Amicorum
609 3952 870 4021 fidelium]
904 3949 1159 4004 Ennius:

308 4039 527 4088 Amicus
552 4045 727 4089 certus
763 4040 817 4088 in
846 4054 897 4088 re
928 4040 1128 4087 incerta
1159 4038 1407 4086 cernitur.

175 4120 327 4173 Hinc
359 4136 466 4173 nos
492 4121 646 4174 hunc
675 4120 1017 4174 versiculum
1052 4120 1293 4172 lusimus
1330 4135 1341 4172 :

307 4208 491 4257 Rebus
523 4209 574 4257 in
606 4208 822 4257 incertis
849 4212 1025 4257 ce.tus
1049 4211 1317 4270 spectatur
1345 4208 1562 4255 amicus.

175 4288 429 4343 Ovidius
463 4305 475 4341 :

309 4384 524 4434 Scilicet
547 4388 605 4434 ut
627 4385 832 4433 fulvum
866 4388 1129 4447 spectatur
1158 4384 1213 4432 in
1244 4384 1454 4447 ignibus
1485 4397 1693 4445 aurum,

343 4448 600 4510 Tempore
625 4451 700 4496 sic
736 4448 869 4495 duro
900 4446 983 4495 est
1012 4447 1340 4509 inspicienda
1367 4446 1513 4494 ﬁdes.

252 4536 424 4608 Suos]
474 4536 728 4602 Sodales,
784 4536 825 4589 ii
879 4537 1032 4589 enim
1083 4536 1181 4605 qui
1236 4536 1528 4587 fortunam
1574 4540 1896 4604 sequuntur

183 4642 310 4679 non
348 4626 468 4678 veri
498 4631 631 4678 sunt
662 4625 854 4690 amici,
887 4625 981 4678 sed
1022 4625 1243 4678 sodales
1274 4630 1330 4676 et
1360 4624 1601 4676 fortunae
1633 4624 1890 4677 comites.

254 4711 519 4785 Imteger]
557 4715 821 4767 Nondum
854 4715 1038 4779 lzesus,
1090 4712 1349 4767 nondum
1390 4711 1562 4766 rebus
1613 4712 1725 4765 tuis
1757 4729 1893 4782 spo-

181 4804 389 4857 liatus.

256 4889 485 4963 Desine]
512 4892 755 4946 Pulchra
780 4891 1069 4946 conclusio
1097 4896 1181 4945 est
1205 4907 1267 4945 ex
1301 4890 1602 4945 contrariis
1629 4894 1892 4944 ornatum

182 4982 436 5036 ducens.

253 5072 486 5126 Amicos
536 5069 811 5139 invenisti]
861 5071 1020 5123 Nunc
1064 5069 1216 5123 enim
1270 5073 1611 5123 novercante
1664 5068 1898 5121 fortuna

178 5177 357 5216 veros
404 5166 536 5213 tuos
595 5160 806 5213 amicos
864 5159 1179 5229 cognoscis.
1248 5163 1672 5228 Argumentum
1741 5157 1895 5210 enim

177 5267 340 5304 verae
374 5248 646 5303 amicitiae
675 5254 780 5313 est,
814 5264 928 5301 non
955 5248 1216 5301 deserere
1244 5247 1490 5301 amicum
1522 5251 1778 5317 tempore
1804 5245 1896 5299 ad-

178 5338 500 5394 versitatis.
846 5346 849 5347 '

759 5427 829 5480 IN
872 5426 1161 5480 METRUM
1198 5426 1341 5479 VllI.
1672 5488 1677 5489 ί

259 5520 514 5574 Carmen
544 5520 627 5569 est
658 5514 1050 5585 Glyconicum,
1086 5513 1272 5567 simile
1323 5518 1479 5569 sexto
1515 5512 1689 5584 primi
1742 5511 1894 5567 libri.

185 5608 267 5661 Eo
296 5607 493 5675 docet,
539 5620 738 5661 amore
769 5604 964 5658 omnia
1011 5602 1308 5673 conjungi,
1357 5602 1649 5674 totiusque
1697 5602 1899 5657 mundi

185 5700 463 5749 constare
520 5693 931 5749 concordiam:
983 5708 1178 5748 amore
1230 5708 1457 5764 quoque
1514 5692 1754 5764 populos
1797 5691 1901 5746 foe-

1456 320 1836 376 MURMELLII
1880 321 2402 378 COMMENTARIA.

3572 330 3673 381 990

1913 459 1954 512 A
1987 458 2119 512 dere
2147 460 2500 529 conjunctos,
2553 476 2747 515 amore
2790 462 3079 531 conjuges,
3132 466 3187 516 et
3234 462 3447 517 amicos
3488 479 3686 519 conve-

1984 549 2124 602 nire.
2167 550 2492 603 Franciscus
2521 551 2853 622 Philelphus
2886 552 2943 604 in
2977 551 3190 620 Satyris
3222 569 3232 605 :

2107 638 2295 701 Omnia
2335 643 2584 701 perpetuo
2615 639 2787 687 firmat
2816 640 3099 688 concordia
3131 654 3289 689 nexu.

2110 700 2374 763 Quidquid
2407 700 2554 750 amor
2583 701 2779 765 jungit,
2803 703 3019 751 saeclum
3052 703 3304 766 perdurat
3332 703 3386 751 in
3417 717 3571 754 omne

1986 781 2327 835 Slaudianus
2359 782 2429 835 ad
2462 782 2780 836 Honorium
2818 798 2830 835 :

2112 870 2227 933 Non
2258 870 2332 917 sic
2358 871 2613 929 excubiae,
2647 884 2744 918 nec
2770 870 3167 919 circumstantia
3197 870 3318 933 pila.

2112 932 2290 995 Quam,
2316 936 2518 995 tutatur
2545 946 2709 995 amor,
2744 946 2849 981 non
2882 932 3220 995 extorquebis
3248 934 3431 982 amari.

2112 995 2220 1042 Hoc
2249 994 2449 1057 alterna
2476 993 2622 1049 ﬁdes.
2658 994 2757 1043 hoc
2784 995 3006 1057 simplex
3040 993 3209 1055 gratia
3238 996 3419 1044 donat.

2114 1058 2297 1105 Nonne
2322 1056 2468 1104 vides
2493 1070 2709 1118 operum
2738 1057 2827 1116 qui
2854 1056 2907 1105 se
2935 1057 3322 1119 pulcherrimus
3357 1059 3468 1119 ipse

2112 1119 2343 1181 Mundus
2376 1132 2554 1166 amore
2582 1119 2710 1177 ligat
2741 1120 2766 1166 ?
2800 1133 2897 1167 nec
2923 1122 2971 1167 vi
2998 1134 3240 1168 connexa
3270 1134 3362 1181 per
3386 1134 3562 1169 sevum

2113 1180 2427 1243 Conspiraut
2456 1181 2713 1229 elementa
2744 1182 2859 1237 sibi,
2894 1183 2982 1243 qui
3012 1182 3173 1231 limite
3203 1180 3431 1231 Pb’mbus

2116 1243 2406 1290 Contentus
2439 1243 2630 1300 medio,
2662 1248 2943 1291 contentus
2975 1244 3149 1292 littore
3185 1246 3401 1301 Pontus,

2114 1305 2176 1351 Et
2204 1306 2292 1366 qui
2326 1311 2574 1366 perpetuo
2607 1310 2786 1360 terras,
2821 1306 3088 1367 ambitque
3120 1306 3386 1368 vehitque,

2115 1368 2219 1415 Nec
2251 1373 2453 1429 premat
2486 1368 2744 1415 incubeus
2771 1368 2917 1416 oneri
2944 1382 3044 1416 nec
3066 1368 3284 1417 cesserit
3304 1383 3392 1417 aer
3416 1371 3441 1417 9

1994 1447 2064 1501 Ut
2094 1449 2249 1500 Plato
2279 1448 2444 1500 docet
2472 1448 2530 1499 in
2561 1448 2797 1517 Timaeo,
2837 1449 3085 1501 mundus
3134 1451 3387 1519 seipsum
3439 1447 3689 1501 amicitia

1991 1534 2255 1589 concordi
2304 1536 2725 1604 complectitur,
2784 1541 2956 1605 atque
3006 1537 3085 1590 ita
3129 1544 3259 1607 apte
3307 1538 3579 1603 cohaeret,
3626 1542 3690 1591 ut

1992 1632 2239 1693 nequeat
2267 1624 2490 1677 dissolvi
2528 1625 2641 1677 ullo
2672 1625 2864 1687 modo,
2898 1625 3009 1677 nisi
3051 1626 3120 1678 ab
3167 1626 3365 1679 eodem
3399 1644 3430 1679 a
3460 1643 3572 1695 quo
3605 1631 3690 1678 est

1995 1713 2313 1781 colligatus.
2348 1713 2589 1766 Mundus
2622 1713 2817 1765 Latine
2848 1730 2881 1765 a
2928 1711 3140 1781 puritia
3186 1719 3435 1779 vocatur,
3483 1714 3688 1766 cmlum

1996 1820 2027 1856 a
2056 1804 2346 1867 caelatura,
2377 1802 2567 1857 Graece
2606 1802 2677 1856 ab
2707 1807 2911 1856 ornatu
2957 1803 3167 1873 κόσμος.
3210 1804 3266 1855 C.
3294 1802 3508 1855 Plinius
3548 1803 3689 1856 libro

1993 1891 2243 1943 secundo
2282 1906 2294 1944 :
2329 1891 2506 1953 Quem
2535 1892 2728 1961 κόσμον
2761 1890 2937 1945 Graeci
2961 1890 3197 1944 nomine
3228 1892 3553 1944 ornamenti
3585 1907 3690 1959 ap-

1993 1980 2368 2048 pellaverunt,
2401 1995 2533 2032 eum
2575 1984 2627 2032 et
2658 1996 2761 2032 nos
2806 1995 2837 2031 a
2868 1980 3118 2048 perfecta
3167 1980 3540 2049 absolutaque
3573 1980 3689 2032 ele-
3730 1993 3749 2009 ‘

1994 2067 2188 2137 gantia
2218 2067 2517 2121 mundum.
2554 2068 2769 2121 Caelum
2802 2067 3036 2137 quidem
3084 2068 3234 2121 haud
3286 2068 3459 2122 dubie
3509 2067 3687 2122 caelati

1995 2163 2329 2225 argumento
2359 2156 2626 2223 diximus,
2654 2160 2717 2209 ut
2748 2156 3155 2224 interpretatur
3188 2158 3254 2211 M.
3295 2157 3489 2212 Varro.

2064 2245 2265 2301 Stabili
2282 2246 2407 2315 ﬁde]
2439 2247 2717 2315 Perpetua
2750 2243 3083 2299 constantia.

2070 2332 2241 2406 Vices]
2278 2334 2755 2388 Permutationes.

2065 2423 2302 2493 Semina]
2363 2424 2675 2477 Elementa.
2738 2423 2954 2477 Plinius
3008 2423 3155 2477 libro
3213 2422 3461 2477 secundo
3507 2422 3691 2493 capite

1993 2514 2230 2583 quinto:
2266 2513 2377 2566 Nec
2415 2512 2482 2565 de
2516 2512 2814 2565 elementis
2843 2512 3008 2565 video
3060 2512 3310 2565 dubitari
3351 2515 3597 2581 quatuor
3626 2528 3692 2565 ea

1995 2617 2137 2666 esse,
2184 2600 2408 2669 ignium
2440 2615 2753 2666 summum,
2785 2600 2922 2653 inde
2957 2604 3037 2653 tot
3069 2600 3366 2653 stellarum
3398 2599 3692 2653 collucen-

1993 2687 2138 2741 tium
2184 2688 2311 2741 illos
2360 2689 2569 2754 oculos,
2620 2687 2945 2757 proximum
2987 2688 3240 2758 spiritus,
3303 2704 3474 2759 quem
3515 2688 3694 2741 Grazci

1995 2777 2291 2847 nostrique
2350 2778 2551 2831 eodem
2597 2776 2869 2831 vocabulo
2917 2794 3050 2831 aera
3099 2778 3413 2848 appellant,
3462 2777 3692 2830 vitalem

1994 2865 2169 2929 hunc,
2199 2870 2253 2918 et
2274 2882 2374 2935 per
2394 2871 2595 2919 cuncta
2626 2882 2819 2919 rerum
2850 2866 3180 2929 meabilem,
3212 2870 3444 2935 totoque
3469 2880 3696 2918 conser-

1995 2957 2138 3007 tum.
2182 2953 2357 3023 Cujus
2390 2954 2445 3007 vi
2488 2971 2825 3023 suspensam
2856 2971 2985 3007 cum
3016 2961 3220 3023 quarto
3260 2969 3539 3023 aquarum
3573 2954 3693 3006 ele-

1923 3057 1964 3111 c
1996 3049 2189 3096 mento
2221 3044 2429 3097 librare
2462 3043 2651 3097 medio
2672 3043 2842 3113 spatii
2875 3043 3162 3096 tellurem.
3184 3044 3266 3095 lto
3301 3049 3503 3095 mutuo
3535 3057 3692 3094 com-

1993 3132 2167 3201 plexu
2206 3131 2546 3185 diversitatis
2578 3133 2725 3185 eltici
2773 3148 3005 3194 nexum,
3050 3136 3106 3183 et
3152 3131 3297 3184 levia
3343 3130 3693 3201 ponderibus

1995 3219 2264 3286 inhiberi,
2319 3236 2431 3290 quo
2485 3220 2673 3273 minus
2717 3222 2959 3275 evolent.
3003 3221 3325 3290 Contraque
3374 3220 3588 3290 gravia,
3621 3234 3693 3271 ne

1993 3314 2186 3373 ruant,
2223 3309 2511 3379 suspendi,
2546 3309 2766 3362 levibus
2799 3310 2857 3362 in
2896 3309 3140 3363 sublime
3177 3308 3563 3363 tendentibus.
3603 3306 3691 3362 Sic

1994 3398 2119 3467 pari
2146 3398 2207 3449 in
2235 3397 2455 3450 diversa
2485 3398 2634 3464 nisu,
2668 3398 2719 3449 vi
2751 3414 2852 3451 sua
2894 3414 3136 3467 quzeque
3183 3396 3514 3462 consistere,
3548 3395 3691 3449 irre-

1995 3486 2188 3556 quieto
2216 3473 2422 3539 mundi
2454 3485 2636 3555 ipsius
2684 3486 2991 3539 constricta
3022 3485 3285 3552 circuitu,
3316 3501 3429 3555 quo
3468 3500 3694 3555 semper

1993 3574 2054 3629 in
2084 3591 2141 3627 se
2172 3579 2457 3641 currente,
2488 3574 2662 3627 imam
2699 3580 2867 3645 atque
2910 3575 3151 3629 mediam
3195 3574 3253 3627 in
3296 3581 3417 3628 toto
3459 3580 3691 3639 terram,

1996 3664 2373 3734 eamdemque
2405 3663 2630 3717 inverso
2655 3664 2884 3717 cardine
2912 3669 3057 3716 stare
3090 3664 3459 3734 pendentem,
3485 3662 3695 3717 libran-

1994 3756 2111 3806 tem
2155 3769 2254 3822 per
2295 3768 2424 3822 qua:
2456 3753 2718 3821 pendeat.
2769 3755 2847 3806 Ita
2889 3752 3066 3805 solam
3118 3752 3492 3820 immobilem,
3545 3752 3694 3805 circa

1998 3857 2125 3895 eam
2165 3840 2401 3894 volubili
2441 3841 2829 3906 universitate,
2884 3842 3262 3912 eamdemque
3311 3858 3378 3895 ex
3429 3840 3695 3898 omnibus

1998 3929 2170 3996 necti,
2207 3930 2513 3999 eidemque
2545 3929 2737 3983 omnia
2766 3931 2958 3986 inniti.

2068 4018 2401 4087 Pugnantia]
2424 4018 2738 4071 Contraria.

2070 4107 2260 4161 Fwdus
2286 4107 2626 4176 perpetuum]
2671 4108 3010 4178 Perpetuam
3040 4123 3255 4177 pacem.
3293 4107 3478 4163 Ovid.:

2125 4195 2412 4243 Dissociata
2438 4195 2566 4244 locis
2594 4196 2842 4245 concordi
2874 4210 3000 4259 pace
3021 4196 3217 4260 ligavit.

2000 4277 2240 4331 Manlius
2271 4276 2709 4330 Astronomicon
2736 4277 2879 4329 libro
2913 4278 3097 4348 primo
3130 4294 3142 4330 :

2124 4384 2243 4434 Hoc
2270 4398 2403 4447 Opus
2434 4384 2674 4432 immensi
2702 4387 3061 4447 constructum
3094 4396 3310 4447 corpore
3330 4382 3536 4442 mundi,

2130 4445 2466 4507 Membraque
2498 4450 2701 4494 naturas
2732 4446 2939 4495 diversa
2964 4446 3178 4494 condita
3206 4445 3376 4493 forma

2130 4509 2294 4566 Aeris,
2326 4513 2481 4570 atque
2512 4509 2665 4570 ignis,
2699 4512 2872 4566 terra),
2905 4509 3182 4571 pelagique
3206 4507 3446 4570 jacentis.

2129 4572 2217 4620 Vis
2249 4572 2440 4619 animas
2470 4571 2647 4619 divina
2670 4572 2819 4633 regit,
2853 4584 3104 4632 sacroque
3136 4574 3309 4633 meatu

2131 4634 2409 4695 Conspirat
2444 4634 2599 4691 Deus,
2632 4637 2684 4681 et
2714 4632 2869 4681 tacita
2898 4633 3101 4680 ratione
3131 4632 3412 4695 gubernat,

2129 4696 2192 4744 Et
2221 4694 2385 4744 multa
2412 4696 2465 4743 in
2492 4700 2710 4743 cunctas
2741 4696 3008 4756 dispensat
3035 4694 3229 4742 fmdera
3255 4697 3448 4755 partes,

2128 4758 2301 4806 Altera
2335 4763 2391 4805 ut
2417 4757 2631 4805 alterius
2663 4758 2817 4813 vires,
2845 4757 3107 4818 faciatque
3141 4756 3396 4816 feratque,

2130 4820 2450 4881 Summaque
2472 4832 2564 4881 per
2590 4819 2761 4867 varais
2787 4822 2996 4867 maneat
3021 4823 3247 4881 cognata
3274 4819 3485 4881 ﬁguras.

2006 4919 2163 4973 Idem
2186 4918 2330 4971 libro
2364 4918 2527 4971 tertio
2552 4934 2564 4972 :

2130 5008 2255 5055 Fata
2282 5011 2475 5069 regunt
2505 5007 2706 5065 orbem,
2735 5009 2873 5054 certa
2904 5008 3047 5053 stant
3080 5005 3258 5054 omnia
3289 5004 3424 5068 lege,

2130 5070 2414 5131 Longaque
2444 5083 2534 5132 per
2563 5073 2731 5117 certos
2763 5070 3041 5129 signantur
3070 5071 3309 5130 tempora
3338 5081 3539 5126 cursus,

2076 5157 2326 5230 Phoebus]
2360 5157 2474 5211 Sol.

2076 5244 2323 5317 Roseum]
2365 5244 2693 5309 Pulchrum,
2728 5244 3032 5315 fulgidum,
3068 5244 3472 5299 rubicundum.

2078 5334 2281 5408 Aurea]
2306 5336 2533 5397 Lucido,
2566 5336 2738 5402 claro,
2774 5336 3003 5389 illustri.

2078 5424 2247 5497 Quas]
2276 5426 2498 5479 Noctes.

2077 5517 2308 5571 Durerit
2352 5511 2638 5585 Hesperus]
2693 5516 2976 5584 Hesperus
3019 5512 3129 5565 dux
3178 5508 3362 5565 noctis
3409 5514 3514 5577 est,
3566 5526 3701 5565 nam

2008 5617 2132 5656 eam
2190 5601 2482 5671 praecedit,
2545 5618 2675 5656 cum
2740 5600 2960 5670 vesperi
3026 5598 3159 5652 solis
3200 5612 3462 5652 occasum
3513 5600 3703 5654 subse-

2010 5690 2225 5762 quitur.
