4054 6184
382 313 477 364 991

454 441 661 509 Ρὴαεὸε]
696 441 868 494 Luna.

450 528 717 600 Avidum]
756 527 1038 599 Cupidum
1069 530 1123 581 et
1152 543 1341 582 vorax.

448 619 716 687 Coereeat]
748 617 1039 673 Cohibeat.

454 708 642 777 Vagis]
671 708 1069 777 Praescriptum
1092 706 1264 761 finem
1296 705 1745 761 transeuntibus.

452 796 708 867 Tendere]
738 797 1073 851 Extendere.

449 900 675 973 Seriem]
739 902 1187 969 Connexionem,
1253 901 1646 956 continuatam
1722 900 2072 972 progressio-

378 1005 530 1043 nem.

447 1078 695 1147 Pelagus]
722 1080 888 1133 Mare.

456 1167 803 1239 Imperituns]
834 1170 1145 1238 lmperans.

450 1256 573 1323 Hic]
605 1260 797 1309 Amor.

447 1364 619 1415 Frena
662 1362 950 1434 remiserit]
986 1362 1261 1433 Regimen
1302 1367 1357 1415 et
1408 1361 1859 1416 moderationem
1921 1362 2072 1416 dese-

379 1450 573 1504 ruerit.
615 1452 931 1506 Translatio
972 1457 1055 1505 est
1098 1458 1324 1521 sumpta
1358 1451 1423 1504 ab
1452 1450 1522 1504 iis
1555 1451 1653 1521 qui
1685 1452 1861 1504 frenis
1893 1467 2073 1521 equos

380 1538 670 1594 cohibent.

448 1648 729 1713 Continuo]
769 1648 911 1711 Mox,
946 1647 1159 1716 absque
1193 1646 1487 1700 dilatione.

446 1736 603 1789 Socia
640 1735 765 1803 ﬁde]
789 1736 978 1789 Mutua
1004 1734 1321 1788 concordia.

447 1824 715 1891 Incitant]
753 1825 994 1877 Movent.

450 1912 685 1983 Certent]
724 1914 995 1968 Certatim
1029 1912 1396 1965 contendant.

449 2002 681 2070 Solvere]
717 2001 1049 2067 Dissolvere,
1084 2018 1471 2071 corrumpere.

448 2088 779 2161 Maehinam]
817 2090 1007 2144 Mundi
1033 2106 1257 2160 corpus.

450 2180 568 2247 Hic]
601 2181 795 2232 Amor.

1090 307 1430 362 API'ENDIX
1474 307 1565 362 AD
1610 306 1862 363 LIBROS
1904 307 1992 360 DE
2032 301 2559 362 CONSOLATIONE
2602 300 3108 357 PHILOSOPHUS.

2104 439 2147 490 A
2248 431 2497 505 Sanctos]
2538 434 2747 499 Justos,
2798 430 2953 500 pacis
3008 432 3289 495 amantes,
3340 426 3544 481 Christi
3589 428 3837 498 sanguine

3746 305 3833 355 992

2181 524 2571 579 confirmatos.
2609 521 2707 575 Vel
2752 525 2995 583 sanctos,
3045 518 3209 573 factis
3242 516 3413 572 sacris
3444 523 3501 571 et
3532 518 3839 586 juramentis

2181 612 2449 685 praestitis
2478 609 2733 665 consocia
2748 614 2755 651 ξ
2771 630 2777 655 ‹
2792 634 2798 655 ›
2814 628 2846 660 ε.

2250 702 2341 770 Et]
2372 700 2573 754 Etiam.

2254 789 2523 860 Coniugii]
2554 786 2915 842 Matrimonii.

2250 875 2504 949 Sacrum]
2529 878 2693 931 Sacra
2705 878 2982 930 mentum.

2252 972 2427 1026 Castis
2459 967 2751 1038 amoribus]
2788 963 3015 1020 Pudicis
3049 961 3343 1018 affectibus
3382 962 3694 1018 amatoriis.

2258 1058 2490 1128 Triplex
2528 1052 2818 1126 est'amor]
2854 1051 3059 1124 Turpis
3102 1052 3335 1124 quidem
3393 1050 3576 1106 solam
3624 1052 3845 1123 corporis

2182 1147 2533 1217 voluptatem
2577 1144 2856 1215 sequitur,
2904 1143 3149 1213 ideoque
3179 1142 3480 1195 brutorum
3536 1140 3718 1211 passio
3760 1144 3843 1194 est.

2182 1239 2501 1292 Generosus
2531 1249 2663 1287 vero
2697 1232 2977 1286 mundum
3006 1229 3238 1301 respicit
3275 1229 3559 1294 animum,
3592 1229 3661 1283 ad
3710 1229 3849 1282 virtu.

2181 1328 2253 1382 tis
2277 1325 2464 1380 ofﬁcia
2497 1328 2848 1394 promptum.
2905 1320 3116 1374 Medius
3160 1324 3465 1389 utramque
3505 1317 3707 1388 diligit,
3748 1322 3845 1372 tum

2181 1415 2456 1485 corporis,
2494 1418 2614 1467 tum
2647 1410 2825 1465 animi
2856 1408 3365 1480 pulchritudinem.

2254 1500 2805 1572 Dictat]Praascribit,
2840 1499 3116 1569 suggerit.

2252 1594 2409 1647 Fidis
2440 1591 2593 1660 soda]
2619 1589 2774 1643 Veris
2805 1588 3021 1641 amicis.

2255 1685 2298 1740 Ο
2325 1683 2466 1748 felix
2492 1677 2975 1747 hominum‘genus]
3002 1675 3382 1746 Subintellige
3415 1691 3589 1729 esses.
3623 1673 3677 1729 Si
3713 1690 3846 1729 amor

2183 1787 2297 1842 quo
2330 1770 2535 1823 caelum
2568 1767 2807 1837 regitur,
2842 1770 3004 1835 regat
3034 1764 3259 1818 animos
3285 1767 3529 1826 vestros,
3580 1762 3637 1816 id
3668 1768 3745 1816 est
3770 1762 3846 1815 ho.

2183 1859 2404 1912 minum
2435 1856 2673 1911 animos.
2714 1854 2927 1909 Felices
2960 1852 3194 1924 (inquit)
3234 1869 3334 1908 vos
3362 1852 3633 1909 homines
3661 1850 3846 1915 essetis,

2183 1948 2230 2001 si
2256 1963 2357 2017 per
2379 1960 2633 1999 amorem
2666 1946 2823 1998 tanta
2842 1943 2994 1998 foret
3018 1941 3167 1997 inter
3189 1958 3289 1997 vos
3314 1941 3642 2003 concordia,
3670 1944 3849 2011 quanta

2184 2036 2348 2091 estin
2380 2035 2550 2087 rebus
2585 2032 2925 2087 ccelestibus.
2961 2032 3187 2098 Verum,
3230 2036 3296 2087 ut
3325 2031 3405 2084 ait
3429 2034 3620 2100 poeta,

2311 2124 2443 2184 Lege
2474 2122 2633 2170 deum
2663 2120 2911 2168 minimas
2941 2133 3119 2168 rerum
3146 2118 3413 2167 discordia
3440 2117 3633 2173 turbat,

2309 2186 2496 2234 Pacem
2528 2196 2735 2233 summa
2765 2185 2963 2231 tenent.

1733 2403 2021 2475 LIBER
2095 2400 2527 2473 TERTIUS.

828 2644 899 2698 IN
976 2643 1259 2699 PROSAM
1335 2644 1622 2699 PRIMAM.

448 2732 708 2788 Secundo
731 2733 1021 2787 volumine
1062 2732 1288 2787 fallaces
1319 2732 1563 2788 fortunae
1596 2749 1784 2789 mores
1824 2733 2078 2788 Philoso-

376 2821 513 2891 phia
548 2821 851 2875 luculentis
890 2821 1079 2875 verbis
1113 2821 1361 2892 aperuit,
1395 2822 1634 2893 ejusque
1674 2838 1917 2877 munera
1945 2838 2079 2877 vera

377 2911 529 2965 bona
560 2928 674 2965 non
715 2928 834 2965 esse
875 2910 1277 2966 demontravit.
1324 2913 1442 2967 Hoc
1492 2916 1680 2967 autem
1720 2912 1891 2966 tertio
1921 2912 2074 2967 falsae

376 2999 665 3055 felicitatis
722 3000 966 3055 formam
1018 3000 1306 3066 describit,
1370 3004 1426 3054 et
1482 3001 1685 3056 deinde
1729 3002 2078 3056 contrariam

379 3089 461 3143 illi
504 3106 649 3144 vera:
681 3089 1054 3144 beatitudinis
1096 3089 1587 3161 pulchritudinem
1611 3091 1845 3159 inducit,
1878 3096 1933 3145 et
1982 3091 2079 3147 ubi

376 3179 666 3247 consistat,
707 3180 980 3249 quodque
1011 3195 1193 3232 unum
1227 3178 1301 3233 sit
1327 3195 1618 3233 summum
1644 3180 1861 3235 bonum
1898 3180 2074 3235 :item

377 3268 532 3336 quod
565 3269 714 3322 Deus
748 3267 1041 3321 beatitudo
1076 3271 1131 3320 et
1159 3282 1452 3321 summum
1500 3267 1715 3322 bonum
1760 3285 1879 3323 non
1917 3267 2076 3323 diffe-

377 3359 526 3420 rant,
559 3356 864 3409 luculentis
909 3356 1228 3409 rationibus
1274 3356 1544 3410 ostendit.
1602 3359 1885 3411 Preeterea
1915 3358 2077 3411 docet

376 3459 511 3497 eum
552 3444 651 3513 qui
674 3442 1097 3497 beatitudinem
1138 3444 1212 3497 sit
1242 3450 1554 3512 assecutus,
1588 3445 1755 3499 simul
1780 3445 2075 3500 sufﬁcien-

378 3531 538 3597 tiam,
573 3531 973 3599 reverentiam,
1010 3531 1348 3601 potentiam,
1381 3532 1787 3601 celebritatem,
1817 3534 2075 3587 laetitiam

377 3636 499 3673 esse
526 3624 915 3674 consecutum.
960 3620 1043 3673 Ad
1076 3620 1197 3673 ἱλαξο
1230 3621 1477 3675 ostendit
1508 3622 1716 3675 horum
1748 3622 2072 3689 nominum,

377 3708 636 3779 quamvis
675 3724 809 3761 voce
860 3706 1148 3775 differant,
1195 3709 1559 3777 sufficientia,
1595 3710 1940 3776 reverentia,
1970 3726 2073 3781 po-

374 3798 575 3867 tentia,
610 3797 932 3865 celebritas,
980 3798 1200 3868 lsetitia,
1245 3801 1438 3853 tamen
1470 3815 1645 3853 unam
1694 3798 2076 3868 eamdemque

376 3902 494 3940 esse
521 3887 656 3940 vim.
693 3886 851 3941 Unde
878 3885 1179 3941 hominum
1216 3887 1399 3941 errior
1455 3887 1675 3959 liquido
1698 3887 2078 3958 deprehendi-

376 3979 489 4043 tur,
525 3977 624 4045 qui
648 3981 923 4046 tanquam
956 3991 1024 4029 ea
1064 3976 1351 4042 differant,
1388 3992 1566 4031 unum
1596 3978 1824 4031 illorum
1866 3983 2077 4049 printer

375 4069 579 4117 caetera
609 4064 823 4119 ducunt
848 4064 1255 4134 expetendum.
1291 4066 1358 4119 Et
1391 4065 1451 4119 in
1481 4066 1716 4120 diversis
1748 4082 1909 4121 suam
1948 4068 2073 4121 feli-

374 4154 603 4207 citatem
641 4153 1018 4220 constituunt,
1055 4152 1117 4207 in
1158 4153 1366 4224 quibus
1411 4154 1651 4209 minime
1695 4154 1942 4210 inveniri
1979 4173 2077 4227 po-

374 4246 501 4296 test.
539 4241 648 4297 Alii
680 4258 931 4311 namque
959 4242 1018 4294 in
1052 4242 1275 4313 opibus,
1311 4242 1408 4296 alii
1460 4243 1519 4297 in
1551 4244 1948 4314 dignitatibus,
1977 4244 2077 4299 alii

374 4330 435 4384 in
466 4330 682 4400 regnis,
718 4330 881 4384 multi
912 4331 969 4383 in
1004 4331 1205 4399 gloria,
1258 4331 1492 4401 plurimi
1536 4332 1594 4385 in
1624 4333 1912 4403 voluptate
1939 4334 2076 4389 bea-

2263 2644 2529 2718 Muleedo]
2587 2645 2864 2712 Suavitas,
2945 2644 3405 2715 delinimentum,
3486 2646 3770 2701 delectatio
3820 2659 3845 2694 a

2189 2736 2511 2789 mulcendo.
2545 2736 2718 2791 Divus
2764 2736 3080 2806 Cyprianus
3119 2736 3189 2790 ad
3223 2738 3512 2791 Donatum
3550 2753 3561 2789 :
3612 2736 3852 2789 Prolectet

2189 2823 2343 2880 auris
2395 2824 2662 2895 religiosa
2705 2824 2966 2881 mulcedo
3028 2842 3040 2878 :
3102 2826 3241 2880 Usus
3269 2830 3356 2880 est
3387 2830 3447 2880 et
3502 2826 3608 2879 hac
3639 2823 3849 2879 dictione

2188 2913 2453 2970 Sidonius
2480 2913 2826 2983 Apollinaris
2848 2914 2907 2968 in
2940 2914 3204 2984 Epistolis
3227 2914 3365 2968 suis.

2262 3000 2559 3073 Deﬁwerut]
2595 3003 2895 3055 Attentum
2920 3001 3265 3056 reddiderat.

2261 3092 2549 3146 Lassorum
2573 3090 2951 3159 fatigatorum]
2973 3091 3135 3144 Curis
3154 3095 3239 3144 est
3277 3095 3329 3145 et
3356 3090 3652 3144 doloribus
3688 3086 3845 3141 confe-

2186 3184 2429 3236 ciorum.

2257 3270 2525 3339 Solamen]
2558 3268 2942 3324 Consolatrix.

2256 3358 2543 3428 Refovisti]
2576 3357 2881 3412 Recreasti.

2254 3446 2422 3519 Adeo]
2451 3448 2515 3500 In
2550 3451 2794 3501 tantum.

2256 3535 2549 3607 Imparem]
2579 3535 2859 3590 Desistere
2887 3551 3002 3590 non
3028 3538 3342 3605 potentem.

2258 3626 2377 3681 Non
2412 3625 2781 3694 perhorresco]
2815 3626 2936 3679 Non
2984 3624 3319 3679 reformido.

2256 3716 2539 3784 Efﬂagito]
2576 3715 2650 3767 Ex
2657 3720 2808 3783 peto.

2256 3803 2430 3873 Sensi]
2453 3803 2700 3873 Cognovi
2733 3808 2787 3857 te
2817 3802 3085 3858 audiendi
3124 3803 3353 3858 avidum
3380 3805 3602 3858 acriora
3632 3800 3847 3858 remedia

2183 3891 2553 3945 vehementer
2582 3891 2917 3962 efflagitare.

2257 3979 2537 4051 Habitum]
2574 3980 2970 4049 Affectionem,
3005 3978 3464 4052 dispositionem.

2257 4068 2383 4133 Quae
2412 4068 2644 4141 restant]
2678 4070 2950 4124 Remedia
2981 4086 3109 4141 quea
3142 4069 3365 4141 reliqua
3394 4075 3551 4124 sunt.

2257 4156 2571 4229 Flagrares]
2609 4158 2872 4212 Arderes'

2259 4247 2521 4315 Quonam]
2552 4246 2697 4314 Quo,
2740 4247 2810 4301 ad
2846 4246 3002 4316 quid.

2117 3137 2155 3192 Ο

2258 4333 2526 4407 Somniat]
2566 4335 2749 4389 Veluti
2785 4351 2887 4406 per
2917 4334 3207 4389 somnium
3245 4335 3616 4407 imaginatur,
3667 4337 3719 4389 et
3740 4348 3847 4386 con-

374 4419 681 4473 titudinem
713 4435 771 4474 se
836 4420 1146 4489 adepturos
1209 4419 1557 4483 existimant,
1615 4422 1708 4476 sed
1760 4423 2068 4477 falluntur:
2113 4436 2156 4490 ι)
2182 4421 2375 4493 jectat.

374 4508 844 4579 quandoquidem
878 4523 983 4561 nec
1013 4508 1215 4577 opibus
1257 4509 1617 4577 sufficientia,
1648 4526 1755 4565 nec
1786 4512 2074 4582 dignitati-

373 4597 482 4651 bus
522 4596 860 4663 reverentia,
909 4613 1011 4651 nec
1054 4598 1245 4668 regnis
1274 4599 1551 4668 potentia,
1586 4614 1690 4653 nec
1723 4600 1917 4669 gloriae
1964 4617 2071 4655 no-

376 4684 547 4738 minis
602 4684 1025 4749 immortalitas,
1092 4702 1196 4739 nec
1238 4687 1518 4757 voluptati
1582 4687 1805 4742 sincera
1877 4690 2075 4745 laetitia

376 4774 709 4843 contingere
740 4780 948 4845 potest.
984 4775 1073 4829 Sic
1102 4791 1230 4829 cum
1266 4776 1435 4846 longe
1466 4776 1689 4832 diversa
1718 4778 1986 4845 sentiant,
2020 4783 2076 4833 et

376 4862 435 4915 in
479 4862 749 4918 felicitate
798 4864 1194 4934 investiganda
1246 4866 1512 4919 mortales
1558 4866 1822 4921 aberrent
1867 4883 1900 4920 a
1941 4883 2074 4922 vero

375 4952 551 5017 bono,
586 4951 767 5005 nihilo
797 4957 990 5006 tamen
1021 4953 1211 5007 minus
1238 4954 1296 5007 in
1322 4970 1546 5008 summo
1570 4955 1722 5009 bono
1753 4957 2073 5027 appetendo

376 5040 729 5096 conveniunt
752 5058 969 5107 omnes,
994 5048 1165 5113 atque
1196 5043 1577 5098 consentiunt.
1604 5044 1727 5108 Quo
1759 5045 1824 5100 fit
1847 5050 1908 5100 ut
1927 5062 2076 5101 unus

377 5145 569 5183 rerum
594 5130 667 5183 sit
680 5130 938 5185 omnium
968 5132 1099 5185 finis
1125 5133 1291 5199 Deus,
1315 5148 1443 5187 cum
1466 5133 1761 5189 beatitudo
1784 5151 2074 5190 summum

379 5217 621 5287 bonum,
656 5222 711 5271 et
739 5219 911 5287 Deus,
961 5220 1199 5273 nomina
1244 5219 1478 5290 quidem
1523 5219 1764 5287 diversa,
1806 5237 1895 5275 res
1941 5237 2074 5276 vero

377 5306 449 5361 sit
486 5323 621 5361 una.
655 5306 745 5362 Sic
788 5312 981 5362 autem
1035 5308 1225 5362 Boetio
1276 5308 1335 5362 in
1387 5314 1640 5364 mentem
1684 5314 1978 5364 revocatur
2018 5311 2076 5365 id

377 5396 530 5465 quod
557 5412 625 5449 ex
656 5396 839 5450 tribus
872 5402 1001 5451 ante
1051 5413 1109 5450 se
1157 5397 1443 5451 confessus
1484 5402 1568 5454 est
1605 5398 1890 5471 ignorare,
1938 5403 2077 5471 puta

383 5484 510 5554 quis
550 5500 744 5539 rerum
782 5486 914 5540 ﬁnis
946 5486 1017 5540 sit
1047 5485 1327 5540 omnium.

450 5573 708 5645 Avidum]
746 5576 1050 5645 Cupidum.

454 5662 792 5733 Stupentem]
827 5664 1144 5719 Mirantem.

2259 4511 2352 4566 Ad
2371 4510 2659 4583 imagines]
2690 4511 2771 4565 Ad
2802 4511 3018 4582 species
3044 4512 3349 4568 felicitatis.

2258 4601 2444 4669 Ipsam
2474 4598 2644 4669 illam]
2675 4600 2877 4654 Veram
2908 4599 3261 4655 felicitatem.

2254 4689 2384 4743 Sine
2423 4688 2778 4761 cunctatione]
2814 4689 3043 4760 Absque
3076 4706 3258 4745 mora.

2255 4776 2556 4849 Spectmen]
2584 4778 2940 4848 Exemplum,
2968 4778 3231 4846 formam,
3256 4778 3671 4849 probationem.

2666 4867 2736 4921 IN
2779 4868 3069 4922 METRUM
3108 4868 3399 4923 PRIMUM.

2256 4956 2499 5010 Carmen
2547 4960 2633 5009 est
2706 4956 3121 5026 ityphallicum,
3182 4957 3543 5027 dactylicum,
3606 4961 3845 5011 tetrante-

2184 5048 2359 5111 trum,
2393 5044 2788 5112 acatalectum,
2836 5051 3103 5100 constans
3144 5045 3329 5100 tribus
3356 5047 3593 5117 dactylis
3622 5050 3676 5099 et
3698 5040 3845 5115 pyrri-

2184 5133 2333 5187 chio.
2367 5133 2669 5188 Scanditur
2700 5142 2891 5190 autem
2922 5135 3028 5189 hoc
3054 5135 3223 5190 modo
3253 5152 3264 5189 :

2433 5221 2532 5279 Qui
2572 5236 2707 5284 sere,
2741 5223 3081 5286 ringenuum,
3111 5224 3272 5283 volet,
3300 5238 3507 5288 agrum.

2183 5310 2560 5365 Terentianus
2608 5312 2718 5366 hoc
2794 5313 2960 5366 metri
3007 5329 3188 5384 genus
3229 5314 3545 5384 phaliscnm
3592 5309 3841 5367 nominat.

2187 5415 2317 5454 cum
2349 5401 2430 5454 ait
2460 5417 2473 5455 :

2341 5488 2482 5537 Talia
2509 5489 2651 5537 dicta
2681 5489 2914 5551 phalisca
2943 5490 3186 5555 legimus.

2185 5579 2440 5642 Quatuor
2494 5583 2685 5634 autem
2748 5579 3254 5646 similitudinibus,
3336 5582 3623 5651 eleganter
3672 5574 3845 5647 probat

2187 5667 2345 5737 prius
2384 5668 2537 5723 falsae
2593 5668 2965 5724 beatitudinis
3018 5671 3265 5739 speciem
3316 5669 3500 5723 verbis
3551 5682 3665 5720 esse
3720 5660 3844 5717 desi-
