4054 6184
215 279 306 332 993
1452 272 1849 329 MURMELLII
1893 272 2418 329 COMMENTAHIA.

215 412 499 484 gnandam,
550 413 613 464 ut
642 412 841 479 postea
886 424 1035 463 vere
1068 408 1251 465 forma
1299 408 1659 463 commodius
1710 409 1887 479 possit
1928 408 1971 461 A

215 517 446 557 82110501.

281 518 446 555 DOSCI.

246 518 369 657 gQui
396 588 587 659 serere]
624 586 786 642 Prius
830 586 1063 659 (inquit)
1111 588 1299 643 noxias
1334 588 1527 642 herbas
1560 592 1617 642 et
1650 587 1882 643 frutices

213 677 542 749 sxstirpandi
572 680 725 743 sunt,
760 692 933 748 quam
953 678 1173 733 semina
1188 676 1382 733 telluri
1411 677 1710 733 credenda.
1738 678 1881 732 Fau-

213 776 317 825 stus
344 766 686 821 Andrelinus
717 782 730 819 :

321 872 548 923 Pessima
578 871 803 934 sollicito
829 870 1073 934 vellenda
1093 874 1174 934 est
1203 871 1363 921 herba
1389 871 1603 934 colono,

377 934 451 984 Ne
480 939 661 998 pereat
690 933 803 983 sola
833 933 1063 997 plurimo
1093 933 1211 983 labe
1241 948 1405 997 seges.

215 1036 363 1091 Divus
391 1034 769 1105 Hieronymus
802 1048 815 1087 :
849 1034 998 1103 Ager
1029 1032 1292 1104 spinosus
1335 1034 1445 1088 nisi
1477 1038 1607 1088 ante
1647 1033 1883 1089 cultoris

216 1126 386 1179 labore
433 1123 609 1177 fuerit
665 1122 1026 1194 exstirpatus,
1075 1138 1195 1177 non
1232 1122 1418 1179 nutrit
1446 1123 1502 1177 in
1533 1140 1590 1177 se
1616 1124 1768 1194 jacta
1794 1139 1880 1179 se-

213 1214 367 1280 mina,
400 1212 506 1267 sed
538 1212 797 1266 suﬂ'ocat.

273 1302 465 1371 Serere]
489 1300 814 1356 Seminibus
843 1300 1101 1373 implere.

273 1390 576 1459 Ingenuum]
614 1390 878 1444 Fertilem
894 1430 907 1444 .

276 1479 594 1548 F‘ruticibus]
644 1479 898 1533 Frutices
945 1478 1117 1533 medii
1166 1483 1299 1533 sunt
1344 1478 1494 1533 inter
1538 1478 1774 1533 arbores
1827 1484 1884 1534 et

210 1569 407 1623 herbas.
443 1569 584 1621 Nam
631 1572 689 1622 et
728 1566 982 1622 minores
1014 1567 1318 1624 arboribus
1356 1573 1511 1637 sunt,
1552 1584 1656 1623 nec
1688 1569 1879 1623 hieme

215 1661 265 1712 ut
297 1655 475 1710 herbas
518 1659 802 1709 arescunt.

266 1742 484 1815 Filicem]
536 1743 684 1799 Filix
739 1742 918 1797 herba
959 1748 1043 1798 est
1085 1744 1256 1814 vulgo
1312 1748 1466 1808 nota,
1524 1746 1703 1816 segeti
1752 1762 1880 1801 cum

206 1834 381 1906 primis
409 1832 600 1887 noxia.
632 1831 895 1886 Horatius
931 1848 943 1885 :

315 1922 567 1985 Neglectis
598 1920 803 1971 urenda
831 1919 941 1968 ﬁlix
965 1921 1261 1971 innascitur
1286 1923 1443 1985 agris.

269 2002 428 2074 Ceres]
476 2003 673 2073 Seges.
730 2003 794 2056 Et
834 2002 1071 2055 licenter
1114 2003 1207 2057 hic
1247 2003 1509 2058 ultimam
1560 2004 1881 2075 corripuit:

214 2098 267 2145 ut
305 2092 558 2145 Horatius
591 2091 653 2144 in
696 2092 829 2145 Arte
860 2091 1100 2161 poetica,
1150 2092 1335 2163 palus,
1373 2097 1455 2148 est
1488 2093 1642 2148 enim
1679 2100 1885 2150 natura

216 2182 363 2251 longa
393 2196 405 2234 :
439 2179 638 2250 Virgil.

317 2286 462 2335 Flava
492 2286 654 2335 Ceres
685 2286 791 2334 alto
822 2286 1145 2350 nequiquam
1174 2290 1374 2350 spectat
1403 2287 1644 2352 Olympo.

216 2388 436 2441 Fortasse
469 2384 702 2440 Boetius
733 2384 1010 2456 scriptum
1046 2386 1280 2457 reliquit
1332 2402 1513 2457 seges,
1542 2404 1671 2442 cum
1710 2404 1772 2441 ex
1804 2389 1883 2442 al-

215 2481 315 2529 tera
336 2475 577 2529 dictione
616 2474 675 2528 in
710 2475 948 2528 alteram
993 2474 1171 2528 facilis
1202 2475 1273 2528 sit
1303 2476 1630 2547 prolapsus.
1668 2477 1761 2531 Est
1795 2493 1889 2531 au-

215 2569 311 2618 tem
350 2564 477 2618 ordo
514 2580 526 2618 :
567 2565 640 2619 Ut
672 2579 821 2618 nova
866 2564 1031 2618 Ceres
1064 2568 1173 2632 cat,
1223 2564 1276 2618 id
1310 2568 1393 2618 est
1422 2566 1720 2635 proveniat
1752 2582 1888 2636 gra-

218 2654 303 2721 vis,
346 2654 395 2708 id
428 2658 507 2707 est
536 2654 715 2725 plena
749 2652 931 2723 fruge.
984 2653 1153 2707 Ceres
1186 2652 1337 2708 dicta
1372 2658 1457 2709 est
1505 2654 1737 2726 frugum
1779 2656 1884 2711 dea

218 2748 462 2814 tanquam
496 2759 687 2813 geres,
725 2743 913 2814 prima
935 2742 1119 2798 littera
1148 2746 1387 2798 mutata.

276 2835 464 2902 Apium
495 2830 679 2903 labor]
716 2832 840 2887 Mel.

275 2922 433 2990 Mage]
464 2920 677 2992 Magis.

3589 280 3693 333 994

2123 408 2371 457 Constitit
2388 412 2440 458 et
2468 408 2647 471 Libyas
2673 407 2854 459 deﬁxit
2878 409 3080 459 lumina
3106 412 3299 473 regnis.

2062 488 2401 560 Mortalium]
2438 490 2766 544 Hominum.

2062 580 2450 648 Multiplicium
2474 578 2800 647 studiorum]
2828 578 3124 633 Terentius
3158 596 3170 632 :

2367 667 2507 724 Quot
2534 666 2795 727 homines,
2833 671 2909 716 tot
2938 667 3214 717 sententiis
3249 682 3261 716 :

2366 729 2503 779 Suus
2529 729 2718 793 cuique
2743 744 2858 779 mos
2888 734 2984 779 est.

1992 810 2219 865 Persius
2253 826 2264 863 :

2113 898 2254 962 Milia
2278 898 2556 947 hominum
2586 899 2801 962 species,
2838 903 2890 949 et
2920 912 3095 948 rerum
3127 898 3355 948 discolor
3387 913 3530 949 usus.

2116 959 2259 1009 Velle
2286 974 2441 1010 suum
2477 959 2666 1024 cuique
2700 966 2793 1021 est,
2828 976 2924 1011 nec
2952 967 3075 1011 voto
3104 962 3299 1011 vivitur
3322 974 3449 1011 uno.

1990 1040 2259 1097 Horatius
2282 1040 2339 1095 in
2369 1042 2743 1097 Sermonibus
2779 1060 2789 1097 :

2116 1130 2299 1195 Castor
2322 1131 2516 1194 gaudet
2535 1132 2703 1195 equis,
2728 1144 2827 1180 ovo
2848 1130 3362 1195 iprognatusieodem

2114 1193 2358 1304 ῧῗῆἓεε
2391 1197 2521 1258 quot
2552 1193 2783 1257 capitum
2807 1193 3013 1257 vivunt,
3043 1194 3259 1243 totidem
3292 1194 3590 1243 studiorum

2169 1270 2295 1304 una.

1991 1335 2147 1390 Idem
2194 1336 2441 1407 primam
2472 1337 2732 1392 omnium
2763 1337 2930 1391 odam
2962 1337 3134 1408 hujus
3169 1342 3509 1408 argumento
3542 1354 3682 1390 sen-

1988 1425 2181 1479 tentiae
2214 1426 2568 1496 conscripsit,
2619 1427 2755 1480 aliis
2786 1427 2985 1480 studiis
3036 1426 3178 1481 alios
3207 1426 3357 1492 duci,
3413 1426 3535 1480 aliis
3570 1426 3688 1481 alia

1992 1514 2151 1569 cordi
2182 1531 2323 1568 esse.
2358 1515 2659 1586 Euripides
2691 1517 2749 1569 in
2774 1516 3078 1587 Hippolyto
3109 1516 3392 1572 Coronato
3427 1534 3439 1570 :

2114 1601 2241 1649 Aliis
2267 1601 2369 1650 alia
2397 1601 2625 1665 placent.

1924 1713 1963 1765 Β
1994 1682 2271 1736 Homerus
2306 1682 2361 1736 in
2386 1682 2634 1753 Odyssea
2668 1699 2680 1735 :

2119 1772 2355 1834 Namque
2391 1770 2507 1819 aliis
2526 1771 2643 1820 aliae
2676 1784 2759 1819 res
2789 1770 3126 1833 arridentque
3152 1770 3485 1833 placentque.

1996 1852 2213 1906 Plinius
2243 1852 2447 1906 Junior
2481 1869 2493 1906 :
2530 1852 2695 1907 Varia
2738 1856 2871 1906 sunt
2900 1852 3204 1906 hominum
3230 1852 3465 1922 judicia,
3514 1850 3684 1905 varia:

1994 1941 2337 1996 voluntates.
2392 1943 2756 1996 Hermannus
2805 1940 3078 1996 Buschius
3130 1940 3453 2012 Pasiphilus
3502 1946 3701 1995 noster

1997 2030 2215 2085 amicus
2250 2047 2263 2084 :

2120 2138 2248 2186 Nam
2275 2136 2551 2185 hominum
2584 2149 2680 2198 par
2708 2139 2787 2198 est
2816 2134 3069 2190 studium.
3096 2148 3205 2183 non
3232 2148 3339 2184 una
3369 2134 3633 2194 voluntas,

2180 2200 2243 2247 Et
2272 2199 2466 2247 fruitur
2488 2197 2612 2248 voto
2643 2197 2863 2261 quilibet
2893 2211 3058 2260 usque
3090 2211 3203 2245 suo.

2067 2280 2173 2336 Sed
2199 2280 2271 2333 ad
2299 2295 2465 2333 unum
2504 2286 2680 2333 tamen
2713 2278 3072 2332 beatitudinis
3094 2281 3254 2346 ﬁnem
3283 2280 3482 2331 nititur
3504 2292 3698 2346 perve-

1996 2368 2134 2441 nire]
2166 2369 2336 2423 Divus
2362 2368 2631 2423 Aurelius
2658 2368 3013 2438 Augustinus
3042 2367 3188 2421 libro
3219 2367 3287 2420 de
3313 2366 3556 2421 Civitate
3588 2366 3685 2421 Dei

1998 2459 2239 2526 decimo,
2280 2457 2463 2528 capite
2492 2458 2680 2527 primo
2713 2473 2724 2509 :
2761 2456 3032 2511 Omnium
3069 2461 3223 2510 certa
3263 2456 3552 2510 sententia
3591 2460 3694 2523 est,

1999 2548 2099 2619 qui
2149 2547 2369 2601 ratione
2416 2562 2649 2616 quoquo
2701 2546 2870 2599 modo
2919 2546 3001 2599 uti
3033 2551 3291 2616 possunt,
3324 2545 3527 2599 beatos
3576 2560 3697 2598 esse

1998 2653 2195 2693 omnes
2223 2636 2483 2690 homines
2504 2636 2668 2689 velle.
2694 2635 2802 2699 Qui
2834 2640 3023 2689 autem
3056 2635 3189 2703 sint,
3222 2636 3307 2688 vel
3346 2635 3497 2689 unde
3532 2634 3698 2702 fiant,

1998 2727 2134 2780 dum
2162 2724 2489 2778 mortalium
2521 2723 2729 2793 quaerit
2761 2723 3086 2789 intirmitas,
3126 2724 3323 2776 multa:
3352 2737 3696 2792 magnaeque

1998 2812 2398 2869 controversiae
2428 2812 2721 2866 concitatas
2745 2816 2896 2878 sunt,
2919 2812 2979 2865 in
3003 2813 3212 2882 quibus
3240 2811 3568 2881 philosophi
3595 2827 3698 2865 sua

1999 2902 2185 2959 studia
2242 2906 2297 2955 et
2350 2901 2465 2955 otia
2523 2902 2934 2955 contriverunt.
2967 2902 3259 2969 ,Ilactenus
3320 2900 3693 2971 Augustinus.

277 2988 439 3066 Maius
464 2988 670 3084 vsap'or]
719 3010 1077 3065 Amaritudo.
1116 3011 1205 3066 Sic
1255 3012 1633 3083 Hieronymus
1667 3028 1679 3065 :
1712 3014 1884 3067 Ama-
1926 2997 1965 3052 (ἶ
1995 2997 2105 3049 N03
2135 2995 2328 3084 autem
2368 2990 2606 3084 ιῙ-ιξνθηίδ
2636 2988 3096 3084 quéndamfatis
3130 2989 3241 3043 δυά
3257 3005 3400 3084 δέθεν
3431 2988 3583 3084 hanc
3611 2990 3695 3084 _]°'

218 3102 383 3155 ritudo
413 3100 726 3172 praeeuntis
749 3101 982 3171 doloris,
1007 3101 1373 3157 commendat
1404 3102 1650 3174 amplius
1679 3104 1887 3174 gaudia

220 3196 469 3246 secutura.
506 3190 859 3246 Claudianus
895 3207 906 3244 ε

439 3297 764 3361 Semperque
792 3297 1021 3361 vicissim

327 3360 513 3409 Gaudia
538 3359 802 3423 praemissi
820 3360 1107 3423 cumulant
1138 3360 1355 3423 inopina
1381 3359 1609 3421 dolores,

325 3422 663 3472 Commendat
695 3422 961 3485 placidum
994 3423 1155 3471 maris
1186 3422 1525 3474 inclementia
1554 3426 1790 3488 portum.

282 3521 429 3589 Edat]
463 3520 734 3588 Mordeat,
758 3520 1001 3575 'cruciet.

282 3609 463 3683 Astra]
484 3611 699 3667 Stellae.

289 3698 402 3770 Ubi]
436 3702 770 3771 Postquam.

282 3788 457 3859 Notus]
479 3792 709 3844 Auster.

284 3877 600 3949 lmbriferos]
637 3877 885 3931 Imhrem
920 3876 1238 3931 afferentes.

289 3966 365 4036 Ut]
397 3969 730 4038 Postquam.

283 4056 475 4128 Roseus]
512 4055 886 4111 Hubicundos
915 4055 986 4109 ob
1018 4070 1306 4110 auroram.

283 4142 427 4215 Agit]
468 4143 756 4199 Producit.

288 4231 469 4303 Tuens]
501 4232 764 4287 Intuens.

284 4322 425 4391 Jugo]
453 4320 751 4377 Servituti.

284 4410 575 4483 Retrahere]
609 4410 956 4465 Subducere.

292 4500 438 4569 Vera]
468 4499 726 4555 Subaudi
752 4498 923 4552 bona.

288 4589 531 4660 Subierit]
563 4588 874 4644 Subibunt.

809 4696 881 4749 IN
915 4694 1191 4749 PROSAM
1228 4695 1295 4748 II.

294 4787 449 4840 Docet
497 4791 702 4841 natura
760 4785 1026 4839 mortales
1080 4799 1280 4838 omnes
1340 4798 1632 4837 summum
1683 4781 1901 4837 bonum

231 4878 420 4941 petere,
453 4880 510 4931 et
537 4874 959 4930 beatitudinem
990 4873 1193 4929 sectari
1224 4872 1329 4927 viis
1359 4872 1595 4944 quidem
1636 4872 1898 4939 diversis,

230 4977 392 5034 eoque
421 4964 586 5019 variis
620 4963 909 5018 erroribus
948 4963 1018 5017 ab
1067 4962 1166 5017 illa
1193 4963 1440 5033 turpiter
1479 4962 1702 5031 abduci,
1727 4962 1736 5032 ξ
1763 4962 1901 5017 dum

232 5049 282 5103 in
308 5052 528 5121 divitiis,
570 5052 970 5124 dignitatibus,
1011 5052 1223 5123 regnis,
1276 5052 1460 5122 gloria
1507 5056 1563 5106 et
1594 5051 1899 5124 voluptati-

232 5138 323 5195 bus
354 5141 675 5198 felicitatem
719 5158 777 5198 se
828 5142 1136 5214 adepturos
1184 5141 1516 5213 opinantur,
1569 5141 1725 5213 quod
1777 5142 1899 5196 ﬁeri

233 5229 449 5286 minime
490 5237 695 5303 potest.

298 5321 440 5391 Tum]
473 5322 705 5377 Deinde.

192 5418 195 5419 '
294 5410 485 5479 Deﬁazo]
539 5410 816 5481 Exprimit
847 5411 1073 5479 gestum
1120 5406 1374 5462 hominis
1412 5423 1536 5462 rem
1568 5408 1901 5479 quampiam

236 5498 567 5565 penitissima
599 5498 983 5571 speculatione
1015 5497 1369 5553 meditantis.

303 5588 493 5658 Deﬁxo]
540 5590 816 5660 Demisso,
868 5592 923 5645 et
970 5588 1028 5642 in
1068 5586 1335 5643 eumdem
1383 5587 1573 5643 locum
1622 5587 1899 5657 conjecto.

238 5672 505 5746 Virgilius.

1994 3097 2124 3137 cum
2165 3078 2457 3134 versiculis
2506 3079 2888 3150 expressimus
2922 3078 3068 3133 libro
3119 3079 3429 3134 moralium
3464 3078 3695 3147 Elegia—

1995 3187 2124 3227 rum
2151 3172 2373 3241 quarto,
2410 3184 2552 3239 quos
2582 3168 2673 3222 hic
2703 3184 2991 3239 apponere
3022 3168 3252 3223 libitum
3284 3174 3368 3238 est
3396 3185 3408 3223 :

2122 3277 2269 3327 Clare
2300 3275 2620 3334 Modersoni,
2649 3275 2739 3338 qui
2765 3275 3152 3325 consuetudine
3183 3275 3324 3324 dulci

2187 3340 2352 3387 Docta
2380 3338 2537 3385 simul
2566 3337 2774 3387 mecum
2807 3337 3000 3387 cudere
3030 3338 3194 3387 verba
3214 3338 3352 3387 soles
3381 3351 3392 3385 :

2123 3401 2323 3460 Cernis,
2356 3404 2416 3449 ut
2445 3400 2508 3448 ad
2543 3400 2701 3449 ﬁnem
2734 3400 2912 3448 cuncti
2938 3401 3315 3449 contendimus
3343 3412 3511 3449 unum

2195 3464 2364 3521 Quam
2395 3462 2556 3511 variis
2583 3462 2705 3510 vitas
2737 3462 3049 3525 consiliique
3083 3463 3198 3512 viis.

2124 3526 2218 3575 Hic
2250 3525 2419 3573 inhiat
2447 3525 2606 3587 gazis,
2634 3528 2885 3587 congesto
2912 3538 3111 3587 pauper
3134 3526 3189 3574 in
3221 3538 3369 3581 auro,

2190 3588 2503 3649 Divitiisque
2533 3591 2685 3650 putat
2714 3587 2986 3650 pulchrius
3017 3601 3129 3636 esse
3156 3588 3308 3637 nihil.

2124 3650 2218 3699 Ille
2250 3650 2351 3698 sibi
2382 3649 2768 3712 magn’ospetit
2797 3650 3111 3712 ambitiosus
3140 3650 3395 3709 honores,

2187 3713 2229 3761 A
2263 3711 2655 3760 venerabundis
2685 3711 2881 3772 gaudet
2900 3712 3097 3773 ubique
3128 3712 3248 3761 coli.

2124 3774 2261 3837 Sunt
2289 3774 2483 3837 quibus
2516 3786 2630 3837 esse
2662 3772 2869 3837 bonum,
2891 3772 3145 3837 praeclara
3175 3774 3411 3837 potentia
3440 3772 3554 3823 visa
3587 3774 3699 3831 est,

2190 3834 2332 3891 Quos
2358 3835 2509 3898 juvat
2539 3834 2834 3883 innumeris
2860 3834 3159 3898 imperitare
3178 3834 3316 3885 'viris
3348 3851 3360 3884 :

2190 3850 2332 3891 quos
2358 3850 2509 3943 JIUVBI.
2539 3850 2834 3883 innumeris
2860 3850 3159 3898 llllpel‘ltal‘e
3190 3851 3312 3885 vms

2127 3898 2275 3961 Hiise
2306 3910 2364 3961 ve
2408 3909 2556 3957 reges
2589 3900 2790 3961 optant,
2822 3897 2907 3961 vel
2939 3898 3148 3961 regibus
3170 3899 3312 3953 addi,

2189 3959 2445 4007 Omnibus
2474 3961 2531 4023 et
2550 3958 2691 4023 votis
2716 3958 3132 4023 plurimarp'osse
3161 3966 3361 4023 petunt.

2127 4020 2264 4069 Sunt
2300 4034 2435 4083 quos
2457 4020 2634 4068 dilatas
2665 4020 2891 4083 delectat
2924 4020 3092 4083 gloria
3116 4020 3289 4079 famae,

2190 4083 2253 4131 Hi
2291 4082 2495 4131 clarant
2520 4095 2717 4130 nomen
2742 4082 2975 4132 qualibet
3006 4087 3112 4130 arte
3145 4098 3319 4132 suum.

2128 4144 2371 4208 Implicat
2396 4144 2659 4208 illecebris
2687 4144 3158 4208 fallaxgplerosque
3188 4146 3453 4208 voluptas.

2193 4160 2202 4193 I
2248 4160 2371 4193 ιιοᾶι
2396 4160 2659 4192 ιιιθουοτιε
2687 4160 2846 4191 ωιιθχ
2881 4160 3158 4207 plerosque
3188 4161 3209 4193 ἲ

2193 4160 2484 4270 (guinimio
2520 4206 2694 4270 studio
2720 4206 2969 4270 deliciosa
2998 4212 3209 4270 petunt.

2132 4270 2260 4333 Pars
2290 4268 2565 4333 hominum
2597 4268 2803 4327 ﬂorent,
2831 4265 3029 4333 quibus
3054 4272 3133 4317 est
3158 4269 3414 4333 sapientia
3443 4265 3608 4325 cordi,

2193 4332 2257 4380 Et
2281 4332 2370 4393 qui
2400 4344 2456 4379 se
2485 4344 2658 4379 rerum
2688 4330 2989 4393 cognitione
3018 4332 3194 4380 beant.

2132 4394 2385 4445 Nonnulli
2412 4398 2664 4456 tanquam
2700 4393 2855 4441 ﬁnem
2881 4398 3153 4456 sectantur
3181 4394 3483 4456 honestum,

2196 4458 2295 4505 Pro
2320 4455 2734 4505 virtute’uuibus
2764 4456 2846 4505 vix
2879 4455 3035 4505 datur
3060 4456 3248 4505 umbra
3275 4455 3422 4504 boni.

2136 4519 2267 4568 Nam
2297 4518 2422 4567 dum
2450 4517 2736 4581 prudentes
2766 4532 2858 4581 per
2884 4531 2938 4566 se
2963 4518 3197 4581 justique
3225 4517 3391 4566 videri

2199 4582 2488 4641 Conantur,
2521 4584 2763 4644 pereunt,
2786 4594 2999 4643 praeque
3025 4586 3231 4630 tumore
3261 4584 3493 4643 crepant.

2136 4643 2235 4692 Hic
2266 4647 2405 4692 certe
2435 4643 2593 4691 nemo
2620 4643 2823 4692 dicetur
2848 4643 2967 4705 jure
3001 4644 3205 4692 beatus.

2197 4705 2256 4753 In
2283 4706 2401 4754 coeli
2428 4719 2694 4753 summum
2728 4709 3002 4768 permanet
3030 4719 3147 4754 arce
3173 4706 3394 4755 bonum.

2134 4767 2270 4816 Illud
2300 4768 2356 4816 in
2386 4770 2584 4817 aeterna

2201 4832 2313 4893 Ipse
2344 4830 2425 4878 vel
2456 4829 2734 4893 exundans
2764 4829 2883 4893 fons
2908 4829 3145 4879 bonitate
3176 4830 3333 4881 Deus.

2136 4891 2265 4940 Illuc
2290 4893 2511 4955 justitiee
2543 4891 2793 4955 gradibus
2824 4892 3056 4955 nitamur
3086 4893 3272 4941 amice.

2197 4953 2302 5013 Qui
2324 4954 2516 5003 fruitur
2547 4954 2656 5015 tali,
2688 4954 2764 5001 nil
2794 4954 2938 5017 cupit
2962 4953 3070 5013 ille,
3102 4956 3263 5006 bono.

2080 5050 2163 5121 Id]
2199 5052 2247 5105 Is
2274 5051 2405 5105 ﬁnis
2436 5051 2825 5107 beatitudinis.

2084 5141 2233 5208 Quis]
2270 5141 2512 5212 Aliquis.

2084 5229 2318 5303 Adepto]
2356 5232 2720 5301 Comparato.

2083 5318 2327 5392 Abforet]
2369 5321 2619 5374 Deesset.

2084 5408 2301 5479 Liquet]
2348 5409 2597 5477 Constat,
2631 5408 2998 5480 perspicuum
3034 5414 3137 5463 est.

2086 5499 2483 5553 Beatitudinem
2509 5498 2746 5571 _statum]
2782 5498 2967 5568 ]Ponit
3014 5495 3385 5551 beatitudinis
3419 5495 3708 5551 deﬁnitio-

2014 5603 2148 5641 nem
2180 5587 2509 5657 hujusmodi
2543 5605 2555 5641 :
2608 5586 2905 5642 Beatitudo
2938 5591 3039 5655 Qest
3066 5588 3244 5639 status
3275 5585 3562 5640 bonorum
3594 5602 3712 5641 om-

2015 5678 2178 5732 nium
2210 5678 2616 5749 aggregatione
2646 5676 2948 5749 perfectus.
2982 5673 3337 5746 Speusippus
3367 5673 3428 5729 in
3460 5673 3607 5729 libro
3640 5675 3710 5731 de

2649 4782 2714 4816 ax
2744 4771 2823 4830 est
2852 4768 2927 4828 (ut
2951 4768 3141 4830 sentio)
3168 4768 3292 4827 vita,
