4054 6184
418 248 525 299 995

1151 246 1500 301 APPENDIX
1542 246 1632 300 AD
1673 245 1920 303 LIBROS
1958 247 2050 304 DE
2090 248 2608 309 CONSOLATIONE
2648 252 3152 311 PHILOSOPHUS.

3804 264 3897 317 996

421 382 673 436 Platonis
706 380 1146 434 Delinitionibus
1198 381 1318 432 hmc
1353 380 1525 433 tradit
1554 380 1686 434 huic
1716 381 1860 434 bene
1902 396 2114 434 conve-
2153 384 2198 436 A
2299 385 2437 439 Sunt
2476 389 2573 455 qui
2623 385 2812 459 etiam]
2850 388 3062 443 Sensus
3092 394 3177 443 est
3209 406 3222 443 :
3256 390 3400 444 Sunt
3419 390 3511 462 qui
3549 393 3700 462 quod
3734 410 3797 447 ex
3818 395 3897 448 his

421 472 640 525 nientia
672 485 683 523 :
721 468 1016 522 Beatitudo
1048 473 1130 521 est
1170 468 1383 522 bonum
1430 485 1495 522 ex
1535 469 1701 522 bonis
1732 470 2001 524 omnibus
2027 486 2117 524 ac-

418 560 793 621 cumulatum,
846 562 1095 629 potestas
1144 558 1213 611 ad
1250 559 1391 611 bene
1423 558 1729 613 vivendum
1756 576 1814 613 se
1848 560 1972 630 ipsa
2002 560 2116 614 suf-

420 650 635 714 ﬁciens,
670 647 940 719 perfectio
973 647 1284 701 secundum
1334 647 1625 715 virtutem,
1672 650 1959 704 sufficiens
1987 649 2119 704 vitm

418 736 814 790 commoditas.
854 734 1150 789 Beatitudo
1191 738 1246 787 et
1289 734 1532 788 beatitas
1574 734 1629 787 in
1659 735 1858 789 eodem
1899 736 2118 806 signiti-

418 832 544 880 catu
601 824 888 878 dicuntur.
943 822 1203 878 Ciceroni
1242 839 1375 878 vero
1405 828 1716 894 utrumque
1746 825 1982 881 omnino
2018 825 2119 879 du-

419 931 549 969 rum
583 914 764 968 visum
797 918 881 967 est
909 913 1266 980 vocabulum,
1302 912 1400 967 sed
1428 928 1533 966 usu
1566 914 1965 968 molliendum.
2000 914 2116 969 Au-

417 1003 682 1074 gustinus
707 1002 871 1056 'libro
904 1002 973 1055 de
1007 1002 1245 1056 Civitate
1274 1002 1378 1056 Dei
1409 1003 1631 1073 quinto,
1665 1003 1849 1074 capite
1878 1003 2067 1074 primo
2101 1018 2114 1055 :

417 1093 702 1157 Quoniam
732 1096 956 1145 constat
987 1090 1249 1144 omnium
1282 1107 1477 1145 rerum
1509 1092 1894 1161 optandarum
1928 1091 2114 1161 pleni-

414 1182 673 1237 tudinem
725 1198 842 1234 esse
892 1180 1245 1234 felicitatem.
1299 1180 1517 1245 Quibus
1548 1198 1617 1234 ex
1648 1182 1840 1235 verbis
1871 1180 2118 1233 sumitur

414 1273 537 1326 haec
560 1271 764 1325 finitio.
810 1270 1078 1323 Felicitas
1111 1275 1195 1323 est
1217 1271 1478 1324 omnium
1512 1287 1702 1324 rerum
1736 1270 2116 1341 optandarum

414 1360 735 1430 plenitudo.
775 1359 1077 1428 Philippus
1130 1359 1439 1413 Beroaldus
1475 1376 1486 1414 :
1522 1360 1721 1429 Magna
1758 1376 1848 1412 res
1901 1363 1985 1413 est
2012 1358 2118 1413 viri

415 1447 786 1513 ornatissimi,
816 1451 873 1501 et
902 1447 1171 1501 omnibus
1203 1448 1362 1502 horis
1402 1447 1664 1501 omnium
1698 1449 1839 1501 votis
1869 1447 2117 1517 expetita

412 1538 682 1604 felicitas;
744 1537 856 1590 huc
901 1536 1147 1590 tendunt
1201 1542 1535 1590 cunctorum
1580 1542 1711 1589 vota
1763 1536 2113 1603 mortalium,

414 1625 537 1679 haec
568 1630 652 1678 est
686 1641 911 1678 summa
944 1641 1137 1678 rerum
1170 1625 1655 1694 expetendarum;
1702 1624 1973 1677 felicitate
2003 1628 2115 1678 ter-

413 1715 708 1767 minantur
736 1719 930 1765 nostra
979 1712 1282 1774 desideria,
1319 1714 1425 1766 Cui
1472 1713 1713 1766 felicitas
1764 1713 1940 1778 adest,
1976 1712 2110 1767 huic

411 1801 558 1854 nihil
629 1816 867 1869 prorsus
927 1800 1106 1855 deest.
1170 1801 1545 1855 Inveniuntur
1618 1802 1719 1872 qui
1769 1818 1946 1871 regna
1993 1817 2111 1855 non

415 1895 639 1959 optent,
674 1889 772 1958 qui
812 1904 946 1941 vero
971 1888 1298 1942 felicitatem
1330 1891 1610 1960 repudiet,
1653 1892 1844 1944 nullus
1878 1890 2106 1945 existit:

414 1995 585 2033 nemo
617 1980 769 2032 enim
799 1994 917 2031 non
946 1978 1079 2031 felix
1112 1995 1231 2031 esse
1262 1980 1405 2043 vult,
1439 1996 1608 2033 nemo
1640 1997 1757 2034 non
1778 1980 2109 2035 felicitatem

411 2083 703 2121 summum
733 2068 1017 2120 bonorum
1052 2083 1173 2121 esse
1205 2070 1506 2122 consentit.
1543 2070 1735 2124 Cicero
1764 2070 1825 2123 in
1856 2087 1885 2123 v
1914 2070 1982 2123 de
2020 2070 2108 2123 Fi-

410 2157 617 2211 nibus:
653 2157 821 2210 Beate
855 2156 1008 2209 enim
1042 2157 1271 2211 vivendi
1313 2158 1624 2227 cupiditate
1663 2158 1881 2212 incensi
1910 2174 2109 2212 omnes

409 2262 627 2300 sumus.
664 2246 835 2299 Divus
866 2247 1225 2315 Augustinus
1256 2246 1353 2299 lib.
1378 2247 1448 2301 de
1481 2248 1720 2301 Civitate
1748 2247 1846 2301 Dei
1879 2253 2104 2317 quarto,

410 2337 596 2406 capite
628 2338 693 2388 '23
729 2351 742 2388 :
780 2336 974 2388 Potior
1027 2341 1113 2388 est
1167 2336 1409 2389 felicitas
1467 2353 1666 2403 regno.
1721 2338 1901 2390 Nemo
1950 2337 2105 2390 enim

407 2426 632 2480 dubitat
662 2425 824 2477 facile
858 2423 1107 2477 inveniri
1160 2424 1477 2491 hominem,
1527 2426 1627 2495 qui
1658 2441 1715 2478 se
1746 2425 1946 2479 timeat
1974 2425 2103 2479 fieri

407 2529 625 2584 regem.
662 2513 862 2568 Nullus
896 2519 1089 2567 autem
1119 2513 1414 2567 invenitur
1458 2514 1560 2583 qui
1603 2530 1658 2567 se
1690 2514 1835 2568 nolit
1865 2531 1987 2568 esse
2014 2515 2104 2583 ,fe-

410 2604 601 2657 licem.

478 2692 826 2750 Naturaliler
856 2690 1085 2763 inserta]
1130 2695 1237 2746 Per
1266 2695 1527 2746 naturam
1563 2708 1660 2746 seu
1694 2709 1727 2746 a
1765 2697 1971 2747 natura
2011 2694 2106 2747 in—

407 2783 533 2836 sita.
591 2784 803 2837 Natura
837 2781 923 2852 (ut
972 2782 1049 2836 ait
1098 2782 1291 2835 Cicero
1329 2783 1780 2837 Tusculanarum
1829 2782 2103 2847 Quaestio-

407 2889 547 2926 num
604 2873 749 2926 libro
800 2871 990 2941 tertio)
1044 2872 1307 2942 parvulos
1373 2873 1539 2925 nobis
1596 2872 1752 2926 dedit
1797 2871 2100 2940 igniculos,

406 2976 547 3031 quos
578 2959 841 3013 celeriter
872 2960 1039 3013 malis
1071 2960 1330 3013 moribus
1372 2959 1862 3030 opinionibusque
1898 2960 2102 3029 depra-

404 3050 545 3103 vatis
600 3050 677 3102 sic
707 3048 1145 3119 exstinguimus,
1182 3053 1246 3102 ut
1296 3064 1581 3119 nusquam
1638 3054 1857 3103 naturas
1904 3048 2101 3103 lumen

408 3143 700 3209 appareat.
733 3138 875 3192 Sunt
910 3136 1064 3191 enim
1098 3137 1345 3207 ingeniis
1391 3138 1599 3193 nostris
1648 3138 1869 3192 semina
1899 3137 2096 3192 innata

408 3226 708 3293 virtutum,
738 3242 863 3295 qum
894 3226 936 3278 si
969 3225 1295 3278 adolescere
1326 3224 1541 3291 liceret,
1576 3225 1701 3294 ipsa
1734 3242 1838 3278 nos
1863 3225 1935 3279 ad
1961 3226 2096 3279 bea-

406 3320 525 3369 tam
555 3315 734 3369 vitam
766 3319 972 3368 natura
1017 3314 1372 3383 perduceret.
1401 3316 1559 3368 Nunc
1588 3320 1779 3367 autem
1811 3314 1984 3367 simul
2018 3318 2101 3367 at-

403 3419 515 3473 que
549 3401 684 3456 editi
714 3401 772 3454 in
828 3402 1013 3455 lucem
1058 3401 1307 3470 suscepti
1355 3418 1574 3468 sumus,
1625 3401 1685 3455 in
1729 3402 1888 3456 omni
1918 3402 2100 3456 conti-

402 3507 518 3544 nuo
550 3490 832 3561 pravitate
894 3489 1033 3543 etin
1070 3505 1294 3542 summa
1343 3490 1684 3559 opinionum
1730 3491 2100 3561 perversitate

402 3594 713 3647 versamur,
749 3583 812 3633 ut
840 3594 985 3649 pene
1018 3593 1144 3630 cum
1174 3578 1314 3631 lacte
1338 3577 1575 3631 nutricis
1604 3594 1857 3633 errorem
1888 3580 2100 3633 suxisse

404 3669 725 3724 videamur.

474 3760 714 3826 Quorum
739 3756 954 3827 quidem
989 3754 1107 3827 alii]
1145 3756 1311 3810 Ponit
1345 3756 1564 3811 diversa
1594 3757 1652 3811 in
1693 3772 1917 3814 summo
1949 3758 2098 3812 bono

404 3847 715 3919 quaerendo
748 3845 1077 3899 mortalium
1110 3844 1314 3899 studia.

472 3933 749 4006 A/ﬂuant]
777 3935 1096 3989 Abundent.

473 4021 726 4097 Adeptis]
777 4023 1151 4095 Comparatis.
1208 4024 1250 4076 A
1300 4023 1471 4077 verbo
1519 4024 1826 4095 deponenti
1874 4022 2099 4094 partici-

399 4114 559 4186 pium
613 4113 889 4185 przeteriti
938 4111 1214 4182 temporis
1258 4110 1483 4182 passiva
1529 4111 1947 4183 signiﬁcatione
1999 4127 2097 4182 po-

401 4205 533 4258 suit.

461 4291 830 4362 Regnantibus
860 4288 1151 4361 adhaerere]
1169 4290 1381 4344 Seneca
1412 4288 1470 4343 in
1504 4291 1742 4345 Hercule
1772 4292 1944 4346 (Etan
1971 4305 1983 4343 :

712 4397 867 4460 Cupit
895 4396 983 4445 hic
1010 4396 1122 4460 regi
1151 4396 1425 4460 proximus
1455 4396 1555 4460 ipsi

710 4458 998 4521 Cia—rusque
1029 4458 1163 4507 altas
1192 4458 1267 4506 ire
1296 4472 1389 4520 per
1417 4458 1595 4506 urbes.

472 4577 735 4647 Claritas]
771 4575 1033 4631 Nominis
1082 4573 1400 4641 celebritas,
1433 4573 1597 4627 famae
1648 4572 1932 4627 nobilitas.
1976 4572 2098 4629 Pli-

402 4665 532 4720 nius
564 4666 946 4736 Epistolarum
977 4664 1121 4719 libro
1153 4669 1348 4717 octavo
1384 4680 1395 4717 :
1425 4663 1583 4719 Alius
1622 4662 1797 4730 aliud,
1830 4679 1935 4733 ego
1969 4662 2099 4717 bea-

398 4755 684 4808 tissimum
718 4754 1115 4824 existimo,‘qui
1146 4754 1313 4807 bonae
1344 4768 1749 4823 mansuraeque
1767 4752 1931 4807 famae
1947 4767 2094 4823 pras-

400 4843 728 4913 sumptione
759 4843 1093 4914 perfruitur,
1134 4846 1436 4913 certusque
1467 4841 1821 4912 posteritatis
1853 4857 1981 4895 cum
2012 4841 2095 4896 fu-

397 4936 528 4986 tura
558 4933 744 5002 gloria
781 4932 935 4987 vivit.

474 5020 806 5089 Propagare]
847 5020 1129 5087 Proferre,
1163 5020 1487 5075 extendere.

472 5111 715 5163 Plurimi
758 5108 897 5179 vero]
944 5110 1007 5163 In
1037 5109 1186 5164 hanc
1218 5109 1561 5163 sententiam
1607 5107 1948 5179 agminatim
1997 5125 2095 5180 pe-

397 5201 567 5254 dibus
599 5202 758 5265 eunt,
791 5198 942 5252 docti
973 5198 1190 5268 pariter
1229 5204 1285 5252 et
1310 5198 1549 5264 indocti,
1594 5199 1945 5267 voluptatem
1979 5203 2094 5251 stu-

400 5288 559 5343 diose
589 5292 889 5342 sectantes.
924 5287 1169 5356 Legatur
1200 5287 1267 5340 de
1299 5286 1385 5340 his
1414 5287 1701 5342 bonorum
1730 5287 1943 5341 finibus
1971 5286 2094 5340 Ari-

397 5378 627 5431 stoteles
669 5376 730 5430 in
762 5375 949 5447 primo
982 5375 1330 5441 Ethicorum,
1366 5376 1560 5431 Cicero
1604 5376 1673 5430 de
1706 5375 1940 5429 Finibus
1972 5368 2090 5441 ,bo-

394 5479 605 5519 norum
642 5469 698 5519 et
729 5465 1036 5530 malorum,
1068 5463 1418 5533 Augustinus
1448 5464 1594 5518 libro
1623 5465 1692 5519 de
1723 5463 1963 5520 Civitate
1989 5465 2093 5520 Dei

396 5551 642 5620 decimo,
679 5557 734 5607 et
780 5552 1079 5625 Philippus
1122 5552 1430 5608 Beroaldus
1453 5551 1516 5607 in
1544 5554 1821 5624 opusculo
1855 5554 1924 5610 de
1950 5553 2092 5610 Feli-

395 5639 584 5695 citate.

2133 4254 2176 4308 D

2228 478 2448 543 petunt,
2478 488 2590 528 non
2622 476 2694 530 ob
2721 477 2776 530 id
2809 478 3019 547 ipsum,
3046 479 3141 533 sed
3167 484 3403 550 propter
3423 481 3664 534 alterum
3687 488 3893 552 petunt:

2226 570 2292 617 ut
2331 563 2388 617 hi
2421 564 2648 618 divitias
2695 566 2765 619 ob
2808 568 3123 637 potentiam
3155 574 3253 623 aut
3282 570 3601 640 voluptates
3635 573 3895 642 concupi-

2226 658 2411 715 scunt,
2469 654 2551 707 illi
2584 656 2899 724 potentiam
2949 663 3185 728 propter
3213 659 3518 729 pecuniam
3546 659 3634 714 vel
3669 661 3896 715 nominis

2227 740 2628 797 claritudinem
2664 749 2959 815 appetunt.
2995 745 3227 802 Ovidius
3261 763 3274 801 :

2351 868 2642 941 Creverunt
2668 872 2720 918 et
2744 882 2888 941 opes,
2914 874 2966 941 et
2999 884 3158 941 opum
3190 870 3390 941 furiosa
3419 871 3605 941 libido,

2412 930 2474 978 Et
2503 944 2621 979 cum
2649 930 2953 997 possideant
2982 930 3227 995 plurima,
3255 934 3407 996 plura
3434 930 3637 997 petunt.

2352 992 2596 1059 Qumrere
2626 992 2685 1059 ut
2713 992 3010 1059 absumant,
3038 992 3315 1059 absumpta
3342 992 3610 1058 requirere
3636 1000 3845 1058 certant,

2472 1057 2641 1118 Atque
2672 1057 2798 1119 ipsae
2822 1058 2965 1105 vitiis
2993 1064 3119 1107 sunt
3139 1057 3390 1108 alimenta
3412 1057 3572 1108 vices.

2298 1170 2455 1239 Sunt]
2488 1170 2737 1226 Subaudi
2771 1174 3052 1228 nonnulli.

2296 1260 2521 1329 Horum]
2553 1262 2861 1316 Bonorum.

2295 1348 2603 1421 Alterutro]
2629 1352 2701 1404 Ex
2735 1351 2957 1405 duobus
2990 1352 3188 1406 altero.

2298 1438 2358 1492 In
2388 1435 2496 1508 his]
2533 1438 2774 1507 Divitiis,
2822 1439 3212 1510 dignitatibus,
3251 1442 3533 1512 potentia,
3573 1441 3777 1513 gloria,
3812 1458 3889 1496 vo-

2225 1527 2460 1598 luptate.

2297 1619 2620 1687 Caterisque
2653 1616 2879 1690 talibus]
2914 1619 3169 1691 Reliquis
3196 1621 3498 1690 ejusmodi,
3532 1625 3595 1675 ut
3628 1622 3691 1675 in
3721 1620 3892 1674 nobili-

2152 1680 2190 1733 Β
2225 1710 2340 1760 tate
2377 1706 2692 1777 favoreque
2722 1708 3009 1778 populari,
3058 1725 3117 1763 re
3151 1710 3351 1764 uxoria
3390 1715 3447 1764 et
3472 1710 3694 1777 liberis,
3723 1710 3890 1763 amicis

2222 1795 2359 1850 item
2390 1812 2451 1850 ac
2496 1796 2678 1863 bonis,
2714 1813 2843 1867 quas
2880 1798 3043 1852 facile
3090 1804 3331 1869 possunt
3356 1800 3427 1854 ad
3475 1800 3774 1871 superiora
3812 1816 3890 1852 re-

2220 1886 2378 1940 ferri.

2297 1973 2579 2046 Votorum]
2612 1976 3021 2047 Cupiditatum,
3043 1979 3366 2048 optionum,
3395 1980 3828 2050 appetitionum.

2291 2064 2557 2118 Nobilitas
2585 2066 2852 2135 favorque
2876 2067 3183 2137 popularis]
3218 2067 3593 2139 Subintellige
3626 2075 3770 2123 sunt.
3800 2069 3885 2122 Po-

2218 2151 2418 2205 tuisset
2446 2159 2635 2207 autem
2688 2170 2751 2207 ea
2785 2171 3000 2225 ponere
3033 2173 3165 2211 casu
3193 2157 3457 2227 septimo,
3494 2158 3588 2211 sed
3618 2157 3705 2210 uti
3736 2156 3888 2210 nomi-

2218 2242 2408 2296 nativo
2461 2243 2684 2310 maluit,
2720 2244 2792 2298 ob
2837 2245 3140 2300 relativum
3189 2246 3342 2317 quod
3372 2246 3572 2300 eodem
3608 2262 3739 2300 casu
3770 2244 3886 2298 sub-

2208 2331 2418 2401 junxit.

2285 2423 2459 2475 Favor
2494 2422 2801 2493 popularis]
2832 2423 3033 2495 Populi
3065 2423 3243 2478 favor.

2290 2510 2494 2580 Liberi]
2515 2511 2726 2564 Proles.

2286 2598 2600 2652 Amicorum
2652 2600 2798 2671 vero]
2863 2602 2932 2655 Ut
2986 2602 3315 2657 Aristoteles
3377 2600 3701 2656 Ethicorum
3756 2599 3883 2656 libro

2217 2692 2415 2741 octavo
2463 2688 2623 2742 docet
2656 2706 2668 2742 :
2701 2690 2836 2743 Tres
2886 2696 3017 2744 sunt
3060 2691 3325 2746 amicitias
3368 2692 3606 2762 species,
3647 2690 3881 2756 honesta,

2216 2777 2391 2843 utilis,
2426 2782 2596 2849 atque
2635 2779 2913 2848 jucunda.
2954 2781 3233 2834 Amicitiae
3263 2786 3455 2835 autem
3498 2781 3572 2834 ob
3603 2780 3882 2834 utilitatem

2215 2872 2387 2936 atque
2420 2869 2787 2937 voluptatem,
2828 2884 2945 2921 non
2977 2885 3079 2939 per
3104 2886 3185 2935 se,
3230 2870 3329 2924 sed
3353 2886 3457 2940 per
3485 2871 3743 2924 accidens
3770 2874 3882 2923 sunt

2144 2970 2184 3026 ρ
2216 2954 2501 3022 amicitim,
2558 2961 2614 3009 et
2671 2957 2835 3010 facile
2870 2957 3103 3011 dissolvi
3149 2964 3385 3029 queunt.
3433 2962 3722 3013 Bonorum
3766 2974 3879 3011 vero

2214 3045 2487 3112 amicitia,
2534 3046 2819 3115 probitate
2858 3049 3183 3118 virtuteque
3227 3048 3505 3103 similium
3536 3050 3780 3118 perfecta
3808 3054 3879 3100 est

2212 3135 2461 3188 amicitia
2489 3139 2544 3188 et
2588 3135 2742 3206 jugis
2786 3142 2956 3206 atque
3010 3153 3378 3206 permanens.
3436 3139 3503 3191 Et
3552 3139 3671 3192 haec
3701 3138 3877 3191 eadem

2212 3223 2460 3278 maxime
2512 3224 2783 3292 amicitia,
2825 3230 2996 3295 atque
3037 3225 3256 3295 optima
3298 3226 3551 3280 amicitia
3605 3232 3707 3280 est.
3740 3226 3875 3279 ldem

2211 3302 2461 3368 secundo
2503 3313 2648 3368 libro
2689 3315 3022 3384 Magnorum
3056 3314 3352 3369 Moralium
3387 3315 3875 3370 :Constantissima

2213 3403 2395 3473 igitur
2449 3419 2512 3456 ac
2568 3402 2935 3456 stabilissima
2983 3407 3038 3456 et
3098 3402 3501 3457 honestissima
3557 3420 3687 3474 quas
3752 3404 3872 3456 inest

2209 3492 2403 3563 probis
2434 3492 2683 3545 amicitia
2716 3507 2728 3545 :
2766 3491 2980 3562 quippe
3013 3492 3172 3561 quod
3200 3497 3436 3562 propter
3482 3493 3777 3556 virtutem,
3820 3506 3871 3543 ac

2210 3596 2313 3649 per
2350 3595 2407 3632 se
2440 3580 2676 3634 bonum.
2734 3581 2875 3633 Nam
2906 3581 3083 3634 virtus
3124 3582 3633 3649 incommutabilis,
3675 3587 3727 3634 et
3764 3594 3871 3650 quae

2210 3684 2314 3739 per
2346 3684 2469 3722 eam
2505 3668 2844 3722 conciliatur
2876 3669 3147 3736 amicitia,
3181 3671 3640 3724 constantissima
3670 3675 3749 3723 est
3786 3686 3797 3722 :
3826 3672 3870 3721 at

2211 3773 2340 3829 quas
2379 3774 2447 3812 ex
2489 3758 2813 3823 commodo,
2850 3758 3068 3812 stabilis
3115 3775 3230 3813 non
3261 3765 3348 3813 est
3379 3760 3652 3826 amicitia,
3684 3759 3869 3829 quippe

2210 3863 2338 3917 quae
2369 3848 2665 3900 commodo
2697 3847 2965 3913 elabitur,
2999 3847 3265 3901 similiter
3298 3848 3468 3901 etiam
3501 3864 3631 3918 qua:
3663 3852 3867 3918 propter

2207 3937 2577 4005 voluptatem.
2607 3936 2971 4006 Optimorum
3003 3937 3179 4006 igitur
3206 3937 3476 4004 amicitia,
3508 3954 3638 4007 quae
3660 3953 3754 4008 per
3781 3936 3868 3988 vir-

2206 4028 2389 4077 tutem
2424 4025 2665 4077 excitata
2697 4030 2823 4079 est:
2874 4026 3186 4079 multorum
3238 4032 3451 4093 autem,
3492 4042 3620 4096 quae
3666 4030 3868 4096 propter

2205 4113 2596 4179 commodum,
2622 4118 2678 4167 et
2707 4130 2833 4184 qua:
2862 4121 3099 4186 propter
3124 4116 3497 4185 voluptatem,
3531 4115 3593 4169 in
3622 4114 3863 4169 oneribus

2206 4217 2449 4273 quaeque
2484 4202 2817 4257 obveniunt.

2285 4309 2381 4363 Vel
2431 4308 2704 4378 potentia]
2773 4308 3037 4364 Amicitia
3091 4309 3269 4377 utilis,
3336 4311 3423 4365 vel
3480 4310 3744 4381 potentias
3792 4307 3863 4361 vel

2207 4396 2381 4452 etiam
2430 4396 2758 4451 divitiarum
2819 4398 3003 4469 gratia
3059 4400 3402 4467 assumitur;
3452 4401 3701 4472 jucunda
3728 4414 3860 4464 vero,

2207 4487 2600 4543 delectationis
2628 4489 2832 4560 gratia.

2275 4580 2398 4632 Jam
2436 4593 2560 4632 vero
2612 4580 2850 4648 corporis
2899 4578 3056 4649 bona]
3108 4580 3369 4636 Ostendit
3406 4580 3861 4652 quemadmodum

2206 4667 2357 4722 bona
2407 4666 2663 4737 corporis
2716 4667 2788 4723 ad
2829 4669 3125 4739 superiora
3164 4669 3503 4724 referantur.
3548 4667 3859 4732 AcademiciI

2205 4752 2264 4809 id
2313 4758 2396 4808 est
2441 4755 2719 4810 Platonici
2771 4760 2827 4811 et
2873 4758 3254 4828 Peripatetici,
3307 4759 3364 4813 id
3403 4763 3487 4813 est
3530 4755 3861 4819 Aristotelici,

2203 4842 2311 4897 tria
2352 4859 2563 4914 genera
2593 4844 2877 4899 bonorum
2910 4863 3030 4901 esse
3064 4848 3444 4916 tradiderunt,
3471 4866 3541 4903 ex
3572 4850 3769 4920 quibus
3794 4846 3861 4899 fe-

2201 4931 2387 4987 licitas
2419 4934 2812 5003 perﬁceretur.
2864 4936 3073 5004 Prima,
3115 4936 3295 4991 animi
3330 4937 3502 4999 bona,
3553 4944 3617 4992 ut
3657 4938 3861 4990 virtutes

2204 5025 2259 5076 et
2284 5022 2588 5077 doctrinas.
2640 5023 2899 5079 Secunda
2927 5026 3203 5097 corporis,
3244 5030 3308 5080 ut
3336 5027 3660 5094 sanitatem,
3692 5025 3859 5087 robur,

2201 5110 2684 5182 magnitudinem,
2700 5113 3212 5184 pulchritudinem,
3228 5116 3607 5184 velocitatem,
3623 5127 3861 5171 sensuum

2200 5201 2613 5271 integritatem.
2646 5202 2834 5257 Tertia
2864 5208 3118 5271 externa,
3166 5221 3292 5276 qum
3327 5206 3576 5261 fortuna:
3608 5205 3864 5262 ascribun-

2200 5294 2314 5359 tur,
2356 5294 2421 5345 ut
2467 5290 2714 5360 divitias,
2771 5292 3040 5363 honores,
3080 5295 3419 5365 potentiam,
3474 5298 3861 5357 auctoritatem,

2201 5379 2462 5451 gloriam.

2270 5469 2559 5539 Praestare]
2593 5470 2880 5526 Conferre.

2276 5557 2607 5631 Valentiam]
2638 5561 2978 5617 Potentiam.

2268 5647 2645 5720 Pulchritudo]
2686 5650 2948 5723 Corporis
2975 5651 3341 5723 pulchritudo
3372 5658 3458 5710 est
3483 5653 3731 5727 partium
3751 5663 3864 5707 con-
