4054 6184
197 261 326 313 997

1494 268 1880 325 MURMELLII
1922 271 2457 329 COMMENTARIA.

3611 287 3714 337 998

194 390 481 486 gruentia
510 405 639 446 cum
666 393 915 464 quadam
953 395 1159 449 coloris
1181 398 1480 465 suavitate,
1514 405 1578 453 ut
1610 401 1774 455 docet
1802 404 1911 456 Au-
1949 410 1994 461 Α
2018 404 2303 459 femineis.
2336 407 2549 460 Natura
2580 407 2720 461 item
2757 424 2862 479 pro
2912 410 3096 464 forma
3124 428 3220 464 seu
3270 414 3513 469 essentia
3557 418 3714 486 capi-

194 480 388 532 relius
421 481 771 550 Augustinus
799 482 949 537 libro
992 484 1062 539 de
1094 486 1333 541 Civitate
1370 488 1467 542 Dei
1506 489 1731 545 ultimo.

280 569 680 642 Celebritatem]
712 572 970 627 Nominis
990 577 1328 644 praeclaram
1358 577 1764 650 frequentiam.

284 658 625 730 Salubritas]
658 660 899 716 Sanitas.

278 748 404 801 Prz
432 751 657 821 caeteris]
696 753 843 806 Ante
874 752 985 807 alia
1013 752 1184 810 bona.

277 837 578 910 Epicurus]
624 840 1003 913 Philosophus
1046 845 1412 901 Atheniensis
1456 863 1750 903 summum
1800 849 1906 903 bo-

199 938 381 991 num,
418 943 531 981 non
582 929 663 999 (ut
693 930 1040 1004 Aristippus)
1077 933 1136 989 in
1182 935 1474 1006 voluptate
1504 938 1778 1009 corporis,
1813 939 1912 993 sed

196 1015 399 1069 animi
471 1021 527 1071 et
577 1017 790 1073 doloris
839 1022 1121 1078 vacuitate
1170 1025 1443 1095 ponebat,
1495 1026 1564 1080 de
1616 1043 1729 1098 quo
1786 1028 1911 1099 lege

200 1103 529 1160 Laertium.

278 1194 587 1270 Caligante]
622 1198 949 1268 Deﬁciente,
992 1204 1049 1254 et
1087 1202 1251 1273 quasi
1291 1204 1534 1275 caligine
1566 1221 1629 1259 ac
1660 1206 1911 1261 tenebris

194 1282 482 1339 obducta.

194 1401 199 1405 ·
282 1380 433 1434 Num
470 1378 611 1430 enim
662 1378 920 1433 videntur
970 1396 1153 1435 errare
1212 1383 1289 1453 hi]
1324 1384 1590 1439 Ostendit
1646 1384 1911 1439 homines

190 1486 326 1525 non
360 1468 481 1523 falli
523 1468 583 1521 in
613 1467 748 1521 boni
781 1469 1115 1539 cupiditate,
1150 1472 1245 1526 sed
1278 1471 1332 1526 in
1357 1474 1480 1544 ejus
1512 1472 1908 1545 acquisitione,

191 1560 348 1614 dum
379 1558 459 1612 ibi
481 1562 742 1629 quaerunt
774 1558 876 1612 ubi
911 1559 1149 1616 minime
1176 1568 1415 1632 possuut
1443 1563 1587 1617 illud
1616 1562 1898 1617 invenire.

282 1647 489 1717 Atqui]
522 1647 648 1701 Sed.

274 1735 591 1809 Labantur]
631 1738 855 1792 Errant.

274 1828 530 1898 Minime]
564 1829 956 1899 Nequaquam.

278 1918 345 1971 In
381 1914 558 1988 bonis]
592 1917 748 1969 Inter
784 1916 952 1970 bona.

272 2003 645 2074 Sequestrari]
692 2004 1010 2075 Segregari.
1055 2006 1362 2074 Sequester
1410 2009 1493 2060 est
1551 2008 1701 2077 apud
1734 2024 1908 2078 quem

192 2096 405 2167 plures
428 2094 687 2148 eamdem
709 2110 851 2160 rem,
892 2095 961 2148 de
993 2111 1106 2165 qua
1154 2095 1543 2150 controversia
1576 2101 1678 2164 est,
1731 2098 1915 2168 depo-

193 2188 451 2238 suerunt
480 2200 494 2237 :
531 2182 711 2237 dictus
745 2183 834 2253 (ut
863 2183 1073 2237 Gellius
1112 2184 1296 2254 docet)
1338 2184 1492 2255 quod
1518 2185 1641 2255 ejus
1665 2186 1763 2256 qui
1795 2187 1912 2240 ele-

195 2278 333 2327 ctus
365 2272 456 2339 sit,
489 2277 733 2343 utraque
766 2288 898 2342 pars
937 2271 1111 2326 fidem
1144 2278 1435 2343 sequatur.
1473 2275 1566 2327 Est
1605 2274 1760 2328 enim
1791 2291 1913 2329 me-

194 2362 339 2416 dius
370 2362 519 2415 inter
543 2361 686 2415 duos
708 2362 1070 2429 altercantes,
1114 2363 1265 2433 apud
1300 2379 1473 2433 quem
1506 2363 1725 2434 aliquid
1756 2380 1916 2434 sepo-

192 2453 386 2506 nitur.
448 2451 591 2507 Hinc
650 2455 962 2522 sequestro,
1020 2451 1173 2521 apud
1234 2458 1599 2523 sequestrum
1660 2453 1909 2524 depono.

195 2542 373 2598 Unde
404 2544 757 2611 sequestrata
784 2556 874 2594 res
913 2540 1139 2595 dicitur.
1175 2542 1471 2596 Interdum
1512 2543 1794 2613 signiﬁcat
1824 2559 1915 2597 se-

193 2647 371 2702 paro,
404 2645 643 2700 sepono,
677 2645 936 2700 segrego.
972 2630 1144 2683 Divus
1171 2630 1585 2702 Hieronymus:
1619 2631 1779 2695 Quod
1813 2648 1912 2703 pe-

196 2721 354 2785 titis,
388 2724 455 2772 ut
495 2719 653 2773 vobis
684 2718 936 2774 diversos
968 2720 1222 2789 psalmos
1271 2736 1375 2790 per
1415 2721 1678 2775 ordinem
1708 2738 1914 2793 seque-

196 2814 409 2863 strem.

273 2897 709 2966 Sufﬁcientiam]
783 2897 1159 2967 Sufﬁcientia,
1237 2902 1378 2952 teste
1439 2899 1781 2971 Speusippo,
1829 2906 1915 2956 est

197 2986 466 3057 perfecta
496 2986 784 3059 bonorum,
828 2986 1129 3057 possessio,
1173 2987 1400 3042 habitus
1446 3005 1560 3059 quo
1600 2990 1908 3061 unusquis-

197 3092 321 3147 que
347 3074 438 3129 sui
461 3074 640 3147 ipsius
662 3076 929 3130 dominus
962 3074 1046 3131 ﬁt.

820 3202 891 3255 ΙΝ
930 3202 1218 3257 METRUM
1260 3203 1328 3257 II.

278 3309 538 3364 Carmen
562 3314 645 3363 est
673 3309 1109 3379 anapaesticum,
1142 3309 1326 3364 simile
1358 3309 1460 3377 illi,

338 3416 380 3463 Ο
413 3414 649 3464 stellifcri
677 3415 921 3465 conditor
948 3415 1108 3477 orbis,

203 3530 328 3584 quo
365 3519 583 3583 quanta
624 3514 695 3565 sit
725 3518 941 3568 naturae
975 3514 1059 3567 vis
1094 3513 1418 3568 ostenditur
1447 3513 1642 3568 multis
1670 3514 1913 3569 eisdem-

202 3620 322 3673 que
358 3601 914 3655 convenientissimis
961 3601 1456 3670 similitudinibus,
1490 3606 1546 3657 et
1582 3604 1735 3674 quod
1768 3605 1915 3658 nihil

200 3709 327 3746 sua:
383 3698 607 3745 natura
660 3691 841 3758 possit
888 3693 1127 3745 omnino
1178 3692 1454 3747 oblivisci.
1518 3693 1678 3747 Unde
1710 3693 1917 3763 probat

200 3779 469 3835 hominis
501 3780 786 3851 originem
826 3779 1112 3834 caelestem
1145 3796 1286 3846 esse,
1340 3786 1396 3835 et
1434 3797 1466 3834 a
1506 3797 1730 3835 summo
1764 3782 1914 3836 bono

203 3871 567 3941 profectam;
608 3885 711 3923 nec
740 3870 1052 3941 quiescere,
1088 3870 1198 3924 nisi
1231 3886 1298 3923 eo
1328 3869 1502 3925 fuerit
1530 3886 1776 3928 reversa.
1819 3872 1917 3927 Est

203 3966 411 4015 autem
452 3959 590 4012 ordo
625 3974 638 4012 :

280 4047 497 4119 Placet]
528 4046 779 4101 Subaudi
813 4048 973 4102 mihi.

278 4135 554 4208 Promere]
610 4137 868 4192 Proferre
925 4136 986 4191 in
1034 4136 1222 4191 lucem
1280 4140 1337 4191 et
1388 4135 1682 4191 evidenter
1733 4150 1916 4189 enun-

204 4229 384 4284 tiare.

284 4318 478 4372 Lentis
505 4314 731 4385 ﬁdibus]
764 4315 1137 4369 Flexibilibus
1170 4314 1402 4369 chordis
1431 4314 1591 4386 lyrae.

277 4403 524 4475 Arguto]
561 4405 675 4458 Hoc
704 4410 807 4470 est,
840 4420 1047 4459 sonoro
1078 4409 1268 4459 cantu.

282 4498 539 4561 Quantas
574 4490 830 4565 habenas]
863 4494 923 4548 Id
956 4500 1041 4548 est
1062 4493 1484 4548 moderationes
1514 4507 1728 4547 rerum.

280 4587 485 4639 Potens
525 4589 728 4637 natura
754 4582 953 4652 ﬂectat]
991 4583 1053 4637 Id
1090 4588 1177 4637 est
1202 4582 1434 4653 dirigat,
1462 4581 1641 4648 deest,
1667 4585 1772 4635 etc.

282 4674 502 4739 Quibus
536 4671 765 4742 legibus]
799 4672 853 4726 ld
886 4676 969 4726 est
995 4671 1421 4725 conditionibus
1453 4674 1507 4724 et
1544 4669 1743 4739 pactis.

282 4761 525 4817 Provida
574 4766 746 4815 servet
788 4763 1108 4815 immensum
1149 4761 1328 4815 orbem
1367 4764 1416 4814 et
1445 4759 1623 4828 ligans
1653 4756 1915 4829 stringat]

210 4853 274 4906 Id
312 4868 342 4905 e
355 4857 407 4903 st
446 4855 765 4905 connectat.

282 4941 529 5009 Singula
559 4942 842 4995 irresoluto
894 4938 1059 5012 nexu]
1106 4941 1219 4994 Hoc
1251 4942 1335 4993 est
1377 4935 1765 4992 indissolubili
1805 4937 1919 4990 col-

144 5060 147 5063 ν
210 5031 519 5102 ligatione.
554 5029 783 5083 Habena
810 5030 1047 5100 proprie
1069 5033 1153 5083 est
1172 5027 1554 5081 retinaculum
1577 5025 1732 5096 equi,
1766 5026 1919 5097 quod

211 5136 405 5190 equus
438 5134 504 5170 ea
536 5119 833 5183 habeatur,
869 5118 923 5171 id
957 5122 1040 5170 est
1067 5122 1349 5170 teneatur.

290 5204 530 5277 Natura]
559 5205 714 5259 Dicta
744 5208 828 5258 est
857 5205 926 5258 ab
974 5221 1043 5259 eo
1092 5206 1241 5275 quod
1276 5203 1428 5257 nasci
1468 5202 1684 5273 aliquid
1728 5200 1918 5256 faciat.

2021 497 2132 549 tur.
2172 495 2496 566 Philosophi
2531 501 2794 551 naturam
2832 499 2985 552 hunc
3014 499 3074 552 in
3106 501 3342 555 modum
3379 503 3664 560 deﬁniunt
3694 527 3709 560 :

2021 584 2233 639 Natura
2286 591 2370 640 est
2418 587 2764 657 principium
2798 593 2853 642 et
2901 605 3070 642 causa
3116 592 3381 645 movendi
3417 598 3473 646 et
3521 597 3711 664 quies-

2021 674 2210 740 cendi,
2255 675 2377 745 ejus
2421 676 2482 730 in
2524 693 2637 748 quo
2682 682 2767 731 est
2808 678 3082 748 primum,
3114 697 3216 750 per
3259 697 3339 747 se,
3392 686 3450 736 et
3479 699 3593 737 non
3622 701 3709 739 se-

2020 764 2272 819 cundum
2310 766 2592 820 accidens.
2638 768 2923 822 Delinitur
2952 774 3009 822 et
3047 769 3127 822 sic
3172 787 3184 823 :
3240 771 3455 826 Natura
3502 778 3585 828 est
3632 774 3717 829 vis

2020 853 2193 907 insita
2222 854 2413 921 rebus,
2446 872 2514 909 ex
2544 855 2830 911 similibus
2861 857 3071 912 similia
3099 874 3426 927 procreans.

2093 942 2349 1007 Quamvis
2395 944 2557 1014 Poeni]
2616 945 2868 1000 Leonum
2922 948 3208 1017 exemplo,
3261 956 3475 1020 quanta
3516 951 3589 1005 sit
3635 952 3719 1007 vis

2022 1034 2242 1085 natura}
2275 1031 2647 1089 demonstrat.

2092 1119 2263 1192 Paam']
2295 1120 2506 1193 Libyci,
2536 1123 2871 1179 Marmarici.

2096 1211 2315 1264 Trucem
2364 1215 2706 1279 magistrum]
2762 1215 3061 1271 Crudelem
3116 1220 3170 1270 et
3217 1217 3520 1289 plagosum
3553 1236 3715 1276 man-

2021 1299 2419 1356 suefactorem.

2090 1389 2277 1459 Ferre]
2313 1390 2452 1444 Pati.

2090 1478 2355 1547 Horrida]
2388 1480 2706 1535 Terribilia.

2093 1565 2226 1638 Ora]
2259 1568 2536 1623 Leonum.

2092 1654 2404 1727 Resideres]
2440 1657 2773 1719 Latitantes,
2807 1659 3183 1730 quiescentes,
3214 1678 3437 1735 segnes.

2384 1714 2404 1727 .
2757 1714 2768 1719 τ
2822 1714 2842 1730 ι
3018 1714 3183 1729 γ
3218 1714 3437 1735 σιν-η-

1950 1714 1991 1766 B
2094 1744 2272 1816 Reses]
2328 1744 2434 1809 Qui
2497 1746 2722 1814 residet,
2804 1749 3119 1818 quiescens,
3195 1752 3408 1821 segnis,
3471 1753 3707 1809 otiosus.

2024 1836 2221 1906 Virgil.
2253 1835 2353 1888 lib.
2388 1852 2498 1890 vr:

2148 1942 2265 2015 Qti‘a
2290 1943 2378 2015 qui
2407 1946 2617 2006 rumpet
2648 1944 2830 2015 patriae
2856 1945 3158 2010 residesque
3192 1948 3397 1997 vocabit

2146 2005 2330 2053 Tullus
2361 2006 2417 2054 in
2447 2005 2594 2054 arma
2623 2005 2784 2056 viros.

2095 2102 2261 2171 Olim]
2295 2102 2542 2155 Jamdiu.

2094 2190 2311 2261 Animi]
2343 2192 2601 2245 Feritatis
2627 2191 2899 2263 impetus,
2934 2195 3220 2247 naturales
3252 2195 3322 2249 ad
3362 2196 3718 2253 saeviendum

2023 2278 2276 2333 effectus.

2092 2367 2352 2440 Fremitu]
2384 2368 2612 2439 Rugitu.

2122 2457 2314 2527 Gravi]
2352 2458 2639 2525 Horrihili,
2669 2474 2897 2528 magno.

2094 2546 2401 2616 Meminere]
2438 2548 2714 2601 Memores
2743 2552 2892 2601 sunt.

2093 2636 2223 2707 Sui]
2252 2640 2479 2691 Natura).
2510 2654 2647 2691 suae.

2095 2727 2333 2796 Laaant]
2363 2725 2558 2780 Libera
2570 2730 2649 2781 nt.

2093 2814 2283 2884 Nodisl
2323 2814 2597 2871 Vinculis.

2093 2904 2280 2973 Lacer]
2330 2905 2647 2958 Laceratus.

2098 2992 2363 3065 Domitor]
2401 2992 2831 3047 Mansuefactor.

1954 3067 1995 3121 (ἶ
2096 3082 2295 3135 Imbuit
2340 3080 2565 3133 rabidas
2596 3079 2729 3147 iras]
2764 3078 2997 3132 Initium
3033 3078 3301 3133 saeviendi
3328 3079 3559 3151 i'praebet
3587 3080 3717 3136 effe-

2024 3168 2162 3223 ratis
2192 3167 2473 3222 leonibus.
2508 3167 2777 3220 Martialis
2805 3167 2902 3221 lib.
2930 3184 2967 3219 n
2993 3184 3005 3221 :

2145 3256 2375 3305 Verbera
2398 3255 2566 3303 securi
2594 3254 2778 3304 solitus
2813 3256 2894 3304 leo
2920 3255 3054 3304 ferre
3084 3256 3341 3318 magistri,

2208 3319 2568 3380 Insertamque
2597 3318 2701 3380 pati
2738 3318 2966 3366 blandus
2998 3318 3049 3365 in
3079 3332 3170 3365 ora
3200 3331 3434 3377 manum,

2148 3381 2407 3429 Dedidicit
2429 3379 2612 3442 pacem
2637 3380 2811 3428 subito
2837 3379 3045 3427 feritate
3075 3394 3301 3435 reversa,

2211 3443 2420 3499 Quanta
2454 3456 2551 3491 nec
2579 3442 2631 3490 in
2666 3442 2873 3504 Libycis
2904 3443 3086 3490 debuit
3112 3442 3404 3505 essejugis.

2094 3522 2220 3589 Quz
2277 3521 2442 3595 canit]
2501 3522 2749 3576 Aviculae
2816 3522 2877 3576 in
2940 3538 3107 3575 cavea
3169 3523 3451 3577 conclusae
3514 3522 3719 3593 probat

2022 3614 2304 3683 exemplo,
2340 3618 2557 3665 natura:
2589 3612 2701 3665 vim
2737 3628 2857 3665 esse
2889 3612 3216 3666 maximam.

2094 3700 2300 3773 Ramis]
2344 3702 2511 3755 Deest
2540 3704 2616 3754 in.

2094 3790 2248 3861 Ales]
2274 3790 2423 3843 Avis.

2096 3875 2296 3947 Caveas]
2385 3878 2563 3929 Cavea
2640 3881 2725 3928 est
2791 3876 2939 3929 fossa
3011 3876 3403 3943 subterranea,
3472 3892 3718 3947 superne

2023 3973 2189 4023 tecta.
2222 3964 2506 4035 Accipitur
2546 3980 2648 4034 pro
2683 3964 2932 4017 ferarum
2964 3966 3343 4034 receptaculo.
3394 3965 3667 4019 Martialis
3702 3983 3715 4020 :

2396 4052 2560 4099 Exeat
2587 4065 2614 4099 e
2635 4063 2794 4099 cavea
2818 4065 2884 4099 ne
2916 4050 3051 4098 male
3083 4056 3263 4112 pastus
3292 4065 3433 4114 aper.

2024 4136 2221 4191 Caveas
2253 4133 2392 4187 item
2438 4132 2706 4186 dicuntur
2735 4136 2897 4201 septa
2944 4146 3013 4183 ex
3059 4130 3215 4200 ligno
3263 4131 3376 4183 sive
3418 4130 3587 4185 ebore
3620 4136 3720 4185 aut

2025 4224 2135 4280 alia
2194 4222 2457 4289 materia,
2516 4220 2577 4275 in
2636 4220 2842 4292 quibus
2898 4219 3143 4274 aviculas
3201 4224 3482 4274 tenemus.
3553 4219 3716 4288 Ovid,

2026 4315 2123 4370 lib.
2156 4330 2173 4367 ι
2205 4313 2277 4367 de
2307 4312 2490 4366 Ponto
2517 4327 2531 4365 :

2088 4403 2219 4452 Cum
2253 4402 2387 4451 bene
2417 4399 2524 4449 sint
2544 4398 2735 4448 clausa.-
2761 4411 2919 4448 cavea
2950 4396 3219 4446 Pondione
3250 4399 3406 4453 natae,

2150 4466 2345 4513 Nititur
2374 4465 2428 4512 in
2459 4462 2620 4525 silvas
2650 4474 2873 4525 quaeque
2905 4459 3075 4525 redire
3110 4473 3250 4508 suas.

2088 4528 2338 4577 Assuetos
2367 4525 2504 4575 tauri
2535 4522 2717 4582 saltu—9,
2749 4522 2958 4572 assueta
2985 4522 3164 4571 leones

2150 4590 2274 4652 (Nec
2304 4589 2483 4638 feritas
2512 4587 2631 4636 illos
2665 4586 2901 4649 impedit)
2930 4588 3082 4634 antra
3111 4586 3314 4647 petunt.

2096 4669 2256 4740 Huic]
2291 4669 2447 4723 Aliti.

2101 4761 2309 4827 Largas
2340 4756 2528 4826 dapes]
2556 4756 2924 4810 Abundantes
2957 4769 3130 4807 escas.
3160 4754 3348 4824 Dapes
3379 4754 3514 4806 sunt
3554 4766 3715 4822 mag-

2028 4847 2183 4903 niﬁci
2216 4854 2271 4901 et
2301 4846 2523 4918 opipari
2556 4850 2878 4915 apparatus.
2910 4841 3181 4899 Martialis
3215 4859 3229 4896 :

2151 4936 2245 4985 Illa
2274 4936 2486 4999 quidem
2518 4934 2661 4982 lauta
2688 4938 2785 4991 est,
2818 4932 3146 4995 dapibusque
3180 4932 3438 4980 instructa
3458 4928 3717 4993 superbis.

2030 5020 2213 5088 Dapes
2268 5016 2597 5081 hominum,
2658 5030 2783 5068 esca
2835 5018 2954 5067 tam
3011 5012 3317 5066 brutorum
3378 5009 3720 5065 animalium

2029 5123 2202 5178 quam
2235 5107 2558 5160 hominum.
2593 5104 2701 5158 Sed
2743 5101 2973 5157 Boetius
3003 5101 3123 5171 jam
3158 5104 3309 5154 recte
3351 5098 3496 5152 dixit
3526 5097 3718 5166 dapes,

2029 5201 2092 5249 ut
2151 5211 2270 5248 rem
2324 5195 2694 5248 vehementer
2723 5196 2979 5262 augeret.
3042 5190 3308 5261 Plerique
3367 5187 3521 5241 enim
3562 5186 3720 5237 tanto

215 5296 379 5349 Hanc
406 5269 641 5365 quidam
682 5295 861 5348 Deum
893 5309 1014 5347 esse
1042 5269 1328 5360 duxerunt,
1363 5310 1393 5345 a
1420 5308 1533 5364 quo
1561 5269 1761 5346 omnia
1790 5292 1924 5344 sunt
2029 5284 2217 5339 studio
2275 5283 2393 5338 suis
2459 5282 2692 5336 aviculis
2753 5296 2939 5335 escam
3008 5276 3521 5365 exquisitissimau
3548 5269 3719 5365 mini-

216 5388 435 5438 creata.
474 5382 681 5437 Seneca
720 5383 817 5437 lib.
855 5388 1062 5455 quarto
1094 5384 1161 5438 de
1200 5381 1495 5438 Beneﬁciis
1527 5398 1539 5436 :
1590 5380 1739 5445 Ωαιεί
1767 5378 1921 5433 enim

219 5473 383 5527 aliud
425 5476 511 5526 est
561 5477 764 5527 natura
796 5488 972 5544 quam
1022 5474 1190 5540 Deus,
1252 5476 1307 5526 et
1364 5471 1556 5526 divina
1612 5469 1756 5523 ratio
1817 5468 1922 5523 toti

219 5561 441 5617 mundo
470 5566 527 5615 et
557 5562 814 5632 partibus
854 5562 977 5634 ejus
1002 5560 1255 5617 inserta?
1310 5559 1601 5632 Accipitur
1626 5557 1920 5613 interdum

219 5667 329 5723 pro
355 5651 411 5705 vi
446 5652 714 5721 naturali,
748 5657 804 5709 et
832 5669 938 5726 pro
968 5650 1310 5725 genitalibus
1326 5653 1447 5706 tam
1464 5648 1725 5707 virilibus
1745 5662 1923 5720 quam

2030 5378 2231 5439 strant,
2265 5377 2328 5427 nt
2356 5388 2472 5426 non
2507 5371 2725 5435 avibus,
2776 5370 2872 5424 sed
2918 5369 3253 5424 hominibus
3301 5358 3721 5419 delicatissimis

2030 5464 2241 5519 servire
2308 5463 2609 5516 videantur
2656 5478 2669 5528 ;
2729 5460 3105 5514 nihilominus
3146 5456 3193 5509 si
3244 5453 3482 5508 facultas
3533 5450 3717 5517 detur,

2030 5552 2236 5609 malint
2260 5552 2371 5606 illae
2416 5552 2594 5622 (tanta
2623 5556 2845 5605 natura;
2883 5550 2968 5602 vis
3012 5545 3117 5614 est)
3147 5544 3208 5597 in
3255 5542 3423 5595 silvas
3473 5538 3719 5595 evolare.

2102 5643 2269 5699 Arcto
2299 5638 2448 5713 tecto]
2476 5642 2541 5695 In
2571 5644 2814 5710 angusta
2831 5650 3019 5691 cavea.
