4054 6184
388 245 491 294 999

465 369 680 441 Moesta]
714 370 931 437 Tristis,
964 369 1115 438 quod
1150 368 1367 421 inclusa
1400 384 1515 421 non
1552 368 1725 438 possit
1757 369 2001 421 evolare.

468 458 659 530 Silvis]
701 459 767 512 ad
802 458 986 511 silvas.
1026 462 1077 510 et
1110 456 1379 510 silvarum
1414 457 1718 510 desiderio.

473 548 707 617 Validis]
735 549 841 602 Per
904 547 1074 618 virga!
1119 548 1437 600 naturalem
1493 546 1586 599 vin
1643 564 1709 600 ea
1768 562 1896 617 quae
1945 545 2086 600 dixit

398 638 717 693 confirmat.

470 724 767 797 Quondam]
802 725 1143 796 Aliquando.

467 817 625 884 Acta]
661 817 824 881 Mota,
859 816 1173 869 incurvata.

470 905 723 975 Pronum]
758 904 1120 959 Inclinatum.

470 994 675 1063 Flectit]
713 994 882 1047 Flecti
914 994 1148 1063 patitur.

470 1084 638 1151 Hanc]
670 1084 917 1152 Virgam.

467 1172 644 1241 Recto]
699 1172 894 1225 Erecto
940 1174 1002 1223 ut
1049 1173 1180 1222 ante
1233 1167 1709 1221 incurvationem.
1756 1165 2086 1221 Consimili-

402 1266 486 1313 ter
521 1260 663 1313 dixit
689 1258 954 1313 Horatius
982 1257 1040 1311 in
1073 1256 1335 1327 Epistolis
1368 1273 1379 1310 :

525 1367 774 1414 Naturam
807 1362 1040 1426 expellas
1075 1362 1239 1421 furca,
1282 1366 1459 1411 tamen
1491 1376 1656 1425 usque
1689 1362 1933 1411 recurrit.

406 1485 579 1537 Ducta
604 1482 691 1551 (ut
718 1480 961 1543 videtur)
996 1496 1025 1532 a
1056 1480 1227 1533 ramis
1262 1479 1617 1550 metaphora,
1654 1477 1752 1548 qui
1784 1478 1942 1531 furca
1970 1481 2094 1531 tor-

405 1576 655 1643 quentur
684 1570 795 1623 alio
842 1585 1014 1639 quam
1068 1573 1272 1621 natura
1326 1572 1613 1637 posuerat.
1672 1568 1792 1630 Qua
1851 1567 2090 1634 sublata,

406 1676 631 1717 rursum
666 1664 910 1726 vergunt
934 1658 1134 1711 eodem
1168 1672 1281 1726 quo
1313 1657 1488 1726 prius.

477 1748 657 1815 Cadit]
694 1746 924 1801 Occidit.
969 1744 1139 1798 Addit
1184 1744 1318 1796 solis
1357 1744 1705 1814 exemplum,
1758 1760 1821 1797 ex
1868 1749 1994 1797 ortu
2042 1744 2101 1799 in

410 1852 669 1892 occasum
700 1834 1006 1899 tendentis,
1043 1836 1096 1886 et
1127 1848 1321 1886 rursus
1350 1833 1494 1885 clam
1529 1833 1691 1886 nobis
1728 1849 1831 1903 per
1860 1834 2101 1888 inferius

410 1923 880 1995 hemisphazrium
914 1922 973 1975 in
1004 1921 1282 1976 orientem
1315 1921 1680 1975 recurrentis.

481 2017 543 2070 In
576 2014 865 2082 Hesperias
901 2009 1100 2082 undas]
1131 2011 1195 2064 In
1224 2011 1637 2065 Occidentalem
1672 2028 1967 2067 oceanum.
2005 2012 2105 2067 Lo-

414 2105 611 2176 quitur
635 2118 797 2155 more
829 2105 1133 2171 poetarum
1163 2116 1225 2153 ex
1259 2100 1414 2169 vulgi
1450 2100 1744 2169 opinione.

482 2189 772 2261 Itepetunt]
857 2188 1175 2255 Concludit,
1255 2189 1565 2243 universali
1642 2190 1943 2256 sententia,
2012 2206 2104 2244 res

411 2298 608 2337 omnes
638 2282 695 2335 in
727 2280 1048 2334 naturalem
1082 2279 1364 2346 originem
1399 2280 1626 2345 reverti,
1672 2284 1727 2334 et
1767 2297 1869 2333 suo
1898 2294 2102 2351 quam-

412 2387 521 2442 que
553 2370 741 2424 reditu
768 2368 1060 2436 delectari,
1086 2375 1144 2423 ut
1176 2367 1318 2421 dixit
1348 2368 1479 2422 ille:

535 2496 691 2541 Ortus
725 2506 947 2555 qumque
982 2505 1106 2539 suos
1139 2496 1399 2555 repetunt,
1439 2496 1763 2555 matremque
1797 2493 2098 2555 requirunt.

411 2608 554 2661 Cum
576 2607 752 2677 igitur
782 2604 1030 2660 hominis
1056 2605 1281 2659 animus
1315 2606 1386 2659 sit
1418 2622 1448 2659 a
1492 2622 1717 2659 summo
1753 2604 1905 2660 bono
1953 2621 2105 2659 crea-

410 2700 518 2762 tus,
550 2695 705 2748 beari
750 2711 865 2749 non
900 2697 1107 2765 potest,
1142 2693 1251 2747 nisi
1282 2694 1477 2748 divina
1523 2695 1709 2764 gratia
1758 2695 1811 2749 ei
1842 2694 2099 2750 reconci-

409 2784 605 2854 lietur,
635 2788 689 2838 et
718 2784 776 2837 in
805 2784 861 2838 id
894 2800 996 2854 per
1026 2783 1213 2853 ipsum
1245 2784 1567 2839 reducatur.

482 2876 607 2930 Nisi
631 2873 774 2941 quod
811 2874 1186 2941 ﬁnijunmerit
1228 2872 1421 2945 ortum]
1467 2874 1583 2928 Nisi
1625 2874 1677 2926 ei
1726 2874 1878 2944 quod
1937 2877 2101 2927 natu-

1118 240 1463 294 .tPPENDlX
1508 237 1602 293 AD
1646 237 1897 292 LIBROS
1938 239 2031 293 DE
2070 234 2598 293 CONSOLATIONE
2638 233 3147 291 PHILOSOPHle

3735 239 3748 286 1
3759 236 3848 283 (ltiti

2115 372 2157 422 A
2189 368 2341 421 tione
2374 365 2691 436 perfectum
2740 368 3050 433 praestent:
3100 380 3206 418 nec
3254 380 3440 417 veram
3482 364 3855 417 sufﬁcientiam

2195 472 2366 526 quam
2396 454 2733 525 promittere
2772 452 3060 521 videntur,
3092 453 3359 525 cuiquam
3391 453 3709 506 mortalium
3741 452 3859 506 atie-

2196 550 2344 599 rant.

2262 634 2566 702 Afﬂuebas]
2606 632 2969 688 Abundabas.

2270 722 2547 793 Confudit]
2588 722 2966 777 Perturbavit.

2268 811 2434 883 Quin]
2471 812 2539 866 Ut
2565 828 2703 865 non.

2267 901 2500 966 Aliquid
2528 916 2738 970 semper
2766 897 3013 971 angeret]
3056 899 3139 954 Ob
3182 897 3401 969 aliquid
3433 912 3661 967 semper
3695 896 3866 949 turba-

2200 1006 2311 1044 rer.
2346 991 2516 1043 Divus
2561 989 2895 1044 Ambrosius
2942 990 3000 1042 in
3048 992 3202 1042 sexto
3258 988 3401 1042 libro
3436 989 3819 1041 Hexaemeron
3856 1002 3865 1037 :

2206 1078 2426 1132 Divitias
2456 1083 2519 1132 ut
2550 1079 2733 1148 epulis
2764 1083 3041 1143 ventrem,
3073 1078 3150 1132 ita
3174 1078 3431 1131 animum
3452 1076 3606 1130 curis
3629 1074 3873 1129 sollicitu-

2204 1167 2547 1238 dinibusque
2579 1168 2930 1222 distendunt.

2276 1258 2446 1323 Illius]
2484 1257 2641 1322 Quod
2682 1257 2899 1311 aberas.

2275 1347 2477 1415 Hujus]
2519 1346 2677 1411 Quod
2711 1347 2923 1401 aderat.

2281 1436 2689 1505 Usquequaque]
2772 1434 3036 1490 Omnino.
3131 1434 3555 1505 Usquequaque
3621 1431 3873 1501 signiﬁcat

2206 1525 2463 1591 omnino,
2495 1525 2732 1594 passim,
2764 1524 3007 1591 assidue,
3049 1539 3296 1593 semper,
3328 1522 3491 1593 quasi
3536 1522 3598 1575 in
3633 1538 3873 1592 unoquo-

2138 1659 2177 1712 Β
2209 1631 2318 1687 que
2360 1615 2503 1682 loco,
2562 1614 2676 1668 sive
2710 1629 3057 1684 unoquoque
3104 1618 3385 1683 tempore.
3449 1612 3649 1665 Cicero
3696 1610 3873 1665 Treba-

2212 1705 2290 1757 tio
2325 1719 2338 1755 :
2371 1704 2793 1774 Usquequaque
2824 1719 3023 1774 sapere
3054 1707 3297 1774 oportet.

2284 1792 2511 1862 Quidni]
2546 1793 2657 1847 Cur
2679 1809 2813 1847 non.

2282 1882 2459 1949 Atqui
2489 1883 2583 1935 hoc
2623 1879 2854 1952 quoque]
2908 1880 3119 1935 Probat
3165 1880 3470 1951 pecuniam
3501 1879 3670 1934 facile
3718 1878 3874 1932 invitis

2213 1969 2462 2024 dominis
2489 1970 2697 2023 auferri
2723 1985 2913 2040 posse.

2290 2057 2596 2131 Valentior]
2634 2060 2946 2113 Potentior.

2283 2152 2535 2203 Forenses
2583 2147 2957 2220 querimoniae]
3008 2148 3267 2213 Querella
3312 2164 3437 2219 quae
3489 2147 3552 2201 in
3606 2146 3875 2216 forojudi-

2213 2237 2387 2293 ciario
2419 2238 2594 2304 ﬁunt;
2622 2238 2866 2292 subaudi
2895 2243 3039 2293 sunt.

2280 2327 2423 2395 Nisi]
2467 2326 2845 2397 Subintellige
2893 2344 2961 2381 ex
3009 2344 3075 2381 eo
3127 2328 3276 2399 quod
3321 2327 3583 2399 pecuniae
3630 2330 3823 2396 ereptae
3856 2342 3878 2377 τι

2212 2416 2562 2483 nolentibus,
2609 2416 2678 2470 ab
2729 2416 2918 2470 invitis
2949 2416 3368 2487 possessoribus
3422 2417 3508 2471 vel
3562 2418 3640 2482 vi,
3702 2416 3754 2469 id
3794 2420 3876 2477 est,

2186 2506 2495 2572 violentia,
2530 2506 2618 2560 vel
2650 2505 2868 2571 fraude,
2904 2506 3035 2560 dolo
3063 2506 3213 2561 malo
3248 2511 3612 2577 repetuntur.

2284 2595 2477 2663 Egebit
2520 2592 2711 2666 igitur]
2742 2594 3195 2666 Satyrographus
3230 2612 3243 2651 :

2399 2683 2587 2731 Misera
2617 2687 2696 2732 est
2729 2684 2906 2746 magni
2938 2683 3177 2733 custodia
3204 2697 3412 2733 census.

2214 2780 2557 2835 Strabotlib.
2594 2798 2649 2836 ix
2680 2798 2691 2836 :
2724 2782 2864 2836 Cum
2897 2782 3189 2836 invidiosa:
3213 2784 3327 2837 sint
3358 2782 3595 2851 divitias,
3629 2781 3881 2836 laboriosa

2216 2875 2300 2923 est
2332 2885 2529 2923 earum
2584 2870 2861 2934 custodia,
2918 2871 3141 2925 etiamsi
3187 2870 3439 2942 cuipiam
3490 2870 3716 2925 numini
3747 2869 3880 2923 attri-

413 2961 587 3015 ralem
624 2966 677 3015 et
724 2962 965 3032 originis
1013 2977 1131 3015 sum
1184 2964 1483 3033 proprium
1515 2962 1691 3017 finem
1745 2962 1917 3016 fuerit
1949 2978 2105 3015 asse—
2145 2957 2181 3011 C
2214 2959 2367 3014 butm
2398 2964 2856 3030 consecratusque
2887 2960 3120 3015 fuerint.

412 3056 635 3105 culum.

485 3139 607 3209 Sui]
644 3140 871 3193 Naturae
902 3156 1039 3193 suae.

486 3226 702 3299 Orbem]
765 3226 1102 3283 Circuitum.

1002 3362 1070 3415 IN
1116 3360 1395 3417 PROSAM
1437 3362 1528 3417 Ill.

488 3484 768 3535 Hactenus
804 3481 1069 3535 disseruit
1094 3483 1164 3536 ab
1197 3484 1465 3537 omnibus
1498 3484 1828 3539 hominibus
1861 3485 2109 3539 naturali

416 3570 735 3625 intentione
784 3586 1074 3623 summum
1119 3570 1337 3625 bonum
1378 3572 1516 3641 peti,
1551 3573 1773 3627 tametsi
1821 3573 1919 3627 ubi
1949 3576 2104 3643 posi-

416 3665 540 3713 tum
586 3660 675 3725 sit,
721 3674 838 3713 non
871 3674 1069 3712 omnes
1116 3658 1495 3725 consentiant,
1542 3660 1665 3713 aliis
1698 3660 1757 3714 in
1809 3660 2106 3731 dignitate,

418 3750 543 3803 aliis
577 3750 635 3803 in
680 3748 955 3819 potentia,
1010 3747 1136 3801 aliis
1179 3748 1238 3801 in
1284 3748 1536 3803 nominis
1582 3750 1928 3819 celebritate,
1983 3752 2109 3805 aliis

417 3839 476 3892 in
502 3838 709 3908 gaudio
740 3842 794 3891 et
825 3836 1039 3890 laetitia.
1084 3838 1244 3891 Nunc
1290 3837 1349 3890 in
1380 3838 1588 3892 horum
1620 3840 1779 3894 nullo
1818 3856 2109 3895 summum

418 3925 560 3980 illud
578 3926 814 3993 bonum,
860 3942 1168 3996 veramque
1200 3926 1614 3982 beatitudinem
1647 3928 1889 3983 inveniri
1921 3930 2110 4000 dispu-

419 4019 546 4069 tat:
580 4013 833 4084 primum
879 4014 1185 4069 luculentis
1237 4016 1557 4070 rationibus
1604 4017 1831 4089 docens,
1886 4018 2109 4073 divitias

418 4102 713 4158 hominem
745 4103 977 4158 beatum
1008 4120 1122 4158 non
1155 4104 1396 4161 efficere.

496 4194 600 4248 Vos
656 4208 883 4262 quoque,
944 4209 973 4247 o
1038 4195 1272 4263 terrena]
1335 4194 1597 4249 Proxime
1651 4195 1720 4249 de
1780 4195 1898 4249 sole
1957 4196 2112 4251 dedit

2287 3048 2417 3113 Quis
2451 3053 2628 3103 autem
2684 3050 2891 3117 modus]
2953 3050 3213 3104 Ostendit
3266 3050 3477 3104 divitiis
3537 3064 3651 3101 non
3696 3046 3877 3101 auferri

2216 3138 2619 3209 indigentiam,
2650 3139 2746 3193 sed
2776 3143 2999 3194 tantum
3050 3139 3355 3205 consolari,
3389 3143 3444 3192 et
3488 3138 3727 3192 relevari
3755 3152 3875 3189 non-

2216 3226 2381 3282 nihil.

2289 3317 2590 3388 Consolari]
2647 3317 2922 3372 Relevari.
2979 3319 3254 3373 Consolor
3310 3318 3547 3373 verbum
3608 3330 3879 3372 commune

2217 3410 2319 3462 est.
2379 3405 2629 3461 Dicimus
2673 3405 2828 3461 enim
2876 3408 3141 3462 consolor
3170 3414 3244 3463 te.
3295 3408 3488 3463 Cicero
3522 3405 3878 3462 Familiarium

2216 3495 2600 3566 Epistolarum
2628 3494 2776 3549 libro
2798 3496 3001 3566 quinto
3038 3514 3049 3550 :
3085 3497 3198 3551 Etsi
3230 3502 3458 3568 egomet
3488 3497 3590 3568 qui
3623 3502 3675 3551 te
3702 3509 3876 3550 conso-

2217 3584 2323 3639 lari
2354 3584 2541 3654 cupio,
2574 3585 2948 3640 consolandus
2977 3587 3099 3657 ipse
3127 3602 3274 3642 sum.

2294 3676 2457 3728 Taceo
2488 3673 2633 3742 quod
2677 3674 2744 3727 de
2772 3676 3003 3745 naturae]
3038 3675 3428 3731 Pulcherrima
3475 3674 3754 3731 sententia
3789 3676 3873 3725 est.

2217 3762 2430 3817 Seneca
2463 3777 2476 3815 :
2512 3762 2704 3816 Potius
2740 3764 3071 3819 excitandus
3094 3781 3161 3818 ex
3205 3781 3429 3831 somno,
3458 3770 3514 3819 et
3565 3760 3879 3818 vellicandus

2220 3855 2305 3907 est
2343 3850 2569 3905 animus
2592 3851 3102 3925 admonendusque
3130 3859 3394 3909 naturam
3416 3854 3583 3908 nobis
3606 3852 3875 3907 minimum

2218 3941 2596 3996 constituisse.
2660 3943 2837 3996 Nemo
2879 3943 3131 3997 nascitur
3189 3944 3365 4011 dives,
3425 3944 3672 4014 quisque
3700 3940 3797 3995 erit
3832 3937 3878 3989 in

2218 4030 2425 4097 lucem,
2440 4030 2634 4099 jussus
2658 4032 2902 4086 estlacte
2923 4037 2979 4087 et
3003 4049 3196 4103 panno
3228 4048 3350 4088 esse
3373 4036 3695 4087 contentus.
3712 4030 3877 4084 Idem:

2219 4120 2435 4173 Panem
2458 4122 2514 4172 et
2544 4134 2753 4189 aquam
2768 4126 2974 4176 natura
3002 4122 3309 4177 desiderat.
3325 4122 3409 4177 Ad
3440 4122 3562 4176 haec
3583 4136 3742 4176 nemo
3760 4130 3877 4189 pau-

2219 4224 2322 4280 per
2351 4213 2452 4275 est,
2486 4208 2636 4262 inter
2665 4225 2794 4279 quas
2826 4210 3068 4282 quisque
3100 4212 3450 4266 desiderium
3478 4227 3648 4265 suum
3684 4206 3875 4265 clausit.

420 4280 764 4350 exemplum,
799 4297 971 4351 quem
1012 4296 1142 4334 cum
1173 4282 1327 4335 cmlis
1359 4282 1635 4337 Platonici
1668 4283 1917 4337 coelestia
1946 4284 2097 4339 dixe-

2235 4314 2345 4353 :um
2376 4297 2499 4369 ipso
2551 4298 2683 4352 Jove
2714 4297 2785 4352 de
2823 4280 3091 4355 felicitate
3139 4301 3465 4356 contendat.
3520 4300 3757 4354 Libitum
3807 4300 3877 4349 est

420 4373 556 4423 runt
581 4368 869 4423 animalia.
906 4369 1260 4424 Continuans
1295 4369 1474 4441 igitur
1503 4388 1848 4440 sermonem,
1885 4374 2107 4429 subdit:

500 4460 601 4513 Vos
659 4461 839 4525 etiam,
898 4458 1135 4513 homines
1188 4464 1401 4513 terrena
1457 4463 1743 4531 animalia,
1801 4463 2108 4535 somniatis]

424 4546 486 4600 Id
515 4551 617 4615 est,
652 4548 816 4618 quasi
846 4563 948 4618 per
983 4550 1271 4602 somnium
1298 4550 1519 4604 videtis.

502 4638 748 4691 Vestrum
788 4636 1146 4710 principium]
1214 4637 1274 4691 Id
1338 4642 1423 4694 est
1467 4640 1645 4695 Deum
1700 4645 2015 4697 creatorem
2061 4646 2115 4697 et

426 4738 716 4777 summum
743 4723 977 4779 bonum.

496 4812 659 4882 Licet]
695 4814 979 4876 Quamvis.

501 4902 667 4953 Tenui
697 4900 955 4973 imagine]
995 4902 1207 4973 Exigua
1234 4903 1581 4974 cognitione.

498 4990 836 5059 Prospicitis]
873 4992 1072 5046 Procul
1104 4992 1372 5063 aspicitis.

502 5074 593 5149 Eo]
633 5078 735 5146 ,Ob
797 5076 873 5147 id,
934 5080 1070 5150 quia
1126 5097 1416 5137 summum
1466 5082 1683 5138 bonum
1736 5084 2119 5157 qualicunque

427 5167 751 5238 cognitione
785 5170 1126 5240 prospicitis,
1156 5171 1254 5226 sed
1286 5189 1399 5227 non
1431 5174 1762 5245 perspicaci.

498 5258 821 5327 Adeptione]
854 5258 1318 5329 Comparatione.

499 5344 753 5417 Liquido]
787 5347 1099 5415 Manifeste,
1135 5349 1442 5405 evidenter.

498 5435 728 5505 Species]
763 5437 1131 5506 Apparentia.

498 5532 756 5603 Primum]
805 5535 1009 5605 Arguit
1052 5550 1188 5605 opes
1228 5550 1344 5588 non
1382 5536 1641 5590 conferre
1682 5536 2115 5606 beatitudinem,

426 5634 493 5673 eo
547 5621 699 5689 quod
742 5638 845 5676 nec
894 5627 1106 5679 statum
1146 5623 1406 5680 omnium
1459 5624 1744 5681 bonorum
1798 5643 2115 5700 congrega-

2224 4386 2387 4442 nobis
2424 4387 2533 4441 hoc
2562 4387 2686 4441 loco
2735 4386 3015 4459 subjicere
3065 4390 3361 4445 Claudiani
3400 4394 3587 4462 poetae
3616 4402 3794 4442 versus
3833 4386 3881 4436 in

2222 4491 2456 4531 avarum
2471 4476 2767 4543 Ruﬁnum,
2787 4493 2903 4533 non
2924 4480 3113 4534 minus
3128 4481 3295 4535 utiles
3342 4496 3519 4551 quam
3564 4478 3880 4533 luculentos:

2349 4582 2483 4650 Quo,
2511 4583 2728 4650 Vesane,
2765 4586 2877 4635 ruis
2896 4587 2931 4650 ?_
2944 4591 3129 4650 teneas
3157 4592 3443 4650 utrumque
3469 4586 3643 4637 licebit

2349 4646 2633 4714 Oceanum,
2666 4646 2808 4714 laxes
2834 4648 3020 4714 rutilos
3049 4650 3146 4714 tibi
3176 4650 3340 4714 Lydia
3357 4646 3560 4709 fontes,

2348 4708 2649 4777 iungantur
2673 4710 2865 4777 solium
2891 4711 3012 4777 Cyri
3036 4708 3303 4777 Crcesique
3329 4713 3496 4777 tiarm,

2349 4770 2633 4838 Numnam
2664 4771 2811 4821 dives
2836 4770 2955 4838 eris',
2986 4770 3260 4838 nunquam
3292 4775 3547 4824 satiabere
3580 4774 3787 4838 quaestu.

2352 4831 2567 4903 §emper
2597 4834 2766 4897 inops,
2786 4831 3089 4903 quicunque
3110 4831 3255 4901 cupit
3284 4854 3295 4885 :
3326 4831 3609 4886 contentus
3637 4834 3838 4883 honesto

2358 4894 2626 4964 fabricius
2655 4894 2835 4964 parvo,
2853 4894 3140 4964 spernebat
3169 4894 3391 4949 munera
3420 4914 3622 4963 regum,

2352 4954 2691 5021 _S_udabatqu'e
2722 4954 2865 5021 gravi
2888 4954 3076 5010 consul
3104 4962 3333 5011 Serenus
3364 4954 3537 5012 aratro
3572 4977 3581 5009 :

2351 5017 2415 5088 ξι
2448 5017 2863 5088 casa__pUgriaces
2887 5024 3070 5073 Curios
3100 5029 3326 5088 angusta
3356 5026 3585 5088 tenebat.

2355 5080 2477 5153 litae
2506 5080 2636 5153 milii
2656 5080 2936 5153 paupertas
2961 5080 3255 5153 angustior,
3286 5088 3405 5153 haec,
3429 5087 3559 5153 mihi
3583 5087 3712 5134 tecta

2354 5141 2688 5213 Oulminibu's
2712 5141 2914 5213 majora
2944 5141 3081 5213 tuis:
3119 5150 3215 5213 tibi
3242 5141 3437 5213 quierit
3468 5151 3650 5198 inanes

2356 5204 2611 5272 I_.uxuries
2643 5204 2885 5258 nocitura
2914 5211 3074 5270 cibos,
3104 5212 3236 5261 mihi
3262 5204 3432 5262 donat
3459 5214 3710 5272 inemptas

2354 5267 2513 5340 ἒβη-ξι
2535 5269 2718 5340 dapes,
2750 5273 2965 5335 rapiunt
2992 5267 3175 5336 Tyrios
3198 5275 3300 5340 tibi
3329 5276 3529 5324 vellera
3561 5267 3753 5325 succos-

2444 5329 3051 5401 pictur'atazsat'urantur
3072 5337 3270 5401 murice
3299 5343 3487 5387 vestes.

2356 5392 2462 5464 liic‘
2481 5394 2888 5464 radiantllores.
2916 5400 3129 5464 et_p_rati
3155 5399 3274 5464 viva
3301 5401 3548 5464 voluptas

2355 5453 2572 5521 [ngenio
2602 5457 2797 5521 variata
2818 5473 2933 5518 suo,
2964 5453 3291 5521 fulgentibus
3321 5463 3429 5511 illic

2354 5515 2590 5590 §urgunt
2612 5518 2784 5590 fulcra
2816 5515 2943 5571 toris
2973 5538 2983 5571 :
3019 5515 3105 5590 llic
3132 5524 3308 5574 mollis
3336 5525 3587 5589 panditur
3618 5520 3763 5571 herba

2356 5577 2649 5651 §ollicitum
2675 5583 2816 5651 curis
2851 5598 2959 5651 non
2990 5586 3281 5651 abruptura
3310 5577 3575 5651 soporem].

2356 5640 2535 5694 Turba
2558 5644 2880 5697 salutantum
2902 5648 3050 5700 lietas
3067 5640 3160 5701 tibi
3186 5640 3467 5715 perstrepit
3496 5649 3649 5701 aedes.
