4054 6184
223 349 367 402 ίθοί

415 484 728 555 Hicavium
743 491 928 538 cantus
957 489 1183 555 iabentis
1216 505 1491 544 murmura
1519 496 1638 555 rivi,

416 546 624 611 Vivitur
647 549 839 611 exiguo
873 551 1080 611 melius,
1110 556 1299 603 natura
1332 556 1499 605 beatis

414 608 672 681 Omnibus
701 608 820 681 esse
844 613 988 681 dedit
1011 608 1100 681 :Asi
1129 616 1247 677 quis
1277 619 1584 681 cognoverit
1610 621 1689 670 uti

413 671 536 745 Haec
561 672 605 744 si
636 678 764 723 nota
797 673 989 745 (orent.
1022 671 1316 745 frueremur
1336 671 1576 745 simplice
1611 684 1790 733 cultu:

412 733 636 801 Classica
660 750 768 784 non
798 736 1097 801 fremerent,
1125 754 1234 790 non
1255 733 1475 792 stridula
1495 744 1734 795 fraxinus
1786 747 1916 797 iret:

410 796 527 845 Non
556 801 745 847 ventus
771 805 1011 863 quateret
1030 796 1250 865 puppes,
1278 818 1385 854 non
1411 808 1657 857 machina
1686 796 1891 859 muros.

292 892 566 948 Avaritia
596 895 739 949 nihil
765 901 905 951 satis
938 899 1034 969 est]
1068 899 1396 957 Aristoteles
1425 904 1611 974 primo
1640 907 1912 963 Politico-

212 994 353 1033 rum
381 997 394 1033 :
432 981 639 1036 Omnes
662 983 817 1038 enim
851 985 911 1039 in
936 985 1492 1065 inﬁnitumaugent,
1528 994 1626 1064 qui
1657 996 1918 1065 pecuniis

212 1069 476 1125 student.
532 1071 930 1129 Ecclesiastes:
982 1080 1198 1132 Avarus
1230 1064 1347 1134 non
1376 1064 1711 1152 implebitur
1738 1102 1916 1155 pecu-

211 1158 338 1225 nia,
369 1165 427 1213 et
454 1160 555 1231 qui
588 1166 743 1216 amat
769 1163 1016 1233 divitias,
1064 1165 1311 1223 fructum
1342 1172 1469 1241 :non
1501 1172 1686 1242 capiet
1716 1190 1779 1227 ex
1812 1174 1914 1229 eis.

208 1247 438 1303 Seneca
465 1265 478 1303 :
513 1251 695 1305 Avaro
722 1256 839 1307 tam
870 1254 1028 1310 deest
1050 1258 1206 1327 quod
1236 1258 1408 1314 habet
1423 1277 1595 1331 quam
1615 1264 1768 1333 quod
1801 1280 1915 1319 non

208 1336 411 1405 habet,
449 1338 721 1395 Salomon
770 1344 1207 1401 Proverbiorum
1238 1349 1418 1419 capite
1447 1366 1588 1404 xm:
1624 1352 1717 1406 Est
1750 1354 1916 1424 quasi

206 1426 398 1496 dives,
433 1445 562 1484 cum
589 1430 733 1485 nihil
764 1431 1005 1498 habeat;
1037 1440 1093 1490 et
1122 1442 1208 1491 est
1239 1438 1403 1509 quasi
1429 1457 1665 1512 pauper,
1693 1458 1822 1497 cum
1853 1443 1916 1499 in

210 1518 415 1571 multis
446 1520 657 1575 divitiis
688 1522 784 1576 sit.
843 1523 1015 1578 Divus
1046 1526 1378 1582 Ambrosius
1404 1529 1463 1583 in
1497 1532 1686 1601 primo
1715 1534 1783 1588 de
1816 1535 1915 1588 In-

206 1608 645 1677 terpellatione:
699 1612 927 1668 Modum
983 1630 1103 1669 non
1157 1616 1331 1672 habet
1380 1620 1639 1688 avaritia,
1691 1638 1797 1677 nec
1829 1640 1916 1678 ra-

203 1697 430 1766 piendo
473 1700 751 1770 expletur,
801 1703 899 1757 sed
948 1703 1255 1759 incitatur:
1312 1707 1421 1761 hoc
1468 1710 1748 1779 egentior,
1796 1728 1911 1782 quo

200 1788 383 1859 plura
414 1789 724 1860 quaesierit.
779 1791 1029 1848 Seneca:
1091 1793 1228 1856 Quae
1280 1800 1415 1850 sunt
1462 1799 1729 1854 maxima:
1772 1800 1915 1856 divi-

201 1879 304 1932 tiae
325 1881 354 1933 ?
381 1880 507 1933 Non
539 1879 862 1936 desiderare
893 1882 1138 1937 divitias.
1174 1883 1311 1947 Quis
1350 1886 1666 1957 plurimum
1699 1890 1914 1948 habet?
1946 1879 1986 1933 Β

201 1967 320 2032 Qui
355 1968 666 2023 minimum
700 1971 876 2041 cupit.

803 2059 877 2113 IN
910 2060 1199 2116 METRUM
1232 2064 1328 2118 IlI.

279 2147 533 2202 Carmen
580 2153 666 2203 est
712 2147 957 2217 dicolon,
1005 2155 1273 2206 constans
1304 2153 1548 2209 iambico
1602 2158 1829 2213 senario
1856 2164 1914 2215 et

202 2238 471 2308 elegiaco
491 2242 874 2307 pentametro.
896 2240 1070 2294 Taxat
1091 2256 1159 2296 eo
1180 2244 1514 2299 mortalium
1535 2247 1911 2316 cupiditatem

200 2328 641 2398 inexplebilem,
673 2328 913 2384 tdoceus
961 2346 1122 2400 opes,
1162 2347 1267 2386 nec
1323 2349 1559 2389 avarum
1591 2335 1730 2391 dum
1773 2336 1912 2393 vivit

199 2416 445 2484 satiare,
477 2432 579 2470 nec
604 2416 701 2470 ubi
730 2422 993 2473 mortuus
1022 2418 1218 2488 fuerit,
1251 2422 1532 2477 comitari.

272 2506 523 2574 Fluente]
555 2505 861 2561 Afﬁuente.

269 2596 433 2648 Auri
459 2593 696 2666 gurgite]
732 2593 999 2650 Aurifero
1040 2595 1237 2663 ﬂuvio,
1291 2597 1615 2668 cujusmodi
1643 2601 1912 2657 dicuntur

195 2682 257 2737 in
290 2683 478 2753 Lydia
508 2684 769 2737 Pactolus
828 2688 885 2739 et
936 2684 1201 2753 Hermus,
1254 2688 1437 2757 Tagus
1483 2688 1542 2743 in
1592 2689 1905 2761 Lusitania,

196 2771 423 2825 Durius
452 2772 513 2826 in
545 2772 833 2843 Hispania.
866 2772 1128 2828 Horatius
1156 2774 1216 2829 in
1246 2776 1442 2847 Epodo
1467 2793 1479 2832 :

336 2878 418 2928 Sis
447 2892 635 2941 pecore
663 2883 715 2929 et
738 2880 1285 2945 multadivesitellure
1320 2882 1515 2945 licebit,

833 2943 1033 3007 tibique
1060 2944 1304 2993 Pactolus
1331 2945 1477 2995 ﬂuat.

263 3042 399 3099 Non
433 3040 767 3112 expleturos]
805 3042 927 3095 Non
959 3042 1259 3097 satiaturas
1280 3045 1403 3115 ejus
1432 3044 1712 3100 animum.

264 3132 490 3197 Baecis]
548 3128 817 3198 Gemmis,
858 3131 1071 3201 lapillis
1116 3132 1399 3203 pretiosis.
1448 3135 1639 3202 Bacca,
1690 3136 1905 3191 fructus

190 3218 379 3286 lauri,
418 3220 579 3286 oleae,
611 3219 793 3285 corni,
845 3220 1037 3290 myrti,
1081 3224 1136 3274 et
1164 3221 1223 3275 id
1255 3238 1435 3292 genus
1464 3222 1755 3278 arborum.
1801 3227 1907 3279 Per

191 3308 650 3363 similitudinem
680 3326 785 3381 pro
810 3309 1001 3380 lapide
1034 3310 1287 3381 pretioso
1319 3312 1615 3382 accipitur.
1653 3314 1742 3368 Sic
1774 3316 1909 3371 dici-

190 3414 333 3453 mus
372 3398 570 3452 baccas
596 3398 812 3452 succini
840 3399 929 3452 vel
956 3399 1172 3453 coralii.
1212 3401 1480 3455 Horatius
1512 3401 1569 3455 in
1600 3403 1832 3473 Epodo:

326 3488 438 3537 Nec
463 3487 540 3560 sit
570 3488 777 3560 marita,
801 3502 919 3560 quas
954 3488 1355 3560 rotundioribus

459 3550 659 3600 Onusta
684 3550 859 3600 baccis
879 3551 1128 3600 ambulet.

188 3633 349 3688 Hinc
380 3631 628 3693 baccula,
661 3648 836 3702 parva
860 3632 1048 3686 bacca.

258 3721 453 3778 Rubri
501 3720 724 3790 littoris]
789 3720 1021 3775 Littoris
1070 3721 1349 3792 Erythraei
1398 3724 1593 3777 maris.
1646 3724 1903 3779 Rubrum

185 3827 362 3865 mare
384 3810 616 3875 dicitur,
649 3810 804 3880 quod
835 3826 867 3864 a
891 3810 1115 3865 Persico
1147 3810 1275 3865 sinu
1312 3811 1372 3865 in
1398 3813 1669 3868 Arabiam
1703 3819 1903 3869 exten-

185 3900 378 3954 ditur.
418 3898 705 3953 Nearchus
738 3904 795 3953 et
825 3899 1201 3968 Onesicritus,
1252 3902 1560 3956 Alexandri
1591 3904 1780 3974 Magni
1818 3920 1905 3958 co-

184 3990 392 4050 mites,
424 3987 788 4042 tradiderunt
817 3990 988 4043 stulte
1026 4006 1367 4060 persuasum
1422 4007 1543 4046 esse
1574 3993 1767 4063 vulgo,
1804 4009 1901 4047 ru-

182 4078 327 4133 bras
362 4077 578 4131 alicubi
626 4093 747 4132 esse
776 4079 950 4132 maris
991 4095 1189 4150 aquas,
1220 4080 1363 4151 quin
1392 4080 1462 4134 ab
1496 4082 1736 4151 Erythro
1768 4099 1902 4154 rege

184 4182 417 4222 nomen
452 4166 655 4237 pelago
686 4166 934 4222 inditum
978 4168 1207 4223 credere
1261 4186 1320 4223 se
1351 4170 1514 4240 cujus
1563 4171 1894 4239 sepulcrum

185 4257 318 4326 ejus
353 4255 544 4327 gentis
572 4254 780 4310 litteris
812 4256 1178 4327 insignitum,
1211 4257 1270 4313 in
1297 4258 1484 4313 insula
1517 4258 1673 4313 haud
1700 4260 1901 4330 procul

186 4362 221 4401 a
252 4351 420 4400 terra
452 4344 645 4399 intuiti
673 4350 881 4401 essent.
923 4346 1034 4399 Alii
1066 4362 1275 4418 aquam
1304 4347 1487 4403 videri
1518 4348 1771 4417 rubram,
1797 4348 1901 4403 etsi

186 4452 315 4491 non
348 4434 445 4498 sit,
478 4432 786 4501 afﬁrmant,
810 4450 912 4490 seu
939 4436 1075 4506 quia
1104 4436 1315 4490 rubens
1368 4437 1440 4492 sit
1469 4454 1621 4504 area,
1656 4454 1770 4509 qua
1818 4438 1900 4492 le-
1943 4472 1985 4526 ο

188 4526 347 4579 viter
366 4528 677 4586 commota,
730 4524 864 4578 talis
905 4524 1111 4579 existat
1140 4525 1199 4578 in
1249 4526 1515 4580 ﬂuctibus
1560 4528 1751 4581 color:
1805 4531 1905 4581 aut

190 4612 360 4686 quod
393 4613 682 4667 montium
730 4613 831 4683 qui
870 4613 1129 4683 argillosi
1165 4614 1297 4682 sint,
1342 4631 1675 4685 repercussu
1705 4620 1906 4687 pacata

189 4701 396 4775 pelagi
430 4701 603 4755 facies
656 4702 943 4757 ruﬁ‘escat.
976 4703 1209 4757 Constat
1258 4702 1338 4757 ibi
1369 4704 1649 4775 plurimos
1686 4704 1905 4776 lapides

190 4792 497 4864 pretiosos
526 4790 883 4863 conchasque
913 4792 1179 4845 inveniri.
1216 4792 1511 4848 Tibullus:

324 4881 761 4953 Et_quascunque
779 4881 1137 4953 nigernltubro
1154 4880 1222 4953 de
1250 4880 1424 4953 littore
1453 4894 1688 4944 gemmas

397 4942 823 4993 Proximus'Eois
850 4942 1050 5007 colligit
1074 4942 1237 4992 Indus
1266 4944 1416 5007 aquis

192 5024 363 5080 Idem
394 5039 407 5077 :

329 5110 541 5170 Quidve
572 5110 627 5160 in
654 5110 931 5175 Erythraeo
967 5111 1160 5175 legitur
1186 5125 1305 5175 quae
1330 5111 1505 5161 littore
1531 5111 1749 5172 concha,

388 5175 680 5238 Tinctaque
710 5174 929 5224 Sidonio
964 5174 1164 5224 murice
1192 5174 1315 5224 lana
1340 5175 1536 5239 juvat?

268 5275 506 5331 Centeno
538 5270 685 5344 bove]
731 5272 975 5327 Centum
1002 5272 1207 5329 bobus.
1244 5274 1443 5329 Posuit
1472 5277 1664 5329 autem
1704 5288 1904 5329 nume-

194 5379 335 5419 rum
366 5362 599 5417 ﬁnitum
628 5377 733 5433 pro
768 5361 1017 5416 inﬁnito.

268 5452 527 5523 Scindat]
548 5454 752 5507 Aratro
780 5450 1127 5523 proscindat.

268 5540 493 5612 Opima]
524 5540 792 5612 Pinguia,
824 5539 1053 5595 fertilia.

268 5632 418 5687 Cum
462 5629 714 5702 mordax]
774 5630 885 5684 Cor
936 5628 1159 5684 assidue
1207 5644 1379 5684 urens
1410 5632 1465 5684 et
1498 5626 1682 5700 quasi,
1717 5643 1914 5684 morsu

188 5719 528 5777 conﬁciens.
562 5719 724 5774 Unde
755 5718 987 5790 quidam
1015 5734 1027 5772 :

558 5818 841 5886 PATROL.
892 5817 1117 5886 LXIII.

1509 362 1901 419 MURMELLII
1940 365 2467 425 COMMENTARIA.

3590 392 3724 446 1002

1964 503 2010 554 Α
2213 501 2494 567 Languida
2535 507 2808 558 mordaces
2856 519 3179 563 consumunt
3210 521 3423 579 pectora
3466 536 3626 575 curae.

2028 580 2097 635 Et
2125 582 2308 637 alius:
2342 585 2561 641 Vacuus
2592 587 2775 643 viator
2804 593 2861 645 et
2908 593 3093 647 nudus
3133 611 3246 650 non
3292 597 3455 656 timet
3483 603 3723 663 latronis

2027 668 2282 726 insidias.
2314 672 2555 730 Securus
2586 692 2618 730 a
2649 679 2943 733 nocturnis
2974 681 3198 739 furibus
3230 685 3443 743 dormit
3478 708 3721 765 pauper,

2029 758 2254 814 etiamsi
2286 763 2532 818 claustra
2573 781 2693 820 non
2740 768 2996 824 muniat:
3058 771 3219 827 diviti
3253 792 3386 831 vero
3436 758 3572 850 opes
3598 758 3721 840 sua:

2027 847 2267 903 latronis
2298 846 2527 922 semper
2564 853 2960 925 imaginantur
2990 875 3309 932 occursum,
3344 846 3727 938 jugisollici-

2027 936 2226 993 tudine
2256 941 2515 995 noctium
2548 960 2816 1000 somnum
2849 948 3131 1004 adimunt.
3168 936 3554 1014 Claudianus:

2212 1026 2475 1107 Famaque
2503 1032 2739 1107 avaritiae.
2774 1035 3062 1107 complexes
3094 1045 3303 1107 pectora
3323 1046 3525 1107 matris,

2215 1088 2487 1141 Insomnes
2513 1093 2673 1158 longo
2703 1088 2927 1146 veniun't
2954 1088 3207 1152 examine
3220 1088 3379 1156 cura;

2097 1170 2447 1243 Defunctum]
2471 1174 2775 1231 Mortuum.
2812 1179 3140 1250 Propertius
3165 1200 3178 1237 :

2182 1258 2331 1329 Haud
2363 1259 2498 1329 ullas
2515 1265 2760 1329 portabis
2781 1280 2908 1328 opes
2933 1269 3246 1322 Acherontis
3269 1275 3334 1324 ad
3371 1279 3561 1329 undas.

2212 1320 2393 1372 Nudus
2425 1324 2490 1372 ab
2512 1320 2718 1375 inferna
2747 1320 2907 1379 stulte
2938 1332 3124 1382 vehere
3164 1320 3293 1392 rate:

2025 1397 2198 1453 Divus
2228 1403 2559 1459 Ambrosius
2592 1408 2983 1466 Hexaemeron
3007 1413 3104 1467 lib.
3140 1416 3344 1472 ultimo
3373 1436 3385 1474 :
3421 1422 3573 1477 Nudi
3607 1442 3725 1479 om-

2023 1502 2127 1542 nes
2164 1490 2474 1560 nascimur,
2522 1497 2665 1550 nudi
2702 1500 3004 1554 morimur.
3053 1504 3221 1559 Nulla
3267 1507 3532 1565 discretio
3574 1513 3726 1569 inter

2024 1576 2298 1632 cadavera
2352 1585 2740 1650 mortuorum,
2792 1586 2903 1640 nisi
2951 1588 3097 1644 forte
3159 1595 3315 1663 quod
3366 1600 3597 1667 gravius
3643 1605 3725 1656 te-

2023 1665 2398 1722 tentdivitum
2415 1686 2659 1741 corpora
2669 1672 2916 1729 distenta
2930 1676 3020 1730 lux
3030 1680 3169 1733 urie.
3190 1665 3506 1740 Ludovicus
3522 1690 3721 1761 Bigus:

2178 1754 2727 1836 secum‘moriens
2753 1760 3007 1836 locuples,
3044 1766 3119 1814 nil
3151 1773 3324 1830 portat
3351 1786 3567 1836 egenus.

2212 1816 2385 1891 Morte
2420 1819 2651 1891 relicturi
2677 1816 2917 1891 plusque
2936 1816 3231 1891 minusque
3246 1816 3448 1885 561111321

2180 1878 2339 1956 T‘ollit
2358 1879 2413 1929 in
2450 1878 2765 1956 immensum
2786 1878 2841 1934 se
2867 1888 3045 1956 divitis
3076 1878 3224 1941 error
3252 1878 3418 1956 iam;

2209 1942 2317 1990 Nec
2346 1955 2402 1991 se
2426 1944 2519 1994 ubi
2548 1946 2765 2009 paciﬁca
2792 1955 2968 2000 mente
2997 1959 3235 2017 reponat,
3268 1942 3443 2009 habet.

2024 2019 2182 2076 Idem
2204 2036 2217 2075 :

2178 2110 2292 2181 Hunc
2321 2111 2456 2181 nihil
2494 2113 2791 2181 intulimus,
2820 2118 2955 2181 nihil
2982 2120 3107 2171 hinc
3138 2125 3343 2176 auferre
3372 2130 3628 2181 valemus.

2240 2173 2443 2249 Oppida
2471 2173 2852 2254 rex‘moriens,
2882 2180 3072 2253 frivola
3104 2173 3497 2254 linquit‘inop-s'.

2204 2235 2475 2309 Exiguum.
2498 2242 2689 2309 natura
2708 2235 2855 2303 petit,
2884 2244 2974 2309 qui
3004 2235 3379 2309 congru'usﬁilli

2314 2300 2499 2357 ixerat,
2521 2300 2662 2349 haud
2695 2300 2930 2366 unquam
2961 2306 3047 2355 hic
3077 2300 3290 2373 indigus
3319 2326 3432 2363 esse
3457 2320 3650 2379 potest.

2613 2381 2683 2435 IN
2713 2384 2994 2440 PROSAM
3035 2389 3123 2443 1V.

2091 2462 2589 2528 Quemadmodum
2642 2470 2763 2540 jam
2808 2473 3003 2528 docuit
3046 2477 3271 2533 divitias
3322 2498 3513 2539 veram
3560 2486 3720 2541 sufﬁ-

2019 2551 2290 2608 cientiam
2322 2572 2439 2610 non
2470 2558 2751 2628 conferre,
2776 2562 2858 2615 ita
2888 2580 3042 2618 nunc
3074 2576 3512 2637 argumentatur
3531 2574 3721 2646 digni-

2018 2643 2161 2695 tates
2207 2658 2304 2695 eos
2351 2643 2559 2714 quibus
2618 2650 2987 2717 provenerint
3040 2653 3407 2714 honorabiles
3453 2643 3718 2720 reveren-

2019 2728 2236 2800 desque
2260 2747 2375 2785 non
2394 2732 2662 2791 reddere:
2698 2752 2826 2808 qua:
2864 2756 3014 2810 saepe
3065 2744 3278 2799 collatae
3308 2746 3590 2819 improbis
3621 2770 3721 2808 eos

2019 2816 2403 2887 despectiores
2434 2820 2669 2879 faciunt.
2704 2825 2842 2881 dum
2872 2827 3105 2885 illorum
3134 2833 3270 2888 vitia
3294 2816 3559 2906 pluribus
3581 2847 3714 2898 ante

2017 2905 2214 2977 ignota
2243 2910 2516 2965 revelant.
3297 2905 3306 2906 η
3692 2926 3693 2929 “

2087 2996 2409 3069 Dignitates]
2467 2999 2844 3071 Magistratus,
2904 3005 3172 3064 honores.
3232 3012 3492 3083 Dignitas
3547 3021 3718 3075 modo

2017 3082 2300 3152 signiﬁcat
2340 3085 2622 3142 honorem
2664 3090 2835 3144 alicui
2867 3100 3103 3164 propter
3129 3082 3337 3155 merita
3367 3104 3454 3157 vel
3481 3103 3712 3177 impen-

1933 3176 1974 3231 C
2012 3187 2159 3239 sum,
2194 3173 2281 3226 vel
2304 3172 2580 3230 debitum.
2610 3178 2853 3235 Gellius:
2890 3182 3063 3253 Cujus
3096 3185 3342 3257 dignitas
3374 3208 3478 3247 nec
3517 3172 3716 3265 augeri

2016 3260 2302 3327 laudibus,
2337 3278 2439 3317 nec
2464 3264 2651 3319 minui
2697 3268 3146 3328 detractionibus
3182 3281 3390 3346 potest.
3426 3260 3718 3355 Accipitur

2014 3346 2307 3403 interdum
2358 3367 2462 3421 pro
2501 3354 2945 3424 magistratuum
2979 3362 3473 3425 administratione
3522 3346 3582 3425 et
3609 3372 3717 3428 ho-

2014 3453 2175 3493 nore.
2206 3438 2401 3494 Cicero
2429 3458 2440 3496 :
2477 3443 2545 3497 Ut
2578 3445 2846 3501 omnibus
2874 3447 2933 3502 in
2966 3450 3141 3506 rebus
3181 3454 3234 3508 ei
3265 3460 3320 3509 te
3349 3462 3717 3516 commendes

2014 3528 2199 3598 quoad
2231 3527 2372 3583 ﬁdes
2420 3530 2789 3604 dignitasque
2820 3540 2919 3590 tua
2974 3539 3248 3609 patietur.
3284 3545 3579 3603 Interdum
3625 3567 3718 3605 su-

2011 3616 2191 3670 mitur
2220 3634 2323 3688 pro
2346 3619 2498 3673 virili
2527 3622 2978 3691 pulchritudine.
3005 3629 3164 3684 Idem
3188 3631 3333 3688 libro
3361 3636 3553 3706 primo
3576 3638 3715 3694 Ofﬁ-

2010 3704 2231 3759 ciorum
2259 3723 2270 3760 :
2306 3708 2753 3765 Pulchritudinis
2786 3714 2900 3768 duo
2937 3722 3069 3771 sunt
3098 3735 3341 3790 genera:
3364 3704 3559 3780 unum
3585 3744 3716 3783 mu-

2009 3793 2210 3860 liebre,
2232 3811 2408 3864 quam
2437 3803 2792 3855 venustatem
2823 3806 3182 3875 appellamus
3206 3827 3220 3865 :
3252 3811 3500 3871 alterum
3526 3816 3713 3887 virile,

2011 3898 2184 3953 quam
2217 3884 2556 3953 dignitatem
2590 3887 2852 3943 dicimus.

2080 3970 2357 4043 Reddunt]
2388 3973 2527 4026 Cum
2552 3973 3002 4047 interrogatione
3033 3983 3361 4054 legendum.

2082 4059 2243 4129 Num]
2275 4060 2583 4131 Nunquid:
2621 4064 2788 4134 quasi
2820 4066 2973 4122 dicat
3002 4071 3263 4130 minime.

2080 4146 2285 4219 Atqui]
2319 4148 2446 4203 Sed.

2081 4233 2383 4310 Illustrare]
2408 4239 2611 4293 Notam
2640 4241 2902 4311 reddere,
2936 4244 3263 4306 nobilitare.

2082 4327 2420 4396 Nequitiam]
2442 4328 2897 4398 lmprobitatem.

2084 4414 2454 4486 Indignemur]
2486 4420 2655 4489 ,ἅζετο
2686 4424 2743 4475 et
2770 4420 2971 4491 iniquo
3000 4422 3194 4479 animo
3223 4426 3498 4484 feramus.

2091 4503 2361 4577 Catullus]
2418 4505 2516 4560 Hic
2574 4513 2760 4578 poeta,
2813 4527 3024 4581 genere
3078 4514 3435 4586 Veronensis,
3487 4519 3718 4591 scripsit

2012 4593 2197 4647 multa
2245 4593 2602 4664 lepidissima
2650 4599 2924 4668 carmina,
2958 4606 3206 4671 quorum
3256 4608 3537 4665 nonnulla
3564 4610 3717 4666 desi-

2014 4681 2310 4750 derantur,
2344 4688 2567 4739 exstant
2598 4686 2742 4742 alia:
2781 4688 2850 4742 de
2883 4704 2995 4760 quo
3027 4691 3171 4747 dixit
3197 4694 3467 4753 Ovidius:

2200 4787 2423 4838 Mantua
2446 4790 2663 4854 Virgilio
2693 4794 2908 4864 gaudet,
2938 4796 3146 4848 Verona
3179 4800 3405 4853 Catullo.

2016 4887 2083 4942 Et
2110 4886 2414 4942 Martialis:

2200 4991 2408 5042 Verona
2436 4992 2577 5044 docti
2607 4996 2843 5059 syllabas
2864 5005 3006 5051 amat
3036 5003 3184 5053 vatis.

2085 5090 2251 5161 Licet]
2284 5090 2570 5155 Quamvis.

2088 5181 2158 5233 In
2198 5181 2404 5252 Curuli]
2438 5183 2502 5235 In
2558 5183 2697 5237 sella
2753 5185 2975 5242 eborea.
3030 5189 3257 5246 Curulis
3305 5194 3443 5248 sella
3496 5199 3618 5250 erat
3647 5211 3717 5251 ex

2017 5267 2209 5333 ebore,
2239 5286 2353 5341 qua
2386 5270 2631 5341 majores
2664 5273 3030 5345 magistratus
3074 5280 3381 5336 utebantur
3422 5283 3481 5337 in
3523 5299 3716 5340 curru.

2018 5358 2279 5414 Horatius
2311 5357 2369 5412 in
2401 5359 2661 5430 epistolis
2685 5377 2698 5416 :

2204 5463 2431 5537 Quilibet
2452 5464 2549 5537 _hi_c
2586 5466 2753 5537 fasces
2788 5469 2950 5537 dabit,
2982 5472 3269 5536 eripietque
3298 5474 3497 5537 curule,

2206 5526 2301 5575 Cui
2327 5527 2487 5586 volet,
2519 5528 2857 5593 importunus
2884 5526 3034 5583 ebur.

2022 5626 2167 5681 Nam
2212 5629 2523 5696 senatores,
2587 5630 2686 5701 qui
2743 5631 2999 5686 curulem
3047 5631 3475 5707 magistratum,
3538 5639 3595 5695 id
3630 5649 3721 5699 est

2028 5715 2311 5788 majorem
2357 5716 2637 5776 honorem
2684 5719 3013 5792 gessissent,
3045 5719 3278 5777 honoris
3321 5727 3507 5796 gratia
3535 5729 3595 5785 in
3627 5748 3722 5788 cu-

3274 5830 3358 5893 32
