4054 6184
438 370 571 422 1003

1175 364 1525 420 APPENDIX
1563 364 1654 417 AD
1698 362 1942 418 LIBROS
1983 362 2073 418 DE
2116 361 2635 418 CONSOLATIONE
2676 357 3178 413 PHILOSOPHI/E.

3750 361 3859 416 1004

433 503 578 557 riam
611 500 739 554 vehi
765 499 914 553 soliti
968 501 1131 552 erant
1182 512 1373 564 curru,
1427 497 1488 549 in
1539 511 1651 567 quo
1678 495 1820 566 ierat
1866 495 2121 549 eburnea
2158 498 2205 550 A
2230 493 2447 563 ubique
2480 492 2533 545 ei
2554 491 2837 546 convenit.
2871 492 3073 544 Facere
3094 492 3285 543 autem
3308 487 3625 559 quempiam
3644 504 3863 545 reveren-

435 588 592 652 sella,
622 601 793 655 super
822 600 935 654 qua
959 582 1339 637 considerent.

501 673 766 746 Nonium]
838 673 1050 726 Nonius
1088 671 1317 726 Struma
1374 671 1665 723 Romanus
1723 669 1850 736 fuit,
1913 684 2124 737 genere

435 765 668 836 quidem
702 762 932 827 nobilis,
962 762 1057 815 sed
1085 762 1219 814 luxu
1240 765 1294 813 et
1321 760 1537 814 desidia
1557 759 1842 825 notabilis,
1864 758 1923 811 in
1954 774 2125 829 quem

434 859 492 908 et
523 852 811 907 Vatinium
841 855 1065 904 exstant
1096 866 1291 903 versus
1322 847 1625 902 Catulliani
1650 865 1663 900 :

624 959 759 1017 Quid
786 962 881 1015 est,
915 957 1135 1013 Catulle,
1166 955 1306 1019 quod
1332 956 1555 1003 moraris
1579 956 1786 1003 emori?

623 1023 763 1071 Sella
797 1022 851 1069 in
880 1019 1051 1067 curuli
1094 1018 1305 1067 Struma
1330 1018 1531 1065 Nonius
1562 1018 1724 1066 sedet.

620 1086 720 1133 Per
753 1084 1087 1132 consulatum
1118 1081 1315 1143 pejerat
1343 1080 1601 1129 Vatinius.

615 1146 749 1205 Quid
773 1150 869 1204 est,
898 1144 1101 1194 Catulle
1124 1145 1149 1192 ‘i'
1180 1142 1306 1205 quid
1334 1143 1557 1191 moraris
1586 1142 1751 1191 emori
1773 1142 1799 1189 9

433 1245 715 1317 Loquitur
758 1248 947 1298 autem
1006 1246 1179 1313 poeta
1235 1242 1305 1295 ad
1343 1240 1595 1310 seipsum
1633 1240 2126 1310 indignabundus,

435 1336 589 1409 quod
616 1333 1029 1406 indignissimis
1059 1331 1389 1386 hominibus
1411 1335 1585 1384 tanta:
1615 1348 1646 1385 a
1674 1332 1883 1402 populo
1908 1332 2126 1384 collatae

435 1424 889 1495 sintdignitates.
922 1421 1165 1475 Animad
1198 1420 1537 1474 vertendum
1570 1424 1761 1473 autem
1794 1424 1876 1473 est
1903 1420 1956 1473 id
1973 1420 2129 1489 quod

436 1514 645 1567 abhinc
676 1529 850 1565 annos
878 1511 1152 1565 tredecim
1187 1510 1516 1578 ltodolphus
1550 1509 1791 1577 Langius
1826 1508 2129 1561 canonicus

435 1600 915 1665 Monasteriensis,
996 1599 1085 1651 vir
1166 1614 1397 1668 genere,
1482 1596 1754 1663 scientiis,
1822 1597 2127 1650 virtutibus

434 1690 614 1743 multo
649 1688 1017 1753 clarissimus,
1050 1703 1142 1739 me
1174 1691 1296 1740 tum
1347 1686 1762 1740 adolescentem
1804 1686 2122 1749 admonuit,

436 1794 551 1832 non
580 1778 707 1832 ideo
729 1776 1035 1843 Catullum,
1062 1776 1311 1829 Nonium
1333 1776 1485 1829 hunc
1506 1776 1790 1829 Strumam
1816 1776 2123 1845 appellare,

437 1869 599 1939 quasi
630 1866 966 1937 ignominiae
996 1865 1244 1935 quodam
1275 1864 1465 1933 elogio
1488 1865 1595 1918 hoc
1618 1881 1749 1919 eum
1772 1864 2004 1917 nomine
2021 1880 2123 1917 no-

435 1963 538 2023 tet,
569 1961 635 2010 ut
666 1956 841 2009 Boetii
886 1955 1059 2009 verba
1104 1955 1490 2024 praetendunt,
1533 1955 1631 2008 sed
1664 1970 1981 2023 cognomen
2012 1956 2125 2008 No-

433 2046 536 2112 nii,
569 2051 625 2099 et
656 2045 779 2115 ejus
801 2044 1031 2098 familiae
1063 2044 1291 2099 Struma
1320 2043 1426 2097 fuit
1451 2060 1464 2097 :
1486 2043 1639 2114 quod
1662 2048 1717 2097 et
1749 2043 1917 2097 Plinii
1955 2043 2129 2097 verba

434 2135 496 2188 in
528 2150 741 2191 .xxxvu
782 2132 1064 2187 Naturalis
1134 2133 1397 2187 Historiae
1457 2133 1784 2200 ostendunt,
1849 2148 1977 2185 cum
2028 2130 2125 2197 ait,

434 2224 504 2278 de
539 2224 727 2294 opalio
775 2239 1005 2293 gemma
1058 2222 1471 2292 pretiosissima
1502 2223 1754 2275 scribens
1784 2238 1795 2274 :
1836 2222 2128 2291 Siquidem

435 2316 616 2367 exstat
641 2312 925 2380 hodieque
957 2312 1128 2379 hujus
1156 2311 1384 2379 generis
1416 2326 1663 2379 gemma,
1697 2315 1935 2379 propter
1957 2324 2126 2379 quam

438 2402 508 2455 ab
554 2399 803 2453 Antonio
853 2399 1203 2468 proscriptus
1264 2399 1481 2452 Nonius
1530 2402 1760 2451 senator
1811 2402 1913 2462 est,
1978 2397 2128 2451 tilius

435 2488 681 2543 Strumee
729 2486 916 2552 Nonii,
973 2502 1145 2556 quem
1178 2487 1434 2540 Catullus
1481 2490 1655 2556 poeta
1684 2486 1745 2539 in
1784 2487 1919 2538 sella
1947 2486 2131 2539 curuli

434 2576 621 2631 visum
652 2574 891 2645 indigne
922 2575 1072 2642 tulit,
1107 2591 1357 2645 avusque
1388 2574 1611 2628 Servilii
1648 2574 1923 2640 Novianii,
1957 2592 2127 2645 quem

438 2664 733 2719 consulem
771 2662 1036 2717 vidimus.
1089 2663 1319 2717 Struma
1374 2680 1506 2717 vero
1555 2679 1737 2733 genus
1789 2662 1974 2716 morbi
2023 2667 2126 2728 est,

438 2759 631 2809 tumor
685 2752 917 2821 scilicet,
946 2753 1007 2806 in
1064 2768 1177 2824 quo
1230 2753 1428 2807 subtus
1459 2757 1737 2807 concretae
1769 2753 2030 2823 quaedam
2065 2770 2131 2806 ex

438 2859 580 2916 pure
605 2847 659 2897 et
705 2842 985 2912 sanguine
1025 2842 1189 2912 quasi
1219 2840 1503 2912 glandulae
1530 2842 1813 2896 oriuntur.
1851 2842 2131 2895 Strumosi

438 2934 708 2989 dicuntur
737 2933 835 3004 qui
868 2932 925 2986 id
964 2931 1087 2985 vitii
1118 2931 1437 3002 patiuntur,
1459 2936 1515 2985 et
1543 2937 1825 2986 strumosa
1854 2947 1985 3001 pars
2008 2946 2128 2983 cor-

435 3023 594 3095 poris
625 3039 754 3094 quas
786 3038 852 3075 eo
885 3022 1019 3075 lassa
1049 3026 1152 3075 est.

510 3087 659 3169 Cum.
694 3109 966 3181 Decorato]
1037 3112 1347 3164 Decoratus
1404 3115 1668 3179 tempore
1732 3107 1906 3163 Boetii
1937 3124 2131 3161 scurra
2171 3087 2210 3141 ί)

439 3202 826 3272 nequissimus
849 3205 905 3254 et
935 3200 1283 3269 sycophanta
1301 3199 1426 3267 fuit,
1459 3215 1589 3251 cum
1621 3214 1734 3269 quo
1757 3196 1981 3251 Boetius
2010 3213 2129 3249 ma-

438 3290 743 3360 gistratum
774 3305 972 3359 gerere
1004 3288 1304 3341 recusavit.

511 3377 761 3447 Putares]
797 3377 998 3429 Velles.
1050 3378 1213 3443 Puto,
1268 3380 1408 3429 teste
1438 3378 1680 3445 Acrone,
1733 3392 1838 3446 pro
1888 3376 2013 3431 volo
2045 3393 2131 3431 ac-

440 3466 669 3536 cipitur.
707 3468 895 3517 Horat.
930 3464 990 3516 in
1021 3464 1429 3517 Sermonibus:

628 3554 693 3601 Ut
720 3552 906 3600 vitales
928 3554 1081 3613 putes
1108 3565 1118 3597 :

440 3634 500 3687 id
531 3637 615 3688 est
641 3632 799 3686 velis.

512 3725 651 3777 Inest
675 3725 815 3774 enim
832 3721 1075 3786 dignitas
1093 3717 1326 3787 propria
1341 3718 1575 3791 virtuti]
1599 3720 1887 3775 Horatius:

690 3810 865 3857 Virtus
895 3808 1118 3869 repulsae
1149 3807 1325 3855 nescia
1355 3807 1582 3856 sordidae

692 3871 1021 3919 lntaminatis
1043 3870 1208 3931 fulget
1232 3869 1539 3918 honoribus.

512 3972 871 4039 Despectiores
898 3971 1084 4037 potius
1116 3970 1384 4036 improbos
1425 3969 1669 4036 dignitas
1700 3970 1857 4037 facit]
1882 3969 2126 4023 Seneca:

443 4061 584 4115 Loco
598 4057 929 4129 ignominiae
948 4062 1032 4110 est
1046 4056 1191 4127 apud
1209 4057 1507 4128 indignum
1525 4057 1789 4127 dignitas.
1808 4058 2125 4113 Claudian:

566 4148 725 4196 Saevit
758 4147 810 4193 in
841 4151 1109 4193 auctorem
1141 4145 1471 4207 prodigiosus
1506 4145 1695 4193 honor.

439 4227 626 4281 Veteri
655 4226 958 4296 proverbio
1006 4226 1230 4291 dicitur,
1284 4225 1460 4279 Simia
1516 4226 1681 4278 simia
1745 4230 1846 4287 est,
1904 4226 2127 4280 etiamsi

439 4332 613 4370 aurea
634 4320 818 4385 gestet
846 4314 1114 4383 insignia.

2236 582 2373 636 dum
2404 597 2518 635 non
2544 580 2811 634 convenit
2841 579 3055 650 ubique
3100 577 3509 648 dignitatibus:
3535 593 3643 631 non
3681 585 3753 632 est
3780 580 3864 649 igi-

2234 675 2327 724 tur
2358 670 2437 723 eis
2464 669 2744 723 naturale.
2782 667 3242 738 Propositionem
3267 682 3439 737 quam
3463 666 3619 720 multi
3637 668 3864 737 majorem

2234 762 2456 822 vocant,
2492 756 2743 810 ostendit
2772 755 3035 824 exemplo
3068 772 3165 809 seu
3210 754 3539 809 inductione
3567 754 3867 825 imperfecta,

2236 863 2364 917 quae
2390 846 2549 899 facile
2582 846 2778 916 perﬁci
2810 847 3006 915 possit.
3044 846 3210 899 Calor
3242 843 3381 915 ligni
3413 844 3675 897 naturalis
3704 844 3869 916 ubique

2236 935 2384 989 inest
2414 936 2465 988 ei
2493 952 2504 988 :
2541 935 2782 1005 proinde
2814 934 3098 1004 quidquid
3129 933 3214 988 rei
3245 934 3502 987 naturale
3528 938 3609 987 est
3638 950 3868 1005 nusquam

2238 1040 2363 1078 eam
2398 1023 2605 1078 deﬁcit.
2643 1024 3107 1093 Assumptionem
3154 1039 3289 1077 vero
3338 1038 3470 1093 quae
3524 1023 3684 1092 vulgo
3726 1024 3874 1077 minor

2238 1115 2464 1181 dicitur,
2500 1113 2650 1167 hunc
2681 1114 2740 1166 in
2763 1114 2998 1167 modum
3018 1128 3213 1166 veram
3228 1128 3349 1167 esse
3364 1113 3545 1166 docet.
3561 1111 3615 1167 Si
3633 1113 3745 1183 quis
3759 1114 3871 1167 enim

2238 1203 2448 1273 saepius
2498 1204 2695 1257 Romae
2748 1202 3046 1256 consulatu
3078 1202 3328 1269 functus,
3362 1201 3649 1256 devenerit
3690 1202 3808 1255 forte
3832 1202 3872 1255 in

2236 1292 2506 1367 barbaras
2530 1292 2812 1358 nationes,
2848 1290 2948 1344 ubi
2976 1290 3154 1346 fuerit
3182 1291 3435 1361 ignotus,
3467 1291 3694 1345 minime
3721 1291 3875 1345 barba-

2237 1382 2313 1435 ris
2340 1382 2627 1435 videbitur
2666 1382 3049 1448 venerandus,
3100 1380 3199 1452 qui
3230 1397 3335 1436 nec
3364 1380 3557 1437 virum
3586 1380 3775 1447 norint,
3800 1398 3875 1436 nec

2236 1472 2357 1541 ejus
2381 1471 2572 1525 mirati
2602 1471 2814 1524 fuerint
2845 1470 3169 1541 dignitates.

2308 1560 2547 1628 Quoquo]
2576 1559 2932 1629 Ubicunque.

2306 1649 2418 1704 Sed
2458 1650 2570 1712 hoc]
2618 1647 2871 1702 Subaudi
2929 1647 3136 1715 evenit,
3196 1648 3282 1702 vel
3335 1647 3562 1717 accidit,
3611 1649 3691 1702 vel
3733 1648 3875 1702 simile

2236 1736 2551 1808 quidpiam.

2305 1828 2450 1880 Inter
2479 1842 2562 1880 eos
2592 1826 2734 1894 vero]
2790 1824 3022 1879 Disserit
3081 1842 3183 1880 nec
3214 1825 3366 1895 apud
3400 1842 3545 1897 quos
3601 1832 3728 1881 orta
3760 1832 3872 1893 sunt,

2235 1920 2514 1986 perpetuo
2548 1915 2855 1984 dignitates
2886 1931 3248 1985 permanere,
3300 1915 3477 1987 idque
3500 1917 3753 1987 exemplis
3778 1933 3876 1988 pro-

2236 2005 2333 2059 bat
2362 2004 2674 2058 evidenter.

2310 2094 2660 2162 Prw/iactura]
2695 2094 2971 2147 Romulus
3014 2111 3196 2149 unum
3255 2096 3430 2167 elegit
3483 2112 3649 2168 quem
3694 2096 3876 2149 urbanis

2239 2183 2482 2253 negotiis
2514 2182 2785 2251 praefecit,
2816 2188 2881 2237 ut
2910 2183 3209 2254 Dionysius
3240 2186 3333 2239 ait.
3394 2185 3557 2240 Hunc
3601 2184 3875 2256 praefectum

2240 2272 2405 2326 Urbis
2437 2272 2609 2326 fuisse
2654 2274 2786 2325 satis
2833 2278 3071 2326 constat.
3111 2276 3303 2344 Longo
3355 2280 3486 2344 post
3517 2281 3754 2345 tempore
3778 2280 3877 2327 tan-

2239 2366 2362 2415 tum
2390 2360 2496 2414 sibi
2518 2361 2665 2430 juris
2697 2361 3035 2429 praefectura
3064 2362 3372 2417 vindicavit
3404 2364 3679 2417 Caesarum
3707 2368 3877 2432 tempe

2240 2451 2416 2515 ribus,
2451 2454 2511 2503 ut
2536 2450 2777 2503 crimina
2809 2450 3070 2504 omnium
3100 2451 3158 2504 in
3181 2452 3320 2505 urbe
3351 2458 3725 2523 cognosceret,
3752 2458 3795 2506 et
3811 2452 3878 2504 de-

2238 2555 2400 2593 mum
2432 2554 2560 2592 cum
2594 2539 2840 2592 Czesares
2861 2538 2929 2592 ab
2961 2539 3108 2593 Urbe
3140 2541 3425 2609 abessent,
3464 2542 3744 2612 praefectus
3766 2541 3879 2593 velut

2241 2625 2383 2681 alter
2401 2627 2935 2697 Cmsarimperabat,
2950 2628 3018 2681 de
3032 2628 3200 2683 rebus
3216 2630 3624 2701 omnibusquae
3643 2631 3705 2684 ad
3721 2629 3878 2683 Urbem

2240 2715 2623 2785 pertinebant,
2658 2716 2942 2770 censebat.
2974 2718 3255 2787 Tempore
3282 2724 3481 2773 autem
3515 2720 3702 2785 Boetii,
3739 2718 3877 2771 Theo-

2242 2805 2430 2859 derico
2487 2806 2803 2859 Gothorum
2853 2821 2989 2876 rege
3047 2807 3267 2861 Italiam
3313 2812 3572 2863 tenente.
3602 2808 3879 2878 praefectura

2240 2909 2356 2947 non
2389 2898 2530 2960 erat,
2550 2894 2676 2947 'nisi
2710 2893 2880 2948 inane
2904 2911 3135 2959 nomen,
3159 2902 3213 2949 et
3234 2898 3513 2951 senatorii
3531 2914 3718 2951 census
3736 2897 3878 2966 gravis

2241 2981 2482 3047 sarcina,
2517 2984 2669 3053 quod
2701 2988 2990 3037 senatores
3022 3002 3122 3038 sua
3144 2985 3392 3055 pecunia
3416 2986 3731 3057 praefectum
3758 2984 3879 3039 Urbis

2240 3072 2391 3125 alere
2423 3072 2795 3141 cogebantur,
2830 3073 2929 3143 qui
2962 3074 3128 3127 titulo
3150 3080 3318 3129 tenus
3339 3080 3469 3130 erat
3497 3076 3878 3146 prmfectus,ncc

2243 3161 2541 3231 antiquam
2570 3161 2853 3216 retinebat
2885 3164 3302 3219 auctoritatem.

2312 3252 2465 3305 Nunc
2495 3266 2557 3303 ea
2594 3254 2946 3319 praefectura]
2988 3252 3196 3306 Dicunt
3225 3253 3467 3323 quidam
3520 3268 3745 3307 annonae
3771 3265 3876 3321 prte-

2240 3337 2515 3391 fecturam
2539 3339 2805 3393 habuisse
2836 3339 3071 3393 initium
3100 3344 3159 3394 l5
3184 3358 3333 3396 anno
3354 3348 3492 3413 post
3517 3348 3721 3397 exactos
3740 3355 3877 3410 reges,

2240 3428 2423 3496 Appio
2464 3428 2697 3482 Claudio
2732 3428 2939 3483 Sabino
2972 3434 3028 3484 et
3077 3432 3137 3484 P.
3170 3431 3414 3486 Servilio
3457 3434 3639 3487 Prisco
3685 3428 3879 3485 consuli-

2242 3516 2381 3581 bus;
2418 3516 2514 3570 sed
2544 3516 2731 3570 verius
2763 3521 2985 3571 constat
3014 3534 3164 3572 anno
3196 3523 3280 3587 18,
3315 3522 3377 3583 T,
3414 3522 3645 3576 Secanio
3672 3526 3719 3573 et
3748 3520 3795 3574 P.
3816 3517 3880 3570 Mi-

2241 3604 2403 3658 nutio
2430 3605 2778 3666 consulibus,
2810 3622 2923 3676 quo
2970 3610 3229 3678 tempore
3273 3624 3526 3664 annonas
3571 3611 3786 3663 maxima
3818 3622 3879 3659 ca-

2240 3694 2376 3748 ritas
2406 3693 2534 3760 fuit,
2570 3694 2845 3766 missique
2868 3696 2925 3749 in
2957 3697 3205 3752 Siciliam
3236 3698 3397 3754 fuere
3435 3701 3498 3753 P.
3526 3700 3756 3753 Valerius
3777 3695 3877 3749 etL.

2240 3782 2526 3851 Geganius
2558 3800 2661 3853 pro
2696 3784 3030 3841 advehendo
3060 3787 3369 3842 frumento.
3420 3789 3625 3844 Volunt
3660 3792 3708 3841 et
3734 3784 3810 3839 alii
3837 3785 3876 3837 L.

2238 3870 2537 3925 Minutium
2568 3872 2741 3926 fuisse
2762 3874 3015 3943 primum
3034 3891 3279 3931 annonae
3296 3878 3652 3948 praefectum,
3684 3876 3879 3943 satisque

2240 3964 2477 4027 constat,
2510 3976 2629 4015 non
2658 3960 2766 4016 nisi
2797 3979 2861 4018 ex
2891 3963 3210 4036 indigentia
3237 3966 3518 4024 frumenti
3563 3969 3701 4023 hunc
3735 3962 3878 4034 magi-

2238 4051 2482 4101 stratum
2510 4047 2689 4103 fuisse
2713 4056 2989 4105 creatum.

2311 4138 2529 4204 Proprii
2547 4138 2772 4208 decoris]
2808 4141 3060 4211 Propriae
3089 4143 3555 4212 pulchritudinis.

2311 4226 2487 4294 Nunc]
2522 4227 2832 4281 Interdum.

2312 4313 2371 4367 Si
2403 4318 2577 4381 igitur
2601 4316 2945 4388 i'evcrendos]
2989 4320 3149 4374 Brevi
3180 4321 3409 4394 epilogo
3433 4326 3553 4395 jam
3587 4325 3722 4379 dicta
3749 4334 3874 4390 repe-

517 4408 711 4460 Verum
767 4419 873 4457 non
920 4405 1154 4471 impune]
1194 4402 1321 4467 Sed,
1380 4401 1589 4471 inquit,
1638 4402 1793 4471 quod
1826 4402 2130 4472 dignitates
2169 4394 2211 4445 D
2244 4400 2333 4468 tit,
2372 4406 2429 4455 et
2496 4402 2870 4472 dignitatibus
2928 4408 3074 4462 nihil
3114 4394 3449 4481 expetendas
3499 4408 3877 4485 pulchritudinis

437 4494 730 4564 improbos
751 4492 1129 4561 despectiores
1170 4491 1433 4556 reddunt,
1468 4490 1524 4543 id
1556 4507 1674 4543 non
1725 4491 1983 4560 impune,
2007 4493 2129 4561 '_hoc

439 4590 524 4637 est
554 4600 668 4636 non
696 4582 817 4635 sine
850 4596 997 4634 noxa
1031 4596 1131 4633 sua
1160 4580 1408 4633 faciunt:
1444 4596 1577 4632 nam
1610 4580 1862 4633 vicissim
1898 4581 2127 4635 illorum

437 4672 781 4739 contagione
809 4670 1185 4724 maculantur.
1214 4669 1384 4721 Divus
1408 4669 1785 4738 Hieronymus
1810 4670 1867 4723 in
1890 4670 2130 4739 epistola

436 4761 821 4812 consolatoria
872 4759 940 4812 ad
976 4757 1425 4812 Pammachum:
1479 4758 1748 4821 Quamvis
1809 4760 1994 4811 clarus
2023 4759 2126 4812 ho-

439 4865 544 4901 nor
564 4849 781 4901 vilescit
810 4848 864 4900 in
900 4847 1087 4911 turba,
1124 4852 1178 4900 et
1227 4846 1378 4915 apud
1424 4846 1572 4898 viros
1605 4846 1784 4899 bonos
1837 4847 2129 4915 indignior

437 4937 500 4991 fit
527 4936 648 5006 ipsa
676 4936 943 5006 dignitas,
977 4952 1147 5005 quam
1178 4935 1345 4988 multi
1378 4934 1601 5004 indigni
1631 4936 1942 5004 possident.
1974 4937 2129 4989 Unde

439 5026 666 5096 egregie
700 5025 766 5078 de
800 5027 1017 5079 Caesare
1056 5024 1303 5079 Tullius:
1346 5025 1492 5078 Dum
1553 5025 1850 5095 quosdam,
1906 5025 2002 5093 ait,
2036 5042 2127 5078 or-

439 5132 571 5169 nare
602 5115 797 5176 voluit,
832 5130 947 5166 non
974 5113 1098 5166 illos
1137 5113 1475 5180 honestavit,
1514 5114 1609 5167 sed
1643 5120 1977 5168 ornamenta
2003 5116 2131 5186 ipsa

436 5203 703 5258 turbavit.
740 5203 932 5255 Cicero
965 5202 1021 5254 in
1065 5203 1309 5256 secunda
1336 5202 1656 5272 Philippica
1688 5203 1754 5256 de
1800 5204 1978 5257 Marco
2009 5209 2128 5260 An-

436 5294 594 5346 tonio
622 5310 632 5346 :
669 5294 730 5347 In
759 5294 991 5346 homine
1032 5291 1186 5344 enim
1214 5291 1547 5362 turpissimo
1580 5292 1915 5347 obsolcbant
1943 5293 2127 5364 digni-

436 5385 564 5433 tatis
598 5382 861 5447 insignia.

513 5470 855 5536 limbi-utiles]
886 5470 1106 5531 lnancs,
1140 5466 1361 5519 umbrae
1394 5466 1626 5522 similes.

510 5559 569 5607 Si
601 5560 723 5624 quis
750 5556 1057 5624 multiplici]
1112 5555 1354 5609 Pulchre
1400 5556 1771 5610 ratiocinatur
1817 5558 2129 5628 dignitates

438 5658 555 5694 non
590 5646 770 5696 facere
804 5646 1135 5714 quempiam
1169 5644 1380 5714 ubique
1404 5646 1815 5711 venerandum,
1856 5664 2041 5719 neque
2071 5649 2129 5702 id

438 5748 558 5783 esse
588 5748 797 5785 munus
829 5732 908 5784 eis
950 5734 1227 5787 naturale.
1259 5732 1550 5804 Quidquid
1591 5734 1673 5787 rei
1715 5737 1973 5790 naturale
2021 5741 2124 5803 est,

2240 4490 2424 4544 inesse
2456 4492 2760 4548 concludit.

2846 4594 2918 4647 IN
2948 4594 3232 4651 METRUM
3266 4599 3347 4653 1V.

2311 4680 2553 4733 Carmen
2576 4682 2659 4733 est
2690 4680 2939 4751 dicolon,
2974 4686 3138 4755 cujus
3190 4688 3415 4756 primus
3446 4705 3635 4744 versus
3675 4693 3747 4743 est
3769 4684 3874 4756 pha-

2238 4767 2411 4821 lecius
2446 4768 2968 4840 hcndecasyllabus,
3018 4776 3299 4829 secundus
3349 4778 3676 4844 alcmanins,
3717 4776 3789 4828 vel
3814 4774 3877 4839 (ut

2238 4858 2366 4910 aliis
2396 4858 2600 4929 placet)
2636 4860 3016 4916 archilochius
3048 4868 3380 4921 tetrameter
3408 4870 3748 4929 acatalectus,
3778 4877 3878 4916 con-

2240 4952 2395 5001 stans
2425 4948 2648 5001 duobus
2681 4949 2917 5020 dactylis
2949 4956 3003 5005 et
3034 4954 3273 5008 totidem
3316 4958 3588 5012 trochaeis.
3625 4958 3775 5011 Docet
3806 4952 3880 5006 Ne-

2239 5036 2399 5090 ronis
2427 5038 2687 5107 exemplo
2720 5038 3027 5109 dignitates
3045 5059 3196 5114 saepe
3217 5047 3654 5117 corruptissimis
3675 5041 3879 5099 moribus

2244 5126 2553 5194 adhaerere,
2586 5130 2641 5180 et
2679 5128 2923 5183 honores
2954 5147 3082 5184 cum
3116 5149 3147 5185 a
3177 5134 3398 5189 miseris
3424 5136 3751 5201 tribuantur,
3774 5131 3878 5184 bea-

2241 5215 2548 5270 titudinem
2571 5217 2829 5272 conferre
2864 5220 3080 5274 nemini
3111 5238 3296 5291 posse.

2316 5306 2476 5370 Tyrio
2533 5303 2699 5376 ostro]
2750 5308 2913 5377 Tyria
2957 5326 3236 5380 purpura.
3270 5314 3494 5369 Ostrum
3528 5317 3609 5368 est
3647 5322 3873 5384 purpura.

2239 5392 2510 5462 Virgilius
2540 5394 2600 5447 in
2631 5396 2915 5465 Georgicis
2942 5414 2953 5450 :

2361 5482 2427 5530 Ut
2448 5496 2655 5544 gemma
2680 5484 2840 5543 bibat,
2873 5489 2923 5534 ct
2948 5486 3174 5538 Sarrano
3202 5490 3427 5541 dormiat
3464 5496 3619 5541 ostro.

2311 5560 2571 5631 Comcrct]
2606 5562 2863 5617 Ornaret.

2316 5650 2512 5719 Niveis]
2546 5651 2834 5707 Candidis.

2317 5738 2563 5809 Vigebat]
2594 5740 2844 5797 Vivebat.
