4054 6184
168 373 300 426 1005

232 495 375 564 Vim]
406 495 470 548 Id
498 500 584 548 est
610 495 945 553 violentiam
980 497 1291 550 exercebat.

226 586 488 639 Luxuriae
515 586 657 642 Nero
677 587 977 649 scevientis]
1007 585 1176 640 Divus
1207 586 1560 657 Augustinus
1591 587 1736 642 libro
1781 588 1849 642 de

159 673 389 727 Civitate
423 672 521 727 Dei
552 673 776 745 quinto,
824 674 1006 744 capite
1052 678 1151 729 l9:
1199 675 1307 739 Qui
1342 680 1535 729 autem
1587 680 1850 731 contem-

158 768 287 833 ptor
322 760 519 833 gloriae
549 763 955 817 dominationis
986 769 1071 818 est
1109 765 1324 831 avidus,
1354 765 1563 819 bestias
1599 770 1847 837 superat,

160 851 269 904 sive
310 851 662 906 crudelitatis
713 852 885 919 vitiis,
948 853 1064 907 sive
1098 854 1363 908 luxurias.
1398 855 1558 908 Tales
1617 854 1851 925 quidam

162 940 409 994 Romani
427 940 674 995 fuerunt.
698 942 822 995 Non
840 942 990 995 enim
1009 959 1143 996 cura
1156 943 1596 997 existimationis
1621 945 1848 1011 amissa,

160 1030 565 1086 dominationis
591 1033 903 1103 cupiditate
929 1039 1256 1089 caruerunt.
1294 1036 1498 1089 Multos
1518 1035 1657 1089 tales
1677 1034 1853 1089 fuisse

160 1122 352 1191 prodit
395 1122 653 1177 historia.
679 1124 787 1178 Sed
829 1124 1001 1194 hujus
1036 1124 1157 1178 vitii
1188 1125 1573 1180 summitatem
1590 1130 1647 1179 et
1691 1124 1854 1196 quasi

162 1227 347 1265 arcem
381 1213 692 1283 quamdam
718 1214 863 1267 Nero
892 1214 1078 1268 Caesar
1109 1213 1328 1285 primus
1358 1215 1606 1269 obtinuit
1639 1231 1651 1268 :
1691 1215 1854 1285 cujus

158 1300 262 1354 fuit
291 1305 451 1355 tanta
501 1301 774 1368 luxuries,
822 1306 886 1356 ut
925 1302 1070 1356 nihil
1121 1303 1189 1356 ab
1243 1320 1308 1357 eo
1339 1308 1639 1373 putaretur
1690 1302 1853 1357 virile

160 1391 541 1445 metuendum
576 1407 588 1444 :
624 1395 783 1445 tanta
813 1391 1137 1459 crudelitas,
1174 1396 1234 1447 ut
1265 1392 1408 1447 nihil
1443 1394 1614 1447 molle
1644 1392 1853 1447 habere

159 1481 508 1546 crederetur,
534 1480 580 1533 si
612 1479 941 1535 nesciretur.

231 1567 539 1641 Improbus]
557 1569 1037 1625 Sceleratissimus
1066 1572 1233 1626 Nero.

230 1656 511 1730 Verendis]
548 1658 915 1714 Reverendis.

227 1747 505 1819 Putribus]
539 1748 927 1803 Senatoribus.

226 1834 537 1907 lndecores]
570 1836 954 1905 lluhonestas,
1010 1841 1204 1907 turpes
1254 1838 1327 1892 ob
1385 1837 1506 1908 ejus
1538 1838 1637 1909 qui
1690 1836 1860 1892 dabat

161 1941 270 1992 eas,
310 1941 597 1979 summam
638 1926 1088 1997 improbitatem.
1122 1928 1272 1981 Maro
1312 1944 1324 1981 :

412 2015 515 2079 Cur
548 2015 826 2079 indecores
848 2016 901 2063 in
932 2015 1115 2064 limine
1143 2015 1309 2079 primo

284 2075 519 2125 Deﬁcitis
539 2078 565 2125 ‘i

162 2156 555 2212 Nominativus
609 2157 912 2227 singularis
961 2162 1046 2212 est
1083 2157 1335 2225 indecor,
1386 2156 1501 2211 sive
1549 2155 1853 2211 indecoris.

158 2246 363 2300 Accius
394 2264 407 2300 :

409 2334 570 2398 Cujus
600 2335 667 2383 sit
696 2335 804 2383 vita
836 2334 1117 2391 indecoris,

280 2397 508 2446 Mortem
539 2398 722 2460 fugere
750 2402 958 2461 turpem
991 2398 1133 2447 haud
1160 2397 1425 2446 convenit.

222 2496 507 2565 Cursules]
544 2496 878 2567 Dignitates.

222 2585 363 2651 Quis
392 2584 540 2656 illos]
604 2586 779 2655 Hujus
832 2602 1027 2640 versus
1058 2584 1281 2655 primus
1321 2600 1420 2654 pes
1469 2583 1693 2639 iambus
1750 2589 1853 2639 est.

158 2674 348 2729 Utitur
378 2678 573 2728 autem
614 2679 951 2745 argumento
982 2674 1296 2741 dialectico,
1323 2674 1665 2744 deprompto
1699 2690 1764 2727 ex
1788 2689 1854 2728 eo

157 2764 275 2817 loco
300 2764 404 2834 qui
435 2768 521 2817 est
550 2782 582 2818 a
609 2780 779 2818 causa
808 2763 1091 2818 efﬁciente
1128 2780 1139 2817 :
1168 2763 1276 2828 Qui
1327 2764 1465 2817 dant
1494 2763 1764 2830 honores,
1800 2768 1856 2817 et

158 2852 425 2907 efﬁciunt
451 2852 873 2923 dignitatesﬁob
900 2852 1166 2907 vitiorum
1193 2854 1497 2907 colluviem
1517 2854 1857 2923 plerumque

160 2942 357 2996 miseri
382 2946 536 2996 sunt.
570 2943 888 3012 Dignitates
930 2942 1109 3013 igitur
1138 2959 1242 2997 nec
1272 2943 1449 2997 beatae
1467 2946 1741 3009 sunt,nec
1762 2957 1860 2997 eos

160 3032 374 3104 quibus
407 3030 758 3102 proveniunt
786 3032 981 3086 beatos
1013 3031 1278 3086 reddunt.

768 3158 838 3212 IN
870 3156 1147 3213 PROSAM
1176 3158 1237 3211 V.

231 3268 521 3321 Hactenus
556 3265 826 3320 disseruit
850 3280 954 3319 nec
984 3263 1244 3335 pecuniis
1284 3263 1706 3329 sufficientiam,
1758 3279 1863 3317 nec

159 3354 546 3425 dignitatibus
592 3370 785 3408 veram
818 3354 1201 3408 reverentiam
1231 3352 1573 3422 comparari,
1604 3368 1756 3406 nunc
1784 3352 1864 3406 di-

156 3449 351 3516 sputat
381 3444 443 3497 in
474 3443 665 3514 regnis
698 3459 931 3514 quoque
961 3446 1016 3498 et
1035 3459 1237 3514 regum
1258 3442 1648 3498 familiaritate
1667 3458 1862 3496 veram

158 3533 485 3607 potentiam
514 3548 632 3587 non
664 3531 987 3588 consistere.

225 3623 378 3690 Quid
403 3621 481 3695 ni]
520 3623 634 3677 Cur
665 3639 805 3677 non.

221 3712 477 3782 Quando]
499 3711 735 3776 Quando
760 3709 995 3781 quidem
1028 3726 1041 3765 :
1105 3712 1161 3765 et
1192 3712 1276 3765 est
1324 3708 1528 3774 ironia,
1580 3708 1733 3779 quod
1768 3706 1857 3762 fa-

156 3801 261 3855 cile
293 3799 519 3853 indicat
546 3797 973 3870 subsequentia.

226 3891 566 3944 Felicitatem
622 3889 933 3942 calamitate
972 3884 1325 3957 mutaverint]
1364 3887 1439 3940 Ex
1488 3885 1748 3940 felicibus
1810 3889 1865 3939 et

161 3978 477 4034 fortunatis
502 3977 636 4033 facti
669 3977 782 4031 sint
811 3975 1149 4030 calamitosi.

228 4070 272 4124 Ο
298 4068 595 4138 praeclara]
644 4066 837 4121 Ironia
869 4070 975 4133 est,
1026 4063 1227 4119 irridet
1256 4064 1409 4118 enim
1442 4064 1612 4133 hujus
1670 4064 1863 4117 saeculi

160 4157 629 4212 infirmissimam
671 4156 1009 4227 potentiam,
1041 4170 1170 4226 quae
1200 4170 1271 4209 ne
1317 4170 1375 4208 se
1416 4152 1596 4223 ipsam
1632 4153 1866 4223 quidem

163 4264 509 4304 conservare
543 4250 748 4318 potest.
1616 4307 1622 4312 η

238 4337 400 4405 Quod
429 4339 480 4391 si
514 4338 621 4392 hac
663 4350 953 4403 regnorum
985 4337 1225 4404 potestas
1274 4331 1629 4386 beatitudinis
1681 4335 1869 4386 auctor

166 4427 263 4499 est]
289 4429 475 4482 Acute
496 4442 600 4497 per
634 4427 824 4480 locum
845 4441 873 4479 a
917 4422 1218 4479 contrariis
1239 4425 1696 4493 argumentatur,
1729 4437 1869 4475 con-

168 4518 470 4589 cluditque
491 4515 724 4587 regibus
744 4516 873 4586 plus
904 4512 1260 4585 impotentius
1291 4527 1463 4583 quam
1493 4510 1784 4581 potentiae,
1814 4516 1870 4565 et

170 4608 461 4677 majorem
515 4603 760 4659 miseriae
794 4618 969 4673 quam
998 4600 1284 4656 felicitatis
1313 4600 1498 4653 inesse
1527 4598 1870 4669 portionem.

240 4698 526 4761 Expertus
576 4696 758 4757 sortis]
794 4692 946 4748 Ordo
981 4690 1427 4760 est,"l‘yraunus
1472 4691 1734 4757 expertus
1782 4704 1877 4757 pe-

170 4785 497 4839 riculorum
522 4799 639 4836 sure
664 4780 832 4837 sortis
882 4778 1193 4845 simulavit,
1228 4779 1336 4832 hoc
1378 4781 1465 4831 est
1513 4776 1876 4847 significavit,

169 4873 418 4935 efﬁnxit,
456 4871 737 4943 expressit
776 4875 996 4925 terrore
1028 4868 1202 4939 gladii
1234 4866 1542 4939 pendentis
1566 4882 1737 4937 supra
1758 4882 1877 4920 ver-

172 4962 375 5029 ticem,
404 4961 464 5015 id
492 4964 577 5015 est
606 4963 777 5030 caput
832 4958 1218 5022 assentatoris,
1252 4962 1439 5011 metus
1470 4956 1654 5027 regni,
1690 4955 1746 5009 id
1799 4958 1885 5009 est

168 5052 419 5107 timores
450 5048 938 5104 etsollicitudines
978 5046 1365 5117 regnantium.
1417 5047 1530 5100 Hoc
1580 5049 1771 5098 autem
1815 5044 1883 5096 de

171 5141 455 5212 Dionysio
496 5139 931 5211 Syracusiorum
986 5141 1232 5208 tyranno
1284 5134 1727 5205 intelligendum
1781 5137 1880 5199 est,

171 5232 272 5285 cui
334 5229 421 5299 (ut
469 5228 643 5283 refert
699 5225 977 5281 Eusebius
1036 5225 1096 5278 in
1156 5222 1578 5293 Prmparatione
1622 5224 1880 5289 Evange-

171 5319 311 5389 lica)
374 5317 475 5389 qui
530 5316 779 5371 Siculam
849 5314 1315 5385 conscripserunt
1388 5311 1709 5375 historiam,
1792 5310 1882 5363 vel

172 5405 642 5462 amantissimam
665 5420 903 5459 uxorem
934 5404 1076 5458 adeo
1108 5404 1426 5472 suspectam
1460 5400 1633 5454 fuisse
1667 5398 1882 5465 dicunt,

172 5503 243 5553 ut
265 5497 479 5552 tabulis
500 5495 828 5550 cubiculum
854 5493 1131 5559 straverit,
1158 5508 1271 5563 quo
1294 5488 1477 5560 major
1492 5488 1730 5553 sonitus,
1754 5503 1885 5540 cum

174 5588 251 5641 ad
288 5602 423 5641 eum
455 5587 583 5655 iret,
609 5583 976 5647 excitaretur,
1036 5580 1371 5650 nudumque
1404 5578 1501 5644 ita,
1536 5581 1600 5630 ut
1632 5575 1774 5629 nihil
1802 5592 1889 5630 oc-

178 5677 340 5732 culte
362 5676 510 5730 ferre
527 5677 739 5744 posset,
756 5672 1092 5741 aditumque
1106 5669 1293 5739 ipsum
1317 5667 1481 5722 fovea
1498 5665 1885 5736 intercepisse,

176 5771 249 5821 ut
292 5765 383 5821 vel
432 5762 694 5833 saltibus,
726 5762 813 5817 vel
856 5759 1043 5831 longis
1074 5757 1361 5831 gradibus,
1394 5755 1483 5811 vel
1532 5770 1768 5811 ascensu
1818 5755 1888 5810 de

1419 375 1811 431 MURMELLII
1847 375 2373 432 COMMENTARIA.

1882 501 1929 552 A
1955 515 2271 571 scensuque
2304 500 2617 571 pergendo,
2648 502 2871 555 nullum
2906 506 3095 573 posset
3142 503 3321 557 telum
3350 505 3653 560 occultare.

3522 380 3657 435 1006

1963 588 2114 652 Quot
2137 589 2481 660 quantisque
2512 589 2690 660 igitur
2729 591 2956 645 animus
2982 592 3250 658 hominis,
3288 592 3386 663 qui
3416 594 3505 648 vel
3524 611 3659 649 uxo-

1961 693 2081 731 rem
2116 678 2194 731 ita
2215 683 2539 748 suspectam
2568 678 2833 745 habebat,
2867 680 3032 735 malis
3063 682 3305 736 refertus
3336 683 3503 737 erat?
3543 683 3660 738 lllis

1962 773 2109 821 certe
2134 767 2275 821 mihi
2306 767 2633 821 simillimus
2662 769 2887 823 videtur
2919 770 3088 824 fuisse
3137 770 3233 842 qui
3265 786 3392 825 cum
3458 772 3529 826 ad
3550 773 3663 827 alta

1960 854 2296 925 praecipitia,
2322 857 2618 923 scandant,
2644 862 2949 927 antequam
2976 875 3079 913 nec
3096 860 3297 913 altiora
3318 862 3664 931 petuntjam

1960 943 2114 1007 fessi,
2148 960 2250 997 nec
2288 944 2628 1000 descendere
2661 946 2895 1012 audent,
2927 963 3057 1001 cum
3090 948 3160 1002 ad
3181 947 3403 1001 hiatum
3436 955 3492 1003 et
3530 966 3662 1020 pro-

1962 1032 2305 1087 funditatem
2356 1033 2741 1103 despexerint.
2802 1034 3194 1105 Tyrannidem
3245 1052 3454 1107 nempe
3501 1038 3666 1108 quasi

1961 1121 2215 1176 divinam
2244 1138 2366 1176 rem
2398 1139 2722 1194 aggressus,
2748 1139 2879 1177 cum
2911 1124 3164 1194 pericula
3200 1125 3323 1195 ejus
3357 1127 3659 1196 cognovis-

1963 1215 2064 1275 set,
2087 1216 2143 1264 et
2157 1211 2340 1265 standi
2360 1212 2417 1265 in
2437 1212 2727 1284 proposito
2752 1213 3200 1267 innumerabilia
3216 1214 3443 1269 videbat
3464 1216 3523 1269 in
3542 1216 3665 1272 dies

1962 1299 2235 1370 pericula,
2268 1305 2323 1354 et
2363 1301 2433 1354 ob
2459 1317 2523 1354 ea
2572 1306 2815 1357 mortem
2846 1302 3151 1357 imminere
3180 1319 3295 1357 non
3346 1304 3664 1373 dubitabat,

1964 1389 2231 1443 omnibus
2261 1390 2365 1443 etsi
2390 1406 2505 1443 non
2530 1391 2882 1462 corporibus,
2905 1392 3003 1447 sed
3028 1393 3224 1447 animo
3253 1397 3451 1448 tamen
3476 1395 3668 1451 adver-

1963 1494 2057 1532 sus
2087 1494 2219 1532 eum
2244 1479 2498 1543 armatis,
2517 1481 2670 1550 quod
2687 1486 2741 1534 et
2766 1480 2885 1551 ipse
2909 1482 3215 1553 Dionysius
3234 1482 3312 1536 ita
3343 1499 3464 1537 esse
3489 1484 3669 1555 signi-

1964 1566 2171 1621 ficavit.
2208 1567 2349 1621 Nam
2408 1583 2533 1621 cum
2569 1568 2805 1639 quidam
2861 1570 3036 1624 vitam
3076 1574 3453 1641 tyrannorum
3514 1574 3667 1644 apud

1964 1672 2117 1724 eum,
2161 1656 2325 1727 quasi
2354 1656 2583 1711 beatam
2614 1657 2877 1712 laudibus
2909 1658 3158 1727 efferret,
3195 1677 3421 1716 vocasse
3459 1662 3528 1715 ad
3550 1678 3668 1716 coe—

1965 1761 2099 1799 nam
2118 1745 2276 1816 regio
2299 1751 2580 1816 apparatu
2592 1751 2998 1815 constructam,
3021 1748 3317 1804 hominem
3348 1750 3580 1818 dicitur,
3606 1768 3670 1804 ac

1967 1850 2140 1905 supra
2161 1835 2499 1906 caputillius
2512 1835 2762 1889 sedentis
2786 1840 3017 1891 acutum
3040 1837 3300 1907 gladium
3320 1839 3668 1895 tenuissimo

1965 1923 2063 1977 ﬁlo
2099 1923 2460 1994 suspendisse
2499 1940 2511 1976 :
2550 1940 2723 1995 quem
2771 1930 3145 1996 posteaquam
3169 1932 3408 1998 repente
3432 1930 3671 1985 conviva

1965 2012 2061 2066 ille
2097 2012 2367 2083 respexit,
2400 2029 2504 2066 nec
2533 2029 2769 2083 surgere
2802 2014 2933 2068 inde
2960 2032 3131 2070 ausus
3161 2016 3372 2071 timore
3405 2018 3664 2088 tyranni,

1965 2116 2070 2155 nec
2097 2101 2319 2170 bibere,
2354 2106 2451 2155 aut
2471 2103 2771 2157 comedere
2804 2110 3026 2173 potens,
3070 2105 3328 2174 periculo
3343 2108 3663 2177 perculsus,

1966 2186 2179 2244 cervice
2224 2206 2288 2243 ac
2326 2190 2505 2245 oculis
2564 2192 2636 2245 ad
2690 2192 3044 2262 pendentem
3097 2194 3359 2264 gladium
3416 2196 3667 2265 directis,

1964 2284 2210 2333 mortem
2249 2280 2629 2350 exspectabat.
2691 2280 2854 2344 Quod
2887 2297 3020 2335 cum
3056 2280 3293 2337 vidisset
3340 2284 3667 2355 Dionysius,

1968 2370 2114 2423 Num
2151 2369 2380 2440 (inquit)
2412 2370 2687 2441 intelligis
2742 2388 2917 2442 quam
2965 2372 3131 2427 beata
3174 2374 3245 2428 sit
3293 2374 3406 2429 vita
3436 2376 3670 2431 nostra?

1965 2459 2115 2511 Talis
2146 2458 2300 2512 enim
2331 2462 2413 2512 est
2470 2458 2583 2512 nisi
2638 2460 2883 2514 velimus
2944 2461 3373 2533 nobismetipsis
3425 2464 3668 2522 adulari.

1967 2546 2235 2601 Omnium
2275 2549 2430 2601 enim
2477 2564 2671 2603 rerum
2703 2550 2929 2620 copiam
2956 2550 3246 2606 habentes
3276 2558 3512 2625 propter
3557 2554 3669 2612 fre-

1967 2636 2261 2707 quentiam
2293 2638 2681 2707 periculorum
2714 2642 2769 2692 et
2792 2640 3241 2710 impendentem
3273 2642 3669 2712 formidinem,

1968 2725 2125 2779 nulla
2151 2726 2264 2779 frui
2302 2742 2631 2795 possumus,
2680 2727 2795 2781 illis
2836 2729 3049 2782 similes
3090 2731 3190 2800 qui
3236 2747 3269 2785 a
3314 2732 3673 2788 deformibus

1967 2829 2118 2883 sape
2152 2813 2548 2869 meretricibus
2575 2815 2963 2885 decipiuntur,
2991 2833 3119 2887 quae
3156 2823 3311 2873 veste
3334 2824 3508 2890 atque
3532 2837 3671 2875 auro

1966 2902 2126 2956 valde
2161 2907 2395 2969 ornatm,
2422 2910 2477 2957 et
2505 2903 2633 2958 fuco
2662 2904 2827 2958 faciei
2861 2905 3288 2961 deformitatem
3322 2910 3673 2964 occultantes

1968 2992 2131 3063 quasi
2161 2992 2332 3046 hamo
2365 2993 2566 3064 pisces,
2599 2993 2687 3048 his
2718 2995 2940 3049 insidiis
2972 3001 3171 3066 captos
3201 2998 3501 3053 attrahunt
3541 3000 3675 3055 ado-

1902 3102 1942 3158 ρ
1970 3081 2267 3135 lescentes.
2306 3083 2416 3135 Hac
2446 3082 2775 3137 infelicitate
2801 3100 2904 3138 nos
2951 3084 3295 3155 premimur,
3346 3086 3444 3157 qui
3475 3088 3675 3143 multis

1968 3170 2159 3225 felices
2183 3170 2448 3225 videmur
2482 3187 2493 3225 :
2530 3176 2584 3225 et
2625 3172 2769 3226 sicut
2810 3174 3115 3228 tormentis
3167 3175 3335 3229 multi
3393 3182 3677 3246 coguntur

1972 3259 2183 3313 mentis
2215 3276 2331 3313 suae
2363 3276 2567 3313 arcana
2594 3261 2864 3330 pandere,
2898 3262 2977 3316 sic
3013 3261 3306 3317 interdum
3342 3263 3515 3333 hujus
3546 3263 3673 3318 vitae

1972 3349 2235 3402 molestia
2275 3349 2428 3415 victi,
2470 3349 2794 3404 verissimas
2850 3366 3017 3405 voces
3072 3352 3139 3406 de
3209 3352 3442 3407 miseria
3480 3358 3677 3408 nostra

1973 3437 2309 3492 emittimus.
2341 3439 2454 3492 lllis
2469 3439 2623 3493 enim
2650 3442 2802 3494 certe
2830 3440 3048 3495 similes
3082 3441 3428 3496 animalibus
3446 3443 3678 3513 tyranni

1972 3542 2189 3592 sumus,
2215 3543 2344 3597 quae
2358 3528 2711 3598 saginantur,
2742 3528 2954 3598 quibus
2976 3529 3678 3603 comedendibibendique

1972 3630 2088 3667 non
2119 3613 2271 3667 aliud
2302 3630 2475 3685 quam
2507 3614 2574 3668 ad
2598 3615 2915 3684 perniciem
2942 3632 3105 3671 suam
3127 3617 3289 3688 copia
3316 3618 3462 3674 solet
3483 3619 3679 3675 offerri

1974 3705 2163 3758 Horat.
2200 3704 2533 3757 Carminum
2573 3704 2674 3758 lib.
2716 3720 2753 3757 ιι
2791 3721 2804 3758 :

2222 3808 2499 3881 Districtus
2530 3809 2671 3881 ensis
2703 3809 2788 3857 cui
2815 3810 3176 3881 superimpia.

2221 3870 2430 3937 gervice
2461 3870 2806 3937 pendet,_non
2840 3870 3030 3921 Siculae
3064 3870 3226 3937 dapes

2224 3932 2441 3997 Dulcem
2464 3932 2822 3997 elaborabunt
2846 3948 3108 3997 saporem,

2222 3994 2335 4057 Non
2358 3994 2552 4047 avium.
2581 3994 2796 4057 citharae
2813 3994 3144 4057 ine'cantus,

2226 4056 2483 4105 Somnum
2513 4056 2788 4105 reducent.

2048 4156 2230 4223 Supra
2254 4155 2523 4225 verticem]
2574 4154 2759 4224 Supra
2790 4162 2959 4225 caput
2994 4154 3277 4209 Democlis
3320 4170 3421 4210 seu
3472 4157 3679 4210 Damo-

1977 4244 2077 4299 clis
2109 4244 2492 4311 assentatoris,
2528 4244 2595 4298 de
2627 4260 2742 4315 quo
2784 4244 2955 4298 latius
2990 4245 3182 4299 Cicero
3229 4245 3680 4301 Tusculanarum

1980 4334 2372 4397 Quaestionum
2415 4333 2559 4387 libro
2593 4333 2820 4388 ultimo.

2052 4423 2142 4477 An
2172 4427 2231 4476 tu
2262 4426 2532 4491 potentem
2554 4422 2751 4491 censes]
2779 4423 2913 4476 Plus
2945 4422 3321 4477 vehementius
3368 4422 3543 4477 habet
3599 4423 3684 4479 in-

1984 4512 2293 4581 terrogatio
2309 4527 2481 4582 quam
2499 4511 2543 4563 si
2562 4510 3319 4582 simpliciterargumentum
3334 4511 3686 4582 protulisset.

2060 4602 2322 4664 Satellite]
2359 4600 2662 4669 Stipatore.

2058 4689 2269 4752 Ambit]
2303 4687 2646 4742 Circumdat.

2062 4776 2173 4844 Qui
2229 4792 2359 4845 quos
2390 4781 2575 4845 terret,
2624 4778 2735 4845 ipse
2757 4777 2882 4847 plus
2916 4779 3107 4833 metuit
3145 4776 3196 4848 ?]
3233 4777 3442 4833 Seneca
3477 4777 3539 4833 in
3577 4778 3686 4833 0E-

1991 4865 2203 4936 dipode
2238 4881 2250 4918 :

2115 4953 2215 5018 Qui
2251 4956 2455 5018 sceptra
2486 4952 2619 5001 duro
2651 4966 2823 5018 saevus
2855 4954 3076 5015 imperio
3112 4956 3265 5018 regit,

2114 5016 2283 5064 Timet
2312 5017 2576 5074 timentes,
2608 5020 2779 5065 metus
2801 5016 2855 5064 in
2891 5024 3161 5066 auctorem
3182 5016 3346 5068 redit.

1995 5095 2262 5150 Laberius
2307 5096 2789 5166 mimographus:
2828 5098 3064 5152 Necesse
3109 5103 3193 5152 est
3234 5099 3443 5154 multos
3491 5096 3691 5151 timeat

1993 5201 2163 5256 quem
2190 5186 2356 5239 multi
2389 5185 2611 5239 timent.
2644 5185 2987 5240 Claudianus
3021 5203 3033 5240 :

2118 5293 2214 5356 Qui
2240 5292 2566 5356 terret,,plus
2600 5292 2698 5340 iste
2728 5293 2889 5347 timet,
2923 5308 3037 5342 sors
3062 5294 3161 5343 ista
3190 5292 3449 5356 tyrannis.

2118 5355 2393 5420 Convenit,
2427 5354 2699 5420 invideant
2727 5355 3192 5420 claris,fortesque
3216 5354 3495 5420 'trucident

2116 5417 2303 5481 Muniti
2336 5416 2523 5481 gladiis
2558 5417 2757 5473 vivant,
2792 5419 3029 5481 septique
3060 5416 3298 5481 venenis.

2117 5479 2384 5542 Ancipites
2413 5480 2644 5529 habeant
2678 5485 2816 5529 artes
2848 5479 3159 5544 trepidique
3190 5479 3477 5527 minentur.

1996 5577 2168 5632 Divus
2228 5578 2646 5649 Hieronymus:
2715 5580 2967 5650 Antiqua
3032 5575 3312 5632 sententia
3355 5578 3456 5644 est,
3513 5573 3696 5639 Quem

1996 5666 2486 5738 metuitquisque,
2539 5667 2703 5722 odit:
2740 5684 2910 5739 quem
2944 5666 3079 5734 odit,
3121 5664 3358 5737 periisse
3390 5665 3567 5736 cupit.
3624 5665 3693 5720 M.

1997 5755 2217 5811 Tullius
2244 5755 2391 5812 libro
2422 5755 2757 5813 Ofﬁciorum
2786 5754 3040 5811 secundo
3071 5770 3085 5809 :
3120 5755 3332 5811 Rerum
3356 5760 3549 5814 autem
3579 5770 3697 5810 om-
