4054 6184
460 336 597 393 1007

1191 336 1534 393 APPENDIX
1572 338 1664 391 AD
1706 338 1955 393 LIBROS
1996 340 2082 393 DE
2124 340 2645 397 CONSOLATIONE
2687 340 3191 404 PHILOSOPHI/E.

3742 352 3847 405 t008

454 461 617 516 nium
647 476 751 515 nec
774 458 963 531 aptius
995 462 1081 514 est
1111 458 1428 531 quidquam
1450 460 1521 516 ad
1555 477 1690 532 opes
1706 462 1944 515 tuendas
1970 478 2033 515 ac
2065 466 2139 515 te-
2176 464 2223 516 A
2250 462 2424 517 noxia
2455 462 2813 533 magnitudo.

455 551 673 604 nendas
698 566 872 621 quam
895 548 1081 620 diligi,
1113 566 1217 604 nec
1247 549 1494 605 alienius
1540 567 1716 623 quam
1746 552 1955 606 timeri.
1990 553 2143 607 Prae-

453 638 603 694 clare
623 638 780 694 enim
807 638 1021 693 Ennius
1056 655 1068 692 :

575 763 1035 875 I'(guenciiitnetuunt,
1076 762 1305 814 oderunt
1334 777 1345 812 :
1379 776 1535 828 quem
1554 764 1913 828 quisqueodit,
1928 765 2143 828 periisse

619 838 719 875 xne
759 841 775 874 ι
803 861 815 873 .

619 838 815 889 xpemt.

452 941 517 997 Et
535 947 667 1013 post
692 958 811 996 non
854 942 1076 997 multo:
1122 942 1347 997 Etenim
1394 943 1492 1014 qui
1526 959 1583 996 se
1615 942 1793 997 metui
1841 945 2051 1010 volent,
2111 962 2144 999 a

450 1030 659 1102 quibus
679 1036 1038 1098 metuuntur,
1073 1031 1308 1087 eosdem
1330 1035 1591 1087 metuant
1620 1032 1750 1102 ipsi,
1775 1049 2004 1087 necesse
2034 1038 2138 1089 est.

448 1117 597 1184 Quid
636 1120 789 1175 enim
832 1137 1127 1176 censemus
1175 1122 1532 1191 superiorem
1570 1121 1735 1176 illum
1782 1122 2139 1193 Dionysium,

449 1224 564 1281 quo
596 1209 849 1265 cruciatu
888 1210 1109 1264 timoris
1158 1210 1296 1280 angi
1321 1210 1592 1281 {solitum,
1634 1210 1731 1281 qui
1773 1212 1984 1265 cultros
2014 1228 2142 1266 me-

446 1301 615 1353 tuens
633 1299 939 1363 tonsorios,
970 1300 1248 1354 candente
1279 1300 1529 1355 carbone
1563 1299 1677 1354 sibi
1724 1300 1999 1355 adurebat
2043 1318 2141 1355 ca-

446 1388 693 1459 pillum?
727 1388 872 1453 Quid
902 1388 1293 1443 Alexandrum
1326 1389 1630 1455 Phereum,
1661 1405 1773 1460 quo
1822 1390 2011 1443 animo
2063 1390 2141 1443 vi-

446 1476 595 1532 xisse
646 1478 1019 1547 arbitramur,
1079 1478 1177 1548 qui
1224 1478 1309 1548 (ut
1355 1478 1636 1548 scriptum
1692 1478 1958 1549 legimus)
2010 1495 2139 1533 cum

446 1581 683 1621 uxorem
709 1567 941 1621 Theben
975 1566 1285 1620 admodum
1323 1566 1606 1637 diligeret,
1665 1571 1859 1621 tamen
1901 1569 1973 1623 ad
2013 1585 2139 1622 eam

446 1671 515 1708 ex
546 1656 729 1724 epulis
784 1655 846 1708 in
904 1654 1229 1708 cubiculum
1260 1655 1517 1720 veniens,
1558 1653 1868 1711 barbarum
1918 1661 1975 1711 et
2008 1674 2139 1712 eum

448 1744 685 1814 quidem
711 1745 800 1813 (ut
826 1743 1098 1813 scriptum
1131 1743 1233 1813 est)
1262 1749 1670 1814 compunctum
1696 1745 1849 1800 notis
1866 1745 2139 1817 Thraciis,

446 1832 704 1888 districto
751 1833 940 1904 gladio
977 1832 1219 1903 jubebat
1252 1834 1489 1900 anteire,
1534 1834 2033 1908 praemittebatque
2069 1838 2137 1891 de

443 1921 815 1992 stipatoribus
842 1922 1104 1993 suis,.qui
1138 1928 1637 1993 perscrutarentur
1678 1924 1896 1978 arculas
1927 1926 2131 1981 mulie-

444 2010 594 2077 bres,
619 2017 759 2065 etne
786 2011 937 2082 quod
960 2010 1021 2064 in
1070 2011 1427 2066 vestimentis
1476 2013 1897 2068 occultarentur
1935 2015 2135 2081 telum,

445 2099 847 2171 exquirerent?
878 2100 920 2154 Ο
953 2101 1250 2167 miserum,
1275 2101 1375 2172 qui
1398 2101 1720 2157 fideliorem
1751 2102 2059 2172 barbarum
2083 2108 2137 2158 et

443 2189 831 2259 stigmaticum
863 2189 1121 2260 putabat,
1155 2207 1327 2261 quam
1360 2191 1686 2263 conjugem.
1731 2194 1841 2248 Nec
1888 2209 2020 2246 eum
2052 2193 2135 2246 fe-

441 2278 589 2334 fellit
614 2278 830 2349 opinio.
854 2278 938 2331 Ab
982 2295 1047 2331 ea
1092 2283 1176 2333 est
1206 2279 1364 2334 enim
1397 2279 1519 2351 ipse
1549 2285 1787 2352 propter
1835 2280 2135 2353 pellicatus

439 2367 828 2437 suspicionem
857 2366 1213 2421 interfectus.

511 2458 651 2512 Nam
672 2454 808 2525 quid
836 2470 929 2521 ego
972 2455 1036 2509 de
1070 2472 1258 2523 regum
1317 2457 1422 2511 Per
1480 2457 1669 2512 locum
1716 2459 1785 2513 ab
1860 2475 1926 2512 eo
1982 2459 2133 2529 quod

439 2544 622 2613 magis
652 2560 775 2599 esse
808 2544 1049 2607 videtur,
1081 2548 1519 2614 argumentatur
1540 2562 1746 2616 regum
1775 2546 2134 2601 familiarita-

438 2636 555 2687 tem
582 2638 872 2704 potentem
921 2632 1216 2688 neminem
1250 2633 1458 2702 facere,
1500 2651 1629 2688 cum
1662 2651 1823 2705 reges
1855 2636 1966 2706 ipsi
2014 2640 2129 2690 tam

438 2721 553 2776 sint
577 2721 904 2776 imbecilles.

508 2831 645 2885 Nero
675 2826 955 2900 Senecam]
1012 2828 1319 2884 Suetonius
1388 2830 1456 2884 de
1518 2831 1776 2884 Nerone:
1857 2829 2129 2885 Senecam

436 2922 845 2989 praeceptorem
866 2919 937 2971 ad
959 2934 1156 2973 necem
1180 2919 1478 2988 compulit,
1496 2921 1755 2990 quamvis
1783 2936 1933 2991 saepe
1952 2925 2130 2990 Leom-

434 3012 689 3061 meatum
719 3006 936 3077 petenti
963 3006 1245 3077 bonisque
1276 3006 1501 3061 cedenti
1531 3014 1829 3077 persancte
1852 3009 2122 3079 jurasset,
2168 3055 2207 3110 Ο

435 3104 762 3166 suspectum
802 3112 860 3149 se
910 3095 1142 3163 frustra,
1202 3095 1643 3167 periturumque
1710 3098 1903 3169 potius
1952 3115 2125 3170 quam

432 3185 759 3239 nociturum
791 3184 862 3237 ei.

504 3290 889 3361 Papinianum]
917 3290 1015 3344 Hic
1062 3289 1307 3345 Serbidii
1344 3291 1611 3346 Scaevolae
1660 3292 1904 3358 auditor,
1947 3300 2002 3349 et
2055 3295 2123 3350 Ii-

431 3380 564 3434 bros
587 3380 654 3432 ad
680 3379 992 3432 Pandectas
1009 3378 1175 3432 affert
1203 3380 1589 3448 quaestionum
1614 3381 1853 3451 triginta
1884 3388 2120 3453 septem,

433 3468 867 3537 responsionem
934 3466 1319 3535 undeviginti,
1380 3467 1781 3522 definitionum
1832 3471 1992 3536 duos,
2055 3472 2124 3526 de

432 3556 729 3611 adulteriis
753 3569 954 3621 unum,
980 3554 1283 3609 aedilitium
1304 3571 1504 3609 unum.
1533 3557 1631 3610 Hic
1650 3558 1874 3612 habitus
1896 3566 1979 3613 est
2001 3577 2121 3614 om-

434 3644 762 3714 niumjuris
794 3644 1158 3697 conditorum
1196 3644 1578 3710 acutissimus,
1624 3662 1871 3717 eumque
1924 3652 2126 3703 vocant

431 3734 685 3789 historiae
732 3732 880 3803 juris
921 3732 1164 3803 asylum,
1215 3733 1483 3786 doctrina:
1523 3734 1722 3804 legalis
1767 3736 2119 3805 thesaurum,

430 3823 575 3876 sicut
596 3822 664 3875 ab
694 3821 790 3874 illo
825 3821 1067 3875 studiosi
1089 3824 1281 3891 legum
1310 3822 1408 3891 qui
1439 3823 1815 3891 profecissent
1848 3826 2121 3897 appellati

431 3910 829 3981 Papinianistze
853 3911 1199 3981 quandoque
1246 3912 1477 3965 fuerint.
1538 3912 1771 3966 Amicus
1810 3918 1866 3967 et
1916 3915 2119 3970 Severo

428 4000 694 4071 principi,
726 4000 819 4053 sed
850 4017 883 4053 a
904 4000 1381 4070 condiscipulatu,
1430 4018 1617 4073 neque
1640 4019 1755 4056 non
1803 4004 1988 4057 afﬁnis
2018 4022 2123 4075 per

426 4091 732 4145 secundam
780 4106 1036 4158 uxorem,
1072 4091 1587 4157 successor_eidem
1638 4108 1868 4163 quoque
1917 4094 1976 4147 in
2022 4095 2118 4150 ad-

427 4179 844 4234 ministratione
884 4178 1023 4233 fisci.
1077 4180 1332 4249 Denique
1365 4180 1615 4234 moriens
1662 4181 1923 4251 Severus,
1970 4183 2118 4238 filios

423 4285 555 4323 suos
588 4285 701 4322 non
735 4268 827 4321 alii
874 4268 1281 4338 magisfquam
1318 4267 1631 4338 Papiniano
1675 4272 2114 4326 commendavit.

424 4360 553 4413 Erat
583 4362 771 4411 autem
795 4357 1093 4428 praefectus
1120 4357 1253 4411 Urbi
1282 4357 1647 4427 Papinianus,
1672 4376 1735 4412 ac
1756 4360 1882 4429 plus
1905 4370 2108 4430 potens

420 4447 479 4500 in
502 4449 633 4501 aula
662 4461 833 4516 quam
866 4444 1110 4497 volebat.
1142 4446 1339 4514 Itaque
1371 4462 1519 4515 sirpe
1553 4445 1841 4516 deponere
1893 4449 2108 4501 nocitu-

419 4552 540 4590 ram
578 4534 888 4605 potentiam
923 4533 1134 4587 frustra
1180 4537 1436 4599 conatus,
1468 4533 1698 4588 tandem
1731 4534 1800 4587 ab
1854 4538 2104 4591 Antonio

419 4624 707 4679 Caracalla
734 4621 927 4677 Severi
948 4621 1089 4690 tilio,
1124 4621 1374 4675 militum
1408 4622 1614 4692 gladiis
1643 4624 1918 4694 objectus,
1940 4631 1996 4679 et
2019 4643 2105 4680 se-

417 4713 539 4766 curi
567 4727 868 4782 percussus
916 4715 1018 4778 est,
1072 4711 1226 4782 quod
1266 4726 1530 4766 excusare
1580 4712 1948 4782 parricidium
2014 4732 2107 4769 no-

413 4800 630 4856 luisset.

485 4904 783 4977 Antonius]
823 4905 1088 4961 Aurelins
1115 4906 1396 4961 Antonius
1451 4908 1752 4962 Bassianus
1792 4910 2100 4977 Caracalla,

412 4995 603 5051 Severi
637 4994 806 5061 Iilius,
835 4994 983 5064 patri
1017 4994 1281 5050 successit
1311 4995 1371 5049 in
1394 4996 1659 5067 imperio.
1681 5002 1687 5011 '
1709 4997 2006 5052 Bassianus
2038 5016 2101 5052 ex

408 5087 498 5140 avi
559 5085 798 5139 materni
850 5084 1086 5139 nomine
1142 5085 1325 5139 dictus
1376 5090 1477 5139 est.
1529 5086 1831 5141 Caracalloe
1890 5104 2101 5143 nomen

407 5174 625 5247 accepit
657 5191 686 5227 a
732 5173 1067 5228 vestimento
1117 5174 1275 5244 quod
1312 5176 1524 5245 populo
1568 5176 1804 5230 dederat
1852 5177 2099 5231 demisso

406 5282 588 5336 usque
619 5263 685 5319 ad
709 5264 872 5331 talos,
898 5266 963 5316 ut
992 5268 1189 5315 auctor
1218 5267 1300 5317 est
1331 5263 1684 5333 Spartianus.
1717 5265 1817 5319 llic
1864 5265 2099 5319 fratrem

404 5370 572 5407 suum
602 5354 821 5419 Getam,
858 5358 913 5406 et
946 5351 1268 5419 complures
1311 5352 1452 5405 alios
1482 5354 1786 5422 praeclaros
1819 5354 1973 5409 viros
2000 5371 2098 5409 oc-

402 5438 511 5492 cidi
542 5439 723 5507 jussit.
763 5437 1109 5507 Papinianus
1140 5441 1334 5490 autem
1358 5436 1417 5490 in
1441 5438 1565 5507 ejus
1595 5445 1897 5510 conspectu
1914 5440 2100 5495 securi

399 5542 720 5598 percussus,
767 5544 796 5579 a
830 5526 1104 5579 militibus
1144 5524 1363 5578 occisus
1409 5530 1539 5578 est:
1587 5544 1701 5597 quo
1742 5530 1909 5599 facto,
1967 5546 2099 5599 per-

399 5614 607 5670 cussori
630 5616 770 5669 dixit
792 5631 805 5667 :
825 5614 1023 5667 Gladio
1047 5619 1097 5667 te
1117 5613 1619 5685 exsequioportuit
1640 5632 1833 5672 meum
1848 5617 2007 5687 jussu
2019 5635 2095 5676 m.

468 5703 635 5757 Moles
662 5705 807 5771 ipsa]
835 5701 1137 5772 Dignitatis
1178 5708 1234 5758 et
1263 5704 1534 5774 potentiae
1566 5704 1765 5776 nimia,
1822 5712 1881 5762 et
1910 5708 1982 5763 ob
2034 5707 2096 5763 id

2326 552 2474 621 Qum]
2502 553 2674 616 Quasi
2704 553 2855 616 dicat
2891 554 3065 607 nulla.

2322 642 2415 696 An
2456 641 2718 710 praesidio
2744 646 2869 696 sunt
2905 639 3088 713 amici]
3134 641 3318 712 Supra
3349 643 3546 698 dictum
3592 649 3664 699 est
3702 645 3854 700 utilem

2251 730 2563 783 amicitiam
2590 731 2865 800 potentiae
2883 731 3065 801 gratia
3097 747 3500 802 nonnunquam
3519 734 3714 787 assumi.
3738 737 3856 788 Nunc

2250 818 2639 890 igitur'paucis
2670 820 2922 873 ostendit
2945 820 3186 874 fortunae
3217 822 3428 875 amicos
3471 822 3706 876 facillime
3753 825 3853 877 alie-

2250 910 2394 976 nari,
2434 925 2537 963 nec
2577 910 2751 962 ullam
2784 925 2905 963 esse
2940 915 3158 980 pestem
3191 911 3260 964 ad
3290 912 3592 967 nocendum
3634 912 3853 967 efﬁcacio-

2249 1013 2372 1051 rem
2394 1013 2564 1068 quam
2594 997 2936 1051 familiarem
2982 997 3298 1054 inimicum.

2321 1087 2430 1141 Sed
2451 1103 2606 1156 quem
2646 1089 2906 1154 felicitas]
2940 1088 3231 1142 Sententia
3279 1093 3363 1143 est
3400 1090 3685 1159 notissima,
3726 1096 3772 1145 et
3807 1091 3855 1144 ab

2251 1176 2447 1232 Ovidio
2478 1177 2683 1247 saepius
2748 1178 3065 1243 decantata,
3098 1179 3258 1247 cujus
3304 1194 3493 1232 versus
3522 1196 3583 1233 ex
3609 1181 3764 1250 primo
3805 1181 3853 1233 de

2248 1266 2522 1320 Tristibus
2544 1265 2687 1319 libro
2731 1265 2942 1335 passim
2966 1266 3233 1320 omnibus
3254 1267 3508 1321 litteratis
3529 1273 3649 1322 sunt
3674 1269 3725 1322 in
3750 1284 3823 1323 ore
3847 1287 3855 1321 :

2372 1355 2550 1402 Donec
2585 1354 2687 1402 eris
2715 1354 2857 1411 felix,
2887 1354 3081 1403 multos
3112 1356 3415 1404 numerabis
3444 1357 3641 1407 amicos.

2435 1418 2689 1479 Tempora
2718 1418 2761 1465 si
2786 1417 2983 1465 fuerint
3012 1418 3214 1474 nubila,
3242 1419 3385 1468 solus
3412 1420 3527 1468 eris.

2251 1497 2406 1552 Idem
2438 1497 2499 1551 in
2524 1498 2773 1552 secundo
2801 1498 2869 1552 de
2894 1500 3073 1551 Ponto
3108 1515 3120 1551 :

2375 1598 2621 1659 Diligitur
2645 1612 2819 1655 nemo,
2853 1598 2953 1646 nisi
2979 1599 3062 1647 cui
3093 1598 3311 1648 fortuna
3338 1600 3562 1649 secunda
3584 1605 3683 1650 est:

2438 1662 2565 1718 Quae
2592 1661 2751 1709 simul
2781 1661 3016 1725 intonuit
3051 1662 3293 1723 proxima
3324 1676 3541 1725 quaeque
3565 1662 3708 1725 fugat.

2184 1756 2221 1810 Β
2375 1724 2582 1810 Ense?
2604 1724 3500 1810 .“099933‘335ﬂ.‘19”.‘1§¥‘.{?“‘2“?9
3522 1724 3700 1785 εωίάίεν

2438 1786 2572 1833 Dum
2604 1786 2746 1833 ﬂavit
2782 1786 2911 1834 velis
2942 1799 3071 1833 aura
3102 1787 3335 1835 secunda
3365 1788 3492 1836 meis
3519 1804 3536 1835 .-

2372 1848 2573 1911 Utfera
2606 1849 2851 1896 nimboso
2882 1852 3195 1911 tumuerunt
3224 1862 3437 1911 aequora
3463 1854 3630 1907 vento.

2434 1910 2492 1958 In
2524 1910 2710 1959 mediis
2738 1911 2911 1958 lacera
2934 1924 3062 1960 nave
3093 1910 3365 1973 relinquor
3388 1913 3553 1975 aquis.

2247 2007 2419 2062 Divus
2476 2009 2903 2079 Hieronymus:
2954 2009 3219 2064 Amicitia
3264 2026 3394 2081 quae
3434 2010 3673 2065 desinere
3726 2014 3863 2081 potest

2244 2113 2377 2152 vera
2406 2114 2703 2170 nunquam
2735 2099 2859 2152 fuit.

2316 2188 2442 2253 Quae
2470 2203 2591 2240 vero
2618 2189 2811 2257 pestis]
2848 2187 3017 2251 Quasi
3049 2188 3199 2241 dicat
3245 2188 3421 2241 nulla.
3448 2189 3609 2242 Divus
3651 2188 3862 2257 Hierony-

2244 2290 2372 2329 mus
2405 2291 2417 2328 :
2455 2276 2654 2329 Levius
2683 2281 2767 2329 est
2804 2274 3122 2345 professum
3164 2275 3467 2330 inimicum
3510 2293 3705 2341 cavere,
3734 2290 3862 2346 quam

2243 2364 2468 2418 hostem
2515 2365 2791 2417 latentem
2840 2364 2945 2416 sub
2987 2364 3154 2417 amici
3187 2365 3422 2419 nomine
3453 2366 3748 2418 sustinere:
3791 2363 3863 2415 sub

2243 2453 2411 2506 amici
2457 2453 2712 2517 nomine,
2757 2452 2972 2505 inimici
3026 2453 3258 2506 insidias
3332 2455 3689 2524 deprehendi.
3718 2455 3862 2506 Idem:

2242 2543 2519 2596 Adulator
2541 2543 2753 2612 quippe
2784 2542 3028 2595 blandus
3058 2542 3326 2597 inimicus
3347 2550 3449 2597 est.
3485 2545 3666 2609 Solon,
3689 2548 3863 2595 auctore

2242 2632 2483 2696 Laertio,
2518 2631 2883 2700 praecipiebat
2911 2630 3065 2684 hunc
3096 2632 3151 2684 in
3186 2632 3429 2686 modum
3464 2651 3475 2687 :
3526 2634 3683 2687 Caute
3724 2632 3866 2697 singu-

2239 2720 2325 2773 los
2357 2720 2612 2786 observa,
2674 2736 2742 2772 ne
2779 2720 2919 2772 forte
2956 2720 3151 2773 odium
3205 2722 3262 2773 in
3295 2722 3469 2775 corde
3526 2727 3717 2791 tegant,
3766 2720 3864 2772 dum

2238 2809 2449 2864 blanda
2480 2814 2534 2861 et
2582 2808 2855 2862 arridenti
2885 2808 3029 2862 facie
3077 2814 3129 2863 te
3178 2810 3574 2880 alloquuntur,
3608 2811 3865 2880 duplexque

2239 2898 2352 2952 illis
2387 2900 2581 2967 lingua
2601 2904 2724 2953 atra
2756 2915 2821 2952 ex
2845 2904 3037 2953 mente
3068 2904 3247 2953 sonet.
3292 2900 3864 2970 Diogenes,interroga-

2237 2990 2329 3041 tus
2361 3004 2624 3057 quaenam
2640 2987 3120 3056 perniciosissimo
3141 2989 3433 3042 morderet
3460 2989 3662 3053 bellua,
3688 2990 3748 3041 ΕΙ
3766 2986 3863 3040 feris

2236 3075 2469 3146 (inquit)
2500 3076 2945 3140 obtrectator,ex
2971 3077 3294 3131 mitioribus
3317 3083 3512 3131 autem
3544 3078 3784 3131 adulator.
3813 3075 3864 3127 Μ.

2236 3164 2453 3219 Tullius
2482 3166 2538 3217 in
2565 3166 2755 3233 Laelio,
2778 3166 2922 3219 dixit
2951 3167 3168 3219 nullam
3200 3167 3257 3219 in
3276 3166 3549 3221 amicitiis
3568 3172 3758 3237 pestem
3776 3178 3863 3217 esse

2234 3254 2515 3323 majorem
2530 3270 2702 3324 quam
2719 3254 3106 3308 adulationem
3118 3296 3130 3320 ,
3146 3254 3457 3310 blanditias
3471 3254 3862 3310 assentationem.

2780 3362 2849 3413 IN
2881 3362 3167 3417 METRUM
3204 3362 3263 3413 V.

2305 3467 2548 3520 Carmen
2571 3467 2827 3537 ejusdem
2869 3468 3105 3521 rationis
3138 3474 3220 3521 est
3247 3483 3381 3522 cum
3428 3469 3623 3539 quinto
3666 3467 3771 3520 libri
3806 3480 3861 3515 se-

2232 3555 2426 3608 cundi.
2476 3556 2759 3609 Admonet
2821 3561 3015 3610 autem
3068 3573 3132 3609 eo
3170 3573 3271 3610 nos
3322 3557 3681 3626 Philosophia
3715 3567 3861 3607 veram

2230 3644 2542 3714 potentiam
2569 3644 2784 3699 nemini
2802 3646 3133 3715 contingere
3157 3663 3341 3716 posse,
3370 3647 3498 3713 nisi,
3524 3646 3750 3717 depulsis
3770 3656 3863 3712 per-

2230 3732 2668 3799 turbationibus,
2704 3732 2897 3786 animo
2921 3750 3022 3787 suo
3047 3733 3396 3795 dominetur,
3426 3739 3501 3802 et,
3525 3733 3715 3787 amotis
3734 3730 3860 3789 vitiis.

2231 3821 2302 3874 sit
2327 3821 2549 3875 virtutis
2572 3838 2815 3892 regnum
2866 3822 3043 3892 (quod
3076 3839 3254 3875 unum
3288 3825 3497 3878 stabile
3524 3830 3622 3888 est,
3655 3823 3865 3888 idemque

2230 3910 2610 3981 liberrimum)
2643 3910 2853 3964 invicta
2893 3911 3229 3964 fortitudine
3263 3912 3511 3966 feliciter
3570 3913 3863 3965 consecutus.

2229 3999 2441 4053 Seneca
2476 3999 2723 4053 Lucilio:
2762 4000 2818 4053 Si
2860 4000 2942 4052 vis
2973 4000 3167 4053 omnia
3207 4000 3311 4053 tibi
3346 4001 3643 4072 subjicere,
3699 3998 3865 4065 subjice

2229 4093 2282 4143 te
2313 4088 2536 4143 rationi.
2588 4089 2787 4143 Multos
2813 4103 2994 4157 reges,
3029 4088 3074 4141 si
3122 4090 3262 4142 ratio
3314 4095 3371 4143 te
3418 4091 3639 4144 rexerit.
3687 4088 3758 4142 Ab
3794 4085 3865 4138 illa

2228 4176 2406 4231 disces
2434 4176 2572 4247 quid
2608 4181 2661 4230 et
2684 4177 3169 4247 quemadmodum
3200 4181 3445 4248 aggredi
3475 4181 3687 4234 debeas.
3734 4172 3862 4245 Apud

2229 4265 2445 4320 Livium
2473 4266 2661 4336 Scipio
2694 4265 2761 4319 ad
2795 4266 3195 4321 Massinissam.
3228 4268 3354 4321 Non
3381 4274 3485 4333 est,
3535 4268 3725 4338 inquit,
3755 4262 3862 4316 mihi

2221 4356 2407 4423 crede,
2440 4360 2664 4409 tantum
2687 4354 2756 4407 ab
2787 4354 3045 4408 hostibus
3077 4357 3311 4410 armatis
3362 4358 3549 4412 astatis
3580 4362 3762 4411 nostrae
3794 4368 3866 4422 pe-

2219 4442 2484 4509 riculum,
2502 4446 2781 4512 quantum
2804 4458 2837 4495 a
2850 4441 3206 4496 circumfusis
3228 4444 3491 4515 undique
3505 4441 3861 4513 voluptatibus,

2218 4531 2324 4595 Qui
2355 4547 2447 4585 eas
2481 4547 2583 4584 sua
2601 4530 2982 4601 temperantia
3002 4531 3294 4586 victoriam
3324 4534 3436 4587 sibi
3464 4532 3701 4604 peperit,
3731 4542 3864 4600 quam

2216 4636 2321 4674 nos
2340 4620 2591 4691 Syphace
2618 4620 2762 4675 victo
2794 4620 3118 4673 habuimus.
3156 4621 3428 4676 Salomon
3476 4620 3861 4675 Proverbiorum

2216 4710 2399 4780 capite
2425 4726 2516 4764 xvr
2552 4709 2784 4763 :Melior
2815 4714 2899 4763 est
2930 4711 3152 4781 patiens
3206 4710 3327 4764 viro
3371 4713 3531 4778 forti,
3580 4716 3633 4765 et
3675 4705 3862 4779 quidu-

2216 4800 2470 4853 minatur
2503 4799 2697 4852 animo
2730 4814 2856 4867 suo,
2889 4805 3280 4870 expugnatore
3338 4802 3591 4855 urbium.
3648 4794 3863 4853 Horatius

2216 4888 2549 4943 Carminum
2584 4886 2680 4941 lib.
2723 4902 2760 4941 11
2796 4904 2808 4940 :

2461 4994 2646 5042 Latius
2676 5006 2863 5056 regnes
2885 4994 3097 5042 avidum
3125 4995 3395 5045 domando

2462 5055 2897 5120 Spiritumgquam
2929 5058 2970 5104 si
2998 5057 3215 5120 Lybiam
3248 5059 3471 5107 remotis

2462 5119 2691 5183 Gadibus
2712 5118 2927 5183 jungas,
2958 5124 3012 5183 et
3041 5118 3260 5183 uterque
3290 5122 3494 5171 Poenus

2647 5180 2849 5229 Serviat
2880 5182 2988 5230 uni.

2213 5277 2465 5333 Valerius
2512 5278 2786 5333 Maximus
2827 5278 2973 5332 libro
3007 5284 3253 5350 quarto:
3287 5282 3466 5335 Multo
3507 5282 3678 5348 enim,
3718 5276 3864 5332 multo

2210 5368 2459 5438 seipsum
2509 5384 2682 5438 quam
2717 5368 2937 5421 hostem
2972 5385 3243 5438 superare
3286 5372 3591 5439 operosius
3647 5373 3742 5435 est,
3786 5378 3865 5417 nec

2210 5459 2443 5513 adversa
2483 5473 2724 5529 propera
2754 5457 3119 5512 festinatione
3145 5459 3488 5530 fugientem,
3527 5476 3625 5513 nec
3654 5453 3865 5513 secunda

2209 5548 2389 5602 effuso
2419 5547 2627 5618 gaudio
2651 5547 3201 5617 apprehendentem.
3231 5547 3482 5618 Baptista
3518 5549 3862 5603 Mantuanus:

2331 5654 2553 5764 Dignior
2581 5656 2660 5701 est
2688 5653 2777 5716 qui
2802 5667 2855 5703 se
2887 5667 3046 5716 quam
3075 5655 3164 5716 qui
3194 5653 3482 5705 fortissima
3508 5654 3671 5703 vincit

2441 5715 2613 5764 nnida.
2650 5730 2747 5764 nec
2776 5716 2943 5764 virtus
2964 5716 3121 5764 altius
3146 5717 3221 5764 ire
3248 5719 3436 5764 potest.

2441 5715 2613 5779 ppida,
2650 5715 2747 5766 nec
2776 5715 2943 5767 virtus
2964 5715 3121 5767 altius
3146 5717 3221 5768 ire
3245 5719 3436 5781 potest.
