  <div class='ocr_page' id='page_1' title='image "/cluster/home/n/w/nwhite01/storage/ocr_20150623/63/hvd.32044073498800/510.png"; bbox 0 0 4054 6184; ppageno 0'>
   <div class='ocr_carea' id='block_1_1' title="bbox 170 264 311 315">
    <p class='ocr_par' dir='ltr' id='par_1_1' title="bbox 170 264 311 315">
     <span class='ocr_line' id='line_1_1' title="bbox 170 264 311 315; baseline 0 0"><span class='ocrx_word' id='word_1_1' title='bbox 170 264 311 315; x_wconf 78' lang='grc'>1009</span> 
     </span>
    </p>
   </div>
   <div class='ocr_carea' id='block_1_2' title="bbox 164 391 1078 465">
    <p class='ocr_par' dir='ltr' id='par_1_2' title="bbox 164 391 1078 465">
     <span class='ocr_line' id='line_1_2' title="bbox 164 391 1078 465; baseline -0.012 -9"><span class='ocrx_word' id='word_1_2' title='bbox 164 400 385 455; x_wconf 80' lang='lat' dir='ltr'>Seneca</span> <span class='ocrx_word' id='word_1_3' title='bbox 410 392 679 465; x_wconf 90' lang='lat' dir='ltr'>Tragicus</span> <span class='ocrx_word' id='word_1_4' title='bbox 706 391 766 446; x_wconf 91' lang='lat' dir='ltr'>in</span> <span class='ocrx_word' id='word_1_5' title='bbox 791 391 1032 461; x_wconf 84' lang='lat' dir='ltr'>Thyeste</span> <span class='ocrx_word' id='word_1_6' title='bbox 1065 405 1078 445; x_wconf 91' lang='lat'><strong>:</strong></span> 
     </span>
    </p>
   </div>
   <div class='ocr_carea' id='block_1_3' title="bbox 422 478 1105 543">
    <p class='ocr_par' dir='ltr' id='par_1_3' title="bbox 422 478 1105 543">
     <span class='ocr_line' id='line_1_3' title="bbox 422 478 1105 543; baseline -0.007 -11"><span class='ocrx_word' id='word_1_7' title='bbox 422 484 552 542; x_wconf 90' lang='lat' dir='ltr'>Quis</span> <span class='ocrx_word' id='word_1_8' title='bbox 582 495 675 530; x_wconf 82' lang='lat' dir='ltr'>vos</span> <span class='ocrx_word' id='word_1_9' title='bbox 700 481 933 543; x_wconf 78' lang='lat' dir='ltr'>exagitat</span> <span class='ocrx_word' id='word_1_10' title='bbox 956 478 1105 543; x_wconf 86' lang='lat' dir='ltr'>furor</span> 
     </span>
    </p>
   </div>
   <div class='ocr_carea' id='block_1_4' title="bbox 422 542 1205 605">
    <p class='ocr_par' dir='ltr' id='par_1_4' title="bbox 422 542 1205 605">
     <span class='ocr_line' id='line_1_4' title="bbox 422 542 1205 605; baseline -0.008 -10"><span class='ocrx_word' id='word_1_11' title='bbox 422 547 697 595; x_wconf 78' lang='lat' dir='ltr'>Alternum</span> <span class='ocrx_word' id='word_1_12' title='bbox 721 542 843 593; x_wconf 85' lang='lat' dir='ltr'>dare</span> <span class='ocrx_word' id='word_1_13' title='bbox 873 542 1205 605; x_wconf 86' lang='lat' dir='ltr'>sanguinem,</span> 
     </span>
    </p>
   </div>
   <div class='ocr_carea' id='block_1_5' title="bbox 422 603 1304 670">
    <p class='ocr_par' dir='ltr' id='par_1_5' title="bbox 422 603 1304 670">
     <span class='ocr_line' id='line_1_5' title="bbox 422 603 1304 670; baseline -0.006 -13"><span class='ocrx_word' id='word_1_14' title='bbox 422 610 487 657; x_wconf 88' lang='lat' dir='ltr'>Et</span> <span class='ocrx_word' id='word_1_15' title='bbox 520 612 787 670; x_wconf 86' lang='lat' dir='ltr'>sceptrum</span> <span class='ocrx_word' id='word_1_16' title='bbox 813 603 1012 670; x_wconf 74' lang='lat' dir='ltr'>scelere</span> <span class='ocrx_word' id='word_1_17' title='bbox 1041 603 1304 668; x_wconf 83' lang='lat' dir='ltr'>aggredi?</span> 
     </span>
    </p>
   </div>
   <div class='ocr_carea' id='block_1_6' title="bbox 425 668 1097 731">
    <p class='ocr_par' dir='ltr' id='par_1_6' title="bbox 425 668 1097 731">
     <span class='ocr_line' id='line_1_6' title="bbox 425 668 1097 731; baseline -0.009 -12"><span class='ocrx_word' id='word_1_18' title='bbox 425 672 499 719; x_wconf 84' lang='lat' dir='ltr'>Ne</span> <span class='ocrx_word' id='word_1_19' title='bbox 526 668 641 718; x_wconf 79' lang='lat' dir='ltr'>sitis</span> <span class='ocrx_word' id='word_1_20' title='bbox 671 668 846 731; x_wconf 84' lang='lat' dir='ltr'>cupidi</span> <span class='ocrx_word' id='word_1_21' title='bbox 876 668 1097 731; x_wconf 87' lang='lat' dir='ltr'>arcium,</span> 
     </span>
    </p>
   </div>
   <div class='ocr_carea' id='block_1_7' title="bbox 426 730 1132 794">
    <p class='ocr_par' dir='ltr' id='par_1_7' title="bbox 426 730 1132 794">
     <span class='ocr_line' id='line_1_7' title="bbox 426 730 1132 794; baseline -0.007 -13"><span class='ocrx_word' id='word_1_22' title='bbox 426 735 541 790; x_wconf 90' lang='lat' dir='ltr'>Quo</span> <span class='ocrx_word' id='word_1_23' title='bbox 564 730 785 794; x_wconf 85' lang='lat' dir='ltr'>regnum</span> <span class='ocrx_word' id='word_1_24' title='bbox 799 730 978 794; x_wconf 82' lang='lat' dir='ltr'>jaceat</span> <span class='ocrx_word' id='word_1_25' title='bbox 998 730 1132 777; x_wconf 92' lang='lat' dir='ltr'>loco.</span> 
     </span>
    </p>
   </div>
   <div class='ocr_carea' id='block_1_8' title="bbox 427 792 1163 858">
    <p class='ocr_par' dir='ltr' id='par_1_8' title="bbox 427 792 1163 858">
     <span class='ocr_line' id='line_1_8' title="bbox 427 792 1163 858; baseline -0.008 -14"><span class='ocrx_word' id='word_1_26' title='bbox 427 792 991 858; x_wconf 48' lang='lat' dir='ltr'>Regem&#39;nonjaciunt</span> <span class='ocrx_word' id='word_1_27' title='bbox 1012 804 1163 858; x_wconf 88' lang='lat' dir='ltr'>_opes,</span> 
     </span>
    </p>
   </div>
   <div class='ocr_carea' id='block_1_9' title="bbox 426 853 1110 918">
    <p class='ocr_par' dir='ltr' id='par_1_9' title="bbox 426 853 1110 918">
     <span class='ocr_line' id='line_1_9' title="bbox 426 853 1110 918; baseline -0.009 -12"><span class='ocrx_word' id='word_1_28' title='bbox 426 853 539 906; x_wconf 73' lang='lat' dir='ltr'>Non</span> <span class='ocrx_word' id='word_1_29' title='bbox 572 856 728 904; x_wconf 82' lang='lat' dir='ltr'>vestis</span> <span class='ocrx_word' id='word_1_30' title='bbox 753 855 921 918; x_wconf 70' lang='lat' dir='ltr'>Tyria:</span> <span class='ocrx_word' id='word_1_31' title='bbox 947 853 1110 918; x_wconf 86' lang='lat' dir='ltr'>color,</span> 
     </span>
    </p>
   </div>
   <div class='ocr_carea' id='block_1_10' title="bbox 425 916 1103 977">
    <p class='ocr_par' dir='ltr' id='par_1_10' title="bbox 425 916 1103 977">
     <span class='ocr_line' id='line_1_10' title="bbox 425 916 1103 977; baseline -0.009 -9"><span class='ocrx_word' id='word_1_32' title='bbox 425 922 541 968; x_wconf 86' lang='lat' dir='ltr'>Non</span> <span class='ocrx_word' id='word_1_33' title='bbox 565 918 753 967; x_wconf 81' lang='lat' dir='ltr'>frontis</span> <span class='ocrx_word' id='word_1_34' title='bbox 775 916 902 964; x_wconf 82' lang='lat' dir='ltr'>nota</span> <span class='ocrx_word' id='word_1_35' title='bbox 925 916 1103 977; x_wconf 64' lang='lat' dir='ltr'>regite,</span> 
     </span>
    </p>
   </div>
   <div class='ocr_carea' id='block_1_11' title="bbox 422 978 1124 1031">
    <p class='ocr_par' dir='ltr' id='par_1_11' title="bbox 422 978 1124 1031">
     <span class='ocr_line' id='line_1_11' title="bbox 422 978 1124 1031; baseline -0.01 0"><span class='ocrx_word' id='word_1_36' title='bbox 422 983 541 1031; x_wconf 83' lang='lat' dir='ltr'>Non</span> <span class='ocrx_word' id='word_1_37' title='bbox 567 994 695 1029; x_wconf 88' lang='lat' dir='ltr'>auro</span> <span class='ocrx_word' id='word_1_38' title='bbox 718 979 899 1027; x_wconf 73' lang='lat' dir='ltr'>nitida:</span> <span class='ocrx_word' id='word_1_39' title='bbox 931 978 1124 1026; x_wconf 91' lang='lat' dir='ltr'>trabes.</span> 
     </span>
    </p>
   </div>
   <div class='ocr_carea' id='block_1_12' title="bbox 426 1039 1213 1104">
    <p class='ocr_par' dir='ltr' id='par_1_12' title="bbox 426 1039 1213 1104">
     <span class='ocr_line' id='line_1_12' title="bbox 426 1039 1213 1104; baseline -0.008 -13"><span class='ocrx_word' id='word_1_40' title='bbox 426 1045 542 1093; x_wconf 87' lang='lat' dir='ltr'>Rex</span> <span class='ocrx_word' id='word_1_41' title='bbox 574 1048 666 1100; x_wconf 89' lang='lat' dir='ltr'>est,</span> <span class='ocrx_word' id='word_1_42' title='bbox 697 1043 787 1104; x_wconf 87' lang='lat' dir='ltr'>qui</span> <span class='ocrx_word' id='word_1_43' title='bbox 817 1039 1213 1104; x_wconf 87' lang='lat' dir='ltr'>posuit_metus,</span> 
     </span>
    </p>
   </div>
   <div class='ocr_carea' id='block_1_13' title="bbox 422 1102 1053 1165">
    <p class='ocr_par' dir='ltr' id='par_1_13' title="bbox 422 1102 1053 1165">
     <span class='ocr_line' id='line_1_13' title="bbox 422 1102 1053 1165; baseline -0.01 -10"><span class='ocrx_word' id='word_1_44' title='bbox 422 1108 487 1156; x_wconf 87' lang='lat' dir='ltr'>Et</span> <span class='ocrx_word' id='word_1_45' title='bbox 515 1106 615 1154; x_wconf 91' lang='lat' dir='ltr'>diri</span> <span class='ocrx_word' id='word_1_46' title='bbox 645 1102 784 1153; x_wconf 84' lang='lat' dir='ltr'>mala</span> <span class='ocrx_word' id='word_1_47' title='bbox 809 1102 1053 1165; x_wconf 84' lang='lat' dir='ltr'>pectoris.</span> 
     </span>
    </p>
   </div>
   <div class='ocr_carea' id='block_1_14' title="bbox 171 1181 1140 1259">
    <p class='ocr_par' dir='ltr' id='par_1_14' title="bbox 171 1181 1140 1259">
     <span class='ocr_line' id='line_1_14' title="bbox 171 1181 1140 1259; baseline -0.008 -16"><span class='ocrx_word' id='word_1_48' title='bbox 171 1191 237 1244; x_wconf 84' lang='lat' dir='ltr'>Et</span> <span class='ocrx_word' id='word_1_49' title='bbox 266 1192 399 1259; x_wconf 90' lang='lat' dir='ltr'>post</span> <span class='ocrx_word' id='word_1_50' title='bbox 432 1188 650 1258; x_wconf 81' lang='lat' dir='ltr'>aliquot</span> <span class='ocrx_word' id='word_1_51' title='bbox 678 1200 873 1238; x_wconf 87' lang='lat' dir='ltr'>versus</span> <span class='ocrx_word' id='word_1_52' title='bbox 899 1181 1095 1237; x_wconf 85' lang='lat' dir='ltr'>subdit</span> <span class='ocrx_word' id='word_1_53' title='bbox 1126 1196 1140 1234; x_wconf 89' lang='lat'><strong>:</strong></span> 
     </span>
    </p>
   </div>
   <div class='ocr_carea' id='block_1_15' title="bbox 426 1269 1239 1338">
    <p class='ocr_par' dir='ltr' id='par_1_15' title="bbox 426 1269 1239 1338">
     <span class='ocr_line' id='line_1_15' title="bbox 426 1269 1239 1338; baseline -0.01 -12"><span class='ocrx_word' id='word_1_54' title='bbox 426 1279 574 1327; x_wconf 83' lang='lat' dir='ltr'>Mens</span> <span class='ocrx_word' id='word_1_55' title='bbox 597 1288 783 1338; x_wconf 87' lang='lat' dir='ltr'>regum</span> <span class='ocrx_word' id='word_1_56' title='bbox 812 1275 952 1323; x_wconf 87' lang='lat' dir='ltr'>bona</span> <span class='ocrx_word' id='word_1_57' title='bbox 980 1269 1239 1335; x_wconf 81' lang='lat' dir='ltr'>possidet.</span> 
     </span>
    </p>
   </div>
   <div class='ocr_carea' id='block_1_16' title="bbox 169 1358 543 1413">
    <p class='ocr_par' dir='ltr' id='par_1_16' title="bbox 169 1358 543 1413">
     <span class='ocr_line' id='line_1_16' title="bbox 169 1358 543 1413; baseline -0.008 -1"><span class='ocrx_word' id='word_1_58' title='bbox 169 1359 237 1412; x_wconf 84' lang='lat' dir='ltr'>Et</span> <span class='ocrx_word' id='word_1_59' title='bbox 278 1358 494 1413; x_wconf 80' lang='lat' dir='ltr'>iterum</span> <span class='ocrx_word' id='word_1_60' title='bbox 530 1371 543 1409; x_wconf 92' lang='lat'><strong>:</strong></span> 
     </span>
    </p>
   </div>
   <div class='ocr_carea' id='block_1_17' title="bbox 424 1437 1190 1505">
    <p class='ocr_par' dir='ltr' id='par_1_17' title="bbox 424 1437 1190 1505">
     <span class='ocr_line' id='line_1_17' title="bbox 424 1437 1190 1505; baseline -0.012 -11"><span class='ocrx_word' id='word_1_61' title='bbox 424 1447 533 1494; x_wconf 84' lang='lat' dir='ltr'>Rex</span> <span class='ocrx_word' id='word_1_62' title='bbox 568 1446 665 1501; x_wconf 89' lang='lat' dir='ltr'>est,</span> <span class='ocrx_word' id='word_1_63' title='bbox 695 1442 783 1505; x_wconf 87' lang='lat' dir='ltr'>qui</span> <span class='ocrx_word' id='word_1_64' title='bbox 818 1440 1007 1505; x_wconf 89' lang='lat' dir='ltr'>metuit</span> <span class='ocrx_word' id='word_1_65' title='bbox 1026 1437 1190 1505; x_wconf 79' lang='lat' dir='ltr'>nihil,</span> 
     </span>
    </p>
   </div>
   <div class='ocr_carea' id='block_1_18' title="bbox 426 1498 1318 1567">
    <p class='ocr_par' dir='ltr' id='par_1_18' title="bbox 426 1498 1318 1567">
     <span class='ocr_line' id='line_1_18' title="bbox 426 1498 1318 1567; baseline -0.009 -12"><span class='ocrx_word' id='word_1_66' title='bbox 426 1509 536 1557; x_wconf 87' lang='lat' dir='ltr'>Hoc</span> <span class='ocrx_word' id='word_1_67' title='bbox 564 1498 787 1567; x_wconf 30' lang='lat' dir='ltr'>reg-num</span> <span class='ocrx_word' id='word_1_68' title='bbox 820 1504 918 1552; x_wconf 83' lang='lat' dir='ltr'>sibi</span> <span class='ocrx_word' id='word_1_69' title='bbox 949 1503 1172 1565; x_wconf 89' lang='lat' dir='ltr'>quisque</span> <span class='ocrx_word' id='word_1_70' title='bbox 1208 1498 1318 1548; x_wconf 91' lang='lat' dir='ltr'>dat.</span> 
     </span>
    </p>
   </div>
   <div class='ocr_carea' id='block_1_19' title="bbox 238 1582 1005 1657">
    <p class='ocr_par' dir='ltr' id='par_1_19' title="bbox 238 1582 1005 1657">
     <span class='ocr_line' id='line_1_19' title="bbox 238 1582 1005 1657; baseline -0.009 -15"><span class='ocrx_word' id='word_1_71' title='bbox 238 1585 498 1657; x_wconf 82' lang='lat' dir='ltr'>Animos]</span> <span class='ocrx_word' id='word_1_72' title='bbox 530 1584 721 1639; x_wconf 84' lang='lat' dir='ltr'>Animi</span> <span class='ocrx_word' id='word_1_73' title='bbox 751 1582 1005 1637; x_wconf 73' lang='lat' dir='ltr'>affectus.</span> 
     </span>
    </p>
   </div>
   <div class='ocr_carea' id='block_1_20' title="bbox 240 1662 1958 1745">
    <p class='ocr_par' dir='ltr' id='par_1_20' title="bbox 240 1662 1958 1745">
     <span class='ocr_line' id='line_1_20' title="bbox 240 1662 1958 1745; baseline -0.01 -15"><span class='ocrx_word' id='word_1_74' title='bbox 240 1676 485 1745; x_wconf 79' lang='lat' dir='ltr'>Feroces]</span> <span class='ocrx_word' id='word_1_75' title='bbox 518 1673 951 1739; x_wconf 86' lang='lat' dir='ltr'>Immoderatos,</span> <span class='ocrx_word' id='word_1_76' title='bbox 985 1672 1157 1723; x_wconf 63' lang='lat' dir='ltr'>rectm</span> <span class='ocrx_word' id='word_1_77' title='bbox 1186 1663 1395 1720; x_wconf 85' lang='lat' dir='ltr'>rationi</span> <span class='ocrx_word' id='word_1_78' title='bbox 1428 1679 1544 1718; x_wconf 90' lang='lat' dir='ltr'>non</span> <span class='ocrx_word' id='word_1_79' title='bbox 1578 1662 1877 1733; x_wconf 89' lang='lat' dir='ltr'>obtempe-</span> <span class='ocrx_word' id='word_1_80' title='bbox 1919 1686 1958 1740; x_wconf 78' lang='grc' dir='ltr'>Β</span> 
     </span>
    </p>
   </div>
   <div class='ocr_carea' id='block_1_21' title="bbox 168 1769 386 1818">
    <p class='ocr_par' dir='ltr' id='par_1_21' title="bbox 168 1769 386 1818">
     <span class='ocr_line' id='line_1_21' title="bbox 168 1769 386 1818; baseline -0.005 0"><span class='ocrx_word' id='word_1_81' title='bbox 168 1769 386 1818; x_wconf 88' lang='lat' dir='ltr'>rantes.</span> 
     </span>
    </p>
   </div>
   <div class='ocr_carea' id='block_1_22' title="bbox 239 1838 1786 1924">
    <p class='ocr_par' dir='ltr' id='par_1_22' title="bbox 239 1838 1786 1924">
     <span class='ocr_line' id='line_1_22' title="bbox 239 1838 1786 1924; baseline -0.011 -16"><span class='ocrx_word' id='word_1_82' title='bbox 239 1851 457 1924; x_wconf 83' lang='lat' dir='ltr'>Domet]</span> <span class='ocrx_word' id='word_1_83' title='bbox 484 1851 722 1921; x_wconf 81' lang='lat' dir='ltr'>Mitiget,</span> <span class='ocrx_word' id='word_1_84' title='bbox 750 1852 918 1904; x_wconf 67' lang='lat' dir='ltr'>recta:</span> <span class='ocrx_word' id='word_1_85' title='bbox 952 1844 1195 1902; x_wconf 87' lang='lat' dir='ltr'>rationis</span> <span class='ocrx_word' id='word_1_86' title='bbox 1221 1840 1468 1913; x_wconf 89' lang='lat' dir='ltr'>imperio</span> <span class='ocrx_word' id='word_1_87' title='bbox 1501 1838 1786 1909; x_wconf 85' lang='lat' dir='ltr'>subjiciat.</span> 
     </span>
    </p>
   </div>
   <div class='ocr_carea' id='block_1_23' title="bbox 240 1929 1884 2012">
    <p class='ocr_par' dir='ltr' id='par_1_23' title="bbox 240 1929 1884 2012">
     <span class='ocr_line' id='line_1_23' title="bbox 240 1929 1884 2012; baseline -0.01 -15"><span class='ocrx_word' id='word_1_88' title='bbox 240 1942 523 2012; x_wconf 84' lang='lat' dir='ltr'>Libidine]</span> <span class='ocrx_word' id='word_1_89' title='bbox 552 1940 931 1994; x_wconf 88' lang='lat' dir='ltr'>Immoderata</span> <span class='ocrx_word' id='word_1_90' title='bbox 963 1934 1296 2006; x_wconf 81' lang='lat' dir='ltr'>cupiditate.</span> <span class='ocrx_word' id='word_1_91' title='bbox 1344 1930 1564 1995; x_wconf 89' lang='lat' dir='ltr'>Libido,</span> <span class='ocrx_word' id='word_1_92' title='bbox 1598 1932 1740 1983; x_wconf 87' lang='lat' dir='ltr'>teste</span> <span class='ocrx_word' id='word_1_93' title='bbox 1771 1929 1884 1982; x_wconf 88' lang='lat' dir='ltr'>Au-</span> 
     </span>
    </p>
   </div>
   <div class='ocr_carea' id='block_1_24' title="bbox 168 2018 1881 2092">
    <p class='ocr_par' dir='ltr' id='par_1_24' title="bbox 168 2018 1881 2092">
     <span class='ocr_line' id='line_1_24' title="bbox 168 2018 1881 2092; baseline -0.011 -6"><span class='ocrx_word' id='word_1_94' title='bbox 168 2031 316 2087; x_wconf 90' lang='lat' dir='ltr'>relio</span> <span class='ocrx_word' id='word_1_95' title='bbox 351 2031 500 2085; x_wconf 89' lang='lat' dir='ltr'>libro</span> <span class='ocrx_word' id='word_1_96' title='bbox 521 2030 589 2083; x_wconf 91' lang='lat' dir='ltr'>de</span> <span class='ocrx_word' id='word_1_97' title='bbox 614 2028 851 2084; x_wconf 87' lang='lat' dir='ltr'>Civitate</span> <span class='ocrx_word' id='word_1_98' title='bbox 876 2025 976 2081; x_wconf 90' lang='lat' dir='ltr'>Dei</span> <span class='ocrx_word' id='word_1_99' title='bbox 996 2041 1132 2090; x_wconf 82' lang='lat' dir='ltr'>xm,</span> <span class='ocrx_word' id='word_1_100' title='bbox 1156 2028 1239 2076; x_wconf 90' lang='lat' dir='ltr'>est</span> <span class='ocrx_word' id='word_1_101' title='bbox 1256 2018 1520 2092; x_wconf 83' lang='lat' dir='ltr'>generale</span> <span class='ocrx_word' id='word_1_102' title='bbox 1544 2018 1881 2071; x_wconf 86' lang='lat' dir='ltr'>vocabulum</span> 
     </span>
    </p>
   </div>
   <div class='ocr_carea' id='block_1_25' title="bbox 169 2106 1878 2189">
    <p class='ocr_par' dir='ltr' id='par_1_25' title="bbox 169 2106 1878 2189">
     <span class='ocr_line' id='line_1_25' title="bbox 169 2106 1878 2189; baseline -0.011 -14"><span class='ocrx_word' id='word_1_103' title='bbox 169 2120 367 2175; x_wconf 87' lang='lat' dir='ltr'>omnis</span> <span class='ocrx_word' id='word_1_104' title='bbox 401 2118 750 2189; x_wconf 84' lang='lat' dir='ltr'>cupiditatis.</span> <span class='ocrx_word' id='word_1_105' title='bbox 774 2113 1165 2184; x_wconf 84' lang='lat' dir='ltr'>Verbigratia,</span> <span class='ocrx_word' id='word_1_106' title='bbox 1209 2116 1294 2164; x_wconf 91' lang='lat' dir='ltr'>est</span> <span class='ocrx_word' id='word_1_107' title='bbox 1340 2108 1515 2162; x_wconf 85' lang='lat' dir='ltr'>libido</span> <span class='ocrx_word' id='word_1_108' title='bbox 1552 2106 1878 2172; x_wconf 86' lang='lat' dir='ltr'>ulciscendi,</span> 
     </span>
    </p>
   </div>
   <div class='ocr_carea' id='block_1_26' title="bbox 169 2195 1873 2280">
    <p class='ocr_par' dir='ltr' id='par_1_26' title="bbox 169 2195 1873 2280">
     <span class='ocr_line' id='line_1_26' title="bbox 169 2195 1873 2280; baseline -0.011 -17"><span class='ocrx_word' id='word_1_109' title='bbox 169 2226 304 2280; x_wconf 66' lang='lat' dir='ltr'>quae</span> <span class='ocrx_word' id='word_1_110' title='bbox 336 2209 418 2262; x_wconf 88' lang='lat' dir='ltr'>ita</span> <span class='ocrx_word' id='word_1_111' title='bbox 468 2207 691 2261; x_wconf 88' lang='lat' dir='ltr'>dicitur.</span> <span class='ocrx_word' id='word_1_112' title='bbox 737 2207 829 2259; x_wconf 87' lang='lat' dir='ltr'>Est</span> <span class='ocrx_word' id='word_1_113' title='bbox 859 2203 1036 2258; x_wconf 87' lang='lat' dir='ltr'>libido</span> <span class='ocrx_word' id='word_1_114' title='bbox 1082 2198 1329 2255; x_wconf 88' lang='lat' dir='ltr'>habendi</span> <span class='ocrx_word' id='word_1_115' title='bbox 1382 2195 1710 2266; x_wconf 88' lang='lat' dir='ltr'>pecuniam,</span> <span class='ocrx_word' id='word_1_116' title='bbox 1746 2208 1873 2263; x_wconf 68' lang='lat' dir='ltr'>qua:</span> 
     </span>
    </p>
   </div>
   <div class='ocr_carea' id='block_1_27' title="bbox 173 2282 1880 2362">
    <p class='ocr_par' dir='ltr' id='par_1_27' title="bbox 173 2282 1880 2362">
     <span class='ocr_line' id='line_1_27' title="bbox 173 2282 1880 2362; baseline -0.011 -10"><span class='ocrx_word' id='word_1_117' title='bbox 173 2297 439 2352; x_wconf 87' lang='lat' dir='ltr'>avaritia.</span> <span class='ocrx_word' id='word_1_118' title='bbox 503 2296 594 2349; x_wconf 88' lang='lat' dir='ltr'>Est</span> <span class='ocrx_word' id='word_1_119' title='bbox 650 2294 828 2348; x_wconf 89' lang='lat' dir='ltr'>libido</span> <span class='ocrx_word' id='word_1_120' title='bbox 882 2289 1403 2362; x_wconf 75' lang='lat' dir='ltr'>quomodocumque</span> <span class='ocrx_word' id='word_1_121' title='bbox 1438 2282 1722 2348; x_wconf 88' lang='lat' dir='ltr'>vincendi,</span> <span class='ocrx_word' id='word_1_122' title='bbox 1750 2298 1880 2352; x_wconf 53' lang='lat' dir='ltr'>qua).</span> 
     </span>
    </p>
   </div>
   <div class='ocr_carea' id='block_1_28' title="bbox 171 2371 1883 2459">
    <p class='ocr_par' dir='ltr' id='par_1_28' title="bbox 171 2371 1883 2459">
     <span class='ocr_line' id='line_1_28' title="bbox 171 2371 1883 2459; baseline -0.011 -19"><span class='ocrx_word' id='word_1_123' title='bbox 171 2385 495 2459; x_wconf 83' lang='lat' dir='ltr'>pervicacia</span> <span class='ocrx_word' id='word_1_124' title='bbox 521 2400 533 2449; x_wconf 85' lang='lat'>;</span> <span class='ocrx_word' id='word_1_125' title='bbox 568 2387 650 2436; x_wconf 92' lang='lat' dir='ltr'>est</span> <span class='ocrx_word' id='word_1_126' title='bbox 681 2381 861 2436; x_wconf 89' lang='lat' dir='ltr'>libido</span> <span class='ocrx_word' id='word_1_127' title='bbox 892 2378 1197 2449; x_wconf 85' lang='lat' dir='ltr'>gloriandi,</span> <span class='ocrx_word' id='word_1_128' title='bbox 1223 2391 1351 2446; x_wconf 78' lang='lat' dir='ltr'>quae</span> <span class='ocrx_word' id='word_1_129' title='bbox 1371 2371 1641 2442; x_wconf 85' lang='lat' dir='ltr'>jactantia</span> <span class='ocrx_word' id='word_1_130' title='bbox 1670 2386 1883 2423; x_wconf 90' lang='lat' dir='ltr'>nuncu-</span> 
     </span>
    </p>
   </div>
   <div class='ocr_carea' id='block_1_29' title="bbox 173 2458 1879 2545">
    <p class='ocr_par' dir='ltr' id='par_1_29' title="bbox 173 2458 1879 2545">
     <span class='ocr_line' id='line_1_29' title="bbox 173 2458 1879 2545; baseline -0.01 -15"><span class='ocrx_word' id='word_1_131' title='bbox 173 2458 374 2545; x_wconf 85' lang='lat' dir='ltr'>patur.</span> <span class='ocrx_word' id='word_1_132' title='bbox 428 2474 580 2527; x_wconf 86' lang='lat' dir='ltr'>Idem</span> <span class='ocrx_word' id='word_1_133' title='bbox 648 2471 795 2525; x_wconf 90' lang='lat' dir='ltr'>libro</span> <span class='ocrx_word' id='word_1_134' title='bbox 846 2466 1278 2537; x_wconf 82' lang='lat' dir='ltr'>undevigesimo</span> <span class='ocrx_word' id='word_1_135' title='bbox 1337 2462 1596 2533; x_wconf 85' lang='lat' dir='ltr'>ejusdem</span> <span class='ocrx_word' id='word_1_136' title='bbox 1652 2458 1879 2528; x_wconf 88' lang='lat' dir='ltr'>operis:</span> 
     </span>
    </p>
   </div>
   <div class='ocr_carea' id='block_1_30' title="bbox 173 2546 1883 2626">
    <p class='ocr_par' dir='ltr' id='par_1_30' title="bbox 173 2546 1883 2626">
     <span class='ocr_line' id='line_1_30' title="bbox 173 2546 1883 2626; baseline -0.009 -13"><span class='ocrx_word' id='word_1_137' title='bbox 173 2562 426 2615; x_wconf 77' lang='lat' dir='ltr'>Felicius</span> <span class='ocrx_word' id='word_1_138' title='bbox 449 2559 690 2614; x_wconf 81' lang='lat' dir='ltr'>servitur</span> <span class='ocrx_word' id='word_1_139' title='bbox 707 2556 1124 2626; x_wconf 78' lang='lat' dir='ltr'>hominiquam</span> <span class='ocrx_word' id='word_1_140' title='bbox 1147 2551 1396 2617; x_wconf 90' lang='lat' dir='ltr'>libidini,</span> <span class='ocrx_word' id='word_1_141' title='bbox 1417 2565 1550 2602; x_wconf 90' lang='lat' dir='ltr'>cum</span> <span class='ocrx_word' id='word_1_142' title='bbox 1572 2546 1883 2601; x_wconf 69' lang='lat' dir='ltr'>saevissimo</span> 
     </span>
    </p>
   </div>
   <div class='ocr_carea' id='block_1_31' title="bbox 172 2636 1881 2707">
    <p class='ocr_par' dir='ltr' id='par_1_31' title="bbox 172 2636 1881 2707">
     <span class='ocr_line' id='line_1_31' title="bbox 172 2636 1881 2707; baseline -0.01 -3"><span class='ocrx_word' id='word_1_143' title='bbox 172 2648 484 2703; x_wconf 87' lang='lat' dir='ltr'>dominatu</span> <span class='ocrx_word' id='word_1_144' title='bbox 522 2651 701 2701; x_wconf 88' lang='lat' dir='ltr'>vastet</span> <span class='ocrx_word' id='word_1_145' title='bbox 730 2646 900 2699; x_wconf 87' lang='lat' dir='ltr'>corda</span> <span class='ocrx_word' id='word_1_146' title='bbox 949 2642 1298 2707; x_wconf 87' lang='lat' dir='ltr'>mortalium,</span> <span class='ocrx_word' id='word_1_147' title='bbox 1344 2644 1409 2693; x_wconf 90' lang='lat' dir='ltr'>ut</span> <span class='ocrx_word' id='word_1_148' title='bbox 1432 2636 1570 2692; x_wconf 89' lang='lat' dir='ltr'>alias</span> <span class='ocrx_word' id='word_1_149' title='bbox 1599 2636 1881 2703; x_wconf 90' lang='lat' dir='ltr'>omittam,</span> 
     </span>
    </p>
   </div>
   <div class='ocr_carea' id='block_1_32' title="bbox 174 2734 895 2808">
    <p class='ocr_par' dir='ltr' id='par_1_32' title="bbox 174 2734 895 2808">
     <span class='ocr_line' id='line_1_32' title="bbox 174 2734 895 2808; baseline -0.007 -16"><span class='ocrx_word' id='word_1_150' title='bbox 174 2739 361 2792; x_wconf 89' lang='lat' dir='ltr'>libido</span> <span class='ocrx_word' id='word_1_151' title='bbox 384 2738 510 2808; x_wconf 89' lang='lat' dir='ltr'>ipsa</span> <span class='ocrx_word' id='word_1_152' title='bbox 536 2734 895 2790; x_wconf 88' lang='lat' dir='ltr'>dominandi.</span> 
     </span>
    </p>
   </div>
   <div class='ocr_carea' id='block_1_33' title="bbox 244 2813 1887 2893">
    <p class='ocr_par' dir='ltr' id='par_1_33' title="bbox 244 2813 1887 2893">
     <span class='ocr_line' id='line_1_33' title="bbox 244 2813 1887 2893; baseline -0.009 -12"><span class='ocrx_word' id='word_1_153' title='bbox 244 2827 433 2881; x_wconf 72' lang='lat' dir='ltr'>Fadis</span> <span class='ocrx_word' id='word_1_154' title='bbox 488 2825 731 2893; x_wconf 75' lang='lat' dir='ltr'>habenis]</span> <span class='ocrx_word' id='word_1_155' title='bbox 793 2820 1161 2893; x_wconf 75' lang='lat' dir='ltr'>Turpissisz</span> <span class='ocrx_word' id='word_1_156' title='bbox 1224 2816 1505 2871; x_wconf 79' lang='lat' dir='ltr'>servituti.</span> <span class='ocrx_word' id='word_1_157' title='bbox 1572 2813 1887 2869; x_wconf 83' lang='lat' dir='ltr'>Macrobius</span> 
     </span>
    </p>
   </div>
   <div class='ocr_carea' id='block_1_34' title="bbox 176 2903 1888 2972">
    <p class='ocr_par' dir='ltr' id='par_1_34' title="bbox 176 2903 1888 2972">
     <span class='ocr_line' id='line_1_34' title="bbox 176 2903 1888 2972; baseline -0.009 -1"><span class='ocrx_word' id='word_1_158' title='bbox 176 2915 579 2972; x_wconf 87' lang='lat' dir='ltr'>Saturnalium</span> <span class='ocrx_word' id='word_1_159' title='bbox 610 2913 757 2965; x_wconf 91' lang='lat' dir='ltr'>libro</span> <span class='ocrx_word' id='word_1_160' title='bbox 791 2928 807 2964; x_wconf 84' lang='grc' dir='ltr'>ι</span> <span class='ocrx_word' id='word_1_161' title='bbox 843 2928 856 2964; x_wconf 87' lang='lat'><strong>:</strong></span> <span class='ocrx_word' id='word_1_162' title='bbox 894 2910 1051 2963; x_wconf 85' lang='lat' dir='ltr'>Alius</span> <span class='ocrx_word' id='word_1_163' title='bbox 1082 2906 1309 2961; x_wconf 88' lang='lat' dir='ltr'>libidini</span> <span class='ocrx_word' id='word_1_164' title='bbox 1360 2904 1550 2970; x_wconf 89' lang='lat' dir='ltr'>servit,</span> <span class='ocrx_word' id='word_1_165' title='bbox 1592 2903 1736 2957; x_wconf 90' lang='lat' dir='ltr'>alius</span> <span class='ocrx_word' id='word_1_166' title='bbox 1765 2919 1888 2956; x_wconf 89' lang='lat' dir='ltr'>ava-</span> 
     </span>
    </p>
   </div>
   <div class='ocr_carea' id='block_1_35' title="bbox 180 2990 1889 3071">
    <p class='ocr_par' dir='ltr' id='par_1_35' title="bbox 180 2990 1889 3071">
     <span class='ocr_line' id='line_1_35' title="bbox 180 2990 1889 3071; baseline -0.009 -10"><span class='ocrx_word' id='word_1_167' title='bbox 180 3006 362 3071; x_wconf 74' lang='lat' dir='ltr'>ritiae,</span> <span class='ocrx_word' id='word_1_168' title='bbox 394 3004 542 3059; x_wconf 89' lang='lat' dir='ltr'>alius</span> <span class='ocrx_word' id='word_1_169' title='bbox 564 2999 883 3065; x_wconf 89' lang='lat' dir='ltr'>ambitioni,</span> <span class='ocrx_word' id='word_1_170' title='bbox 915 3014 1113 3051; x_wconf 91' lang='lat' dir='ltr'>omnes</span> <span class='ocrx_word' id='word_1_171' title='bbox 1145 2995 1285 3065; x_wconf 89' lang='lat' dir='ltr'>spei,</span> <span class='ocrx_word' id='word_1_172' title='bbox 1320 3010 1521 3048; x_wconf 90' lang='lat' dir='ltr'>omnes</span> <span class='ocrx_word' id='word_1_173' title='bbox 1575 2990 1785 3045; x_wconf 87' lang='lat' dir='ltr'>timori.</span> <span class='ocrx_word' id='word_1_174' title='bbox 1817 2992 1889 3046; x_wconf 86' lang='lat' dir='ltr'>Et</span> 
     </span>
    </p>
   </div>
   <div class='ocr_carea' id='block_1_36' title="bbox 180 3078 1889 3158">
    <p class='ocr_par' dir='ltr' id='par_1_36' title="bbox 180 3078 1889 3158">
     <span class='ocr_line' id='line_1_36' title="bbox 180 3078 1889 3158; baseline -0.012 -7"><span class='ocrx_word' id='word_1_175' title='bbox 180 3100 347 3151; x_wconf 87' lang='lat' dir='ltr'>certe</span> <span class='ocrx_word' id='word_1_176' title='bbox 379 3093 538 3148; x_wconf 91' lang='lat' dir='ltr'>nulla</span> <span class='ocrx_word' id='word_1_177' title='bbox 570 3090 810 3144; x_wconf 87' lang='lat' dir='ltr'>servitus</span> <span class='ocrx_word' id='word_1_178' title='bbox 850 3086 1072 3158; x_wconf 88' lang='lat' dir='ltr'>turpior</span> <span class='ocrx_word' id='word_1_179' title='bbox 1123 3100 1295 3155; x_wconf 88' lang='lat' dir='ltr'>quam</span> <span class='ocrx_word' id='word_1_180' title='bbox 1345 3080 1684 3135; x_wconf 87' lang='lat' dir='ltr'>voluntaria.</span> <span class='ocrx_word' id='word_1_181' title='bbox 1720 3078 1889 3132; x_wconf 89' lang='lat' dir='ltr'>Divus</span> 
     </span>
    </p>
   </div>
   <div class='ocr_carea' id='block_1_37' title="bbox 175 3165 1885 3247">
    <p class='ocr_par' dir='ltr' id='par_1_37' title="bbox 175 3165 1885 3247">
     <span class='ocr_line' id='line_1_37' title="bbox 175 3165 1885 3247; baseline -0.014 -7"><span class='ocrx_word' id='word_1_182' title='bbox 175 3182 525 3241; x_wconf 83' lang='lat' dir='ltr'>Ambrosius</span> <span class='ocrx_word' id='word_1_183' title='bbox 546 3180 693 3233; x_wconf 90' lang='lat' dir='ltr'>libro</span> <span class='ocrx_word' id='word_1_184' title='bbox 724 3176 1106 3247; x_wconf 85' lang='lat' dir='ltr'>Epistolarum</span> <span class='ocrx_word' id='word_1_185' title='bbox 1132 3170 1395 3238; x_wconf 63' lang='lat' dir='ltr'>secundo</span> <span class='ocrx_word' id='word_1_186' title='bbox 1434 3168 1665 3238; x_wconf 59' lang='lat' dir='ltr'>:‘,Stulto</span> <span class='ocrx_word' id='word_1_187' title='bbox 1696 3170 1750 3219; x_wconf 89' lang='lat' dir='ltr'>et</span> <span class='ocrx_word' id='word_1_188' title='bbox 1778 3165 1885 3218; x_wconf 87' lang='lat' dir='ltr'>im-</span> 
     </span>
    </p>
   </div>
   <div class='ocr_carea' id='block_1_38' title="bbox 176 3252 1890 3344">
    <p class='ocr_par' dir='ltr' id='par_1_38' title="bbox 176 3252 1890 3344">
     <span class='ocr_line' id='line_1_38' title="bbox 176 3252 1890 3344; baseline -0.013 -16"><span class='ocrx_word' id='word_1_189' title='bbox 176 3288 392 3344; x_wconf 86' lang='lat' dir='ltr'>perare</span> <span class='ocrx_word' id='word_1_190' title='bbox 421 3269 662 3324; x_wconf 90' lang='lat' dir='ltr'>servitus</span> <span class='ocrx_word' id='word_1_191' title='bbox 695 3272 799 3335; x_wconf 90' lang='lat' dir='ltr'>est,</span> <span class='ocrx_word' id='word_1_192' title='bbox 840 3270 896 3319; x_wconf 90' lang='lat' dir='ltr'>et</span> <span class='ocrx_word' id='word_1_193' title='bbox 930 3264 1103 3335; x_wconf 90' lang='lat' dir='ltr'>(quod</span> <span class='ocrx_word' id='word_1_194' title='bbox 1133 3261 1297 3331; x_wconf 85' lang='lat' dir='ltr'>pejus</span> <span class='ocrx_word' id='word_1_195' title='bbox 1323 3258 1428 3327; x_wconf 90' lang='lat' dir='ltr'>est)</span> <span class='ocrx_word' id='word_1_196' title='bbox 1458 3272 1586 3310; x_wconf 92' lang='lat' dir='ltr'>cum</span> <span class='ocrx_word' id='word_1_197' title='bbox 1610 3252 1890 3325; x_wconf 89' lang='lat' dir='ltr'>pauciori-</span> 
     </span>
    </p>
   </div>
   <div class='ocr_carea' id='block_1_39' title="bbox 169 3340 1884 3432">
    <p class='ocr_par' dir='ltr' id='par_1_39' title="bbox 169 3340 1884 3432">
     <span class='ocr_line' id='line_1_39' title="bbox 169 3340 1884 3432; baseline -0.016 -13"><span class='ocrx_word' id='word_1_198' title='bbox 169 3366 280 3420; x_wconf 88' lang='lat' dir='ltr'>bus</span> <span class='ocrx_word' id='word_1_199' title='bbox 339 3359 552 3432; x_wconf 68' lang='lat' dir='ltr'>przesit,</span> <span class='ocrx_word' id='word_1_200' title='bbox 611 3355 876 3428; x_wconf 89' lang='lat' dir='ltr'>pluribus</span> <span class='ocrx_word' id='word_1_201' title='bbox 922 3350 1171 3407; x_wconf 89' lang='lat' dir='ltr'>dominis</span> <span class='ocrx_word' id='word_1_202' title='bbox 1210 3353 1264 3402; x_wconf 89' lang='lat' dir='ltr'>et</span> <span class='ocrx_word' id='word_1_203' title='bbox 1301 3344 1655 3417; x_wconf 83' lang='lat' dir='ltr'>gravioribus</span> <span class='ocrx_word' id='word_1_204' title='bbox 1696 3340 1884 3395; x_wconf 88' lang='lat' dir='ltr'>servit.</span> 
     </span>
    </p>
   </div>
   <div class='ocr_carea' id='block_1_40' title="bbox 174 3430 1884 3516">
    <p class='ocr_par' dir='ltr' id='par_1_40' title="bbox 174 3430 1884 3516">
     <span class='ocr_line' id='line_1_40' title="bbox 174 3430 1884 3516; baseline -0.015 -9"><span class='ocrx_word' id='word_1_205' title='bbox 174 3430 373 3509; x_wconf 80' lang='lat' dir='ltr'>Servit</span> <span class='ocrx_word' id='word_1_206' title='bbox 393 3449 547 3502; x_wconf 91' lang='lat' dir='ltr'>enim</span> <span class='ocrx_word' id='word_1_207' title='bbox 578 3444 827 3516; x_wconf 87' lang='lat' dir='ltr'>propriis</span> <span class='ocrx_word' id='word_1_208' title='bbox 859 3439 1244 3513; x_wconf 87' lang='lat' dir='ltr'>passionibus,</span> <span class='ocrx_word' id='word_1_209' title='bbox 1270 3436 1444 3490; x_wconf 89' lang='lat' dir='ltr'>servit</span> <span class='ocrx_word' id='word_1_210' title='bbox 1473 3430 1884 3503; x_wconf 86' lang='lat' dir='ltr'>cupiditatibus</span> 
     </span>
    </p>
   </div>
   <div class='ocr_carea' id='block_1_41' title="bbox 178 3520 1891 3606">
    <p class='ocr_par' dir='ltr' id='par_1_41' title="bbox 178 3520 1891 3606">
     <span class='ocr_line' id='line_1_41' title="bbox 178 3520 1891 3606; baseline -0.012 -14"><span class='ocrx_word' id='word_1_211' title='bbox 178 3538 328 3601; x_wconf 87' lang='lat' dir='ltr'>suis,</span> <span class='ocrx_word' id='word_1_212' title='bbox 363 3550 610 3606; x_wconf 88' lang='lat' dir='ltr'>quarum</span> <span class='ocrx_word' id='word_1_213' title='bbox 651 3532 1016 3586; x_wconf 89' lang='lat' dir='ltr'>dominatum</span> <span class='ocrx_word' id='word_1_214' title='bbox 1067 3543 1171 3581; x_wconf 91' lang='lat' dir='ltr'>nec</span> <span class='ocrx_word' id='word_1_215' title='bbox 1219 3529 1387 3579; x_wconf 90' lang='lat' dir='ltr'>nocte</span> <span class='ocrx_word' id='word_1_216' title='bbox 1436 3525 1625 3593; x_wconf 88' lang='lat' dir='ltr'>potest</span> <span class='ocrx_word' id='word_1_217' title='bbox 1670 3520 1891 3589; x_wconf 87' lang='lat' dir='ltr'>fugere,</span> 
     </span>
    </p>
   </div>
   <div class='ocr_carea' id='block_1_42' title="bbox 182 3607 1895 3693">
    <p class='ocr_par' dir='ltr' id='par_1_42' title="bbox 182 3607 1895 3693">
     <span class='ocr_line' id='line_1_42' title="bbox 182 3607 1895 3693; baseline -0.012 -13"><span class='ocrx_word' id='word_1_218' title='bbox 182 3643 290 3681; x_wconf 88' lang='lat' dir='ltr'>nec</span> <span class='ocrx_word' id='word_1_219' title='bbox 328 3625 443 3690; x_wconf 87' lang='lat' dir='ltr'>die,</span> <span class='ocrx_word' id='word_1_220' title='bbox 473 3622 608 3693; x_wconf 84' lang='lat' dir='ltr'>quia</span> <span class='ocrx_word' id='word_1_221' title='bbox 636 3621 785 3674; x_wconf 87' lang='lat' dir='ltr'>intra</span> <span class='ocrx_word' id='word_1_222' title='bbox 814 3635 872 3672; x_wconf 90' lang='lat' dir='ltr'>se</span> <span class='ocrx_word' id='word_1_223' title='bbox 904 3617 1169 3672; x_wconf 89' lang='lat' dir='ltr'>dominus</span> <span class='ocrx_word' id='word_1_224' title='bbox 1207 3614 1397 3679; x_wconf 90' lang='lat' dir='ltr'>habet,</span> <span class='ocrx_word' id='word_1_225' title='bbox 1430 3612 1581 3665; x_wconf 90' lang='lat' dir='ltr'>intra</span> <span class='ocrx_word' id='word_1_226' title='bbox 1623 3626 1681 3663; x_wconf 89' lang='lat' dir='ltr'>se</span> <span class='ocrx_word' id='word_1_227' title='bbox 1725 3607 1895 3662; x_wconf 88' lang='lat' dir='ltr'>servi-</span> 
     </span>
    </p>
   </div>
   <div class='ocr_carea' id='block_1_43' title="bbox 172 3698 1893 3784">
    <p class='ocr_par' dir='ltr' id='par_1_43' title="bbox 172 3698 1893 3784">
     <span class='ocr_line' id='line_1_43' title="bbox 172 3698 1893 3784; baseline -0.012 -15"><span class='ocrx_word' id='word_1_228' title='bbox 172 3717 327 3769; x_wconf 87' lang='lat' dir='ltr'>tium</span> <span class='ocrx_word' id='word_1_229' title='bbox 359 3712 575 3784; x_wconf 85' lang='lat' dir='ltr'>patitur</span> <span class='ocrx_word' id='word_1_230' title='bbox 614 3707 995 3763; x_wconf 87' lang='lat' dir='ltr'>intolerabile.</span> <span class='ocrx_word' id='word_1_231' title='bbox 1021 3705 1259 3759; x_wconf 89' lang='lat' dir='ltr'>Gemina</span> <span class='ocrx_word' id='word_1_232' title='bbox 1289 3701 1443 3757; x_wconf 91' lang='lat' dir='ltr'>enim</span> <span class='ocrx_word' id='word_1_233' title='bbox 1498 3698 1739 3753; x_wconf 90' lang='lat' dir='ltr'>servitus</span> <span class='ocrx_word' id='word_1_234' title='bbox 1788 3699 1893 3763; x_wconf 89' lang='lat' dir='ltr'>est,</span> 
     </span>
    </p>
   </div>
   <div class='ocr_carea' id='block_1_44' title="bbox 173 3784 1894 3871">
    <p class='ocr_par' dir='ltr' id='par_1_44' title="bbox 173 3784 1894 3871">
     <span class='ocr_line' id='line_1_44' title="bbox 173 3784 1894 3871; baseline -0.012 -12"><span class='ocrx_word' id='word_1_235' title='bbox 173 3806 363 3859; x_wconf 87' lang='lat' dir='ltr'>altera</span> <span class='ocrx_word' id='word_1_236' title='bbox 411 3800 684 3871; x_wconf 88' lang='lat' dir='ltr'>corporis,</span> <span class='ocrx_word' id='word_1_237' title='bbox 737 3797 1057 3851; x_wconf 85' lang='lat' dir='ltr'>animarum</span> <span class='ocrx_word' id='word_1_238' title='bbox 1092 3794 1312 3859; x_wconf 39' lang='lat' dir='ltr'>,altera.</span> <span class='ocrx_word' id='word_1_239' title='bbox 1364 3789 1593 3845; x_wconf 90' lang='lat' dir='ltr'>Domini</span> <span class='ocrx_word' id='word_1_240' title='bbox 1639 3784 1894 3856; x_wconf 90' lang='lat' dir='ltr'>corporis</span> 
     </span>
    </p>
   </div>
   <div class='ocr_carea' id='block_1_45' title="bbox 174 3876 1891 3965">
    <p class='ocr_par' dir='ltr' id='par_1_45' title="bbox 174 3876 1891 3965">
     <span class='ocr_line' id='line_1_45' title="bbox 174 3876 1891 3965; baseline -0.012 -18"><span class='ocrx_word' id='word_1_241' title='bbox 174 3892 424 3965; x_wconf 88' lang='lat' dir='ltr'>quidem</span> <span class='ocrx_word' id='word_1_242' title='bbox 471 3888 732 3942; x_wconf 89' lang='lat' dir='ltr'>homines</span> <span class='ocrx_word' id='word_1_243' title='bbox 767 3902 779 3938; x_wconf 95' lang='lat'><strong>:</strong></span> <span class='ocrx_word' id='word_1_244' title='bbox 812 3884 1137 3937; x_wconf 88' lang='lat' dir='ltr'>animarum</span> <span class='ocrx_word' id='word_1_245' title='bbox 1169 3884 1363 3934; x_wconf 87' lang='lat' dir='ltr'>autem</span> <span class='ocrx_word' id='word_1_246' title='bbox 1406 3876 1643 3931; x_wconf 63' lang='lat' dir='ltr'>malitia:</span> <span class='ocrx_word' id='word_1_247' title='bbox 1675 3879 1731 3929; x_wconf 89' lang='lat' dir='ltr'>et</span> <span class='ocrx_word' id='word_1_248' title='bbox 1763 3891 1891 3944; x_wconf 54' lang='lat' dir='ltr'>pas-</span> 
     </span>
    </p>
   </div>
   <div class='ocr_carea' id='block_1_46' title="bbox 174 3963 1894 4047">
    <p class='ocr_par' dir='ltr' id='par_1_46' title="bbox 174 3963 1894 4047">
     <span class='ocr_line' id='line_1_46' title="bbox 174 3963 1894 4047; baseline -0.013 -11"><span class='ocrx_word' id='word_1_249' title='bbox 174 3963 394 4046; x_wconf 79' lang='lat' dir='ltr'>siones,</span> <span class='ocrx_word' id='word_1_250' title='bbox 428 3994 462 4031; x_wconf 89' lang='lat' dir='ltr'>a</span> <span class='ocrx_word' id='word_1_251' title='bbox 512 3976 719 4047; x_wconf 89' lang='lat' dir='ltr'>quibus</span> <span class='ocrx_word' id='word_1_252' title='bbox 752 3974 867 4027; x_wconf 89' lang='lat' dir='ltr'>sola</span> <span class='ocrx_word' id='word_1_253' title='bbox 917 3971 1094 4025; x_wconf 89' lang='lat' dir='ltr'>animi</span> <span class='ocrx_word' id='word_1_254' title='bbox 1127 3969 1354 4023; x_wconf 87' lang='lat' dir='ltr'>libertas</span> <span class='ocrx_word' id='word_1_255' title='bbox 1407 3966 1725 4036; x_wconf 85' lang='lat' dir='ltr'>sapientem</span> <span class='ocrx_word' id='word_1_256' title='bbox 1771 3963 1894 4016; x_wconf 90' lang='lat' dir='ltr'>vin-</span> 
     </span>
    </p>
   </div>
   <div class='ocr_carea' id='block_1_47' title="bbox 178 4051 1896 4136">
    <p class='ocr_par' dir='ltr' id='par_1_47' title="bbox 178 4051 1896 4136">
     <span class='ocr_line' id='line_1_47' title="bbox 178 4051 1896 4136; baseline -0.012 -11"><span class='ocrx_word' id='word_1_257' title='bbox 178 4072 359 4136; x_wconf 83' lang='lat' dir='ltr'>dicat,</span> <span class='ocrx_word' id='word_1_258' title='bbox 394 4072 458 4120; x_wconf 89' lang='lat' dir='ltr'>ut</span> <span class='ocrx_word' id='word_1_259' title='bbox 486 4065 712 4118; x_wconf 83' lang='lat' dir='ltr'>servitio</span> <span class='ocrx_word' id='word_1_260' title='bbox 744 4063 793 4115; x_wconf 92' lang='lat' dir='ltr'>ei</span> <span class='ocrx_word' id='word_1_261' title='bbox 827 4062 995 4115; x_wconf 78' lang='lat' dir='ltr'>liceat</span> <span class='ocrx_word' id='word_1_262' title='bbox 1034 4059 1205 4112; x_wconf 81' lang='lat' dir='ltr'>exire.</span> <span class='ocrx_word' id='word_1_263' title='bbox 1236 4057 1507 4111; x_wconf 88' lang='lat' dir='ltr'>Sidonius</span> <span class='ocrx_word' id='word_1_264' title='bbox 1540 4051 1896 4123; x_wconf 79' lang='lat' dir='ltr'>Apollinaris</span> 
     </span>
    </p>
   </div>
   <div class='ocr_carea' id='block_1_48' title="bbox 185 4143 1896 4230">
    <p class='ocr_par' dir='ltr' id='par_1_48' title="bbox 185 4143 1896 4230">
     <span class='ocr_line' id='line_1_48' title="bbox 185 4143 1896 4230; baseline -0.012 -18"><span class='ocrx_word' id='word_1_265' title='bbox 185 4158 583 4230; x_wconf 86' lang='lat' dir='ltr'>Epistolarum</span> <span class='ocrx_word' id='word_1_266' title='bbox 606 4154 754 4207; x_wconf 89' lang='lat' dir='ltr'>libro</span> <span class='ocrx_word' id='word_1_267' title='bbox 777 4150 1023 4205; x_wconf 89' lang='lat' dir='ltr'>secundo</span> <span class='ocrx_word' id='word_1_268' title='bbox 1048 4164 1059 4203; x_wconf 89' lang='lat'>:</span> <span class='ocrx_word' id='word_1_269' title='bbox 1082 4149 1223 4201; x_wconf 88' lang='lat' dir='ltr'>Nam</span> <span class='ocrx_word' id='word_1_270' title='bbox 1250 4146 1360 4201; x_wconf 92' lang='lat' dir='ltr'>dici</span> <span class='ocrx_word' id='word_1_271' title='bbox 1385 4143 1585 4214; x_wconf 88' lang='lat' dir='ltr'>nequit</span> <span class='ocrx_word' id='word_1_272' title='bbox 1616 4144 1896 4212; x_wconf 88' lang='lat' dir='ltr'>quantum</span> 
     </span>
    </p>
   </div>
   <div class='ocr_carea' id='block_1_49' title="bbox 177 4230 1895 4319">
    <p class='ocr_par' dir='ltr' id='par_1_49' title="bbox 177 4230 1895 4319">
     <span class='ocr_line' id='line_1_49' title="bbox 177 4230 1895 4319; baseline -0.012 -16"><span class='ocrx_word' id='word_1_273' title='bbox 177 4265 282 4319; x_wconf 89' lang='lat' dir='ltr'>per</span> <span class='ocrx_word' id='word_1_274' title='bbox 315 4247 490 4300; x_wconf 87' lang='lat' dir='ltr'>horas</span> <span class='ocrx_word' id='word_1_275' title='bbox 530 4244 637 4297; x_wconf 86' lang='lat' dir='ltr'>fert</span> <span class='ocrx_word' id='word_1_276' title='bbox 688 4242 745 4295; x_wconf 89' lang='lat' dir='ltr'>in</span> <span class='ocrx_word' id='word_1_277' title='bbox 795 4241 901 4293; x_wconf 89' lang='lat' dir='ltr'>hac</span> <span class='ocrx_word' id='word_1_278' title='bbox 956 4238 1071 4291; x_wconf 88' lang='lat' dir='ltr'>vita</span> <span class='ocrx_word' id='word_1_279' title='bbox 1106 4235 1467 4290; x_wconf 88' lang='lat' dir='ltr'>miseriarum</span> <span class='ocrx_word' id='word_1_280' title='bbox 1497 4232 1612 4286; x_wconf 88' lang='lat' dir='ltr'>vita</span> <span class='ocrx_word' id='word_1_281' title='bbox 1642 4230 1895 4283; x_wconf 88' lang='lat' dir='ltr'>felicium</span> 
     </span>
    </p>
   </div>
   <div class='ocr_carea' id='block_1_50' title="bbox 179 4318 1896 4398">
    <p class='ocr_par' dir='ltr' id='par_1_50' title="bbox 179 4318 1896 4398">
     <span class='ocr_line' id='line_1_50' title="bbox 179 4318 1896 4398; baseline -0.012 -7"><span class='ocrx_word' id='word_1_282' title='bbox 179 4318 447 4398; x_wconf 86' lang='lat' dir='ltr'>illorum,</span> <span class='ocrx_word' id='word_1_283' title='bbox 483 4333 529 4385; x_wconf 90' lang='lat' dir='ltr'>si</span> <span class='ocrx_word' id='word_1_284' title='bbox 563 4337 756 4384; x_wconf 88' lang='lat' dir='ltr'>tamen</span> <span class='ocrx_word' id='word_1_285' title='bbox 789 4328 867 4382; x_wconf 91' lang='lat' dir='ltr'>sic</span> <span class='ocrx_word' id='word_1_286' title='bbox 898 4337 1029 4380; x_wconf 89' lang='lat' dir='ltr'>sunt</span> <span class='ocrx_word' id='word_1_287' title='bbox 1059 4321 1494 4397; x_wconf 81' lang='lat' dir='ltr'>pronuntiandi,</span> <span class='ocrx_word' id='word_1_288' title='bbox 1528 4320 1627 4391; x_wconf 91' lang='lat' dir='ltr'>qui</span> <span class='ocrx_word' id='word_1_289' title='bbox 1657 4319 1761 4372; x_wconf 88' lang='lat' dir='ltr'>sibi</span> <span class='ocrx_word' id='word_1_290' title='bbox 1788 4318 1896 4371; x_wconf 91' lang='lat' dir='ltr'>hoc</span> 
     </span>
    </p>
   </div>
   <div class='ocr_carea' id='block_1_51' title="bbox 180 4408 1899 4492">
    <p class='ocr_par' dir='ltr' id='par_1_51' title="bbox 180 4408 1899 4492">
     <span class='ocr_line' id='line_1_51' title="bbox 180 4408 1899 4492; baseline -0.014 -10"><span class='ocrx_word' id='word_1_291' title='bbox 180 4442 401 4482; x_wconf 86' lang='lat' dir='ltr'>nomen</span> <span class='ocrx_word' id='word_1_292' title='bbox 434 4423 518 4492; x_wconf 87' lang='lat' dir='ltr'>(ut</span> <span class='ocrx_word' id='word_1_293' title='bbox 561 4420 734 4491; x_wconf 82' lang='lat' dir='ltr'>Sylla)</span> <span class='ocrx_word' id='word_1_294' title='bbox 785 4422 1145 4488; x_wconf 69' lang='lat' dir='ltr'>praesumunt</span> <span class='ocrx_word' id='word_1_295' title='bbox 1182 4432 1195 4467; x_wconf 87' lang='lat'><strong>:</strong></span> <span class='ocrx_word' id='word_1_296' title='bbox 1250 4412 1526 4467; x_wconf 87' lang='lat' dir='ltr'>nimirum</span> <span class='ocrx_word' id='word_1_297' title='bbox 1575 4408 1671 4480; x_wconf 90' lang='lat' dir='ltr'>qui</span> <span class='ocrx_word' id='word_1_298' title='bbox 1705 4422 1899 4477; x_wconf 88' lang='lat' dir='ltr'>super-</span> 
     </span>
    </p>
   </div>
   <div class='ocr_carea' id='block_1_52' title="bbox 180 4494 1898 4584">
    <p class='ocr_par' dir='ltr' id='par_1_52' title="bbox 180 4494 1898 4584">
     <span class='ocr_line' id='line_1_52' title="bbox 180 4494 1898 4584; baseline -0.014 -18"><span class='ocrx_word' id='word_1_299' title='bbox 180 4510 372 4584; x_wconf 86' lang='lat' dir='ltr'>gressi</span> <span class='ocrx_word' id='word_1_300' title='bbox 415 4509 509 4579; x_wconf 89' lang='lat' dir='ltr'>jus</span> <span class='ocrx_word' id='word_1_301' title='bbox 562 4507 760 4575; x_wconf 84' lang='lat' dir='ltr'>fasque</span> <span class='ocrx_word' id='word_1_302' title='bbox 808 4500 1457 4567; x_wconf 46' lang='lat' dir='ltr'>communcﬁsummam</span> <span class='ocrx_word' id='word_1_303' title='bbox 1486 4494 1898 4549; x_wconf 85' lang='lat' dir='ltr'>beatitudinem</span> 
     </span>
    </p>
   </div>
   <div class='ocr_carea' id='block_1_53' title="bbox 180 4580 1900 4662">
    <p class='ocr_par' dir='ltr' id='par_1_53' title="bbox 180 4580 1900 4662">
     <span class='ocr_line' id='line_1_53' title="bbox 180 4580 1900 4662; baseline -0.012 -7"><span class='ocrx_word' id='word_1_304' title='bbox 180 4600 523 4656; x_wconf 82' lang='lat' dir='ltr'>existiment</span> <span class='ocrx_word' id='word_1_305' title='bbox 564 4609 849 4649; x_wconf 90' lang='lat' dir='ltr'>summam</span> <span class='ocrx_word' id='word_1_306' title='bbox 905 4595 1270 4662; x_wconf 87' lang='lat' dir='ltr'>potestatem,</span> <span class='ocrx_word' id='word_1_307' title='bbox 1314 4589 1423 4641; x_wconf 90' lang='lat' dir='ltr'>hoc</span> <span class='ocrx_word' id='word_1_308' title='bbox 1453 4586 1576 4656; x_wconf 91' lang='lat' dir='ltr'>ipso</span> <span class='ocrx_word' id='word_1_309' title='bbox 1627 4582 1760 4637; x_wconf 88' lang='lat' dir='ltr'>satis</span> <span class='ocrx_word' id='word_1_310' title='bbox 1793 4580 1900 4635; x_wconf 87' lang='lat' dir='ltr'>mi-</span> 
     </span>
    </p>
   </div>
   <div class='ocr_carea' id='block_1_54' title="bbox 181 4673 1904 4755">
    <p class='ocr_par' dir='ltr' id='par_1_54' title="bbox 181 4673 1904 4755">
     <span class='ocr_line' id='line_1_54' title="bbox 181 4673 1904 4755; baseline -0.013 -10"><span class='ocrx_word' id='word_1_311' title='bbox 181 4691 463 4751; x_wconf 85' lang='lat' dir='ltr'>seriores,</span> <span class='ocrx_word' id='word_1_312' title='bbox 514 4685 665 4755; x_wconf 88' lang='lat' dir='ltr'>quod</span> <span class='ocrx_word' id='word_1_313' title='bbox 724 4698 931 4753; x_wconf 87' lang='lat' dir='ltr'>parum</span> <span class='ocrx_word' id='word_1_314' title='bbox 984 4679 1337 4748; x_wconf 84' lang='lat' dir='ltr'>intelligunt,</span> <span class='ocrx_word' id='word_1_315' title='bbox 1395 4673 1815 4746; x_wconf 85' lang='lat' dir='ltr'>inquietissimo</span> <span class='ocrx_word' id='word_1_316' title='bbox 1847 4686 1904 4724; x_wconf 90' lang='lat' dir='ltr'>se</span> 
     </span>
    </p>
   </div>
   <div class='ocr_carea' id='block_1_55' title="bbox 182 4761 1904 4850">
    <p class='ocr_par' dir='ltr' id='par_1_55' title="bbox 182 4761 1904 4850">
     <span class='ocr_line' id='line_1_55' title="bbox 182 4761 1904 4850; baseline -0.011 -18"><span class='ocrx_word' id='word_1_317' title='bbox 182 4780 490 4850; x_wconf 83' lang='lat' dir='ltr'>subjacere</span> <span class='ocrx_word' id='word_1_318' title='bbox 528 4772 851 4827; x_wconf 88' lang='lat' dir='ltr'>famulatui.</span> <span class='ocrx_word' id='word_1_319' title='bbox 887 4770 1029 4824; x_wconf 87' lang='lat' dir='ltr'>Nam</span> <span class='ocrx_word' id='word_1_320' title='bbox 1060 4769 1204 4821; x_wconf 88' lang='lat' dir='ltr'>sicut</span> <span class='ocrx_word' id='word_1_321' title='bbox 1229 4764 1564 4819; x_wconf 87' lang='lat' dir='ltr'>hominibus</span> <span class='ocrx_word' id='word_1_322' title='bbox 1594 4778 1778 4833; x_wconf 83' lang='lat' dir='ltr'>reges,</span> <span class='ocrx_word' id='word_1_323' title='bbox 1824 4761 1904 4813; x_wconf 89' lang='lat' dir='ltr'>ita</span> 
     </span>
    </p>
   </div>
   <div class='ocr_carea' id='block_1_56' title="bbox 182 4856 1526 4939">
    <p class='ocr_par' dir='ltr' id='par_1_56' title="bbox 182 4856 1526 4939">
     <span class='ocr_line' id='line_1_56' title="bbox 182 4856 1526 4939; baseline -0.013 -15"><span class='ocrx_word' id='word_1_324' title='bbox 182 4868 428 4939; x_wconf 86' lang='lat' dir='ltr'>regibus</span> <span class='ocrx_word' id='word_1_325' title='bbox 456 4861 791 4917; x_wconf 82' lang='lat' dir='ltr'>dominandi</span> <span class='ocrx_word' id='word_1_326' title='bbox 822 4858 1108 4913; x_wconf 86' lang='lat' dir='ltr'>desideria</span> <span class='ocrx_word' id='word_1_327' title='bbox 1136 4856 1526 4911; x_wconf 89' lang='lat' dir='ltr'>dominantur.</span> 
     </span>
    </p>
   </div>
   <div class='ocr_carea' id='block_1_57' title="bbox 260 4949 923 5022">
    <p class='ocr_par' dir='ltr' id='par_1_57' title="bbox 260 4949 923 5022">
     <span class='ocr_line' id='line_1_57' title="bbox 260 4949 923 5022; baseline -0.018 -9"><span class='ocrx_word' id='word_1_328' title='bbox 260 4949 590 5022; x_wconf 78' lang='lat' dir='ltr'>Submittat]</span> <span class='ocrx_word' id='word_1_329' title='bbox 627 4950 923 5020; x_wconf 88' lang='lat' dir='ltr'>Subjiciat.</span> 
     </span>
    </p>
   </div>
   <div class='ocr_carea' id='block_1_58' title="bbox 261 5031 1451 5114">
    <p class='ocr_par' dir='ltr' id='par_1_58' title="bbox 261 5031 1451 5114">
     <span class='ocr_line' id='line_1_58' title="bbox 261 5031 1451 5114; baseline -0.015 -13"><span class='ocrx_word' id='word_1_330' title='bbox 261 5041 437 5114; x_wconf 80' lang='lat' dir='ltr'>Licet]</span> <span class='ocrx_word' id='word_1_331' title='bbox 468 5038 735 5094; x_wconf 87' lang='lat' dir='ltr'>Tamesti.</span> <span class='ocrx_word' id='word_1_332' title='bbox 770 5035 1119 5094; x_wconf 88' lang='lat' dir='ltr'>Claudianus</span> <span class='ocrx_word' id='word_1_333' title='bbox 1154 5031 1404 5087; x_wconf 87' lang='lat' dir='ltr'>Honorio</span> <span class='ocrx_word' id='word_1_334' title='bbox 1440 5047 1451 5083; x_wconf 84' lang='lat'><strong>:</strong></span> 
     </span>
    </p>
   </div>
   <div class='ocr_carea' id='block_1_59' title="bbox 320 5136 1630 5201">
    <p class='ocr_par' dir='ltr' id='par_1_59' title="bbox 320 5136 1630 5201">
     <span class='ocr_line' id='line_1_59' title="bbox 320 5136 1630 5201; baseline -0.008 -6"><span class='ocrx_word' id='word_1_335' title='bbox 320 5149 401 5195; x_wconf 91' lang='lat' dir='ltr'>Tu</span> <span class='ocrx_word' id='word_1_336' title='bbox 434 5147 560 5194; x_wconf 88' lang='lat' dir='ltr'>licet</span> <span class='ocrx_word' id='word_1_337' title='bbox 586 5150 851 5193; x_wconf 83' lang='lat' dir='ltr'>extremos</span> <span class='ocrx_word' id='word_1_338' title='bbox 881 5142 984 5190; x_wconf 88' lang='lat' dir='ltr'>late</span> <span class='ocrx_word' id='word_1_339' title='bbox 1016 5140 1292 5188; x_wconf 86' lang='lat' dir='ltr'>dominere</span> <span class='ocrx_word' id='word_1_340' title='bbox 1322 5151 1413 5201; x_wconf 89' lang='lat' dir='ltr'>per</span> <span class='ocrx_word' id='word_1_341' title='bbox 1448 5136 1630 5201; x_wconf 83' lang='lat' dir='ltr'>Indos,</span> 
     </span>
    </p>
   </div>
   <div class='ocr_carea' id='block_1_60' title="bbox 321 5199 1703 5267">
    <p class='ocr_par' dir='ltr' id='par_1_60' title="bbox 321 5199 1703 5267">
     <span class='ocr_line' id='line_1_60' title="bbox 321 5199 1703 5267; baseline -0.009 -8"><span class='ocrx_word' id='word_1_342' title='bbox 321 5211 393 5259; x_wconf 88' lang='lat' dir='ltr'>Te</span> <span class='ocrx_word' id='word_1_343' title='bbox 424 5208 626 5267; x_wconf 82' lang='lat' dir='ltr'>Medus,</span> <span class='ocrx_word' id='word_1_344' title='bbox 665 5212 714 5255; x_wconf 87' lang='lat' dir='ltr'>te</span> <span class='ocrx_word' id='word_1_345' title='bbox 746 5205 919 5254; x_wconf 87' lang='lat' dir='ltr'>mollis</span> <span class='ocrx_word' id='word_1_346' title='bbox 952 5204 1225 5267; x_wconf 76' lang='lat' dir='ltr'>Arabs,_te</span> <span class='ocrx_word' id='word_1_347' title='bbox 1257 5199 1406 5267; x_wconf 81' lang='lat' dir='ltr'>Seres</span> <span class='ocrx_word' id='word_1_348' title='bbox 1434 5199 1666 5267; x_wconf 80' lang='lat' dir='ltr'>adorent</span> <span class='ocrx_word' id='word_1_349' title='bbox 1692 5212 1703 5246; x_wconf 89' lang='lat'><strong>:</strong></span> 
     </span>
    </p>
   </div>
   <div class='ocr_carea' id='block_1_61' title="bbox 327 5263 1528 5331">
    <p class='ocr_par' dir='ltr' id='par_1_61' title="bbox 327 5263 1528 5331">
     <span class='ocr_line' id='line_1_61' title="bbox 327 5263 1528 5331; baseline -0.01 -11"><span class='ocrx_word' id='word_1_350' title='bbox 327 5273 384 5321; x_wconf 89' lang='lat' dir='ltr'>Si</span> <span class='ocrx_word' id='word_1_351' title='bbox 406 5263 623 5323; x_wconf 64' lang='lat' dir='ltr'>metuis,</span> <span class='ocrx_word' id='word_1_352' title='bbox 648 5270 687 5316; x_wconf 83' lang='lat' dir='ltr'>si</span> <span class='ocrx_word' id='word_1_353' title='bbox 726 5282 885 5331; x_wconf 84' lang='lat' dir='ltr'>prava</span> <span class='ocrx_word' id='word_1_354' title='bbox 917 5265 1159 5331; x_wconf 84' lang='lat' dir='ltr'>cupis,_si</span> <span class='ocrx_word' id='word_1_355' title='bbox 1187 5264 1397 5331; x_wconf 75' lang='lat' dir='ltr'>duceris</span> <span class='ocrx_word' id='word_1_356' title='bbox 1432 5263 1528 5321; x_wconf 86' lang='lat' dir='ltr'>ira,</span> 
     </span>
    </p>
   </div>
   <div class='ocr_carea' id='block_1_62' title="bbox 330 5325 1530 5395">
    <p class='ocr_par' dir='ltr' id='par_1_62' title="bbox 330 5325 1530 5395">
     <span class='ocr_line' id='line_1_62' title="bbox 330 5325 1530 5395; baseline -0.011 -12"><span class='ocrx_word' id='word_1_357' title='bbox 330 5333 542 5383; x_wconf 85' lang='lat' dir='ltr'>Servitii</span> <span class='ocrx_word' id='word_1_358' title='bbox 568 5325 765 5395; x_wconf 76' lang='lat' dir='ltr'>patiere</span> <span class='ocrx_word' id='word_1_359' title='bbox 797 5325 1007 5393; x_wconf 68' lang='lat' dir='ltr'>jugum,</span> <span class='ocrx_word' id='word_1_360' title='bbox 1044 5327 1290 5395; x_wconf 81' lang='lat' dir='ltr'>tolerabis</span> <span class='ocrx_word' id='word_1_361' title='bbox 1310 5325 1530 5395; x_wconf 76' lang='lat' dir='ltr'>iniquas</span> 
     </span>
    </p>
   </div>
   <div class='ocr_carea' id='block_1_63' title="bbox 329 5386 1533 5453">
    <p class='ocr_par' dir='ltr' id='par_1_63' title="bbox 329 5386 1533 5453">
     <span class='ocr_line' id='line_1_63' title="bbox 329 5386 1533 5453; baseline -0.01 -7"><span class='ocrx_word' id='word_1_362' title='bbox 329 5386 727 5453; x_wconf 48' lang='lat' dir='ltr'>Alterius-leges</span> <span class='ocrx_word' id='word_1_363' title='bbox 754 5408 763 5440; x_wconf 95' lang='lat'>:</span> <span class='ocrx_word' id='word_1_364' title='bbox 797 5386 932 5442; x_wconf 70' lang='lat' dir='ltr'>tunc</span> <span class='ocrx_word' id='word_1_365' title='bbox 955 5386 1135 5439; x_wconf 83' lang='lat' dir='ltr'>omnia</span> <span class='ocrx_word' id='word_1_366' title='bbox 1160 5390 1281 5452; x_wconf 88' lang='lat' dir='ltr'>jure</span> <span class='ocrx_word' id='word_1_367' title='bbox 1306 5386 1533 5443; x_wconf 82' lang='lat' dir='ltr'>tenebis,</span> 
     </span>
    </p>
   </div>
   <div class='ocr_carea' id='block_1_64' title="bbox 333 5452 1099 5521">
    <p class='ocr_par' dir='ltr' id='par_1_64' title="bbox 333 5452 1099 5521">
     <span class='ocr_line' id='line_1_64' title="bbox 333 5452 1099 5521; baseline -0.012 -12"><span class='ocrx_word' id='word_1_368' title='bbox 333 5461 465 5509; x_wconf 88' lang='lat' dir='ltr'>Cum</span> <span class='ocrx_word' id='word_1_369' title='bbox 496 5452 695 5521; x_wconf 89' lang='lat' dir='ltr'>poteris</span> <span class='ocrx_word' id='word_1_370' title='bbox 730 5469 821 5504; x_wconf 88' lang='lat' dir='ltr'>rex</span> <span class='ocrx_word' id='word_1_371' title='bbox 858 5467 970 5503; x_wconf 88' lang='lat' dir='ltr'>esse</span> <span class='ocrx_word' id='word_1_372' title='bbox 1002 5453 1099 5502; x_wconf 90' lang='lat' dir='ltr'>tui.</span> 
     </span>
    </p>
   </div>
   <div class='ocr_carea' id='block_1_65' title="bbox 284 5530 1731 5609">
    <p class='ocr_par' dir='ltr' id='par_1_65' title="bbox 284 5530 1731 5609">
     <span class='ocr_line' id='line_1_65' title="bbox 284 5530 1731 5609; baseline -0.01 -14"><span class='ocrx_word' id='word_1_373' title='bbox 284 5544 401 5596; x_wconf 85' lang='lat' dir='ltr'>Tua</span> <span class='ocrx_word' id='word_1_374' title='bbox 425 5537 586 5609; x_wconf 85' lang='lat' dir='ltr'>jura]</span> <span class='ocrx_word' id='word_1_375' title='bbox 621 5539 971 5590; x_wconf 86' lang='lat' dir='ltr'>Potestatem</span> <span class='ocrx_word' id='word_1_376' title='bbox 1003 5539 1183 5597; x_wconf 88' lang='lat' dir='ltr'>tuam,</span> <span class='ocrx_word' id='word_1_377' title='bbox 1209 5530 1515 5602; x_wconf 88' lang='lat' dir='ltr'>imperium</span> <span class='ocrx_word' id='word_1_378' title='bbox 1548 5531 1731 5581; x_wconf 90' lang='lat' dir='ltr'>tuum.</span> 
     </span>
    </p>
   </div>
   <div class='ocr_carea' id='block_1_66' title="bbox 287 5626 875 5698">
    <p class='ocr_par' dir='ltr' id='par_1_66' title="bbox 287 5626 875 5698">
     <span class='ocr_line' id='line_1_66' title="bbox 287 5626 875 5698; baseline -0.012 -13"><span class='ocrx_word' id='word_1_379' title='bbox 287 5627 611 5698; x_wconf 80' lang='lat' dir='ltr'>Tremiscat]</span> <span class='ocrx_word' id='word_1_380' title='bbox 635 5626 875 5680; x_wconf 89' lang='lat' dir='ltr'>Timeat.</span> 
     </span>
    </p>
   </div>
   <div class='ocr_carea' id='block_1_67' title="bbox 1451 253 2405 313">
    <p class='ocr_par' dir='ltr' id='par_1_67' title="bbox 1451 253 2405 313">
     <span class='ocr_line' id='line_1_67' title="bbox 1451 253 2405 313; baseline -0.004 -3"><span class='ocrx_word' id='word_1_381' title='bbox 1451 253 1839 313; x_wconf 81' lang='lat' dir='ltr'>MURMELLII</span> <span class='ocrx_word' id='word_1_382' title='bbox 1878 253 2405 311; x_wconf 83' lang='lat' dir='ltr'>COMMENTARIA.</span> 
     </span>
    </p>
   </div>
   <div class='ocr_carea' id='block_1_68' title="bbox 1903 387 2719 459">
    <p class='ocr_par' dir='ltr' id='par_1_68' title="bbox 1903 387 2719 459">
     <span class='ocr_line' id='line_1_68' title="bbox 1903 387 2719 459; baseline 0 -18"><span class='ocrx_word' id='word_1_383' title='bbox 1903 389 1945 441; x_wconf 84' lang='lat' dir='ltr'><strong>A</strong></span> <span class='ocrx_word' id='word_1_384' title='bbox 2046 391 2278 459; x_wconf 73' lang='lat' dir='ltr'>Serviat]</span> <span class='ocrx_word' id='word_1_385' title='bbox 2308 387 2566 443; x_wconf 84' lang='lat' dir='ltr'>Subaudi</span> <span class='ocrx_word' id='word_1_386' title='bbox 2595 388 2719 442; x_wconf 86' lang='lat' dir='ltr'>tibi.</span> 
     </span>
    </p>
   </div>
   <div class='ocr_carea' id='block_1_69' title="bbox 3542 247 3680 302">
    <p class='ocr_par' dir='ltr' id='par_1_69' title="bbox 3542 247 3680 302">
     <span class='ocr_line' id='line_1_69' title="bbox 3542 247 3680 302; baseline 0.014 -2"><span class='ocrx_word' id='word_1_387' title='bbox 3542 247 3680 302; x_wconf 71' lang='grc'>1010</span> 
     </span>
    </p>
   </div>
   <div class='ocr_carea' id='block_1_70' title="bbox 2062 474 3683 549">
    <p class='ocr_par' dir='ltr' id='par_1_70' title="bbox 2062 474 3683 549">
     <span class='ocr_line' id='line_1_70' title="bbox 2062 474 3683 549; baseline -0.003 -15"><span class='ocrx_word' id='word_1_388' title='bbox 2062 482 2262 534; x_wconf 81' lang='lat' dir='ltr'>Ultima</span> <span class='ocrx_word' id='word_1_389' title='bbox 2288 476 2476 549; x_wconf 86' lang='lat' dir='ltr'>Thule]</span> <span class='ocrx_word' id='word_1_390' title='bbox 2511 475 2949 533; x_wconf 86' lang='lat' dir='ltr'>Hemistichium</span> <span class='ocrx_word' id='word_1_391' title='bbox 2981 478 3069 531; x_wconf 89' lang='lat' dir='ltr'>est</span> <span class='ocrx_word' id='word_1_392' title='bbox 3110 474 3489 546; x_wconf 85' lang='lat' dir='ltr'>Virgilianum</span> <span class='ocrx_word' id='word_1_393' title='bbox 3514 474 3683 531; x_wconf 86' lang='lat' dir='ltr'>Geor-</span> 
     </span>
    </p>
   </div>
   <div class='ocr_carea' id='block_1_71' title="bbox 1988 568 2686 640">
    <p class='ocr_par' dir='ltr' id='par_1_71' title="bbox 1988 568 2686 640">
     <span class='ocr_line' id='line_1_71' title="bbox 1988 568 2686 640; baseline -0.001 -18"><span class='ocrx_word' id='word_1_394' title='bbox 1988 571 2248 640; x_wconf 88' lang='lat' dir='ltr'>gicorum</span> <span class='ocrx_word' id='word_1_395' title='bbox 2280 568 2427 622; x_wconf 89' lang='lat' dir='ltr'>libro</span> <span class='ocrx_word' id='word_1_396' title='bbox 2456 568 2646 638; x_wconf 89' lang='lat' dir='ltr'>primo</span> <span class='ocrx_word' id='word_1_397' title='bbox 2673 583 2686 621; x_wconf 90' lang='lat'>:</span> 
     </span>
    </p>
   </div>
   <div class='ocr_carea' id='block_1_72' title="bbox 2234 654 2999 706">
    <p class='ocr_par' dir='ltr' id='par_1_72' title="bbox 2234 654 2999 706">
     <span class='ocr_line' id='line_1_72' title="bbox 2234 654 2999 706; baseline -0.003 -1"><span class='ocrx_word' id='word_1_398' title='bbox 2234 657 2345 706; x_wconf 91' lang='lat' dir='ltr'>Tibi</span> <span class='ocrx_word' id='word_1_399' title='bbox 2376 657 2569 705; x_wconf 89' lang='lat' dir='ltr'>serviat</span> <span class='ocrx_word' id='word_1_400' title='bbox 2598 656 2784 704; x_wconf 89' lang='lat' dir='ltr'>ultima</span> <span class='ocrx_word' id='word_1_401' title='bbox 2816 654 2999 704; x_wconf 89' lang='lat' dir='ltr'>Thule.</span> 
     </span>
    </p>
   </div>
   <div class='ocr_carea' id='block_1_73' title="bbox 1989 733 3684 803">
    <p class='ocr_par' dir='ltr' id='par_1_73' title="bbox 1989 733 3684 803">
     <span class='ocr_line' id='line_1_73' title="bbox 1989 733 3684 803; baseline -0.003 -12"><span class='ocrx_word' id='word_1_402' title='bbox 1989 739 2059 791; x_wconf 89' lang='lat' dir='ltr'>Ut</span> <span class='ocrx_word' id='word_1_403' title='bbox 2090 736 2316 791; x_wconf 89' lang='lat' dir='ltr'>Servius</span> <span class='ocrx_word' id='word_1_404' title='bbox 2344 736 2539 800; x_wconf 88' lang='lat' dir='ltr'>tradit,</span> <span class='ocrx_word' id='word_1_405' title='bbox 2581 737 2761 790; x_wconf 89' lang='lat' dir='ltr'>Thule</span> <span class='ocrx_word' id='word_1_406' title='bbox 2801 736 2989 789; x_wconf 89' lang='lat' dir='ltr'>insula</span> <span class='ocrx_word' id='word_1_407' title='bbox 3023 738 3107 790; x_wconf 90' lang='lat' dir='ltr'>est</span> <span class='ocrx_word' id='word_1_408' title='bbox 3134 733 3342 789; x_wconf 87' lang='lat' dir='ltr'>Oceani</span> <span class='ocrx_word' id='word_1_409' title='bbox 3373 733 3525 788; x_wconf 88' lang='lat' dir='ltr'>inter</span> <span class='ocrx_word' id='word_1_410' title='bbox 3559 746 3684 803; x_wconf 87' lang='lat' dir='ltr'>sep-</span> 
     </span>
    </p>
   </div>
   <div class='ocr_carea' id='block_1_74' title="bbox 1988 822 3687 894">
    <p class='ocr_par' dir='ltr' id='par_1_74' title="bbox 1988 822 3687 894">
     <span class='ocr_line' id='line_1_74' title="bbox 1988 822 3687 894; baseline -0.002 -15"><span class='ocrx_word' id='word_1_411' title='bbox 1988 826 2388 880; x_wconf 88' lang='lat' dir='ltr'>tentrionalem</span> <span class='ocrx_word' id='word_1_412' title='bbox 2423 830 2478 879; x_wconf 92' lang='lat' dir='ltr'>et</span> <span class='ocrx_word' id='word_1_413' title='bbox 2535 824 2948 879; x_wconf 89' lang='lat' dir='ltr'>occidentalem</span> <span class='ocrx_word' id='word_1_414' title='bbox 2993 824 3224 894; x_wconf 83' lang='lat' dir='ltr'>plagam</span> <span class='ocrx_word' id='word_1_415' title='bbox 3268 825 3419 877; x_wconf 86' lang='lat' dir='ltr'>ultra</span> <span class='ocrx_word' id='word_1_416' title='bbox 3465 822 3687 877; x_wconf 85' lang='lat' dir='ltr'>Britan-</span> 
     </span>
    </p>
   </div>
   <div class='ocr_carea' id='block_1_75' title="bbox 1990 912 3681 983">
    <p class='ocr_par' dir='ltr' id='par_1_75' title="bbox 1990 912 3681 983">
     <span class='ocr_line' id='line_1_75' title="bbox 1990 912 3681 983; baseline -0.002 -16"><span class='ocrx_word' id='word_1_417' title='bbox 1990 916 2141 967; x_wconf 89' lang='lat' dir='ltr'>niam</span> <span class='ocrx_word' id='word_1_418' title='bbox 2176 921 2230 967; x_wconf 90' lang='lat' dir='ltr'>et</span> <span class='ocrx_word' id='word_1_419' title='bbox 2261 914 2563 980; x_wconf 89' lang='lat' dir='ltr'>Orchades,</span> <span class='ocrx_word' id='word_1_420' title='bbox 2596 929 2722 983; x_wconf 68' lang='lat' dir='ltr'>quia</span> <span class='ocrx_word' id='word_1_421' title='bbox 2760 912 2947 966; x_wconf 90' lang='lat' dir='ltr'>insula</span> <span class='ocrx_word' id='word_1_422' title='bbox 2978 912 3036 966; x_wconf 90' lang='lat' dir='ltr'>in</span> <span class='ocrx_word' id='word_1_423' title='bbox 3066 912 3293 966; x_wconf 90' lang='lat' dir='ltr'>Oceano</span> <span class='ocrx_word' id='word_1_424' title='bbox 3342 913 3548 967; x_wconf 87' lang='lat' dir='ltr'>ultima</span> <span class='ocrx_word' id='word_1_425' title='bbox 3577 916 3681 977; x_wconf 88' lang='lat' dir='ltr'>est,</span> 
     </span>
    </p>
   </div>
   <div class='ocr_carea' id='block_1_76' title="bbox 1988 1000 3684 1074">
    <p class='ocr_par' dir='ltr' id='par_1_76' title="bbox 1988 1000 3684 1074">
     <span class='ocr_line' id='line_1_76' title="bbox 1988 1000 3684 1074; baseline -0.002 -17"><span class='ocrx_word' id='word_1_426' title='bbox 1988 1005 2047 1057; x_wconf 90' lang='lat' dir='ltr'>in</span> <span class='ocrx_word' id='word_1_427' title='bbox 2083 1019 2197 1074; x_wconf 90' lang='lat' dir='ltr'>qua</span> <span class='ocrx_word' id='word_1_428' title='bbox 2227 1018 2354 1056; x_wconf 94' lang='lat' dir='ltr'>cum</span> <span class='ocrx_word' id='word_1_429' title='bbox 2389 1003 2472 1055; x_wconf 90' lang='lat' dir='ltr'>sol</span> <span class='ocrx_word' id='word_1_430' title='bbox 2504 1003 2562 1056; x_wconf 91' lang='lat' dir='ltr'>in</span> <span class='ocrx_word' id='word_1_431' title='bbox 2604 1002 2818 1055; x_wconf 87' lang='lat' dir='ltr'>Cancro</span> <span class='ocrx_word' id='word_1_432' title='bbox 2850 1006 2951 1068; x_wconf 89' lang='lat' dir='ltr'>est,</span> <span class='ocrx_word' id='word_1_433' title='bbox 2984 1000 3247 1071; x_wconf 89' lang='lat' dir='ltr'>perpetui</span> <span class='ocrx_word' id='word_1_434' title='bbox 3274 1000 3394 1054; x_wconf 89' lang='lat' dir='ltr'>dies</span> <span class='ocrx_word' id='word_1_435' title='bbox 3427 1001 3548 1054; x_wconf 88' lang='lat' dir='ltr'>sine</span> <span class='ocrx_word' id='word_1_436' title='bbox 3578 1015 3684 1053; x_wconf 86' lang='lat' dir='ltr'>no-</span> 
     </span>
    </p>
   </div>
   <div class='ocr_carea' id='block_1_77' title="bbox 1989 1089 3681 1159">
    <p class='ocr_par' dir='ltr' id='par_1_77' title="bbox 1989 1089 3681 1159">
     <span class='ocr_line' id='line_1_77' title="bbox 1989 1089 3681 1159; baseline -0.002 -13"><span class='ocrx_word' id='word_1_437' title='bbox 1989 1093 2173 1146; x_wconf 88' lang='lat' dir='ltr'>ctibus</span> <span class='ocrx_word' id='word_1_438' title='bbox 2222 1108 2341 1145; x_wconf 85' lang='lat' dir='ltr'>esse</span> <span class='ocrx_word' id='word_1_439' title='bbox 2382 1091 2667 1145; x_wconf 90' lang='lat' dir='ltr'>dicuntur.</span> <span class='ocrx_word' id='word_1_440' title='bbox 2714 1090 3088 1145; x_wconf 89' lang='lat' dir='ltr'>Scribendum</span> <span class='ocrx_word' id='word_1_441' title='bbox 3116 1094 3200 1143; x_wconf 89' lang='lat' dir='ltr'>est</span> <span class='ocrx_word' id='word_1_442' title='bbox 3223 1106 3328 1159; x_wconf 90' lang='lat' dir='ltr'>per</span> <span class='ocrx_word' id='word_1_443' title='bbox 3363 1106 3400 1143; x_wconf 85' lang='lat' dir='ltr'>u</span> <span class='ocrx_word' id='word_1_444' title='bbox 3445 1093 3574 1158; x_wconf 89' lang='lat' dir='ltr'>post</span> <span class='ocrx_word' id='word_1_445' title='bbox 3603 1089 3681 1156; x_wconf 84' lang='lat' dir='ltr'>th,</span> 
     </span>
    </p>
   </div>
   <div class='ocr_carea' id='block_1_78' title="bbox 1989 1178 3686 1249">
    <p class='ocr_par' dir='ltr' id='par_1_78' title="bbox 1989 1178 3686 1249">
     <span class='ocr_line' id='line_1_78' title="bbox 1989 1178 3686 1249; baseline -0.002 -14"><span class='ocrx_word' id='word_1_446' title='bbox 1989 1182 2229 1235; x_wconf 89' lang='lat' dir='ltr'>testibus</span> <span class='ocrx_word' id='word_1_447' title='bbox 2272 1180 2532 1249; x_wconf 86' lang='lat' dir='ltr'>Georgio,</span> <span class='ocrx_word' id='word_1_448' title='bbox 2580 1180 2811 1243; x_wconf 88' lang='lat' dir='ltr'>Merula,</span> <span class='ocrx_word' id='word_1_449' title='bbox 2862 1178 3273 1248; x_wconf 85' lang='lat' dir='ltr'>Christophoro</span> <span class='ocrx_word' id='word_1_450' title='bbox 3331 1178 3588 1233; x_wconf 87' lang='lat' dir='ltr'>Landino</span> <span class='ocrx_word' id='word_1_451' title='bbox 3630 1182 3686 1231; x_wconf 88' lang='lat' dir='ltr'>et</span> 
     </span>
    </p>
   </div>
   <div class='ocr_carea' id='block_1_79' title="bbox 1989 1266 3685 1337">
    <p class='ocr_par' dir='ltr' id='par_1_79' title="bbox 1989 1266 3685 1337">
     <span class='ocr_line' id='line_1_79' title="bbox 1989 1266 3685 1337; baseline -0.001 -15"><span class='ocrx_word' id='word_1_452' title='bbox 1989 1269 2235 1322; x_wconf 81' lang='lat' dir='ltr'>Antonio</span> <span class='ocrx_word' id='word_1_453' title='bbox 2276 1268 2628 1331; x_wconf 83' lang='lat' dir='ltr'>Mancinello,</span> <span class='ocrx_word' id='word_1_454' title='bbox 2662 1266 2891 1321; x_wconf 87' lang='lat' dir='ltr'>tametsi</span> <span class='ocrx_word' id='word_1_455' title='bbox 2917 1266 3089 1334; x_wconf 89' lang='lat' dir='ltr'>vulgo</span> <span class='ocrx_word' id='word_1_456' title='bbox 3123 1266 3300 1337; x_wconf 80' lang='lat' dir='ltr'>Thyle</span> <span class='ocrx_word' id='word_1_457' title='bbox 3330 1282 3435 1336; x_wconf 88' lang='lat' dir='ltr'>per</span> <span class='ocrx_word' id='word_1_458' title='bbox 3469 1268 3685 1336; x_wconf 83' lang='lat' dir='ltr'>ypsilon</span> 
     </span>
    </p>
   </div>
   <div class='ocr_carea' id='block_1_80' title="bbox 1986 1354 3199 1413">
    <p class='ocr_par' dir='ltr' id='par_1_80' title="bbox 1986 1354 3199 1413">
     <span class='ocr_line' id='line_1_80' title="bbox 1986 1354 3199 1413; baseline -0.002 -3"><span class='ocrx_word' id='word_1_459' title='bbox 1986 1357 2286 1411; x_wconf 88' lang='lat' dir='ltr'>scribatur.</span> <span class='ocrx_word' id='word_1_460' title='bbox 2319 1358 2505 1411; x_wconf 65' lang='lat' dir='ltr'>Greece</span> <span class='ocrx_word' id='word_1_461' title='bbox 2537 1356 2687 1409; x_wconf 89' lang='lat' dir='ltr'>enim</span> <span class='ocrx_word' id='word_1_462' title='bbox 2714 1354 2887 1413; x_wconf 81' lang='grc' dir='ltr'>Θουλή</span> <span class='ocrx_word' id='word_1_463' title='bbox 2914 1355 3199 1409; x_wconf 87' lang='lat' dir='ltr'>scribitur.</span> 
     </span>
    </p>
   </div>
   <div class='ocr_carea' id='block_1_81' title="bbox 2059 1443 3688 1515">
    <p class='ocr_par' dir='ltr' id='par_1_81' title="bbox 2059 1443 3688 1515">
     <span class='ocr_line' id='line_1_81' title="bbox 2059 1443 3688 1515; baseline 0 -16"><span class='ocrx_word' id='word_1_464' title='bbox 2059 1444 2254 1515; x_wconf 73' lang='lat' dir='ltr'>Atras]</span> <span class='ocrx_word' id='word_1_465' title='bbox 2280 1445 2496 1498; x_wconf 81' lang='lat' dir='ltr'>noxias.</span> <span class='ocrx_word' id='word_1_466' title='bbox 2543 1446 2862 1499; x_wconf 83' lang='lat' dir='ltr'>Alexander</span> <span class='ocrx_word' id='word_1_467' title='bbox 2910 1443 3120 1514; x_wconf 87' lang='lat' dir='ltr'>Hegius</span> <span class='ocrx_word' id='word_1_468' title='bbox 3162 1447 3478 1515; x_wconf 61' lang='lat' dir='ltr'>praeceptor</span> <span class='ocrx_word' id='word_1_469' title='bbox 3505 1459 3688 1514; x_wconf 84' lang='lat' dir='ltr'>quon-</span> 
     </span>
    </p>
   </div>
   <div class='ocr_carea' id='block_1_82' title="bbox 1988 1532 3687 1604">
    <p class='ocr_par' dir='ltr' id='par_1_82' title="bbox 1988 1532 3687 1604">
     <span class='ocr_line' id='line_1_82' title="bbox 1988 1532 3687 1604; baseline 0 -16"><span class='ocrx_word' id='word_1_470' title='bbox 1988 1536 2117 1589; x_wconf 89' lang='lat' dir='ltr'>dam</span> <span class='ocrx_word' id='word_1_471' title='bbox 2152 1550 2312 1587; x_wconf 89' lang='lat' dir='ltr'>meus</span> <span class='ocrx_word' id='word_1_472' title='bbox 2344 1534 2402 1586; x_wconf 90' lang='lat' dir='ltr'>in</span> <span class='ocrx_word' id='word_1_473' title='bbox 2444 1533 2911 1604; x_wconf 87' lang='lat' dir='ltr'>frequentissima</span> <span class='ocrx_word' id='word_1_474' title='bbox 2940 1533 3150 1587; x_wconf 89' lang='lat' dir='ltr'>nobilis</span> <span class='ocrx_word' id='word_1_475' title='bbox 3179 1532 3581 1588; x_wconf 73' lang='lat' dir='ltr'>Daventriana:</span> <span class='ocrx_word' id='word_1_476' title='bbox 3610 1534 3687 1588; x_wconf 86' lang='lat' dir='ltr'>ci-</span> 
     </span>
    </p>
   </div>
   <div class='ocr_carea' id='block_1_83' title="bbox 1986 1623 2447 1678">
    <p class='ocr_par' dir='ltr' id='par_1_83' title="bbox 1986 1623 2447 1678">
     <span class='ocr_line' id='line_1_83' title="bbox 1986 1623 2447 1678; baseline -0.004 0"><span class='ocrx_word' id='word_1_477' title='bbox 1986 1624 2177 1678; x_wconf 86' lang='lat' dir='ltr'>vitatis</span> <span class='ocrx_word' id='word_1_478' title='bbox 2207 1623 2399 1677; x_wconf 89' lang='lat' dir='ltr'>schola</span> <span class='ocrx_word' id='word_1_479' title='bbox 2435 1639 2447 1676; x_wconf 91' lang='lat'>:</span> 
     </span>
    </p>
   </div>
   <div class='ocr_carea' id='block_1_84' title="bbox 2146 1709 3478 1773">
    <p class='ocr_par' dir='ltr' id='par_1_84' title="bbox 2146 1709 3478 1773">
     <span class='ocr_line' id='line_1_84' title="bbox 2146 1709 3478 1773; baseline -0.002 -14"><span class='ocrx_word' id='word_1_480' title='bbox 2146 1712 2236 1759; x_wconf 88' lang='lat' dir='ltr'>Est</span> <span class='ocrx_word' id='word_1_481' title='bbox 2264 1714 2324 1758; x_wconf 91' lang='lat' dir='ltr'>ut</span> <span class='ocrx_word' id='word_1_482' title='bbox 2349 1710 2613 1773; x_wconf 89' lang='lat' dir='ltr'>perpetuis</span> <span class='ocrx_word' id='word_1_483' title='bbox 2638 1709 2916 1757; x_wconf 88' lang='lat' dir='ltr'>hominum</span> <span class='ocrx_word' id='word_1_484' title='bbox 2952 1722 3103 1773; x_wconf 86' lang='lat' dir='ltr'>mens</span> <span class='ocrx_word' id='word_1_485' title='bbox 3124 1709 3287 1773; x_wconf 84' lang='lat' dir='ltr'>anxia</span> <span class='ocrx_word' id='word_1_486' title='bbox 3321 1709 3478 1773; x_wconf 83' lang='lat' dir='ltr'>curis,</span> 
     </span>
    </p>
   </div>
   <div class='ocr_carea' id='block_1_85' title="bbox 2267 1770 3389 1821">
    <p class='ocr_par' dir='ltr' id='par_1_85' title="bbox 2267 1770 3389 1821">
     <span class='ocr_line' id='line_1_85' title="bbox 2267 1770 3389 1821; baseline -0.004 0"><span class='ocrx_word' id='word_1_487' title='bbox 2267 1770 2370 1821; x_wconf 80' lang='lat' dir='ltr'>Nec</span> <span class='ocrx_word' id='word_1_488' title='bbox 2393 1770 2533 1821; x_wconf 80' lang='lat' dir='ltr'>valet</span> <span class='ocrx_word' id='word_1_489' title='bbox 2552 1772 2642 1820; x_wconf 89' lang='lat' dir='ltr'>illa</span> <span class='ocrx_word' id='word_1_490' title='bbox 2662 1772 2745 1820; x_wconf 84' lang='lat' dir='ltr'>sui</span> <span class='ocrx_word' id='word_1_491' title='bbox 2777 1784 2886 1820; x_wconf 90' lang='lat' dir='ltr'>non</span> <span class='ocrx_word' id='word_1_492' title='bbox 2923 1772 3223 1820; x_wconf 88' lang='lat' dir='ltr'>meminisse</span> <span class='ocrx_word' id='word_1_493' title='bbox 3245 1770 3389 1819; x_wconf 92' lang='lat' dir='ltr'>mali.</span> 
     </span>
    </p>
   </div>
   <div class='ocr_carea' id='block_1_86' title="bbox 2145 1832 3468 1897">
    <p class='ocr_par' dir='ltr' id='par_1_86' title="bbox 2145 1832 3468 1897">
     <span class='ocr_line' id='line_1_86' title="bbox 2145 1832 3468 1897; baseline -0.002 -13"><span class='ocrx_word' id='word_1_494' title='bbox 2145 1836 2289 1884; x_wconf 87' lang='lat' dir='ltr'>Hanc</span> <span class='ocrx_word' id='word_1_495' title='bbox 2324 1836 2367 1883; x_wconf 86' lang='lat' dir='ltr'>si</span> <span class='ocrx_word' id='word_1_496' title='bbox 2402 1833 2742 1897; x_wconf 86' lang='lat' dir='ltr'>tranquillare</span> <span class='ocrx_word' id='word_1_497' title='bbox 2776 1833 2927 1891; x_wconf 81' lang='lat' dir='ltr'>velis,</span> <span class='ocrx_word' id='word_1_498' title='bbox 2961 1833 3199 1897; x_wconf 75' lang='lat' dir='ltr'>fomenta</span> <span class='ocrx_word' id='word_1_499' title='bbox 3229 1832 3468 1897; x_wconf 81' lang='lat' dir='ltr'>relinque</span> 
     </span>
    </p>
   </div>
   <div class='ocr_carea' id='block_1_87' title="bbox 2207 1895 3305 1959">
    <p class='ocr_par' dir='ltr' id='par_1_87' title="bbox 2207 1895 3305 1959">
     <span class='ocr_line' id='line_1_87' title="bbox 2207 1895 3305 1959; baseline -0.004 -13"><span class='ocrx_word' id='word_1_500' title='bbox 2207 1898 2374 1957; x_wconf 58' lang='lat' dir='ltr'>Curae,</span> <span class='ocrx_word' id='word_1_501' title='bbox 2406 1897 2481 1945; x_wconf 90' lang='lat' dir='ltr'>nil</span> <span class='ocrx_word' id='word_1_502' title='bbox 2506 1895 2659 1959; x_wconf 80' lang='lat' dir='ltr'>aequo</span> <span class='ocrx_word' id='word_1_503' title='bbox 2685 1896 2805 1959; x_wconf 89' lang='lat' dir='ltr'>plus</span> <span class='ocrx_word' id='word_1_504' title='bbox 2834 1909 2986 1958; x_wconf 88' lang='lat' dir='ltr'>cupe,</span> <span class='ocrx_word' id='word_1_505' title='bbox 3023 1895 3155 1945; x_wconf 91' lang='lat' dir='ltr'>liber</span> <span class='ocrx_word' id='word_1_506' title='bbox 3181 1895 3305 1943; x_wconf 87' lang='lat' dir='ltr'>eris.</span> 
     </span>
    </p>
   </div>
   <div class='ocr_carea' id='block_1_88' title="bbox 1990 1978 2198 2032">
    <p class='ocr_par' dir='ltr' id='par_1_88' title="bbox 1990 1978 2198 2032">
     <span class='ocr_line' id='line_1_88' title="bbox 1990 1978 2198 2032; baseline -0.005 0"><span class='ocrx_word' id='word_1_507' title='bbox 1990 1978 2147 2032; x_wconf 91' lang='lat' dir='ltr'>Idem</span> <span class='ocrx_word' id='word_1_508' title='bbox 2186 1994 2198 2031; x_wconf 93' lang='lat'><strong>:</strong></span> 
     </span>
    </p>
   </div>
   <div class='ocr_carea' id='block_1_89' title="bbox 2145 2079 3581 2144">
    <p class='ocr_par' dir='ltr' id='par_1_89' title="bbox 2145 2079 3581 2144">
     <span class='ocr_line' id='line_1_89' title="bbox 2145 2079 3581 2144; baseline 0 -14"><span class='ocrx_word' id='word_1_509' title='bbox 2145 2083 2379 2133; x_wconf 89' lang='lat' dir='ltr'>Libertas</span> <span class='ocrx_word' id='word_1_510' title='bbox 2408 2095 2615 2131; x_wconf 90' lang='lat' dir='ltr'>summa</span> <span class='ocrx_word' id='word_1_511' title='bbox 2639 2085 2715 2131; x_wconf 91' lang='lat' dir='ltr'>est</span> <span class='ocrx_word' id='word_1_512' title='bbox 2742 2084 2850 2144; x_wconf 88' lang='lat' dir='ltr'>tua,</span> <span class='ocrx_word' id='word_1_513' title='bbox 2878 2080 3100 2144; x_wconf 78' lang='lat' dir='ltr'>Christe,</span> <span class='ocrx_word' id='word_1_514' title='bbox 3129 2079 3387 2144; x_wconf 80' lang='lat' dir='ltr'>facessere</span> <span class='ocrx_word' id='word_1_515' title='bbox 3411 2079 3581 2144; x_wconf 84' lang='lat' dir='ltr'>jussa,</span> 
     </span>
    </p>
   </div>
   <div class='ocr_carea' id='block_1_90' title="bbox 2144 2143 3448 2217">
    <p class='ocr_par' dir='ltr' id='par_1_90' title="bbox 2144 2143 3448 2217">
     <span class='ocr_line' id='line_1_90' title="bbox 2144 2143 3448 2217; baseline -0.003 -23"><span class='ocrx_word' id='word_1_516' title='bbox 2144 2147 2308 2217; x_wconf 56' lang='lat' dir='ltr'>Ijemo</span> <span class='ocrx_word' id='word_1_517' title='bbox 2332 2149 2412 2217; x_wconf 81' lang='lat' dir='ltr'>est</span> <span class='ocrx_word' id='word_1_518' title='bbox 2431 2146 2727 2217; x_wconf 34' lang='lat' dir='ltr'>ingenuus,</span> <span class='ocrx_word' id='word_1_519' title='bbox 2752 2143 2852 2217; x_wconf 70' lang='lat' dir='ltr'>nisi</span> <span class='ocrx_word' id='word_1_520' title='bbox 2888 2144 2979 2217; x_wconf 78' lang='lat' dir='ltr'>qui</span> <span class='ocrx_word' id='word_1_521' title='bbox 3003 2143 3105 2213; x_wconf 75' lang='lat' dir='ltr'>tibi</span> <span class='ocrx_word' id='word_1_522' title='bbox 3123 2143 3282 2217; x_wconf 60' lang='lat' dir='ltr'>servit</span> <span class='ocrx_word' id='word_1_523' title='bbox 3309 2143 3448 2217; x_wconf 68' lang='lat' dir='ltr'>Iesu.</span> 
     </span>
    </p>
   </div>
   <div class='ocr_carea' id='block_1_91' title="bbox 2145 2203 3500 2270">
    <p class='ocr_par' dir='ltr' id='par_1_91' title="bbox 2145 2203 3500 2270">
     <span class='ocr_line' id='line_1_91' title="bbox 2145 2203 3500 2270; baseline -0.001 -14"><span class='ocrx_word' id='word_1_524' title='bbox 2145 2209 2308 2257; x_wconf 87' lang='lat' dir='ltr'>Nemo</span> <span class='ocrx_word' id='word_1_525' title='bbox 2328 2203 2522 2270; x_wconf 77' lang='lat' dir='ltr'>estqui</span> <span class='ocrx_word' id='word_1_526' title='bbox 2551 2210 2752 2269; x_wconf 88' lang='lat' dir='ltr'>regnat,</span> <span class='ocrx_word' id='word_1_527' title='bbox 2790 2203 3020 2253; x_wconf 81' lang='lat' dir='ltr'>famulus</span> <span class='ocrx_word' id='word_1_528' title='bbox 3054 2205 3156 2253; x_wconf 87' lang='lat' dir='ltr'>nisi</span> <span class='ocrx_word' id='word_1_529' title='bbox 3191 2204 3329 2253; x_wconf 91' lang='lat' dir='ltr'>ﬁdus</span> <span class='ocrx_word' id='word_1_530' title='bbox 3362 2203 3500 2254; x_wconf 84' lang='lat' dir='ltr'>Iesu.</span> 
     </span>
    </p>
   </div>
   <div class='ocr_carea' id='block_1_92' title="bbox 2586 2303 3088 2360">
    <p class='ocr_par' dir='ltr' id='par_1_92' title="bbox 2586 2303 3088 2360">
     <span class='ocr_line' id='line_1_92' title="bbox 2586 2303 3088 2360; baseline -0.004 -1"><span class='ocrx_word' id='word_1_531' title='bbox 2586 2305 2654 2360; x_wconf 87' lang='lat' dir='ltr'>IN</span> <span class='ocrx_word' id='word_1_532' title='bbox 2688 2303 2968 2358; x_wconf 81' lang='lat' dir='ltr'>PROSAM</span> <span class='ocrx_word' id='word_1_533' title='bbox 3000 2304 3088 2357; x_wconf 92' lang='lat' dir='ltr'>VI.</span> 
     </span>
    </p>
   </div>
   <div class='ocr_carea' id='block_1_93' title="bbox 2069 2387 3692 2466">
    <p class='ocr_par' dir='ltr' id='par_1_93' title="bbox 2069 2387 3692 2466">
     <span class='ocr_line' id='line_1_93' title="bbox 2069 2387 3692 2466; baseline -0.004 -17"><span class='ocrx_word' id='word_1_534' title='bbox 2069 2397 2238 2450; x_wconf 89' lang='lat' dir='ltr'>Docet</span> <span class='ocrx_word' id='word_1_535' title='bbox 2265 2410 2437 2466; x_wconf 90' lang='lat' dir='ltr'>quam</span> <span class='ocrx_word' id='word_1_536' title='bbox 2480 2394 2652 2447; x_wconf 82' lang='lat' dir='ltr'>fallax</span> <span class='ocrx_word' id='word_1_537' title='bbox 2676 2396 2731 2446; x_wconf 91' lang='lat' dir='ltr'>et</span> <span class='ocrx_word' id='word_1_538' title='bbox 2761 2391 2948 2445; x_wconf 90' lang='lat' dir='ltr'>inanis</span> <span class='ocrx_word' id='word_1_539' title='bbox 2978 2391 3052 2445; x_wconf 88' lang='lat' dir='ltr'>sit</span> <span class='ocrx_word' id='word_1_540' title='bbox 3094 2390 3296 2462; x_wconf 88' lang='lat' dir='ltr'>gloria,</span> <span class='ocrx_word' id='word_1_541' title='bbox 3330 2405 3503 2461; x_wconf 88' lang='lat' dir='ltr'>quam</span> <span class='ocrx_word' id='word_1_542' title='bbox 3525 2387 3692 2459; x_wconf 88' lang='lat' dir='ltr'>pleri-</span> 
     </span>
    </p>
   </div>
   <div class='ocr_carea' id='block_1_94' title="bbox 1995 2475 3691 2554">
    <p class='ocr_par' dir='ltr' id='par_1_94' title="bbox 1995 2475 3691 2554">
     <span class='ocr_line' id='line_1_94' title="bbox 1995 2475 3691 2554; baseline -0.005 -16"><span class='ocrx_word' id='word_1_543' title='bbox 1995 2500 2107 2554; x_wconf 86' lang='lat' dir='ltr'>que</span> <span class='ocrx_word' id='word_1_544' title='bbox 2142 2485 2409 2537; x_wconf 86' lang='lat' dir='ltr'>mortales</span> <span class='ocrx_word' id='word_1_545' title='bbox 2444 2486 2600 2536; x_wconf 90' lang='lat' dir='ltr'>tanto</span> <span class='ocrx_word' id='word_1_546' title='bbox 2624 2480 2812 2535; x_wconf 90' lang='lat' dir='ltr'>studio</span> <span class='ocrx_word' id='word_1_547' title='bbox 2843 2484 3063 2550; x_wconf 88' lang='lat' dir='ltr'>petunt,</span> <span class='ocrx_word' id='word_1_548' title='bbox 3090 2486 3148 2534; x_wconf 89' lang='lat' dir='ltr'>et</span> <span class='ocrx_word' id='word_1_549' title='bbox 3174 2478 3424 2533; x_wconf 87' lang='lat' dir='ltr'>nominis</span> <span class='ocrx_word' id='word_1_550' title='bbox 3458 2475 3691 2533; x_wconf 88' lang='lat' dir='ltr'>celebri-</span> 
     </span>
    </p>
   </div>
   <div class='ocr_carea' id='block_1_95' title="bbox 1994 2565 3688 2641">
    <p class='ocr_par' dir='ltr' id='par_1_95' title="bbox 1994 2565 3688 2641">
     <span class='ocr_line' id='line_1_95' title="bbox 1994 2565 3688 2641; baseline -0.005 -14"><span class='ocrx_word' id='word_1_551' title='bbox 1994 2578 2108 2627; x_wconf 84' lang='lat' dir='ltr'>tate</span> <span class='ocrx_word' id='word_1_552' title='bbox 2130 2573 2358 2627; x_wconf 86' lang='lat' dir='ltr'>beatum</span> <span class='ocrx_word' id='word_1_553' title='bbox 2374 2571 2610 2625; x_wconf 88' lang='lat' dir='ltr'>evadere</span> <span class='ocrx_word' id='word_1_554' title='bbox 2642 2585 2804 2641; x_wconf 90' lang='lat' dir='ltr'>posse</span> <span class='ocrx_word' id='word_1_555' title='bbox 2833 2568 3148 2624; x_wconf 89' lang='lat' dir='ltr'>neminem.</span> <span class='ocrx_word' id='word_1_556' title='bbox 3174 2567 3428 2623; x_wconf 88' lang='lat' dir='ltr'>Gloriam</span> <span class='ocrx_word' id='word_1_557' title='bbox 3465 2565 3688 2634; x_wconf 88' lang='lat' dir='ltr'>deﬁnit,</span> 
     </span>
    </p>
   </div>
   <div class='ocr_carea' id='block_1_96' title="bbox 1995 2654 3692 2727">
    <p class='ocr_par' dir='ltr' id='par_1_96' title="bbox 1995 2654 3692 2727">
     <span class='ocr_line' id='line_1_96' title="bbox 1995 2654 3692 2727; baseline -0.005 -12"><span class='ocrx_word' id='word_1_558' title='bbox 1995 2662 2260 2715; x_wconf 80' lang='lat' dir='ltr'>Aurelius</span> <span class='ocrx_word' id='word_1_559' title='bbox 2291 2660 2436 2713; x_wconf 91' lang='lat' dir='ltr'>libro</span> <span class='ocrx_word' id='word_1_560' title='bbox 2469 2660 2539 2713; x_wconf 92' lang='lat' dir='ltr'>de</span> <span class='ocrx_word' id='word_1_561' title='bbox 2583 2658 2819 2713; x_wconf 87' lang='lat' dir='ltr'>Civitate</span> <span class='ocrx_word' id='word_1_562' title='bbox 2862 2657 2961 2711; x_wconf 91' lang='lat' dir='ltr'>Dei</span> <span class='ocrx_word' id='word_1_563' title='bbox 2995 2657 3217 2727; x_wconf 88' lang='lat' dir='ltr'>quinto,</span> <span class='ocrx_word' id='word_1_564' title='bbox 3258 2656 3442 2726; x_wconf 89' lang='lat' dir='ltr'>capite</span> <span class='ocrx_word' id='word_1_565' title='bbox 3490 2658 3570 2721; x_wconf 84' lang='lat' dir='ltr'>l2,</span> <span class='ocrx_word' id='word_1_566' title='bbox 3602 2654 3692 2708; x_wconf 84' lang='lat' dir='ltr'>his</span> 
     </span>
    </p>
   </div>
   <div class='ocr_carea' id='block_1_97' title="bbox 1996 2741 3692 2815">
    <p class='ocr_par' dir='ltr' id='par_1_97' title="bbox 1996 2741 3692 2815">
     <span class='ocr_line' id='line_1_97' title="bbox 1996 2741 3692 2815; baseline -0.005 -11"><span class='ocrx_word' id='word_1_567' title='bbox 1996 2751 2185 2804; x_wconf 87' lang='lat' dir='ltr'>verbis</span> <span class='ocrx_word' id='word_1_568' title='bbox 2217 2765 2228 2803; x_wconf 91' lang='lat'>:</span> <span class='ocrx_word' id='word_1_569' title='bbox 2263 2748 2451 2803; x_wconf 90' lang='lat' dir='ltr'>Gloria</span> <span class='ocrx_word' id='word_1_570' title='bbox 2482 2749 2567 2800; x_wconf 88' lang='lat' dir='ltr'>est</span> <span class='ocrx_word' id='word_1_571' title='bbox 2590 2746 2875 2815; x_wconf 88' lang='lat' dir='ltr'>judicium</span> <span class='ocrx_word' id='word_1_572' title='bbox 2905 2744 3214 2799; x_wconf 89' lang='lat' dir='ltr'>hominum</span> <span class='ocrx_word' id='word_1_573' title='bbox 3236 2744 3381 2798; x_wconf 90' lang='lat' dir='ltr'>bene</span> <span class='ocrx_word' id='word_1_574' title='bbox 3415 2743 3483 2797; x_wconf 89' lang='lat' dir='ltr'>de</span> <span class='ocrx_word' id='word_1_575' title='bbox 3514 2741 3692 2796; x_wconf 87' lang='lat' dir='ltr'>homi-</span> 
     </span>
    </p>
   </div>
   <div class='ocr_carea' id='block_1_98' title="bbox 1998 2830 3693 2907">
    <p class='ocr_par' dir='ltr' id='par_1_98' title="bbox 1998 2830 3693 2907">
     <span class='ocr_line' id='line_1_98' title="bbox 1998 2830 3693 2907; baseline -0.005 -14"><span class='ocrx_word' id='word_1_576' title='bbox 1998 2840 2165 2893; x_wconf 89' lang='lat' dir='ltr'>nibus</span> <span class='ocrx_word' id='word_1_577' title='bbox 2191 2836 2574 2907; x_wconf 90' lang='lat' dir='ltr'>opinantium.</span> <span class='ocrx_word' id='word_1_578' title='bbox 2609 2834 2771 2888; x_wconf 89' lang='lat' dir='ltr'>Idem</span> <span class='ocrx_word' id='word_1_579' title='bbox 2796 2833 3055 2902; x_wconf 86' lang='lat' dir='ltr'>ejusdem</span> <span class='ocrx_word' id='word_1_580' title='bbox 3085 2832 3217 2887; x_wconf 89' lang='lat' dir='ltr'>libri</span> <span class='ocrx_word' id='word_1_581' title='bbox 3269 2848 3393 2902; x_wconf 87' lang='lat' dir='ltr'>cap.</span> <span class='ocrx_word' id='word_1_582' title='bbox 3434 2833 3492 2886; x_wconf 82' lang='lat'>19</span> <span class='ocrx_word' id='word_1_583' title='bbox 3527 2848 3540 2886; x_wconf 93' lang='lat'><strong>:</strong></span> <span class='ocrx_word' id='word_1_584' title='bbox 3571 2830 3693 2885; x_wconf 85' lang='lat' dir='ltr'>Vir-</span> 
     </span>
    </p>
   </div>
   <div class='ocr_carea' id='block_1_99' title="bbox 2001 2919 3690 2993">
    <p class='ocr_par' dir='ltr' id='par_1_99' title="bbox 2001 2919 3690 2993">
     <span class='ocr_line' id='line_1_99' title="bbox 2001 2919 3690 2993; baseline -0.006 -10"><span class='ocrx_word' id='word_1_585' title='bbox 2001 2934 2149 2984; x_wconf 89' lang='lat' dir='ltr'>tutes</span> <span class='ocrx_word' id='word_1_586' title='bbox 2178 2926 2431 2990; x_wconf 86' lang='lat' dir='ltr'>habenti,</span> <span class='ocrx_word' id='word_1_587' title='bbox 2466 2939 2676 2993; x_wconf 90' lang='lat' dir='ltr'>magna</span> <span class='ocrx_word' id='word_1_588' title='bbox 2699 2923 2878 2976; x_wconf 89' lang='lat' dir='ltr'>virtus</span> <span class='ocrx_word' id='word_1_589' title='bbox 2918 2927 3004 2975; x_wconf 91' lang='lat' dir='ltr'>est</span> <span class='ocrx_word' id='word_1_590' title='bbox 3032 2926 3398 2975; x_wconf 88' lang='lat' dir='ltr'>contemnere</span> <span class='ocrx_word' id='word_1_591' title='bbox 3424 2919 3690 2991; x_wconf 90' lang='lat' dir='ltr'>gloriam.</span> 
     </span>
    </p>
   </div>
   <div class='ocr_carea' id='block_1_100' title="bbox 1996 3007 3695 3071">
    <p class='ocr_par' dir='ltr' id='par_1_100' title="bbox 1996 3007 3695 3071">
     <span class='ocr_line' id='line_1_100' title="bbox 1996 3007 3695 3071; baseline -0.005 -1"><span class='ocrx_word' id='word_1_592' title='bbox 1996 3018 2080 3071; x_wconf 85' lang='lat' dir='ltr'>Ab</span> <span class='ocrx_word' id='word_1_593' title='bbox 2114 3022 2343 3070; x_wconf 84' lang='lat' dir='ltr'>auctore</span> <span class='ocrx_word' id='word_1_594' title='bbox 2388 3020 2583 3067; x_wconf 88' lang='lat' dir='ltr'>autem</span> <span class='ocrx_word' id='word_1_595' title='bbox 2633 3010 3073 3065; x_wconf 85' lang='lat' dir='ltr'>Rhetoricorum</span> <span class='ocrx_word' id='word_1_596' title='bbox 3104 3008 3172 3063; x_wconf 88' lang='lat' dir='ltr'>ad</span> <span class='ocrx_word' id='word_1_597' title='bbox 3217 3008 3587 3062; x_wconf 64' lang='lat' dir='ltr'>Haerennium</span> <span class='ocrx_word' id='word_1_598' title='bbox 3615 3007 3695 3061; x_wconf 90' lang='lat' dir='ltr'>sic</span> 
     </span>
    </p>
   </div>
   <div class='ocr_carea' id='block_1_101' title="bbox 1994 3096 3691 3171">
    <p class='ocr_par' dir='ltr' id='par_1_101' title="bbox 1994 3096 3691 3171">
     <span class='ocr_line' id='line_1_101' title="bbox 1994 3096 3691 3171; baseline -0.007 -11"><span class='ocrx_word' id='word_1_599' title='bbox 1994 3106 2195 3162; x_wconf 88' lang='lat' dir='ltr'>ﬁnitur</span> <span class='ocrx_word' id='word_1_600' title='bbox 2217 3120 2229 3158; x_wconf 89' lang='lat'><strong>:</strong></span> <span class='ocrx_word' id='word_1_601' title='bbox 2255 3102 2447 3158; x_wconf 89' lang='lat' dir='ltr'>Gloria</span> <span class='ocrx_word' id='word_1_602' title='bbox 2469 3107 2552 3156; x_wconf 91' lang='lat' dir='ltr'>est</span> <span class='ocrx_word' id='word_1_603' title='bbox 2572 3101 2843 3171; x_wconf 89' lang='lat' dir='ltr'>frequens</span> <span class='ocrx_word' id='word_1_604' title='bbox 2870 3099 2940 3153; x_wconf 92' lang='lat' dir='ltr'>de</span> <span class='ocrx_word' id='word_1_605' title='bbox 2961 3098 3157 3169; x_wconf 91' lang='lat' dir='ltr'>aliquo</span> <span class='ocrx_word' id='word_1_606' title='bbox 3179 3097 3334 3152; x_wconf 86' lang='lat' dir='ltr'>fama</span> <span class='ocrx_word' id='word_1_607' title='bbox 3353 3113 3484 3150; x_wconf 91' lang='lat' dir='ltr'>cum</span> <span class='ocrx_word' id='word_1_608' title='bbox 3505 3096 3691 3151; x_wconf 89' lang='lat' dir='ltr'>laude.</span> 
     </span>
    </p>
   </div>
   <div class='ocr_carea' id='block_1_102' title="bbox 2001 3184 3696 3256">
    <p class='ocr_par' dir='ltr' id='par_1_102' title="bbox 2001 3184 3696 3256">
     <span class='ocr_line' id='line_1_102' title="bbox 2001 3184 3696 3256; baseline -0.007 -8"><span class='ocrx_word' id='word_1_609' title='bbox 2001 3197 2068 3250; x_wconf 80' lang='grc' dir='ltr'><strong>Μ.</strong></span> <span class='ocrx_word' id='word_1_610' title='bbox 2105 3194 2319 3247; x_wconf 90' lang='lat' dir='ltr'>Tullius</span> <span class='ocrx_word' id='word_1_611' title='bbox 2360 3196 2552 3245; x_wconf 88' lang='lat' dir='ltr'>autem</span> <span class='ocrx_word' id='word_1_612' title='bbox 2595 3190 2655 3244; x_wconf 90' lang='lat' dir='ltr'>in</span> <span class='ocrx_word' id='word_1_613' title='bbox 2687 3188 2945 3243; x_wconf 88' lang='lat' dir='ltr'>oratione</span> <span class='ocrx_word' id='word_1_614' title='bbox 2977 3202 3083 3256; x_wconf 89' lang='lat' dir='ltr'>pro</span> <span class='ocrx_word' id='word_1_615' title='bbox 3116 3187 3186 3240; x_wconf 72' lang='grc' dir='ltr'><strong>Μ.</strong></span> <span class='ocrx_word' id='word_1_616' title='bbox 3239 3185 3500 3240; x_wconf 82' lang='lat' dir='ltr'>Marcello</span> <span class='ocrx_word' id='word_1_617' title='bbox 3541 3184 3696 3237; x_wconf 90' lang='lat' dir='ltr'>hunc</span> 
     </span>
    </p>
   </div>
   <div class='ocr_carea' id='block_1_103' title="bbox 2000 3272 3697 3343">
    <p class='ocr_par' dir='ltr' id='par_1_103' title="bbox 2000 3272 3697 3343">
     <span class='ocr_line' id='line_1_103' title="bbox 2000 3272 3697 3343; baseline -0.008 -5"><span class='ocrx_word' id='word_1_618' title='bbox 2000 3300 2048 3338; x_wconf 73' lang='lat' dir='ltr'>ei</span> <span class='ocrx_word' id='word_1_619' title='bbox 2075 3284 2251 3337; x_wconf 86' lang='lat' dir='ltr'>tinem</span> <span class='ocrx_word' id='word_1_620' title='bbox 2279 3281 2432 3335; x_wconf 92' lang='lat' dir='ltr'>dedit</span> <span class='ocrx_word' id='word_1_621' title='bbox 2466 3297 2477 3333; x_wconf 88' lang='lat'><strong>:</strong></span> <span class='ocrx_word' id='word_1_622' title='bbox 2508 3279 2699 3335; x_wconf 90' lang='lat' dir='ltr'>Gloria</span> <span class='ocrx_word' id='word_1_623' title='bbox 2750 3283 2833 3332; x_wconf 90' lang='lat' dir='ltr'>est</span> <span class='ocrx_word' id='word_1_624' title='bbox 2882 3275 3118 3331; x_wconf 88' lang='lat' dir='ltr'>illustris</span> <span class='ocrx_word' id='word_1_625' title='bbox 3155 3290 3220 3328; x_wconf 90' lang='lat' dir='ltr'>ac</span> <span class='ocrx_word' id='word_1_626' title='bbox 3251 3277 3575 3343; x_wconf 86' lang='lat' dir='ltr'>pervagata,</span> <span class='ocrx_word' id='word_1_627' title='bbox 3612 3272 3697 3325; x_wconf 90' lang='lat' dir='ltr'>vel</span> 
     </span>
    </p>
   </div>
   <div class='ocr_carea' id='block_1_104' title="bbox 1998 3360 3697 3438">
    <p class='ocr_par' dir='ltr' id='par_1_104' title="bbox 1998 3360 3697 3438">
     <span class='ocr_line' id='line_1_104' title="bbox 1998 3360 3697 3438; baseline -0.007 -12"><span class='ocrx_word' id='word_1_628' title='bbox 1998 3374 2060 3426; x_wconf 84' lang='lat' dir='ltr'>in</span> <span class='ocrx_word' id='word_1_629' title='bbox 2093 3388 2222 3425; x_wconf 87' lang='lat' dir='ltr'>suos</span> <span class='ocrx_word' id='word_1_630' title='bbox 2251 3370 2418 3434; x_wconf 81' lang='lat' dir='ltr'>cives,</span> <span class='ocrx_word' id='word_1_631' title='bbox 2455 3370 2541 3423; x_wconf 87' lang='lat' dir='ltr'>vel</span> <span class='ocrx_word' id='word_1_632' title='bbox 2578 3369 2639 3421; x_wconf 91' lang='lat' dir='ltr'>in</span> <span class='ocrx_word' id='word_1_633' title='bbox 2670 3367 2937 3438; x_wconf 89' lang='lat' dir='ltr'>patriam,</span> <span class='ocrx_word' id='word_1_634' title='bbox 2966 3366 3054 3421; x_wconf 92' lang='lat' dir='ltr'>vel</span> <span class='ocrx_word' id='word_1_635' title='bbox 3086 3364 3146 3418; x_wconf 90' lang='lat' dir='ltr'>in</span> <span class='ocrx_word' id='word_1_636' title='bbox 3179 3377 3349 3417; x_wconf 88' lang='lat' dir='ltr'>omne</span> <span class='ocrx_word' id='word_1_637' title='bbox 3379 3376 3563 3431; x_wconf 84' lang='lat' dir='ltr'>genus</span> <span class='ocrx_word' id='word_1_638' title='bbox 3595 3360 3697 3415; x_wconf 86' lang='lat' dir='ltr'>he-</span> 
     </span>
    </p>
   </div>
   <div class='ocr_carea' id='block_1_105' title="bbox 2000 3458 2788 3516">
    <p class='ocr_par' dir='ltr' id='par_1_105' title="bbox 2000 3458 2788 3516">
     <span class='ocr_line' id='line_1_105' title="bbox 2000 3458 2788 3516; baseline -0.006 -1"><span class='ocrx_word' id='word_1_639' title='bbox 2000 3462 2222 3516; x_wconf 89' lang='lat' dir='ltr'>minum</span> <span class='ocrx_word' id='word_1_640' title='bbox 2254 3460 2407 3513; x_wconf 87' lang='lat' dir='ltr'>fama</span> <span class='ocrx_word' id='word_1_641' title='bbox 2428 3458 2788 3511; x_wconf 89' lang='lat' dir='ltr'>meritorum.</span> 
     </span>
    </p>
   </div>
   <div class='ocr_carea' id='block_1_106' title="bbox 2074 3544 2973 3618">
    <p class='ocr_par' dir='ltr' id='par_1_106' title="bbox 2074 3544 2973 3618">
     <span class='ocr_line' id='line_1_106' title="bbox 2074 3544 2973 3618; baseline -0.007 -14"><span class='ocrx_word' id='word_1_642' title='bbox 2074 3552 2293 3618; x_wconf 77' lang='lat' dir='ltr'>Turpis]</span> <span class='ocrx_word' id='word_1_643' title='bbox 2322 3547 2616 3608; x_wconf 84' lang='lat' dir='ltr'>Indecora,</span> <span class='ocrx_word' id='word_1_644' title='bbox 2648 3544 2973 3599; x_wconf 88' lang='lat' dir='ltr'>inhonesta.</span> 
     </span>
    </p>
   </div>
   <div class='ocr_carea' id='block_1_107' title="bbox 2070 3635 2649 3705">
    <p class='ocr_par' dir='ltr' id='par_1_107' title="bbox 2070 3635 2649 3705">
     <span class='ocr_line' id='line_1_107' title="bbox 2070 3635 2649 3705; baseline -0.009 -12"><span class='ocrx_word' id='word_1_645' title='bbox 2070 3640 2188 3693; x_wconf 86' lang='lat' dir='ltr'>Non</span> <span class='ocrx_word' id='word_1_646' title='bbox 2220 3635 2456 3705; x_wconf 81' lang='lat' dir='ltr'>injuria]</span> <span class='ocrx_word' id='word_1_647' title='bbox 2494 3636 2649 3689; x_wconf 87' lang='lat' dir='ltr'>Jure.</span> 
     </span>
    </p>
   </div>
   <div class='ocr_carea' id='block_1_108' title="bbox 2079 3712 3707 3794">
    <p class='ocr_par' dir='ltr' id='par_1_108' title="bbox 2079 3712 3707 3794">
     <span class='ocr_line' id='line_1_108' title="bbox 2079 3712 3707 3794; baseline -0.009 -12"><span class='ocrx_word' id='word_1_648' title='bbox 2079 3722 2368 3794; x_wconf 79' lang='lat' dir='ltr'>Tragicus]</span> <span class='ocrx_word' id='word_1_649' title='bbox 2422 3722 2739 3791; x_wconf 87' lang='lat' dir='ltr'>Euripides,</span> <span class='ocrx_word' id='word_1_650' title='bbox 2788 3720 2888 3791; x_wconf 89' lang='lat' dir='ltr'>qui</span> <span class='ocrx_word' id='word_1_651' title='bbox 2918 3718 3377 3775; x_wconf 86' lang='lat' dir='ltr'>Andromacham</span> <span class='ocrx_word' id='word_1_652' title='bbox 3406 3715 3484 3771; x_wconf 87' lang='lat' dir='ltr'>sic</span> <span class='ocrx_word' id='word_1_653' title='bbox 3514 3712 3707 3770; x_wconf 85' lang='lat' dir='ltr'>excla-</span> 
     </span>
    </p>
   </div>
   <div class='ocr_carea' id='block_1_109' title="bbox 2003 3812 2549 3871">
    <p class='ocr_par' dir='ltr' id='par_1_109' title="bbox 2003 3812 2549 3871">
     <span class='ocr_line' id='line_1_109' title="bbox 2003 3812 2549 3871; baseline -0.013 0"><span class='ocrx_word' id='word_1_654' title='bbox 2003 3822 2256 3871; x_wconf 87' lang='lat' dir='ltr'>mantem</span> <span class='ocrx_word' id='word_1_655' title='bbox 2283 3812 2509 3867; x_wconf 88' lang='lat' dir='ltr'>inducit</span> <span class='ocrx_word' id='word_1_656' title='bbox 2536 3827 2549 3865; x_wconf 94' lang='lat'>:</span> 
     </span>
    </p>
   </div>
   <div class='ocr_carea' id='block_1_110' title="bbox 2142 3913 3148 3990">
    <p class='ocr_par' dir='ltr' id='par_1_110' title="bbox 2142 3913 3148 3990">
     <span class='ocr_line' id='line_1_110' title="bbox 2142 3913 3148 3990; baseline -0.007 -18"><span class='ocrx_word' id='word_1_657' title='bbox 2142 3928 2201 3971; x_wconf 79' lang='grc' dir='ltr'>Ὠ</span> <span class='ocrx_word' id='word_1_658' title='bbox 2232 3917 2379 3982; x_wconf 73' lang='grc' dir='ltr'>δόξα,</span> <span class='ocrx_word' id='word_1_659' title='bbox 2415 3914 2544 3979; x_wconf 80' lang='grc' dir='ltr'>δόξα</span> <span class='ocrx_word' id='word_1_660' title='bbox 2573 3916 2807 3990; x_wconf 65' lang='grc' dir='ltr'>μυρίοισι</span> <span class='ocrx_word' id='word_1_661' title='bbox 2841 3913 2906 3973; x_wconf 72' lang='grc' dir='ltr'>δὴ</span> <span class='ocrx_word' id='word_1_662' title='bbox 2944 3913 3148 3990; x_wconf 72' lang='grc' dir='ltr'>βροτῷν</span> 
     </span>
    </p>
   </div>
   <div class='ocr_carea' id='block_1_111' title="bbox 2145 3938 2610 4061">
    <p class='ocr_par' dir='ltr' id='par_1_111' title="bbox 2145 3938 2610 4061">
     <span class='ocr_line' id='line_1_111' title="bbox 2145 3938 2544 3982; baseline -0.013 -10"><span class='ocrx_word' id='word_1_663' title='bbox 2145 3938 2201 3971; x_wconf 69' lang='lat'>11.</span> <span class='ocrx_word' id='word_1_664' title='bbox 2232 3938 2379 3982; x_wconf 70' lang='grc' dir='ltr'>οοεα,</span> <span class='ocrx_word' id='word_1_665' title='bbox 2415 3938 2544 3979; x_wconf 84' lang='grc' dir='ltr'>οοςα</span> 
     </span>
     <span class='ocr_line' id='line_1_112' title="bbox 2145 3938 2610 4061; baseline -0.009 -19"><span class='ocrx_word' id='word_1_666' title='bbox 2145 3990 2311 4042; x_wconf 68' lang='grc' dir='ltr'>Οὐδέν</span> <span class='ocrx_word' id='word_1_667' title='bbox 2340 3997 2530 4060; x_wconf 75' lang='grc' dir='ltr'>γεγῶσι</span> <span class='ocrx_word' id='word_1_668' title='bbox 2563 3938 2610 4061; x_wconf 57' lang='lat' dir='ltr'>gn</span> 
     </span>
    </p>
   </div>
   <div class='ocr_carea' id='block_1_112' title="bbox 2612 3992 2622 4005">
    <p class='ocr_par' dir='ltr' id='par_1_112' title="bbox 2612 3992 2622 4005">
     <span class='ocr_line' id='line_1_113' title="bbox 2612 3992 2622 4005; baseline 0 0"><span class='ocrx_word' id='word_1_669' title='bbox 2612 3992 2622 4005; x_wconf 77' lang='grc'><strong><em>1</em></strong></span> 
     </span>
    </p>
   </div>
   <div class='ocr_carea' id='block_1_113' title="bbox 2606 3988 3235 4057">
    <p class='ocr_par' dir='ltr' id='par_1_113' title="bbox 2606 3988 3235 4057">
     <span class='ocr_line' id='line_1_114' title="bbox 2606 3988 3235 4057; baseline -0.002 -19"><span class='ocrx_word' id='word_1_670' title='bbox 2606 3988 2739 4039; x_wconf 69' lang='grc' dir='ltr'>ίότον</span> <span class='ocrx_word' id='word_1_671' title='bbox 2770 3991 3021 4057; x_wconf 74' lang='grc' dir='ltr'>ὤγκωσας</span> <span class='ocrx_word' id='word_1_672' title='bbox 3057 3988 3235 4057; x_wconf 74' lang='grc' dir='ltr'>μέγαν.</span> 
     </span>
    </p>
   </div>
   <div class='ocr_carea' id='block_1_114' title="bbox 2008 4082 3701 4166">
    <p class='ocr_par' dir='ltr' id='par_1_114' title="bbox 2008 4082 3701 4166">
     <span class='ocr_line' id='line_1_115' title="bbox 2008 4082 3701 4166; baseline -0.01 -14"><span class='ocrx_word' id='word_1_673' title='bbox 2008 4100 2065 4153; x_wconf 89' lang='lat' dir='ltr'>Id</span> <span class='ocrx_word' id='word_1_674' title='bbox 2102 4103 2200 4160; x_wconf 83' lang='lat' dir='ltr'>est,</span> <span class='ocrx_word' id='word_1_675' title='bbox 2238 4097 2545 4166; x_wconf 88' lang='lat' dir='ltr'>interprete</span> <span class='ocrx_word' id='word_1_676' title='bbox 2591 4093 2841 4149; x_wconf 89' lang='lat' dir='ltr'>Antonio</span> <span class='ocrx_word' id='word_1_677' title='bbox 2888 4092 3070 4145; x_wconf 87' lang='lat' dir='ltr'>Codro</span> <span class='ocrx_word' id='word_1_678' title='bbox 3124 4091 3298 4143; x_wconf 86' lang='lat' dir='ltr'>Urceo</span> <span class='ocrx_word' id='word_1_679' title='bbox 3342 4103 3355 4139; x_wconf 92' lang='lat'><strong>:</strong></span> <span class='ocrx_word' id='word_1_680' title='bbox 3396 4086 3439 4140; x_wconf 95' lang='grc' dir='ltr'>Ο</span> <span class='ocrx_word' id='word_1_681' title='bbox 3497 4082 3701 4155; x_wconf 89' lang='lat' dir='ltr'>gloria,</span> 
     </span>
    </p>
   </div>
   <div class='ocr_carea' id='block_1_115' title="bbox 2008 4172 3705 4258">
    <p class='ocr_par' dir='ltr' id='par_1_115' title="bbox 2008 4172 3705 4258">
     <span class='ocr_line' id='line_1_116' title="bbox 2008 4172 3705 4258; baseline -0.011 -16"><span class='ocrx_word' id='word_1_682' title='bbox 2008 4187 2210 4258; x_wconf 88' lang='lat' dir='ltr'>gloria,</span> <span class='ocrx_word' id='word_1_683' title='bbox 2264 4185 2503 4239; x_wconf 88' lang='lat' dir='ltr'>inﬁnitis</span> <span class='ocrx_word' id='word_1_684' title='bbox 2543 4185 2661 4255; x_wconf 89' lang='lat' dir='ltr'>jam</span> <span class='ocrx_word' id='word_1_685' title='bbox 2704 4179 3037 4237; x_wconf 88' lang='lat' dir='ltr'>mortalibus</span> <span class='ocrx_word' id='word_1_686' title='bbox 3084 4176 3299 4231; x_wconf 89' lang='lat' dir='ltr'>nullius</span> <span class='ocrx_word' id='word_1_687' title='bbox 3332 4172 3499 4245; x_wconf 88' lang='lat' dir='ltr'>pretii</span> <span class='ocrx_word' id='word_1_688' title='bbox 3530 4172 3705 4225; x_wconf 85' lang='lat' dir='ltr'>vitam</span> 
     </span>
    </p>
   </div>
   <div class='ocr_carea' id='block_1_116' title="bbox 1934 4259 3708 4343">
    <p class='ocr_par' dir='ltr' id='par_1_116' title="bbox 1934 4259 3708 4343">
     <span class='ocr_line' id='line_1_117' title="bbox 1934 4259 3708 4343; baseline -0.011 -11"><span class='ocrx_word' id='word_1_689' title='bbox 1934 4288 1977 4341; x_wconf 78' lang='grc' dir='ltr'>Ι)</span> <span class='ocrx_word' id='word_1_690' title='bbox 2009 4276 2353 4331; x_wconf 87' lang='lat' dir='ltr'>tumefecisti</span> <span class='ocrx_word' id='word_1_691' title='bbox 2382 4289 2648 4343; x_wconf 82' lang='lat' dir='ltr'>magnam</span> <span class='ocrx_word' id='word_1_692' title='bbox 2672 4272 2682 4325; x_wconf 89' lang='lat'>!</span> <span class='ocrx_word' id='word_1_693' title='bbox 2705 4272 2848 4326; x_wconf 88' lang='lat' dir='ltr'>Sunt</span> <span class='ocrx_word' id='word_1_694' title='bbox 2870 4274 3065 4323; x_wconf 87' lang='lat' dir='ltr'>tamen</span> <span class='ocrx_word' id='word_1_695' title='bbox 3089 4267 3186 4337; x_wconf 90' lang='lat' dir='ltr'>qui</span> <span class='ocrx_word' id='word_1_696' title='bbox 3210 4266 3329 4319; x_wconf 68' lang='lat' dir='ltr'>hinc</span> <span class='ocrx_word' id='word_1_697' title='bbox 3353 4262 3519 4334; x_wconf 89' lang='lat' dir='ltr'>paulo</span> <span class='ocrx_word' id='word_1_698' title='bbox 3545 4259 3708 4315; x_wconf 88' lang='lat' dir='ltr'>aliter</span> 
     </span>
    </p>
   </div>
   <div class='ocr_carea' id='block_1_117' title="bbox 2008 4349 3705 4435">
    <p class='ocr_par' dir='ltr' id='par_1_117' title="bbox 2008 4349 3705 4435">
     <span class='ocr_line' id='line_1_118' title="bbox 2008 4349 3705 4435; baseline -0.011 -16"><span class='ocrx_word' id='word_1_699' title='bbox 2008 4367 2195 4435; x_wconf 84' lang='lat' dir='ltr'>legant</span> <span class='ocrx_word' id='word_1_700' title='bbox 2228 4368 2282 4416; x_wconf 91' lang='lat' dir='ltr'>et</span> <span class='ocrx_word' id='word_1_701' title='bbox 2332 4364 2787 4432; x_wconf 88' lang='lat' dir='ltr'>interpretentur</span> <span class='ocrx_word' id='word_1_702' title='bbox 2816 4360 2894 4412; x_wconf 89' lang='lat' dir='ltr'>sic</span> <span class='ocrx_word' id='word_1_703' title='bbox 2926 4375 2939 4412; x_wconf 88' lang='lat'><strong>:</strong></span> <span class='ocrx_word' id='word_1_704' title='bbox 2974 4358 3017 4413; x_wconf 93' lang='grc' dir='ltr'><strong>Ο</strong></span> <span class='ocrx_word' id='word_1_705' title='bbox 3047 4355 3249 4427; x_wconf 88' lang='lat' dir='ltr'>gloria,</span> <span class='ocrx_word' id='word_1_706' title='bbox 3279 4351 3482 4424; x_wconf 89' lang='lat' dir='ltr'>gloria,</span> <span class='ocrx_word' id='word_1_707' title='bbox 3512 4349 3705 4404; x_wconf 90' lang='lat' dir='ltr'>decem</span> 
     </span>
    </p>
   </div>
   <div class='ocr_carea' id='block_1_118' title="bbox 2013 4443 3707 4517">
    <p class='ocr_par' dir='ltr' id='par_1_118' title="bbox 2013 4443 3707 4517">
     <span class='ocr_line' id='line_1_119' title="bbox 2013 4443 3707 4517; baseline -0.012 -9"><span class='ocrx_word' id='word_1_708' title='bbox 2013 4454 2263 4508; x_wconf 90' lang='lat' dir='ltr'>millibus</span> <span class='ocrx_word' id='word_1_709' title='bbox 2281 4452 2601 4517; x_wconf 86' lang='lat' dir='ltr'>hominum,</span> <span class='ocrx_word' id='word_1_710' title='bbox 2624 4450 2767 4504; x_wconf 90' lang='lat' dir='ltr'>nihil</span> <span class='ocrx_word' id='word_1_711' title='bbox 2784 4449 2937 4503; x_wconf 85' lang='lat' dir='ltr'>aliud</span> <span class='ocrx_word' id='word_1_712' title='bbox 2960 4443 3231 4501; x_wconf 82' lang='lat' dir='ltr'>factanisi</span> <span class='ocrx_word' id='word_1_713' title='bbox 3254 4448 3445 4496; x_wconf 88' lang='lat' dir='ltr'>tumor</span> <span class='ocrx_word' id='word_1_714' title='bbox 3465 4451 3707 4507; x_wconf 85' lang='lat' dir='ltr'>magnus</span> 
     </span>
    </p>
   </div>
   <div class='ocr_carea' id='block_1_119' title="bbox 2013 4529 3713 4609">
    <p class='ocr_par' dir='ltr' id='par_1_119' title="bbox 2013 4529 3713 4609">
     <span class='ocr_line' id='line_1_120' title="bbox 2013 4529 3713 4609; baseline -0.012 -11"><span class='ocrx_word' id='word_1_715' title='bbox 2013 4561 2112 4598; x_wconf 87' lang='lat' dir='ltr'>seu</span> <span class='ocrx_word' id='word_1_716' title='bbox 2144 4543 2365 4596; x_wconf 72' lang='lat' dir='ltr'>inflatio</span> <span class='ocrx_word' id='word_1_717' title='bbox 2392 4556 2619 4609; x_wconf 85' lang='lat' dir='ltr'>magna.</span> <span class='ocrx_word' id='word_1_718' title='bbox 2644 4538 2753 4594; x_wconf 89' lang='lat' dir='ltr'>Sed</span> <span class='ocrx_word' id='word_1_719' title='bbox 2786 4537 3057 4609; x_wconf 87' lang='lat' dir='ltr'>quoniam</span> <span class='ocrx_word' id='word_1_720' title='bbox 3084 4532 3245 4588; x_wconf 91' lang='lat' dir='ltr'>nobis</span> <span class='ocrx_word' id='word_1_721' title='bbox 3276 4545 3452 4602; x_wconf 86' lang='lat' dir='ltr'>prope</span> <span class='ocrx_word' id='word_1_722' title='bbox 3484 4529 3713 4582; x_wconf 86' lang='lat' dir='ltr'>Germa-</span> 
     </span>
    </p>
   </div>
   <div class='ocr_carea' id='block_1_120' title="bbox 2011 4616 3711 4699">
    <p class='ocr_par' dir='ltr' id='par_1_120' title="bbox 2011 4616 3711 4699">
     <span class='ocr_line' id='line_1_121' title="bbox 2011 4616 3711 4699; baseline -0.011 -14"><span class='ocrx_word' id='word_1_723' title='bbox 2011 4633 2121 4687; x_wconf 90' lang='lat' dir='ltr'>nici</span> <span class='ocrx_word' id='word_1_724' title='bbox 2174 4630 2597 4699; x_wconf 82' lang='lat' dir='ltr'>Britannicique</span> <span class='ocrx_word' id='word_1_725' title='bbox 2634 4626 2842 4681; x_wconf 88' lang='lat' dir='ltr'>Oceani</span> <span class='ocrx_word' id='word_1_726' title='bbox 2882 4627 3077 4679; x_wconf 88' lang='lat' dir='ltr'>littora</span> <span class='ocrx_word' id='word_1_727' title='bbox 3108 4637 3258 4675; x_wconf 92' lang='lat' dir='ltr'>nunc</span> <span class='ocrx_word' id='word_1_728' title='bbox 3288 4619 3465 4673; x_wconf 87' lang='lat' dir='ltr'>vitam</span> <span class='ocrx_word' id='word_1_729' title='bbox 3496 4616 3711 4684; x_wconf 87' lang='lat' dir='ltr'>degen-</span> 
     </span>
    </p>
   </div>
   <div class='ocr_carea' id='block_1_121' title="bbox 2017 4708 3709 4785">
    <p class='ocr_par' dir='ltr' id='par_1_121' title="bbox 2017 4708 3709 4785">
     <span class='ocr_line' id='line_1_122' title="bbox 2017 4708 3709 4785; baseline -0.012 -11"><span class='ocrx_word' id='word_1_730' title='bbox 2017 4722 2184 4783; x_wconf 82' lang='lat' dir='ltr'>tibus,</span> <span class='ocrx_word' id='word_1_731' title='bbox 2211 4720 2537 4772; x_wconf 67' lang='lat' dir='ltr'>Grmcorum</span> <span class='ocrx_word' id='word_1_732' title='bbox 2564 4721 2862 4785; x_wconf 88' lang='lat' dir='ltr'>poetarum</span> <span class='ocrx_word' id='word_1_733' title='bbox 2884 4718 3096 4783; x_wconf 58' lang='lat' dir='ltr'>praeter</span> <span class='ocrx_word' id='word_1_734' title='bbox 3126 4708 3439 4763; x_wconf 90' lang='lat' dir='ltr'>admodum</span> <span class='ocrx_word' id='word_1_735' title='bbox 3481 4718 3709 4775; x_wconf 90' lang='lat' dir='ltr'>paucos,</span> 
     </span>
    </p>
   </div>
   <div class='ocr_carea' id='block_1_122' title="bbox 2014 4794 3713 4875">
    <p class='ocr_par' dir='ltr' id='par_1_122' title="bbox 2014 4794 3713 4875">
     <span class='ocr_line' id='line_1_123' title="bbox 2014 4794 3713 4875; baseline -0.011 -12"><span class='ocrx_word' id='word_1_736' title='bbox 2014 4810 2234 4864; x_wconf 79' lang='lat' dir='ltr'>codices</span> <span class='ocrx_word' id='word_1_737' title='bbox 2256 4824 2368 4860; x_wconf 91' lang='lat' dir='ltr'>non</span> <span class='ocrx_word' id='word_1_738' title='bbox 2392 4808 2723 4875; x_wconf 83' lang='lat' dir='ltr'>suppetunt,</span> <span class='ocrx_word' id='word_1_739' title='bbox 2749 4804 3033 4857; x_wconf 88' lang='lat' dir='ltr'>studiosos</span> <span class='ocrx_word' id='word_1_740' title='bbox 3058 4798 3408 4853; x_wconf 87' lang='lat' dir='ltr'>remittimus</span> <span class='ocrx_word' id='word_1_741' title='bbox 3427 4795 3494 4849; x_wconf 88' lang='lat' dir='ltr'>ad</span> <span class='ocrx_word' id='word_1_742' title='bbox 3521 4794 3713 4863; x_wconf 88' lang='lat' dir='ltr'>ipsum</span> 
     </span>
    </p>
   </div>
   <div class='ocr_carea' id='block_1_123' title="bbox 2019 4888 3308 4966">
    <p class='ocr_par' dir='ltr' id='par_1_123' title="bbox 2019 4888 3308 4966">
     <span class='ocr_line' id='line_1_124' title="bbox 2019 4888 3308 4966; baseline -0.01 -14"><span class='ocrx_word' id='word_1_743' title='bbox 2019 4897 2349 4966; x_wconf 83' lang='lat' dir='ltr'>Euripidem</span> <span class='ocrx_word' id='word_1_744' title='bbox 2379 4901 2436 4948; x_wconf 90' lang='lat' dir='ltr'>et</span> <span class='ocrx_word' id='word_1_745' title='bbox 2456 4894 2662 4948; x_wconf 63' lang='lat' dir='ltr'>Graecas</span> <span class='ocrx_word' id='word_1_746' title='bbox 2696 4892 2909 4963; x_wconf 77' lang='lat' dir='ltr'>linguae</span> <span class='ocrx_word' id='word_1_747' title='bbox 2939 4888 3308 4961; x_wconf 86' lang='lat' dir='ltr'>professores.</span> 
     </span>
    </p>
   </div>
   <div class='ocr_carea' id='block_1_124' title="bbox 2090 4969 3715 5057">
    <p class='ocr_par' dir='ltr' id='par_1_124' title="bbox 2090 4969 3715 5057">
     <span class='ocr_line' id='line_1_125' title="bbox 2090 4969 3715 5057; baseline -0.011 -17"><span class='ocrx_word' id='word_1_748' title='bbox 2090 4984 2222 5057; x_wconf 84' lang='lat' dir='ltr'>Quo]</span> <span class='ocrx_word' id='word_1_749' title='bbox 2259 4986 2379 5049; x_wconf 87' lang='lat' dir='ltr'>Qua</span> <span class='ocrx_word' id='word_1_750' title='bbox 2409 4984 2602 5053; x_wconf 82' lang='lat' dir='ltr'>magni</span> <span class='ocrx_word' id='word_1_751' title='bbox 2637 4979 2886 5036; x_wconf 89' lang='lat' dir='ltr'>nominis</span> <span class='ocrx_word' id='word_1_752' title='bbox 2913 4978 3196 5033; x_wconf 87' lang='lat' dir='ltr'>ablatione</span> <span class='ocrx_word' id='word_1_753' title='bbox 3226 4990 3333 5046; x_wconf 89' lang='lat' dir='ltr'>per</span> <span class='ocrx_word' id='word_1_754' title='bbox 3363 4974 3529 5029; x_wconf 88' lang='lat' dir='ltr'>falsas</span> <span class='ocrx_word' id='word_1_755' title='bbox 3560 4969 3715 5039; x_wconf 85' lang='lat' dir='ltr'>vulgi</span> 
     </span>
    </p>
   </div>
   <div class='ocr_carea' id='block_1_125' title="bbox 2017 5076 2340 5147">
    <p class='ocr_par' dir='ltr' id='par_1_125' title="bbox 2017 5076 2340 5147">
     <span class='ocr_line' id='line_1_126' title="bbox 2017 5076 2340 5147; baseline -0.009 -17"><span class='ocrx_word' id='word_1_756' title='bbox 2017 5076 2340 5147; x_wconf 86' lang='lat' dir='ltr'>opiniones.</span> 
     </span>
    </p>
   </div>
   <div class='ocr_carea' id='block_1_126' title="bbox 2092 5158 2816 5231">
    <p class='ocr_par' dir='ltr' id='par_1_126' title="bbox 2092 5158 2816 5231">
     <span class='ocr_line' id='line_1_127' title="bbox 2092 5158 2816 5231; baseline -0.01 -14"><span class='ocrx_word' id='word_1_757' title='bbox 2092 5162 2260 5231; x_wconf 77' lang='lat' dir='ltr'>Quid]</span> <span class='ocrx_word' id='word_1_758' title='bbox 2288 5159 2453 5225; x_wconf 87' lang='lat' dir='ltr'>Quasi</span> <span class='ocrx_word' id='word_1_759' title='bbox 2480 5159 2635 5212; x_wconf 85' lang='lat' dir='ltr'>dicat</span> <span class='ocrx_word' id='word_1_760' title='bbox 2655 5158 2816 5211; x_wconf 82' lang='lat' dir='ltr'>nihil.</span> 
     </span>
    </p>
   </div>
   <div class='ocr_carea' id='block_1_127' title="bbox 2093 5233 3715 5317">
    <p class='ocr_par' dir='ltr' id='par_1_127' title="bbox 2093 5233 3715 5317">
     <span class='ocr_line' id='line_1_128' title="bbox 2093 5233 3715 5317; baseline -0.014 -10"><span class='ocrx_word' id='word_1_761' title='bbox 2093 5249 2445 5317; x_wconf 79' lang='lat' dir='ltr'>Erubescant]</span> <span class='ocrx_word' id='word_1_762' title='bbox 2488 5247 2976 5311; x_wconf 87' lang='lat' dir='ltr'>Verecundentur,</span> <span class='ocrx_word' id='word_1_763' title='bbox 3020 5244 3235 5316; x_wconf 88' lang='lat' dir='ltr'>pudore</span> <span class='ocrx_word' id='word_1_764' title='bbox 3284 5244 3341 5294; x_wconf 87' lang='lat' dir='ltr'>et</span> <span class='ocrx_word' id='word_1_765' title='bbox 3384 5237 3593 5291; x_wconf 87' lang='lat' dir='ltr'>rubore</span> <span class='ocrx_word' id='word_1_766' title='bbox 3633 5233 3715 5286; x_wconf 80' lang='lat' dir='ltr'>af-</span> 
     </span>
    </p>
   </div>
   <div class='ocr_carea' id='block_1_128' title="bbox 2021 5322 3719 5409">
    <p class='ocr_par' dir='ltr' id='par_1_128' title="bbox 2021 5322 3719 5409">
     <span class='ocr_line' id='line_1_129' title="bbox 2021 5322 3719 5409; baseline -0.015 -12"><span class='ocrx_word' id='word_1_767' title='bbox 2021 5342 2304 5397; x_wconf 85' lang='lat' dir='ltr'>ﬁciantur.</span> <span class='ocrx_word' id='word_1_768' title='bbox 2365 5336 2737 5409; x_wconf 85' lang='lat' dir='ltr'>Symmachus</span> <span class='ocrx_word' id='word_1_769' title='bbox 2786 5336 2845 5389; x_wconf 91' lang='lat' dir='ltr'>in</span> <span class='ocrx_word' id='word_1_770' title='bbox 2906 5332 3228 5405; x_wconf 88' lang='lat' dir='ltr'>Epistolis:</span> <span class='ocrx_word' id='word_1_771' title='bbox 3293 5328 3360 5381; x_wconf 91' lang='lat' dir='ltr'>Ut</span> <span class='ocrx_word' id='word_1_772' title='bbox 3409 5339 3541 5377; x_wconf 83' lang='lat' dir='ltr'>vera</span> <span class='ocrx_word' id='word_1_773' title='bbox 3595 5322 3719 5375; x_wconf 86' lang='lat' dir='ltr'>laus</span> 
     </span>
    </p>
   </div>
   <div class='ocr_carea' id='block_1_129' title="bbox 2022 5426 2770 5497">
    <p class='ocr_par' dir='ltr' id='par_1_129' title="bbox 2022 5426 2770 5497">
     <span class='ocr_line' id='line_1_130' title="bbox 2022 5426 2770 5497; baseline -0.012 -10"><span class='ocrx_word' id='word_1_774' title='bbox 2022 5436 2205 5496; x_wconf 85' lang='lat' dir='ltr'>ornat,</span> <span class='ocrx_word' id='word_1_775' title='bbox 2238 5429 2316 5481; x_wconf 91' lang='lat' dir='ltr'>ita</span> <span class='ocrx_word' id='word_1_776' title='bbox 2347 5429 2487 5482; x_wconf 86' lang='lat' dir='ltr'>falsa</span> <span class='ocrx_word' id='word_1_777' title='bbox 2515 5426 2770 5497; x_wconf 87' lang='lat' dir='ltr'>castigat.</span> 
     </span>
    </p>
   </div>
   <div class='ocr_carea' id='block_1_130' title="bbox 2096 5517 2542 5588">
    <p class='ocr_par' dir='ltr' id='par_1_130' title="bbox 2096 5517 2542 5588">
     <span class='ocr_line' id='line_1_131' title="bbox 2096 5517 2542 5588; baseline -0.016 -14"><span class='ocrx_word' id='word_1_778' title='bbox 2096 5520 2283 5588; x_wconf 85' lang='lat' dir='ltr'>Quem]</span> <span class='ocrx_word' id='word_1_779' title='bbox 2309 5517 2542 5573; x_wconf 87' lang='lat' dir='ltr'>Laudes.</span> 
     </span>
    </p>
   </div>
   <div class='ocr_carea' id='block_1_131' title="bbox 2097 5605 2824 5681">
    <p class='ocr_par' dir='ltr' id='par_1_131' title="bbox 2097 5605 2824 5681">
     <span class='ocr_line' id='line_1_132' title="bbox 2097 5605 2824 5681; baseline -0.01 -17"><span class='ocrx_word' id='word_1_780' title='bbox 2097 5609 2262 5679; x_wconf 84' lang='lat' dir='ltr'>Quid]</span> <span class='ocrx_word' id='word_1_781' title='bbox 2287 5606 2465 5681; x_wconf 77' lang='lat' dir='ltr'>Quasi</span> <span class='ocrx_word' id='word_1_782' title='bbox 2489 5606 2638 5660; x_wconf 89' lang='lat' dir='ltr'>dicat</span> <span class='ocrx_word' id='word_1_783' title='bbox 2666 5605 2824 5658; x_wconf 80' lang='lat' dir='ltr'>nihil.</span> 
     </span>
    </p>
   </div>
  </div>
