4054 6184
144 229 288 282 1013

1458 224 1846 279 MUHMELLII
1886 221 2414 279 COMMENTARIA.

3525 217 3660 272 1014

136 366 378 432 fecerit;
427 376 577 417 nemo
620 359 1070 431 perfectissimus,
1127 360 1238 413 nisi
1279 359 1376 426 qui
1420 373 1596 412 omnes
1631 357 1840 424 gradus
1882 358 1927 410 A
1953 357 2247 422 vertigines
2281 352 2507 407 dicam?
2540 351 2674 421 quid
2713 351 2984 405 oculorum
3016 352 3339 418 auriumque
3369 353 3657 418 tormenta,

141 457 373 509 virtutis
402 453 718 521 impleverit.
753 448 1051 517 Pindarus,
1101 453 1166 502 ut
1195 446 1368 501 refert
1399 446 1675 501 Eusebius
1709 445 1852 500 libro

141 541 586 614 Praeparationis
628 537 983 608 Evangelicaa
1021 553 1165 590 xm:
1207 538 1399 603 Unum,
1433 535 1643 606 inquit,
1686 537 1854 589 homi-

143 650 279 686 num
323 646 490 699 genus
521 633 618 696 est,
665 632 716 682 et
753 627 820 682 ab
849 643 961 681 una
993 631 1166 680 matre
1202 627 1402 691 cuncti,
1445 641 1612 679 unum
1641 629 1854 694 patrem

145 727 447 778 creatorem
477 731 743 774 summum
781 720 946 784 atque
975 717 1238 784 optimum
1286 717 1549 782 artificem
1596 713 1853 766 habemus

146 815 248 881 qui
264 821 590 882 progressus
609 805 837 874 singulis
851 804 1091 859 diversos
1108 803 1401 858 secundum
1416 805 1610 856 merita
1629 801 1849 870 praebet.

223 903 378 956 Unus
411 901 603 954 cuncta
646 894 943 964 ministrat]
979 893 1123 948 Cave
1154 909 1223 946 ne
1256 893 1413 962 legas
1453 896 1652 946 contra
1686 888 1853 944 metri

145 990 463 1055 rationem,
498 1001 645 1040 unus
676 984 776 1056 qui
806 986 1007 1038 cuncta
1051 981 1355 1036 ministrat.

222 1077 459 1146 Clausit]
483 1073 732 1129 Inclusit.

220 1163 500 1237 Membris]
542 1161 913 1234 Corporibus.

221 1259 396 1310 Celsa
423 1251 566 1325 sede]
594 1251 801 1305 Ecmlo.

219 1345 384 1416 Edit]
418 1340 699 1398 Producit.

216 1435 418 1491 Nobile
445 1447 660 1500 germen
693 1430 708 1499 ]
744 1426 958 1484 Nobilis
991 1425 1175 1494 origo,
1207 1423 1544 1496 praclarum
1574 1438 1778 1492 genus.

221 1518 779 1593 Strepitisllactatis.
831 1515 1158 1587 Alloquitur
1184 1517 1378 1568 autem
1426 1511 1694 1565 homines
1747 1525 1852 1580 ge-

142 1613 309 1667 neris
337 1609 638 1664 nobilitate
669 1604 1100 1677 gloriabundos.

217 1699 556 1756 Primordia
581 1694 779 1767 vestra]
818 1696 995 1749 Tuam
1025 1696 1081 1746 et
1131 1693 1469 1745 caeterorum
1523 1684 1851 1740 mortalium

143 1791 468 1862 originem.

221 1883 446 1949 Species
480 1873 883 1948 [Consideres,
915 1886 947 1924 o
993 1868 1171 1923 Boeti.
1218 1865 1434 1920 lndocti
1469 1864 1858 1934 depravarunt

145 1971 314 2024 hunc
341 1969 555 2032 locum,
591 1965 841 2033 legentes
879 1958 1165 2030 spectetis,
1201 1955 1260 2009 in
1294 1953 1462 2008 metri
1499 1952 1856 2006 contamina-

147 2060 380 2113 tionem
415 2071 519 2126 pro
555 2056 794 2124 spectes,
821 2049 995 2120 idque
1026 2047 1248 2100 videtur
1276 2053 1470 2098 ortum
1501 2059 1566 2095 ex
1610 2057 1676 2095 eo
1707 2039 1858 2112 quod

147 2148 305 2203 dixit
338 2150 543 2199 vestra.
576 2142 912 2196 Timuerunt
933 2136 1088 2192 enim
1111 2140 1173 2189 ut
1201 2140 1348 2189 esset
1369 2132 1551 2186 oratio
1584 2145 1857 2200 congrua,

151 2255 279 2292 non
313 2233 855 2298 animadvertentes,
899 2232 1101 2296 spectes
1133 2224 1202 2279 ad
1241 2239 1420 2277 unum
1453 2221 1710 2277 Boetium
1739 2234 1860 2272 esse

149 2325 554 2387 referendum,
599 2326 780 2375 vestra
826 2333 959 2371 vero
1014 2314 1323 2384 primordia
1367 2312 1436 2365 ad
1489 2308 1748 2364 Boetium
1806 2311 1863 2361 et

150 2417 311 2470 alios
343 2412 630 2466 homines.

230 2502 323 2575 Ni]
364 2501 502 2556 Nisi.

223 2596 437 2647 Fovens
466 2590 480 2658 ]
515 2585 896 2656 Amplectens.

226 2678 447 2750 Pejora]
483 2677 642 2742 Mala,
677 2671 1130 2743 comparativum
1172 2669 1294 2722 loco
1326 2665 1576 2738 positivi.

237 2767 434 2839 Vitiis]
472 2766 570 2821 llic
601 2780 761 2817 casus
789 2761 1069 2831 septimus
1109 2762 1213 2824 est,
1255 2756 1428 2810 verbo
1472 2754 1696 2808 deserat
1740 2751 1866 2805 sub-

155 2859 416 2924 dendus,
453 2861 514 2908 ut
559 2854 632 2907 sit
662 2851 800 2906 ordo
827 2867 838 2904 :
879 2851 1110 2904 Deserat
1142 2845 1292 2900 vitiis
1322 2844 1620 2914 proprium
1650 2845 1862 2908 ortum,

155 2951 268 3004 hoc
291 2955 403 3016 est,
436 2961 538 3016 per
566 2941 703 2996 vitia
733 2941 802 2994 ab
837 2938 1060 3008 origine
1082 2933 1318 3008 propria
1342 2935 1670 3003 degeneret.

705 3031 773 3083 IN
811 3026 1086 3082 PROSAM
1109 3025 1220 3080 Vll.

235 3125 578 3194 Voluptates
633 3119 733 3185 ait,
763 3133 880 3171 non
907 3116 1091 3169 solum
1121 3112 1455 3167 felicitatem
1488 3125 1604 3162 non
1637 3107 1862 3170 afferre,

156 3215 256 3270 sed
289 3213 611 3268 multarum
635 3207 806 3262 etiam
827 3201 1238 3275 aegritudinum
1263 3199 1713 3269 morborumque
1738 3212 1866 3250 cau-

154 3323 248 3359 535
294 3317 442 3356 esse.

229 3387 508 3464 Quarum]
541 3386 932 3456 Voluptatum.

223 3474 594 3550 Appetentiu]
628 3472 935 3543 Appetitas.

231 3565 579 3634 Anxietatis]
613 3558 1044 3618 Sollicitudinis.
1077 3558 1324 3611 Joannes
1340 3553 1505 3608 Picus
1521 3551 1867 3606 Mirandula:

158 3659 315 3726 Quid
344 3672 489 3710 enim
533 3653 770 3723 optabile
795 3653 854 3704 in
899 3647 1274 3718 voluptatibus
1321 3644 1530 3707 mundi,
1564 3657 1702 3710 qua.
1743 3641 1874 3694 dum

160 3751 516 3821 quaeruntur,
540 3745 818 3808 fatigant;
842 3754 964 3792 cum
994 3738 1376 3804 acquiruntur,
1404 3732 1729 3797 infamant;
1756 3743 1875 3782 cum

161 3839 530 3900 amittantur,
557 3833 872 3886 excruciant
902 3827 928 3881 Τ
954 3826 1122 3897 Bigus
1148 3839 1160 3877 :

364 3939 506 3998 Quid
533 3936 814 4002 praesentis
836 3934 1034 3983 habent
1065 3927 1292 4002 optabile
1315 3925 1653 4002 gaudiavitm
1665 3924 1692 3972 ’ἲ

364 3989 497 4061 Qum
521 3989 563 4049 si
590 4001 708 4063 quis
737 3998 921 4063 pelago
948 3989 1151 4058 qumrat
1169 3989 1401 4063 terrave,
1433 3989 1661 4063 fatigant

373 4049 631 4127 Partaque
662 4049 751 4110 cor
780 4049 1043 4116 hebetant,
1077 4056 1372 4116 amissaque
1427 4051 1628 4099 duriter
1655 4049 1883 4110 angunt.

170 4165 482 4223 Horatius:

305 4273 510 4335 Sperne
536 4268 852 4330 voluptates,
882 4267 1036 4313 nocet
1063 4265 1242 4324 empta
1270 4257 1450 4307 dolore
1472 4255 1739 4317 voluptati.

168 4374 357 4426 Divus
397 4369 805 4435 Hieronymus:
837 4363 1032 4418 Libido
1065 4363 1343 4415 transacta
1374 4371 1582 4424 semper
1610 4357 1695 4407 sui
1724 4352 1886 4405 relin-

167 4466 300 4532 quit
328 4457 739 4528 paenitudinem,
755 4453 817 4508 id
834 4457 912 4506 est
922 4454 1312 4521 pcenitentiam.
1331 4449 1638 4500 Graecorum
1655 4456 1884 4512 prover—

168 4553 330 4605 bium
361 4551 462 4611 est,
502 4545 784 4614 Voluptati
821 4556 980 4597 soror
1009 4544 1087 4595 est
1117 4539 1387 4593 tristities.

241 4642 502 4708 Quantos
552 4632 781 4701 morbos]
817 4636 1047 4686 Anneus
1078 4629 1290 4683 Seneca
1353 4621 1748 4677 severissimus
1800 4617 1884 4671 vi-

167 4731 399 4784 tiorum
433 4723 759 4793 castigator,
792 4733 1068 4791 perorans
1098 4717 1158 4770 in
1191 4715 1546 4784 voluptatem
1579 4711 1882 4780 gulonum,

167 4820 252 4873 sic
291 4813 530 4883 scripsit
583 4827 764 4882 prope
807 4808 1108 4861 divinitus:
1142 4805 1291 4869 Inde,
1342 4802 1552 4872 inquit,
1584 4800 1762 4868 pallor
1789 4802 1885 4863 est,

167 4913 218 4961 et
251 4916 556 4959 nervorum
585 4903 712 4952 vino
741 4897 1074 4952 madentium
1097 4897 1314 4957 tremor,
1349 4896 1397 4944 et
1425 4889 1793 4944 miserabilior
1824 4902 1890 4939 ea:

170 4989 559 5049 cruditatibus
599 5002 765 5055 quam
805 5001 872 5038 ezc
901 4986 1048 5050 fame
1074 4983 1289 5035 macies.
1323 4979 1453 5033 Inde
1483 4978 1678 5030 incerti
1707 4975 1888 5028 laben-

173 5087 323 5137 tium
347 5077 536 5150 pedes,
567 5081 616 5130 et
636 5091 844 5143 semper
873 5074 1052 5143 qualis
1092 5073 1150 5123 in
1176 5073 1297 5138 ipsa
1327 5069 1583 5122 ebrietate
1617 5065 1888 5118 titubatio.

180 5171 332 5225 Indo
364 5173 520 5220 intra
549 5170 719 5220 cutem
741 5161 1258 5230 humorIadmissus,
1293 5158 1666 5224 distentusque
1691 5157 1891 5217 venter,

1964 449 2013 498 et
2045 445 2249 498 cerebri
2276 443 2558 497 aestuantis
2611 441 3050 504 verminationes,
3091 444 3140 492 et
3175 441 3361 492 omnia
3407 454 3503 507 per
3542 453 3663 507 quae

1962 549 2314 587 exoneremur
2350 532 2578 585 internis
2625 529 2893 583 ulceribus
2936 529 3178 597 affecta?
3232 528 3664 582 Innumerabilia

1958 626 2230 690 praeterea
2257 621 2495 686 febrium
2525 634 2743 687 genera,
2785 620 3022 672 aliarum
3057 619 3263 686 impetu
3291 617 3659 684 subeuntium,

1962 712 2200 764 aliarum
2223 712 2367 764 tenui
2396 713 2540 777 peste
2560 710 2880 777 repentium,
2915 707 3154 760 aliarum
3200 721 3320 760 cum
3352 707 3572 760 horrore
3611 709 3661 758 et

1961 800 2134 855 multa
2160 799 2516 853 membrorum
2561 801 2913 865 quassatione
2956 794 3304 849 venientium.
3339 794 3482 859 Quid
3525 795 3662 848 alios

1961 891 2199 956 referam
2220 886 2641 941 innumerabiles
2663 885 2896 951 morbos,
2931 883 3210 954 supplicia
3243 885 3476 938 luxuria
3494 888 3521 938 ?

2039 981 2241 1032 Tristes
2289 991 2411 1030 vero
2460 973 2586 1046 esse]
2646 973 2936 1042 Voluptati
2989 989 3300 1027 maerorem
3360 972 3661 1026 succedere

1963 1081 2094 1119 cum
2127 1067 2339 1117 norunt
2370 1078 2589 1129 omnes,
2651 1064 2774 1114 tum
2835 1060 3082 1114 maxime
3133 1059 3465 1113 libidinosi:
3505 1075 3661 1125 nam,

1962 1159 2102 1208 teste
2150 1151 2521 1221 Philosopho,
2552 1166 2720 1204 omne
2750 1149 2962 1203 animal
2991 1166 3023 1202 a
3054 1147 3205 1201 coitu
3235 1148 3394 1201 triste
3418 1151 3518 1201 est.
3556 1147 3661 1202 Se-

1965 1257 2103 1296 neca
2134 1241 2386 1295 Lucilio:
2427 1241 2745 1309 Voluptates
2772 1241 3046 1308 praecipue
3073 1240 3338 1306 eaestirpa,
3381 1241 3522 1290 inter
3577 1250 3664 1290 res

1963 1335 2259 1386 vilissimas
2291 1331 2444 1398 habe,
2481 1346 2599 1399 quae
2633 1331 2904 1383 latronum
2942 1343 3086 1382 more
3115 1330 3174 1380 in
3211 1327 3303 1381 hoc
3335 1341 3429 1380 nos
3456 1327 3660 1394 ample-

1963 1426 2203 1486 ctuntur,
2273 1425 2330 1473 ut
2380 1420 2741 1486 strangulent.
2805 1416 3149 1483 Aristotelis,
3238 1419 3381 1469 teste
3443 1414 3664 1469 Valerio

1964 1511 2228 1577 Maximo,
2273 1507 2642 1562 utilissimum
2692 1511 2777 1560 est
2824 1511 3197 1577 praeceptum,
3229 1510 3294 1558 ut
3343 1505 3663 1575 voluptates

1963 1600 2240 1653 abeuntes
2318 1597 2768 1660 consideremus,
2827 1611 2969 1664 quas
3045 1594 3277 1664 quidem
3327 1592 3404 1647 sic
3469 1598 3664 1647 osten-

1966 1688 2151 1743 dendo
2202 1685 2446 1740 minuit:
2494 1684 2669 1738 fessas
2724 1682 2878 1736 enim
2931 1683 3401 1752 poenitentiaeque
3465 1683 3668 1752 plenas

1966 1777 2176 1832 animis
2217 1775 2427 1829 nostris
2457 1773 2705 1844 subjicit,
2737 1772 3048 1843 quominus
3079 1771 3284 1841 cupide
3310 1774 3662 1840 repetantur.

2038 1867 2164 1932 Qua
2194 1867 2244 1920 si
2296 1865 2474 1917 beatos
2527 1863 2804 1932 explicare
2852 1859 3087 1932 possint]
3123 1859 3182 1915 Si
3234 1860 3463 1930 (inquit)
3515 1861 3668 1914 volu-

1970 1959 2154 2026 ptates
2181 1952 2434 2024 corporis
2456 1949 2871 2026 beatitudinem
2893 1949 3180 2014 afferrent,
3200 1949 3323 2019 jam
3347 1953 3403 2002 et
3419 1949 3668 2019 pecudes

1973 2046 2155 2099 beatae
2182 2043 2390 2107 forent,
2427 2039 2634 2110 quibus
2665 2054 2746 2092 eae
2796 2023 3096 2091 nbbiscum
3133 2043 3264 2091 sunt
3310 2053 3666 2105 communes,

1970 2133 2069 2187 sed
2117 2129 2582 2200 indignissimum
2631 2131 2716 2180 est
2765 2143 3053 2180 summum
3087 2126 3303 2180 bonum
3353 2126 3669 2196 pecudibus

1971 2221 2242 2276 tribuere.
2294 2217 2540 2272 Proinde
2605 2216 2856 2287 corporis
2912 2216 3251 2286 voluptates,
3315 2232 3464 2287 qum,
3527 2217 3668 2269 teste

1969 2307 2427 2383 philosopholib.
2460 2305 2758 2360 Moralium
2790 2322 2872 2371 ιιι,
2905 2305 3165 2376 pecuinee
3192 2309 3326 2358 sunt
3346 2310 3402 2358 et
3442 2304 3668 2374 ferales,

1970 2400 2128 2454 nulla
2159 2397 2383 2451 ratione
2415 2394 2746 2466 quempiam
2776 2394 3010 2448 beatum
3043 2395 3280 2464 possunt
3317 2392 3564 2448 efﬁcere.
3702 2397 3704 2399 ’

2043 2484 2203 2559 Quin]
2238 2487 2350 2540 Cur
2378 2483 2541 2538 non?

2043 2577 2384 2645 Corporalem
2435 2571 2706 2641 lacunam]
2733 2572 3020 2625 Ventrem.
3084 2570 3311 2624 Lacuna
3356 2569 3480 2622 ﬁta
3522 2567 3668 2634 lacu,

1975 2670 2031 2719 et
2057 2670 2142 2718 est
2172 2679 2338 2734 aqua:
2369 2661 2649 2716 collectio.
2683 2659 2945 2714 Servius:
3001 2660 3231 2712 Lacuna
3261 2660 3387 2710 sunt
3423 2658 3584 2723 fossa
3612 2656 3672 2708 in

1977 2755 2174 2824 quibus
2205 2753 2424 2806 collecta
2453 2765 2599 2818 aqua
2627 2753 2772 2802 stare
2801 2750 3091 2802 consuevit.
3125 2747 3277 2799 Maro
3301 2761 3312 2798 :

2099 2841 2247 2891 Unde
2273 2853 2415 2888 cava:
2445 2838 2622 2902 tepido
2654 2837 2850 2886 sudant
2882 2836 3106 2884 humore
3130 2834 3358 2882 lacunae.

1907 2942 1946 2996 C
1978 2945 2084 2997 Per
2143 2938 2543 3008 metaphoram
2588 2935 2837 2989 sumitur
2884 2951 2989 3006 pro
3019 2936 3218 2986 ventre
3259 2947 3361 2985 seu
3394 2931 3522 2985 alvo
3555 2945 3673 3001 quo

1975 3030 2088 3084 cibi
2121 3035 2403 3100 potusque
2455 3028 2861 3095 congeruntur.
2894 3023 3038 3078 Sunt
3068 3019 3418 3091 exemplaria
3450 3019 3508 3072 in
3544 3018 3674 3088 qui-

1977 3121 2082 3175 bus
2122 3123 2207 3171 est
2247 3118 2436 3186 legere
2467 3114 2780 3178 lasciviam,
2815 3116 2870 3165 et
2898 3116 2983 3164 est
3014 3126 3212 3164 sensus
3245 3112 3332 3162 sat
3355 3111 3604 3177 apertus.

2047 3208 2441 3262 Honestissima
2473 3203 2710 3272 quidem]
2749 3203 2930 3272 Supra
2959 3199 3120 3267 dixit,
3173 3213 3314 3251 uxor
3369 3212 3433 3250 ac
3488 3194 3677 3264 liberi,

1980 3297 2076 3369 qui
2103 3292 2503 3366 jucunditatiis
2537 3291 2721 3361 gratia
2745 3293 3038 3361 petuntur,
3073 3287 3279 3358 quibus
3295 3284 3484 3339 verbis
3504 3283 3678 3354 signi-

1980 3383 2458 3453 ﬁcavitconjugia
2489 3381 2671 3452 gratia
2717 3378 3023 3449 voluptatis
3067 3376 3273 3447 expeti.
3320 3376 3482 3428 Nunc
3539 3372 3682 3427 dicit

1981 3475 2133 3547 quod
2173 3473 2435 3541 voluptas
2467 3487 2533 3524 ea
2561 3471 2710 3524 foret
2746 3466 3174 3532 honestissima,
3206 3462 3318 3518 nisi
3354 3467 3407 3518 et
3433 3463 3559 3532 ipsa
3583 3461 3679 3515 ni—

1982 3564 2165 3619 mium
2197 3559 2600 3615 sollicitudinis
2635 3563 2692 3612 et
2722 3557 2989 3612 dolorum
3021 3569 3215 3608 secum
3246 3552 3531 3621 itraheret.

2051 3655 2097 3706 E
2129 3652 2351 3719 natura]
2382 3652 2589 3703 Contra
2620 3651 2900 3701 naturam.

2055 3742 2239 3796 Nescio
2271 3755 2425 3809 quem
2465 3739 2608 3802 filios
2652 3738 2918 3789 invenisse
2950 3733 3197 3802 tortores]
3238 3731 3490 3802 Baptista
3523 3729 3678 3783 Man-

1930 3844 1941 3851 ·
1982 3835 2214 3885 tuanus.

2109 3951 2312 4013 Saepius
2335 3951 2389 3998 in
2425 3948 2564 4013 uatis
2594 3959 2789 4013 szevum
2815 3949 2963 4013 pater
2983 3945 3172 4013 educat
3195 3943 3422 4001 hostem,

2113 4007 2348 4075 Cumque
2371 4025 2472 4075 suo
2494 4011 2747 4072 ignorans
2773 4007 3111 4075 interfectore
3135 4007 3361 4075 jocatur.

2115 4067 2382 4139 Saepe-sibi
2408 4067 2684 4139 lacr‘ymas,
2707 4073 2920 4139 sperant
2946 4069 3068 4116 dum
3102 4067 3295 4139 gaudia
3318 4068 3529 4139 matres,

2115 4128 2282 4203 Atque
2304 4151 2410 4185 sum
2437 4128 2914 4198 pascuntvéntura
2935 4128 3218 4192 opprobria
3249 4128 3411 4190 genti.

1925 4291 1966 4343 Ι)
2065 4253 2322 4326 Mardum]
2356 4266 2623 4305 curarum
2653 4252 2708 4303 et
2740 4245 3139 4302 sollicitudinis
3167 4244 3356 4315 plena.

2065 4348 2397 4412 Qarecunque
2428 4337 2680 4409 conditio]
2722 4336 2903 4391 Etiam
2938 4336 3105 4389 bona.

2057 4431 2236 4505 Alias]
2289 4431 2412 4485 Alio
2454 4432 2733 4498 tempore,
2763 4424 3231 4479 subaudinecesse
3261 4421 3374 4486 fuit
3402 4417 3688 4471 admonere

1998 4527 2067 4579 Te
2097 4518 2404 4592 expertum]
2437 4518 2543 4582 Qui
2596 4517 2742 4570 lilios
2788 4514 2982 4579 habes,
3040 4516 3095 4566 et
3141 4513 3356 4580 quanta
3413 4505 3687 4560 sollicitu-

1994 4614 2126 4668 dine
2157 4613 2270 4664 sint
2300 4607 2599 4672 educandi,
2634 4607 2718 4658 vel
2750 4601 3102 4674 experientia
3133 4598 3301 4653 nosti.

2069 4696 2338 4768 Anxium]
2375 4697 2614 4750 Tristem
2662 4698 2716 4747 et
2773 4692 3101 4746 sollicitum.
3163 4689 3285 4741 Non
3335 4685 3488 4738 enim
3538 4698 3693 4736 nunc

1999 4788 2265 4845 anxietati
2296 4767 2409 4840 tum
2447 4784 2576 4855 plus
2611 4781 2937 4836 addendum
2970 4785 3073 4844 est,
3125 4776 3225 4831 sed
3273 4767 3463 4845 petitis
3504 4772 3692 4826 detra-

1997 4880 2276 4936 hendum.

2069 4965 2364 5035 Euripidis
2411 4965 2532 5030 mei]
2578 4962 2766 5014 Poetae
2816 4957 2967 5011 docti
2993 4960 3051 5010 et
3105 4952 3483 5026 philosophiae
3542 4949 3690 5021 peri-

2000 5057 2224 5112 tissimi.
2965 5111 2978 5130 ν

2066 5145 2171 5211 Qui
2219 5147 2484 5198 carentem
2537 5139 2722 5193 liberis
2782 5127 3088 5202 infortunio
3136 5133 3284 5187 dixit
3316 5148 3427 5186 esse
3463 5127 3692 5194 felicem]

2003 5238 2144 5291 Nam
2178 5233 2275 5303 qui
2320 5229 2512 5284 liberis
2556 5230 2727 5293 caret,
2776 5223 3003 5279 tametsi
3029 5223 3256 5276 videtur
3291 5221 3693 5278 infortunatus,

2005 5325 2156 5396 quod
2186 5323 2369 5375 alieno
2414 5334 2645 5371 censum
2671 5319 2873 5380 servet,
2901 5319 3219 5384 augeatque
3243 5306 3477 5370 heeredi,
3498 5310 3694 5357 tamen

2007 5391 2072 5467 eo
2105 5409 2417 5466 infortunio
2465 5406 2598 5460 felix
2629 5410 2734 5474 est,
2765 5403 2914 5475 quod
2948 5419 3011 5456 ex
3042 5399 3235 5454 liberis
3267 5397 3353 5465 (ut
3384 5393 3480 5447 alii
3523 5391 3693 5462 pleri-

179 5261 319 5314 dum
352 5257 496 5310 male
523 5255 784 5308 assuescit
833 5252 957 5320 plus
1014 5264 1213 5317 capere
1253 5263 1416 5316 quam
1473 5248 1701 5314 poterat.
1765 5240 1896 5294 Inde

182 5348 427 5416 suffusio
463 5344 661 5398 luridae
718 5343 862 5406 bilis,
895 5345 943 5393 et
975 5337 1187 5393 decolor
1217 5338 1420 5400 vultus,
1457 5334 1711 5400 tabesque
1757 5333 1814 5382 in
1844 5343 1898 5381 se

184 5438 652 5507 putrescentium,
672 5435 724 5486 et
753 5434 938 5485 retorti
961 5428 1128 5496 digiti
1156 5427 1403 5480 articulis
1427 5419 1896 5487 obrigescentibus,

191 5540 489 5580 nervorum
537 5525 652 5576 sine
700 5535 856 5574 sensu
891 5516 1193 5587 jacentium
1247 5519 1449 5582 torpor,
1483 5516 1578 5564 aut
1607 5508 1900 5577 palpitatio

193 5629 491 5684 corporum
520 5614 636 5666 sine
691 5610 1086 5664 intermissione
1132 5605 1486 5658 vibrantium.
1521 5597 1666 5665 Quid
1701 5597 1899 5664 capitis

2010 5505 2144 5575 que)
2172 5501 2313 5554 nihil
2355 5497 2539 5568 capiat
2569 5494 2864 5558 molestiae,
2897 5509 2998 5546 nec
3019 5491 3200 5543 ullum
3231 5489 3452 5538 metuat
3485 5497 3701 5552 oppro-

2009 5574 2220 5648 brium.
2254 5588 2561 5659 Sophocles
2593 5586 2652 5639 in
2711 5584 3010 5654 Antigone,
3075 5580 3304 5630 Erasmo
3344 5574 3656 5645 interprete
3686 5611 3699 5635 ,
