4054 6184
182 276 321 327 1017

248 410 531 483 Poscendi]
562 410 867 467 Ambiendi
900 415 952 467 et
984 414 1218 484 petendi
1250 416 1637 487 magistratus.

250 500 447 571 Degas]
481 502 696 571 Degere
721 501 881 554 velis.

246 586 504 655 Corporis
536 588 843 661 servitium]
900 590 1113 645 Seneca
1146 591 1358 646 Lucilio
1394 608 1407 647 :
1469 596 1651 664 Major
1679 612 1799 651 sum
1828 604 1878 649 et

174 673 253 727 ad
284 676 503 743 majora
531 680 746 743 genitus
795 694 959 746 quam
1015 686 1074 733 ut
1110 683 1447 750 mancipium
1488 686 1593 738 sim
1633 688 1876 754 corporis

170 766 285 815 mei
320 780 332 817 :
387 766 533 833 quod
577 766 824 833 equidem
876 783 982 822 non
1012 769 1173 822 aliter
1201 772 1405 838 aspicio
1455 788 1619 840 quam
1664 774 1878 842 pondus

170 867 236 903 ac
256 867 479 919 poenam
498 856 877 923 vinculumque
908 857 1149 911 libertati
1181 874 1308 913 mea
1336 861 1752 917 circumdatum.

242 942 373 994 1am
404 944 546 1013 vero]
581 944 870 998 Concinne
902 947 1110 1001 transit
1149 948 1218 1001 ad
1247 949 1505 1018 corporis
1526 950 1699 1020 bona,
1748 968 1877 1023 quas

165 1028 243 1081 ad
280 1031 582 1101 superiora
612 1033 1128 1103 (quemadmodum
1159 1052 1331 1107 supra
1353 1037 1567 1092 dictum
1594 1045 1693 1102 est)
1716 1041 1875 1095 facile

168 1118 382 1171 referri
413 1126 670 1189 possunt.

241 1207 367 1259 Prae
411 1223 465 1261 se
510 1209 717 1278 ferunt]
772 1209 1074 1265 Ostentant
1126 1211 1325 1285 eisque
1376 1214 1539 1286 quasi
1592 1216 1875 1274 feliciores

161 1293 302 1347 aliis
334 1296 592 1365 praeferri
627 1298 893 1367 cupiunt.

236 1382 419 1455 Num]
448 1386 739 1456 Nunquid.

236 1473 595 1544 Elephantes]
640 1475 993 1531 Animalium
1036 1480 1417 1546 terrestrium,
1468 1481 1652 1537 Plinio
1708 1487 1870 1546 teste,

158 1562 493 1615 maximum
524 1569 607 1617 est
633 1564 885 1635 elephas,
940 1568 1383 1640 proximumque
1414 1571 1683 1626 humanis
1740 1588 1873 1625 sen-

158 1651 347 1705 sibus.
386 1653 724 1723 Elephantes
772 1656 977 1711 domiti
1024 1659 1276 1714 militant
1332 1665 1387 1714 et
1430 1669 1613 1716 turres
1681 1679 1869 1716 arma-

1446 280 1841 340 MURMELLII
1882 286 2403 344 COMMENTARIA.

3552 296 3685 350 1018

1920 422 1966 475 A
1996 423 2212 478 Rursus
2244 424 2392 479 idem
2430 444 2445 479 :

2110 512 2245 579 Ergo
2262 528 2359 579 age
2383 514 2563 579 fallaci
2593 516 2774 566 timide
2800 518 3003 567 conﬁde
3024 518 3233 579 figurae.

2173 575 2422 639 Quisquis
2456 591 2534 637 es,
2557 582 2713 640 atque
2743 580 2941 642 aliquid
2972 575 3188 643 corpore
3214 580 3387 643 majus
3417 581 3569 631 habe.

1988 652 2158 707 lsaias
2185 670 2310 725 cap.
2340 672 2405 709 Lx
2436 673 2447 709 :
2483 658 2667 712 Omnis
2697 674 2822 712 caro
2849 662 3055 726 fenum,
3085 666 3134 715 et
3162 665 3333 715 omnis
3366 663 3541 727 gloria
3563 661 3681 729 ejus

1986 746 2150 810 quasi
2184 747 2279 811 ﬂos
2302 748 2444 811 agri.
2478 746 2672 799 Merito
2698 748 2881 801 forma
2910 748 3160 802 hominis
3183 749 3336 816 ιίιοτί
3376 766 3676 818 compara-

1986 833 2101 895 tur,
2137 832 2335 885 eodem
2391 849 2537 901 pene
2590 843 2883 888 momento
2940 836 3223 889 virescens
3279 842 3336 889 et
3394 854 3677 893 arescens.

1986 919 2054 972 M.
2093 919 2233 973 Varo
2271 921 2474 986 :Quem
2513 937 2742 990 puerum
2784 924 2977 978 vidisti
3002 926 3321 993 formosum,
3360 926 3499 979 hunc
3528 926 3679 980 vides

1985 1008 2279 1073 deformem
2306 1012 2361 1062 in
2394 1018 2622 1065 senecta.
2657 1013 2934 1081 Apuleius
2966 1013 3025 1067 in
3061 1014 3175 1067 Deo
3208 1014 3471 1079 Socratis,
3498 1014 3679 1085 signi-

1984 1095 2153 1149 ficare
2182 1098 2375 1151 volens
2418 1098 2561 1152 nihil
2594 1116 2715 1153 esse
2734 1101 2973 1169 .brevius
3012 1102 3236 1165 decore,
3267 1102 3345 1155 sic
3386 1103 3465 1155 ait
3498 1119 3510 1155 :
3548 1104 3678 1156 For-

1983 1200 2162 1239 mosus
2187 1192 2286 1253 est,
2323 1192 2576 1256 exspecta
2592 1191 2895 1259 paulisper,
2916 1196 2966 1244 et
2997 1206 3103 1244 non
3142 1193 3263 1245 erit.
3298 1192 3679 1261 Calphurnius

1983 1271 2042 1325 in
2068 1274 2347 1329 Bucolicis
2375 1292 2387 1329 :

2106 1362 2314 1411 Donum
2336 1362 2505 1412 forma
2533 1364 2688 1414 breve
2714 1368 2811 1423 est,
2838 1378 2936 1414 nec
2962 1380 3016 1415 se
3048 1366 3143 1415 tibi
3175 1367 3480 1417 commodat
3504 1368 3679 1417 anuis.

1982 1440 2192 1497 Seneca
2223 1444 2281 1496 in
2314 1444 2619 1515 Hippolyto
2644 1486 2657 1500 .

2229 1531 2434 1593 Anceps
2464 1532 2633 1580 forma
2666 1533 2868 1582 bonum
2891 1534 3220 1585 mortalibus.

2229 1593 2416 1659 Exigui
2437 1593 2817 1659 donumgbreve
2847 1598 3117 1659 temporis.

2229 1656 2294 1704 Ut
2325 1655 2473 1704 velox
2504 1656 2657 1705 celeri
2685 1658 2814 1719 pede
2844 1655 3058 1708 labe-ris.

155 1744 364 1793 torum
382 1741 444 1793 in
474 1741 669 1797 hostes
691 1744 902 1810 ferunt,
951 1762 1275 1819 magnaque
1300 1764 1365 1804 ex
1399 1756 1559 1819 parte
1616 1751 1871 1805 Orientis
1913 1719 1953 1773 Β
1983 1734 2203 1790 Rursus
2232 1735 2383 1789 idem
2419 1751 2434 1789 ε

154 1828 317 1882 bella
339 1829 669 1885 conficiunt.
695 1833 1073 1889 Prosternunt
1095 1837 1262 1902 acies,
1279 1844 1868 1908 proteruntarmatos.

158 1918 495 1972 Nascuntur
524 1919 582 1973 in
627 1920 816 1975 Africa
868 1924 1018 1978 ultra
1048 1925 1293 1995 Syrticas
1325 1928 1682 1995 solitudines,
1721 1935 1776 1983 et
1806 1930 1867 1983 in

155 2007 533 2077 Mauritania,
564 2009 702 2063 item
751 2010 809 2064 in
857 2013 1153 2083 [Ethiopia
1187 2023 1244 2068 et
1276 2017 1430 2086 apud
1478 2018 1869 2089 Troglodytas,

155 2095 259 2150 sed
290 2098 528 2151 maximi
560 2098 618 2152 in
647 2098 827 2165 India,
854 2117 995 2171 quos
1024 2102 1145 2157 Afri
1179 2110 1409 2174 pavent,
1438 2111 1567 2167 fnec
1613 2108 1873 2162 contueri

152 2185 408 2239 audent.
441 2188 581 2240 Nam
615 2194 671 2241 et
704 2190 890 2259 major
931 2192 1136 2245 Indicis
1178 2193 1514 2263 magnitudo
1567 2200 1671 2250 est.
1724 2198 1872 2267 Lege

154 2274 423 2328 Plinium
446 2275 592 2329 libro
624 2277 911 2333 Naturalis
945 2280 1208 2335 Historia:
1246 2298 1362 2337 vni.

233 2363 475 2436 Tauros]
528 2366 746 2419 Taurus
803 2367 903 2421 bos
933 2370 1002 2422 ad
1046 2371 1467 2441 procreandum
1526 2378 1866 2430 reservatus.

149 2451 463 2521 Accipitur
484 2458 542 2507 et
561 2470 666 2524 pro
698 2471 1046 2527 quocunque
1078 2458 1307 2513 robusto
1341 2459 1503 2514 bove.
1539 2462 1689 2516 Maro
1722 2479 1734 2516 :

1276 2547 1412 2610 Ergo
1442 2562 1537 2610 age
1564 2553 1715 2598 terrm

293 2602 511 2671 Pingue
527 2603 698 2671 solum
722 2605 1199 2671 primisgextemplo
1234 2610 1275 2657 'a
1303 2602 1577 2659 mensibus
1600 2612 1746 2671 anni,

292 2665 476 2713 Fortes
499 2665 768 2715 invertant
789 2669 946 2716 tauri.

231 2744 448 2817 Tigres]
503 2746 693 2815 Tigrin
728 2748 969 2817 Hyrcani
998 2754 1053 2802 et
1083 2751 1208 2805 Indi
1237 2751 1430 2807 ferunt
1470 2754 1682 2808 animal
1709 2756 1868 2809 velo-

148 2833 354 2888 citatis
387 2836 700 2890 tremenda:
732 2844 789 2890 et
832 2838 1082 2893 maxime
1121 2842 1389 2911 cognitas,
1432 2842 1567 2896 dum
1624 2844 1865 2914 capitur.

147 2924 339 2977 Totus
376 2928 502 2990 ejus
558 2926 725 2992 fetus,
769 2927 871 2997 qui
938 2943 1167 2999 semper
1219 2946 1559 2985 numerosus
1624 2939 1728 2999 est,
1796 2932 1867 2987 ab

2233 1841 2297 1907 tit
2324 1840 2499 1904 fulgor
2526 1842 2721 1907 teneris
2750 1843 2849 1907 qui,
2874 1843 3045 1893 radiat
3072 1844 3240 1907 genis.

2230 1904 2497 1977 gomento
2528 1905 2731 1977 rapitur
2761 1904 3013 1977 nullaque
3038 1904 3290 1977 _nb_n_dies

2230 1920 2497 1953 momento
2528 1920 2731 2014 rapitur
2761 1920 3013 1977 nullaque
3048 1920 3155 1955 non
3179 1920 3240 1978 an

2229 1966 2584 2030 Eormosigspo
2611 1981 2718 2030 ium
2741 1982 2975 2030 corporis
3006 1969 3240 2017 abstulit.

2230 2027 2329 2093 Bas
2354 2031 2439 2093 est
2463 2027 2819 2093 foArma‘fugax
2836 2027 2865 2077 ':
2884 2031 3002 2092 quis
3031 2031 3241 2093 sapiens
3267 2031 3410 2079 bono

2231 2089 2473 2138 Confidat
2502 2090 2715 2153 fragili?

1980 2184 2175 2312 ὃὸσίἒιῐιἸ
2216 2188 2302 2240 vel
2342 2192 2408 2241 ut
2462 2188 2805 2258 quibusdam
2844 2188 3087 2254 videtur,
3154 2188 3302 2243 alius
3354 2189 3568 2244 Seneca
3613 2189 3677 2244 in

2029 2272 2058 2309 c
2121 2272 2268 2311 Via:

2029 2272 2217 2311 ctaV1a
2254 2273 2268 2311 ζ

2352 2345 2476 2395 Sola
2501 2350 2754 2409 perpetuo
2784 2350 3021 2406 manent,

2226 2406 2483 2471 Stibjecta
2506 2406 2637 2456 nulli
2666 2410 2857 2457 mentis
2880 2413 3036 2471 atque
3066 2408 3230 2457 animi
3257 2408 3411 2457 bona:

2228 2468 2429 2517 Florem
2458 2470 2661 2519 decoris
2688 2471 2883 2535 singuli
2906 2468 3131 2534 carpunt
3154 2471 3287 2519 dies.

1977 2565 2258 2621 Salustius
2292 2583 2305 2621 :
2340 2569 2476 2623 Nam
2504 2569 2828 2624 divitiarum
2854 2576 2905 2623 et
2922 2572 3114 2635 forms
3130 2571 3307 2637 gloria
3335 2571 3491 2638 ﬂama
3514 2573 3677 2637 atque

1976 2656 2202 2721 fragilis
2248 2660 2362 2709 est:
2416 2660 2595 2711 virtus
2654 2659 2805 2712 clara
2860 2665 3167 2727 aeternaque
3211 2660 3457 2713 habetur.
3504 2658 3677 2712 Divus

1977 2744 2312 2798 Ambrosius
2354 2746 2413 2798 in
2455 2747 2625 2799 tertio
2671 2748 3105 2802 Hexaemeron:
3160 2750 3493 2804 Surremerat
3551 2754 3676 2801 ante

1976 2834 2197 2901 ﬂoribus
2228 2838 2471 2889 immista
2500 2840 2695 2890 teneris
2725 2841 2841 2891 sine
2881 2841 3055 2906 spinis
3088 2854 3233 2906 rosa,
3291 2842 3343 2892 et
3369 2838 3675 2906 pulcherri-

1974 2938 2094 2976 mus
2118 2926 2213 2991 ﬂos
2243 2926 2360 2978 sine
2388 2927 2502 2979 ulla
2522 2926 2725 2992 fraude
2752 2927 3013 2980 vernabat
3048 2942 3060 2979 :
3094 2932 3280 2995 postea
3309 2931 3470 2995 Spina
3507 2926 3674 2993 sepsit

148 3011 477 3066 insidiante
513 3014 733 3084 rapitur
772 3031 920 3086 equo
946 3032 1121 3087 quam
1153 3017 1401 3073 maxime
1423 3019 1641 3091 pernici
1690 3026 1842 3091 atquc

2073 3015 2206 3066 tiam
2241 3016 2411 3081 ﬂoris,
2446 3019 2707 3083 tanquam
2746 3016 2993 3070 humanae
3041 3016 3314 3084 speculum
3362 3017 3660 3082 praeferens

149 3101 213 3153 in
280 3107 572 3155 recentem
635 3103 881 3158 subinde
931 3105 1294 3160 transfertur.
1354 3111 1424 3162 At
1477 3109 1574 3163 ubi
1619 3124 1860 3163 vacuum

149 3190 353 3243 cubile
387 3193 600 3259 reperit
622 3190 738 3245 feta
765 3193 1043 3258 (maribus
1070 3195 1227 3249 enim
1258 3212 1395 3250 cura
1424 3214 1538 3252 non
1574 3204 1659 3252 est
1690 3200 1860 3252 sobo-

149 3278 244 3347 lis)
270 3279 458 3333 fertur
495 3296 768 3352 praaceps,
803 3281 978 3336 odore
1012 3284 1315 3354 vestigans.
1352 3286 1587 3357 Raptor,
1642 3303 1859 3357 appro-

146 3366 487 3438 pinquante
507 3368 766 3438 fremitu,
800 3370 994 3441 abjicit
1022 3388 1203 3427 unum
1228 3390 1294 3427 ex
1329 3375 1549 3428 catulis.
1576 3376 1744 3430 Tollit
1762 3375 1863 3430 illa

146 3472 385 3516 morsu.
402 3461 458 3509 et
479 3459 731 3527 pondere
754 3460 928 3513 etiam
947 3460 1104 3514 ocior
1125 3468 1249 3515 acta
1274 3468 1508 3529 remeat,
1532 3464 1860 3536 iterumque

146 3544 557 3616 consequitur,
615 3552 670 3599 et
719 3548 980 3615 subinde,
1032 3549 1211 3603 donec
1256 3551 1312 3603 in
1349 3569 1550 3605 navem
1606 3568 1859 3623 regresso

144 3633 327 3688 irrita
363 3634 559 3688 feritas
616 3636 853 3690 saevitia
886 3637 1096 3691 littore.
1144 3641 1274 3693 Haec
1322 3657 1391 3693 ex
1444 3639 1647 3695 Plinio.
1687 3642 1860 3696 Plura

147 3739 217 3777 ex
236 3724 377 3776 aliis
406 3724 476 3776 de
499 3724 698 3779 eadem
728 3726 1031 3779 tradentur
1061 3726 1226 3782 infra.

220 3814 520 3881 Respicite]
559 3813 947 3869 Considerate.

220 3899 510 3973 Spatium]
540 3902 1018 3973 Amplitudinem.

226 3992 673 4061 [firmitudinem]
716 3993 1091 4048 Firmitatem.

222 4079 604 4152 Celeritatem]
648 4081 1036 4136 Velocitatem.

221 4167 357 4240 His]
391 4168 609 4238 Spatio,
642 4168 1014 4237 firmitudine,
1040 4171 1349 4228 celeritate.

221 4259 350 4313 Sua
374 4260 603 4323 ratione]
626 4258 841 4329 Spiritu
868 4260 1084 4314 divino.

1964 3102 2111 3165 vitae,
2142 3118 2261 3171 qua:
2288 3105 2615 3157 suavitatem
2648 3106 3049 3172 per/‘unctionis
3081 3119 3191 3158 sua
3227 3106 3477 3171 ﬁnitimis
3508 3118 3667 3155 cura-

1964 3205 2087 3243 rum
2132 3193 2365 3244 stimulis
2418 3206 2556 3261 saepe
2584 3198 2928 3261 compungat.
2970 3194 3191 3246 Vallata
3244 3196 3322 3245 est
3379 3194 3521 3244 enim
3575 3192 3674 3244 ele-

1966 3280 2161 3347 gantia
2174 3281 2297 3333 vita,o
2307 3286 2523 3347 nostrae,
2544 3286 2592 3334 et
2611 3281 2939 3349 quibusdam
2952 3280 3409 3335 sollicitudinibus
3423 3280 3665 3347 obsepta,

1966 3371 2027 3421 ut
2053 3369 2283 3421 tristitia
2314 3370 2584 3437 adjuncta
2607 3374 2677 3423 sit
2709 3372 2919 3437 gratim.
2960 3370 3109 3424 Unde
3148 3385 3267 3423 cum
3302 3370 3675 3437 unusquisque

1966 3460 2063 3509 aut
2090 3460 2365 3511 suavitate
2384 3460 2636 3524 rationis,
2669 3464 2768 3511 aut
2781 3460 3145 3527 prosperioris
3180 3472 3369 3511 cursus
3408 3458 3671 3510 successi-

1965 3543 2061 3597 bus
2107 3546 2440 3612 gratulatur,
2500 3548 2801 3600 memimsse
2852 3548 3022 3616 culpae
3071 3561 3190 3600 eum
3242 3547 3507 3610 convenit,
3576 3559 3674 3613 per

1966 3648 2131 3701 quam
2160 3634 2313 3687 nobis
2365 3637 2422 3687 in
2462 3635 2718 3703 paradisi
2747 3638 3059 3689 amoenitate
3103 3635 3440 3702 ﬂorentibus,
3500 3635 3674 3702 spina

1966 3725 2179 3787 mentis,
2234 3725 2511 3792 animique
2538 3729 2713 3780 sentes
2763 3726 2891 3794 jure
2929 3724 3391 3779 condemnationis
3441 3723 3673 3789 ascripti

1965 3815 2109 3865 sunt.
2142 3811 2390 3866 Irrutiles
2439 3816 2634 3879 igitur,
2684 3829 2713 3867 ο
2759 3814 2929 3880 homo,
2965 3815 3087 3867 licet
3117 3817 3214 3866 aut
3260 3812 3546 3881 Splendore
3576 3826 3669 3864 no-

1966 3899 2213 3965 bilitatis,
2251 3905 2348 3953 aut
2393 3902 2623 3966 fastigio
2658 3905 2963 3970 potestatis,
3017 3906 3114 3955 aut
3164 3903 3379 3969 fulgore
3416 3901 3664 3965 virtutis,

1964 4003 2173 4056 semper
2201 3990 2470 4053 inferiora
2499 3995 2592 4042 tua
2612 3993 2835 4058 respice,
2866 4005 3081 4061 semper
3122 3993 3318 4059 spinas
3371 3990 3668 4057 germinas,

1965 4091 2059 4129 nec
2087 4078 2303 4145 proliaia
2331 4080 2517 4143 gratia
2564 4082 2761 4131 manet.
2790 4081 2974 4132 Brevis
3022 4082 3397 4145 unusquisque
3446 4078 3670 4131 decurso

1965 4164 2148 4220 aetatis
2178 4167 2305 4233 ﬂore
2334 4168 2630 4220 marcescit.
2666 4167 2996 4220 Aristoteles
3030 4166 3309 4235 Stagerita
3333 4165 3658 4219 Nicomachi

1971 4253 2174 4307 medici
2205 4254 2373 4319 filius,
2418 4254 2670 4308 Platonis
2700 4255 2944 4319 auditor,
2993 4259 3313 4323 praeceptor
3361 4252 3665 4306 Alexandri

221 4346 444 4399 Formae
485 4361 606 4399 vero
656 4348 821 4417 nitor]
870 4348 1126 4403 Ostendit
1175 4348 1430 4420 corporis
1470 4350 1842 4421 pulchritudi-

2071 4343 2183 4412 gni,
2217 4342 2466 4412 plurima
2509 4344 2736 4415 scripsit
2782 4360 2900 4399 non
2947 4344 3133 4398 solum
3185 4358 3443 4407 nervose,
3474 4341 3571 4394 sed
3616 4346 3671 4393 et

148 4451 299 4488 nem
340 4450 477 4487 sane
522 4450 702 4505 quam
752 4436 967 4491 fluxam
1017 4454 1158 4506 esse,
1193 4443 1248 4492 et
1312 4438 1609 4495 celerrime
1666 4446 1862 4496 muta-

146 4524 363 4578 bilem.

226 4610 327 4683 Ut]
366 4610 672 4676 Quantum.

217 4702 653 4772 Rapidus]Cito
692 4702 1046 4773 praeteriens.
1081 4702 1441 4759 Domitianus
1488 4707 1639 4777 apud
1710 4708 1849 4763 Sue-

144 4793 391 4845 tonium
417 4807 428 4843 :
461 4790 611 4846 Scias
642 4808 745 4846 nec
775 4794 992 4862 gratius
1014 4794 1331 4865 quidquam
1348 4795 1570 4864 decore,
1596 4812 1700 4851 nec
1724 4797 1858 4852 bre-

145 4882 317 4935 vius.
350 4879 583 4935 Ovidius
610 4881 712 4935 lib.
747 4882 815 4935 de
854 4885 989 4937 Arte
1021 4884 1251 4938 amandi
1286 4901 1342 4937 n.

356 4987 559 5051 Ingenii
593 4987 743 5037 dotes
776 4989 1011 5051 corporis
1040 4990 1175 5039 adde
1203 4990 1376 5040 bonis.

284 5050 481 5098 Forma
526 5050 724 5098 bonum
771 5050 955 5113 fragile
1001 5055 1096 5109 est,
1136 5058 1499 5117 quantumque
1546 5055 1750 5104 accedit
1794 5054 1860 5104 ad

1581 5130 1767 5174 annos.

358 5173 437 5222 Fit
465 5174 655 5233 minor,
682 5178 735 5238 et
752 5175 930 5238 spatio
958 5176 1191 5238 carpitur
1213 5177 1301 5225 illa
1359 5190 1474 5232 suo.

292 5237 633 5309 Ne'csemper
659 5236 831 5307 violas,
854 5252 952 5309 nec
981 5236 1188 5309 semper
1215 5239 1327 5287 lilia
1354 5240 1563 5289 florent.

356 5298 438 5369 Et.
456 5299 587 5369 riget
616 5298 810 5369 amissa
837 5300 996 5369 spina
1016 5298 1195 5369 relicta
1228 5315 1362 5355 rosa,

293 5360 476 5427 Et_tibi
495 5360 615 5427 jam‘
638 5360 998 5411 venient'cani
1029 5362 1257 5427 formose
1285 5363 1477 5427 capilli,

358 5423 475 5470 Jan)
500 5424 714 5489 venient
727 5437 897 5489 rugae,
927 5438 1046 5489 qua:
1070 5425 1173 5489 tibi
1200 5423 1389 5489 corpus
1419 5423 1585 5489 arent.

290 5486 411 5549 Jam
434 5484 631 5549 molire
652 5484 907 5546 animum,
935 5484 1023 5549 qui
1054 5487 1227 5549 duret,
1254 5484 1307 5549 et
1336 5492 1512 5538 astrue
1539 5488 1778 5538 formam.

357 5547 608 5613 Solnsad
635 5552 900 5596 extremos
929 5547 1319 5613 permanet'ille
1352 5564 1525 5613 rogos.

298 5611 404 5675 Nec
432 5608 568 5675 levis
599 5610 859 5675 ingenuas
888 5608 1068 5675 pectus
1098 5612 1322 5675 coluisse
1348 5608 1439 5675 per
1466 5617 1603 5663 artes

364 5672 500 5720 Cura
530 5672 615 5727 sit,
646 5677 696 5722 et
724 5672 931 5736 linguas
946 5674 1222 5724 edidicisse
1256 5672 1405 5725 duas.

1971 4431 2266 4499 eleganter
2294 4436 2491 4487 contra
2521 4433 2902 4503 quorumdam
2937 4434 3105 4502 vulgo
3138 4431 3364 4485 sordide
3406 4428 3667 4500 philoso-

1965 4521 2273 4590 phantium
2308 4522 2667 4592 opinionem.

2037 4611 2261 4678 Lynceis
2353 4613 2541 4676 oculis]
2612 4610 2967 4665 Acutissimis
3033 4615 3088 4665 et
3137 4604 3665 4680 perspicacissimis.

1966 4697 2110 4752 Sunt
2134 4698 2233 4768 qui
2264 4700 2574 4768 opinantur
2605 4700 2799 4753 oculos
2823 4700 3052 4768 lynceos
3078 4696 3363 4769 appellari
3408 4693 3670 4749 acutissi-

1968 4802 2093 4840 mos
2116 4805 2149 4841 a
2184 4788 2460 4856 lyncibus,
2486 4804 2613 4858 quae
2650 4793 2741 4855 (ut
2789 4788 3007 4842 Plinius
3053 4792 3293 4840 testatur
3323 4786 3423 4840 lib.
3485 4785 3669 4839 Natu-

1967 4876 2104 4930 ralis
2162 4875 2417 4931 llistorise
2469 4892 2662 4943 xxxu;
2710 4893 2833 4947 cap.
2909 4878 2964 4943 8)
3033 4875 3346 4930 clarissime
3401 4875 3665 4927 omnium

1966 4965 2406 5035 quadrupedum
2442 4970 2699 5020 cernunt.
2734 4964 2873 5018 Aliis
2896 4965 3165 5019 videntur
3187 4964 3382 5034 potius
3434 4962 3570 5017 dicti
3631 4978 3657 5013 a

1970 5055 2190 5125 Lynceo
2228 5071 2340 5108 uno
2374 5070 2441 5108 ex
2469 5054 2832 5125 Argonautis,
2869 5053 3198 5107 acutissima
3227 5054 3525 5107 oculorum
3545 5052 3662 5104 acie

1968 5142 2212 5213 praedito
2252 5143 2351 5215 qui
2378 5142 2463 5213 (ut
2492 5147 2576 5197 est
2604 5142 2663 5195 in
2694 5142 2900 5196 fabulis
2930 5148 2986 5197 et
3018 5142 3194 5196 tradit
3260 5138 3667 5209 Hieronymus)

1971 5232 2267 5286 dicebatur
2316 5232 2507 5286 videre
2564 5236 2720 5285 trans
2762 5232 3092 5302 parietem:
3128 5232 3229 5303 qui
3278 5233 3362 5300 (ut
3411 5226 3664 5282 historici

1970 5322 2179 5387 ferunt)
2213 5321 2504 5391 conspexit
2528 5320 2899 5375 novissimam
2930 5323 3125 5374 lunam
3153 5321 3519 5390 primamque
3565 5331 3667 5368 eo—

1901 5458 1913 5471 ,
1970 5409 2100 5463 dem
2131 5408 2221 5462 die
2271 5409 2329 5461 in
2391 5409 2554 5478 signo
2603 5410 2839 5464 Ariete:
2893 5409 3047 5480 quod
3074 5406 3283 5479 ,paucis
3336 5403 3667 5458 mortalium

1971 5499 2213 5567 contigit
2258 5497 2506 5551 vidisse:
2562 5504 2618 5552 et
2658 5498 2789 5553 inde
2847 5498 3038 5552 fabula
3076 5503 3200 5549 orta
3256 5498 3341 5547 est
3391 5492 3663 5547 cernendi

1970 5588 2217 5657 Lynceo,
2252 5592 2317 5641 ut
2338 5586 2503 5641 docet
2532 5588 2769 5642 Plinius.
2803 5590 2882 5641 De
2906 5588 3013 5640 hoc
3044 5586 3124 5638 ait
3157 5584 3385 5638 Flaccus
3420 5598 3432 5636 :

2222 5675 2378 5725 Solus
2405 5677 2647 5726 transibit
2674 5676 2856 5725 nubila
2882 5675 3122 5736 Lynceus
3156 5686 3167 5721 :
