4054 6184
368 230 502 285 1019

1091 230 1440 288 APPENDIX
1480 233 1570 287 AD
1610 232 1858 291 LIBROS
1899 234 1995 291 DE
2031 233 2555 294 CONSOLATIONE
2595 238 3107 296 PHILOSOPHIIE.

3722 246 3877 298 10‘20

360 366 541 439 Hujus
561 365 827 423 meminit
855 364 1117 422 Horatius
1163 367 1223 422 in
1250 367 1511 438 Epistolis
1550 374 1605 423 et
1632 368 1695 423 in
1739 369 2045 426 Sermoni-
2078 371 2127 425 Α
2155 371 2315 425 malis
2349 370 2572 426 laudari
2589 371 2797 441 cupiat,
2847 373 2987 428 hunc
3016 374 3320 443 improbum
3351 390 3462 431 esse
3490 392 3689 433 necesse
3723 382 3819 432 est
3848 390 3864 428 :

358 456 465 511 bus
495 456 638 512 dixit
672 473 687 511 :

853 527 926 591 lfle
958 526 1193 591 corporis
1214 527 1413 591 optima
1437 527 1639 591 lynceis

607 588 970 652 Contemplere
1005 588 1191 639 oculis.

358 669 563 740 Lyncei
588 670 806 725 mentio
849 669 915 724 ﬁt
960 670 1110 740 apud
1157 669 1407 725 eruditos
1444 670 1732 743 frequens,
1762 676 1819 727 et
1848 670 2049 744 impri-

364 759 472 814 mis
506 758 657 830 apud
698 758 1028 813 Ciceronem
1061 763 1118 812 et
1148 758 1466 829 'Apuleium
1507 766 1562 814 et
1590 761 1881 816 Senecam.
1938 762 2051 815 Me-

358 848 530 903 minit
561 853 618 902 et
647 847 820 919 hujus
853 849 1011 902 Plato
1043 847 1104 901 in
1144 848 1383 919 epistola
1410 850 1676 920 quadam.
1724 850 2052 905 Aristoteles

358 938 416 992 in
462 935 653 1008 primo
684 937 753 991 de
774 936 1152 992 Generatione
1175 942 1231 990 et
1263 937 1642 1008 Corruptione
1674 938 1818 993 libro
1854 956 1867 993 :
1911 941 2051 995 Nam

356 1042 475 1096 qua
492 1027 716 1081 debilem
736 1029 913 1081 visum
954 1027 1175 1080 habenti
1202 1028 1367 1081 mista
1406 1032 1600 1093 essent,
1654 1034 1812 1084 acute
1841 1029 2055 1084 videnti

355 1116 436 1185 (ut
467 1117 709 1185 lynceum
737 1114 958 1170 habenti
987 1115 1217 1187 oculum)
1262 1131 1367 1171 non
1397 1121 1569 1171 essent
1605 1120 1787 1173 mista.
1838 1118 2052 1172 Aristo-

360 1204 576 1275 phanes
602 1202 662 1257 in
692 1203 858 1258 Pluto
893 1219 907 1256 :

537 1291 873 1356 Faxoyideas
901 1291 985 1340 vel
1016 1291 1204 1356 lynceo
1229 1292 1342 1355 ipso
1379 1294 1609 1342 acutius.

359 1372 638 1428 Lucianus
657 1373 718 1427 in
765 1371 1168 1426 Hermotimo:
1224 1375 1304 1427 Tu
1353 1389 1474 1427 vero
1516 1374 1669 1429 nobis
1723 1377 1842 1444 ipso
1892 1378 2055 1428 etiam

358 1462 543 1533 lynceo
566 1462 1014 1532 perspicaciores,
1057 1464 1157 1530 qui
1202 1461 1390 1531 (sicuti
1431 1462 1669 1532 videtur)
1723 1478 1823 1530 per
1864 1467 2053 1532 pectus

353 1552 554 1619 ipsum,
582 1566 701 1620 qua
724 1554 851 1605 sunt
875 1552 1028 1605 intus
1086 1552 1281 1604 cernis.
1325 1550 1471 1605 Sunt
1498 1550 1597 1621 qui
1631 1550 1863 1605 tradant
1894 1552 2051 1621 Lyn—

2156 462 2361 528 quippe
2390 476 2559 514 unum
2584 460 2836 531 quodque
2864 477 2960 516 suo
2986 465 3159 517 simili
3188 464 3409 532 gaudet.
3444 467 3641 520 Bonam
3665 469 3867 520 autem

2154 549 2521 604 valetudinem
2579 551 2800 604 aurium
2845 556 3068 619 queret,
3094 555 3145 607 si
3176 553 3454 619 didicerit,
3508 570 3612 607 non
3650 567 3874 624 parvos

2158 640 2334 692 animi
2365 639 2576 694 morbos
2615 639 2684 693 ab
2707 640 2904 694 auditu
2934 643 3089 694 oriri.
3123 641 3226 706 Qui
3246 642 3456 697 viribus
3486 647 3717 712 corporis
3748 658 3879 696 cer-

2154 730 2322 782 vicem
2356 729 2547 793 elevat,
2578 731 2970 783 atrocissimas
3018 734 3143 784 ante
3183 731 3360 785 oculos
3404 731 3607 786 belluas
3656 737 3869 801 ponat.

2160 817 2243 870 Ita
2273 820 2414 870 enim
2458 818 2722 884 intelliget
2776 820 3148 887 turpissimum
3206 834 3317 874 esse
3366 822 3607 886 ferarum
3642 820 3876 876 viribus

2158 905 2433 960 hominum
2462 907 2711 975 gloriari.
2745 907 3153 963 Formositatem
3182 913 3420 979 corporis
3439 908 3665 981 jactare,
3696 925 3873 964 men-

2162 996 2232 1049 tis
2264 1010 2474 1064 compos
2506 1011 2656 1050 nemo
2682 999 2902 1065 poterit,
2937 1012 3057 1065 qua:
3107 998 3256 1052 brevi
3304 999 3437 1053 adeo
3476 1001 3870 1065 exstinguitur

2163 1088 2414 1153 tempore,
2450 1089 2509 1137 ut
2538 1089 2831 1154 antequam
2858 1088 3162 1153 ﬂorescant,
3212 1087 3523 1155 defloruisse
3550 1089 3819 1142 videatur
3856 1105 3869 1141 :

2159 1175 2461 1240 prxsertim
2486 1189 2604 1227 cum
2635 1176 2800 1228 etiam
2824 1177 3135 1229 inanimata
3154 1179 3289 1230 artis
3315 1191 3485 1246 opera
3498 1178 3669 1245 picta,
3699 1180 3873 1243 ﬁcta,

2163 1265 2314 1313 texta
2337 1276 2444 1314 non
2478 1277 2655 1330 parva
2680 1263 2866 1316 videat
2912 1269 3127 1318 exstare
3152 1264 3580 1333 pulchritudine.
3615 1266 3874 1331 Quorum

2163 1350 2400 1402 omnium
2424 1349 2567 1405 nihil
2597 1366 2839 1419 unquam
2880 1352 3030 1421 apud
3070 1356 3237 1406 Deum
3277 1356 3417 1407 inter
3467 1354 3603 1407 bona
3640 1369 3873 1407 enume-

2162 1443 2345 1491 ratum
2384 1443 2463 1493 est
2496 1454 2508 1492 :
2557 1439 2694 1508 quid
2724 1440 2845 1494 dico
2874 1441 3027 1509 apud
3074 1444 3262 1509 Deum,
3320 1458 3441 1497 cum
3487 1458 3654 1512 neque
3687 1444 3880 1512 periti

2165 1527 2423 1594 homines,
2449 1530 2547 1596 qui
2592 1534 2730 1583 recte
2763 1530 3240 1599 philosophantur,
3295 1531 3432 1585 bona
3480 1532 3711 1586 caducas
3764 1533 3877 1586 has

355 1618 838 1709 deumrlprimum
882 1638 1166 1708 reperisse
1215 1638 1441 1693 fodinas
1500 1618 1862 1694 metallorum
1907 1618 2056 1708 ieris,
2101 1632 2274 1718 Βξεξδν
2306 1621 2403 1671 “ut
2456 1618 2815 1683 arbitrentur,
2861 1624 2959 1673 aut
2990 1620 3299 1689 appellent?
3349 1621 3626 1675 Hactenus
3684 1622 3875 1675 Euse'

353 1727 597 1798 argenti,
633 1727 784 1789 auri,
820 1730 875 1779 et
907 1726 1041 1780 hinc
1073 1727 1248 1797 vulgo
1282 1731 1473 1780 natam
1495 1727 1770 1794 fabulam,
1806 1729 1962 1800 quod
1992 1745 2060 1783 ea

353 1831 591 1887 quoque
622 1815 864 1881 videret,
899 1830 1029 1886 quae
1061 1815 1167 1869 sub
1189 1820 1342 1870 terra
1370 1816 1576 1870 forent.
1611 1817 1953 1887 Apollonius
1997 1818 2054 1872 in

356 1902 758 1975 Argonauticis
780 1903 980 1959 scribit
1008 1904 1160 1958 hunc
1187 1905 1475 1975 Lynceum
1498 1921 1681 1976 usque
1712 1907 1855 1961 adeo
1879 1906 2056 1962 fuisse

352 1993 763 2066 perspicacem,
791 1998 855 2048 ut
884 1994 1057 2049 etiam
1102 1999 1315 2048 terram
1354 1993 1539 2064 ipsam
1570 1995 1872 2050 oculorum
1933 1996 2053 2052 acie

354 2085 702 2155 penetraret,
738 2098 983 2154 quaeque
1008 2082 1159 2154 apud
1190 2082 1405 2136 inferos
1436 2082 1661 2152 ﬁerent,
1707 2084 2052 2156 pervideret.

352 2174 557 2227 Versus
586 2172 710 2242 ejus
741 2172 1007 2227 Erasmus
1058 2171 1147 2225 vir
1189 2171 1581 2239 doctissimus,
1640 2173 1916 2245 idemque
1968 2174 2055 2230 di-

351 2260 703 2317 sertissimus
733 2260 812 2315 sic
832 2260 1243 2331 interpretatus
1264 2266 1349 2315 est
1374 2277 1386 2314 :

473 2366 540 2429 At
563 2366 707 2429 miro
730 2366 873 2414 visus
902 2365 1133 2429 pollebat
1162 2365 1405 2429 acumine
1431 2366 1696 2429 Lynceus,

476 2428 530 2477 Si
583 2426 919 2490 imodorvera'
949 2431 1031 2490 est
1061 2427 1421 2490 fama,ivirum
1453 2426 1572 2490 qua:
1597 2426 1854 2490 praedicat
1881 2428 2053 2487 illum,

474 2489 726 2538 Perfacile
752 2489 1047 2552 inspexisse
1068 2489 1167 2537 sub
1200 2489 1319 2538 altis
1355 2489 1568 2538 condita
1596 2489 1751 2539 terris

351 2586 629 2642 Eusebius
685 2585 830 2641 libro
862 2587 931 2641 de
974 2586 1310 2657 Evangelica
1344 2589 1463 2641 Prae
1490 2587 1788 2657 paratione
1834 2592 2053 2656 octavo,

350 2674 535 2746 capite
567 2675 770 2747 quinto
804 2692 816 2729 :
867 2676 958 2730 Ad
982 2676 1094 2729 hzc
1148 2677 1301 2743 longe
1326 2676 1476 2731 absis
1507 2693 1541 2730 a
1565 2679 1815 2744 veritate,
1849 2679 1900 2732 si
1943 2694 2057 2732 ma-

348 2764 521 2819 lorum
551 2765 787 2834 aliquem
814 2766 1025 2832 felicem
1051 2765 1368 2829 arbitraris,
1408 2768 1628 2821 etiamsi
1656 2767 1829 2823 Croeso
1859 2767 2054 2834 ditior,

351 2856 565 2909 acutior
586 2856 708 2909 visu
736 2870 901 2923 quam
932 2856 1195 2923 Lynceus,
1245 2854 1548 2923 majoribus
1587 2857 1827 2925 corporis
1846 2856 2056 2911 viribus

2170 1706 2318 1760 bius.

2239 1794 2576 1865 Alcibiades]
2607 1795 2926 1850 Alcibiades
2959 1796 3321 1852 Atheniensis
3360 1813 3476 1853 non
3515 1798 3702 1853 solum
3734 1798 3863 1853 dux

2166 1882 2432 1954 inclytus,
2483 1884 2582 1939 sed
2613 1884 2673 1938 in
2706 1884 2947 1940 dicendo
2985 1885 3157 1940 etiam
3186 1886 3694 1957 eloquentissimus
3724 1889 3866 1953 fuit,

2166 1978 2229 2027 ut
2256 1973 2664 2028 Demosthenes
2689 1980 2744 2027 et
2774 1975 3194 2045 Theophrastus
3218 1976 3595 2031 tradiderunt.
3618 1978 3690 2031 Ut
3725 1979 3868 2031 Pro-

2164 2062 2270 2116 bus
2302 2060 2400 2127 ait,
2424 2061 2531 2115 fuit
2557 2062 2817 2116 omnium
2845 2064 3027 2117 aitatis
3059 2081 3173 2117 suae
3197 2066 3378 2119 multo
3399 2065 3861 2120 formosissimus

2167 2151 2236 2205 ad
2268 2166 2464 2205 omnes
2487 2166 2578 2205 res
2623 2156 2807 2222 aptus,
2842 2152 3093 2206 consiliis
3122 2154 3351 2223 plenus,
3390 2160 3542 2208 terra
3596 2157 3865 2227 marique

2166 2255 2426 2294 summus
2456 2239 2791 2309 imperator,
2826 2241 2987 2312 cujus
3020 2245 3179 2296 tanta
3211 2247 3333 2295 erat
3363 2244 3478 2296 oris
3523 2249 3699 2315 atque
3730 2262 3861 2299 ora-

2164 2328 2335 2383 tionis
2368 2329 2811 2396 commendatio,
2843 2335 2906 2385 ut
2936 2346 3108 2384 nemo
3152 2331 3204 2384 ei
3240 2330 3481 2387 dicendo
3514 2338 3712 2401 posset
3771 2351 3864 2388 re-

2166 2416 2382 2481 sistere,
2453 2416 2632 2482 dives,
2696 2432 2825 2471 cum
2898 2420 3123 2487 tempus
3176 2424 3455 2489 posceret,
3516 2421 3861 2489 laboriosus,

2168 2504 2411 2574 patiens,
2448 2504 2722 2571 liberalis,
2746 2506 3078 2576 splendidus
3101 2523 3218 2561 non
3250 2509 3439 2562 minus
3461 2508 3522 2562 in
3548 2509 3665 2563 vita
3689 2526 3864 2581 quam

2168 2593 2227 2646 in
2254 2593 2428 2661 victu,
2479 2593 2743 2661 affabilis,
2786 2594 3055 2658 blandus,
3095 2597 3454 2667 temporibus
3496 2598 3865 2653 callidissime

2167 2682 2436 2738 serviens.
2471 2683 2631 2738 Idem
2663 2682 2834 2737 simul
2875 2689 3049 2755 atque
3081 2701 3140 2739 se
3196 2686 3543 2753 remittebat,
3593 2688 3674 2740 ita
3706 2688 3866 2741 luxu-

2166 2771 2372 2838 riosus,
2406 2771 2733 2839 dissolutus,
2774 2771 3135 2842 libidinosus,
3182 2774 3576 2846 intemperans
3608 2777 3862 2847 reperie-

2167 2861 2355 2928 batur,
2384 2865 2448 2914 ut
2476 2876 2671 2915 omnes
2700 2862 3124 2917 admirarentur
3152 2862 3212 2917 in
3232 2880 3345 2917 uno
3376 2864 3611 2919 homine
3645 2870 3860 2919 tantam

349 2958 513 3011 quam
575 2943 888 2999 Crotoniata
935 2944 1027 2998 ille
1066 2944 1216 3006 Milo,
1278 2943 1588 3012 Ganymede
1625 2946 1919 3011 formosior
1957 2949 2047 3010 sit,
2093 2944 2133 3000 C
2164 2966 2284 3005 esse
2316 2949 2863 3018 dissimilitudinem,
2900 2956 3069 3022 atque
3102 2955 3218 3007 tam
3251 2953 3529 3008 diversam
3566 2959 3850 3009 naturam.

352 3031 705 3101 omnibusque
733 3032 863 3086 aliis
914 3034 1153 3100 corporis
1183 3032 1544 3087 exterioribus
1593 3032 1743 3087 bonis
1793 3032 2049 3087 abundet.

348 3118 454 3183 Qui
513 3122 657 3173 enim
706 3124 934 3174 mentem
994 3135 1153 3174 suam
1210 3122 1577 3189 plurimorum
1628 3119 1937 3175 dominatui
1992 3137 2053 3175 ac

344 3208 701 3276 pessimorum
716 3208 966 3277 subjecit,
997 3209 1297 3278 cupidinis,
1345 3209 1567 3275 doloris,
1605 3211 1837 3275 timoris,
1869 3211 2054 3265 stulti-

351 3300 459 3361 tix,
499 3298 751 3364 inscitiae,
784 3298 927 3361 felix
957 3302 1121 3367 atque
1166 3298 1352 3352 beatus
1373 3313 1483 3353 esse
1525 3298 1675 3352 nullo
1704 3299 1858 3354 modo
1902 3303 2054 3368 pote~

350 3386 445 3451 rit,
496 3386 712 3439 etiamsi
764 3387 925 3453 vulgo
983 3385 1168 3439 beatus
1227 3387 1555 3455 appelletur.
1598 3388 1738 3443 Nam
1780 3390 1831 3442 si
1878 3389 2056 3441 animi

349 3473 527 3527 oculos
556 3487 855 3541 parumper
884 3473 1119 3527 volueris
1167 3475 1395 3539 elevare,
1455 3480 1619 3543 atque
1676 3478 1762 3545 (ut
1798 3477 2054 3545 possibile

355 3561 557 3615 'tomini
577 3560 673 3630 est)
696 3560 761 3613 de
787 3575 910 3615 vero
955 3561 1087 3614 bono
1117 3561 1478 3627 considerare,
1521 3566 1703 3617 omnia
1738 3580 1857 3632 qua
1910 3580 2051 3619 nunc

348 3648 621 3704 admirari
638 3648 865 3715 videris,
898 3663 1094 3715 magno
1125 3651 1246 3703 risu
1268 3652 1632 3719 prosequeris.
1666 3652 1886 3720 Semper
1908 3656 2049 3707 enim

349 3753 469 3793 cum
498 3740 723 3793 meliora
754 3739 979 3805 lateant,
1006 3741 1063 3792 in
1093 3739 1267 3793 locum
1293 3754 1479 3793 eorum
1508 3740 1658 3794 mala
1686 3742 2052 3811 irrumpentia

348 3826 665 3881 laudantur.
696 3828 829 3884 Cum
857 3842 981 3882 vero
1002 3828 1060 3881 in
1075 3827 1319 3882 medium
1340 3827 1547 3883 adsunt
1569 3829 1726 3897 bona,
1778 3834 1903 3885 tunc
1933 3847 2051 3900 quae

349 3919 625 3970 contraria
653 3921 800 3984 sunt,
837 3916 937 3971 hac
993 3916 1108 3971 luce
1154 3916 1454 3973 dilucidius
1507 3919 1843 3988 turpidinem
1894 3934 2048 3975 suam

349 4004 654 4060 ostendunt.
698 4006 760 4060 Si
803 4020 928 4075 ergo
960 4005 1208 4060 divinum
1243 4006 1385 4061 illud
1412 4007 1605 4062 bonum
1636 4013 1809 4062 mente
1861 4024 2044 4064 conce-

346 4095 512 4162 peris,
534 4094 677 4148 nihil
704 4110 885 4149 eorum
916 4110 1034 4165 qua
1063 4095 1265 4151 dixisti
1314 4097 1480 4163 facile
1513 4096 1664 4166 apud
1694 4099 1913 4152 vitiosos
1961 4100 2045 4152 ir.-

347 4183 544 4246 veniri,
566 4185 708 4237 inter
720 4183 858 4238 bona
867 4183 1179 4254 fcollocabis.
1204 4187 1609 4240 Pretiosissima
1630 4202 1819 4254 nempe
1830 4187 2048 4241 illorum

349 4272 566 4338 argenti
584 4276 748 4339 atque
763 4275 890 4326 auri
910 4275 1132 4328 metalla
1151 4277 1299 4337 sunt,
1327 4289 1445 4342 quae
1465 4290 1499 4327 a
1511 4276 1751 4343 pessima
1778 4274 2047 4329 terrarum

343 4363 504 4427 parte
525 4360 697 4413 solent
721 4360 965 4429 prodire.
1009 4363 1342 4416 Permultum
1388 4376 1623 4431 namque
1670 4365 1913 4433 profecto
1956 4366 2045 4417 in-

348 4451 510 4502 terest
543 4449 685 4503 inter
704 4450 1043 4503 metallorum
1054 4451 1397 4505 sterilitatem
1414 4455 1465 4506 et
1478 4450 1869 4519 fecunditatem
1893 4456 2046 4507 terra?

349 4550 457 4590 non
486 4536 793 4591 metallosx.
843 4538 1021 4604 Longe
1045 4541 1247 4607 quippe
1272 4538 1424 4593 abest
1452 4542 1667 4606 argenti
1699 4546 1864 4611 atque
1920 4544 2049 4596 auri

346 4628 549 4679 natura
568 4641 603 4679 a
623 4625 860 4681 bonitate
878 4628 1122 4694 frugum,
1143 4628 1259 4681 sine
1285 4627 1483 4695 quibus
1503 4630 1681 4683 vivere
1703 4632 1989 4698 nequimus
2024 4647 2037 4685 :

348 4713 496 4783 quod
531 4717 771 4769 maxime
816 4716 877 4768 in
908 4729 1134 4769 annona:
1172 4718 1321 4783 patet
1353 4718 1603 4771 caritate.
1664 4718 1856 4773 Omnes
1904 4723 2046 4773 enim

350 4801 628 4857 thesauros
659 4818 763 4872 pro
815 4802 1013 4858 modici
1043 4805 1297 4872 temporis
1326 4805 1581 4861 alimento
1627 4811 1769 4860 recte
1821 4813 2048 4877 propter

348 4889 715 4944 necessitatem
734 4888 1050 4959 judicantes
1071 4891 1297 4946 libenter
1331 4906 1509 4948 omnes
1534 4894 1800 4963 projicere
1850 4896 2043 4950 solent.

349 4976 579 5043 Quando
598 4982 778 5032 autem
824 4982 1133 5034 necessaria
1160 4980 1315 5035 nobis
1345 4982 1612 5036 cumulate
1653 4985 1909 5051 afﬂuunt,
1946 5000 2044 5038 na-

350 5071 485 5121 turae
516 5065 671 5120 bonis
699 5066 1060 5135 abundantes,
1094 5071 1329 5124 contenti
1354 5084 1463 5125 esse
1485 5086 1595 5124 non
1604 5086 1911 5140 possumus,
1955 5073 2049 5128 sed

348 5160 572 5224 argento
625 5160 788 5227 atque
843 5173 979 5212 auro
1035 5159 1332 5227 inhiantes,
1368 5164 1417 5214 et
1451 5163 1614 5229 quasi
1649 5163 1819 5217 oculis
1872 5166 2044 5233 capti,

352 5250 560 5301 terreno
589 5246 823 5315 pondere
860 5247 964 5302 huc
1008 5251 1171 5317 atque
1199 5250 1329 5304 illuc
1350 5255 1578 5320 propter
1631 5254 1927 5307 avaritiam
1964 5255 2046 5319 fe-

349 5337 545 5401 rimur,
569 5337 929 5405 continuoque
949 5338 1188 5406 pecunia
1208 5340 1393 5405 gratia
1413 5338 1545 5393 bello
1556 5355 1837 5395 vexamur.
1868 5343 2049 5396 Vestes

348 5424 514 5476 etiam
541 5426 861 5493 magniﬁcas
889 5427 1157 5494 cupimus,
1190 5441 1309 5494 qua:
1338 5426 1481 5481 nihil
1511 5429 1667 5483 aliud
1696 5434 1821 5484 sunt
1887 5446 2050 5499 quam

353 5514 597 5565 textoriae
620 5517 758 5567 artis
789 5514 978 5568 laudes
997 5512 1078 5568 "et
1121 5516 1216 5581 flos
1274 5516 1474 5581 ovium,
1509 5521 1569 5570 ut
1597 5521 1850 5574 nonnulli
1882 5526 2052 5590 poetz

353 5596 634 5654 dixerunt.
668 5600 773 5667 Qui
798 5617 920 5656 vero
972 5603 1160 5671 gloriae
1218 5602 1350 5658 adeo
1379 5603 1612 5673 cupidus
1665 5613 1765 5676 est,
1816 5613 1879 5662 ut
1906 5610 1990 5663 vel
2016 5624 2051 5663 a

2165 3039 2337 3093 Multa
2366 3038 2436 3093 de
2466 3054 2533 3093 eo
2556 3039 2727 3093 refert
2747 3040 3121 3111 Thucydides.
3165 3042 3345 3095 Vitam
3366 3043 3629 3113 ejusdem
3675 3044 3847 3098 habes

2162 3128 2310 3198 apud
2386 3128 2775 3196 Plutarchum,
2832 3133 2888 3183 et
2935 3146 3107 3201 quem
3166 3130 3341 3184 modo
3386 3131 3553 3185 citavi
3600 3134 3846 3187 Probum

2162 3216 2475 3272 Emilium.
2506 3216 2673 3288 Apud
2702 3217 3014 3274 Marsilium
3043 3219 3299 3274 Ficinum
3322 3220 3383 3273 in
3422 3221 3848 3276 Commentario

2161 3305 2449 3360 Socratem
2489 3306 2639 3360 inter
2660 3307 2770 3361 alia
2795 3307 3034 3362 diotima
3065 3308 3154 3362 his
3185 3309 3501 3380 alloquitur
3533 3328 3544 3364 :
3576 3311 3642 3366 Si
3687 3313 3855 3367 oculos

2161 3395 2262 3448 tibi
2293 3396 2501 3462 lynceos
2550 3399 2755 3450 natura
2784 3395 3042 3463 dedisset,
3072 3400 3150 3452 mi
3214 3400 3481 3464 Socrates,
3535 3404 3595 3452 ut
3644 3406 3852 3468 aspectu

2162 3485 2411 3553 quaelibet
2433 3487 2771 3539 occurrentia
2822 3491 3157 3554 penetrares,
3205 3488 3666 3553 formosissimum
3722 3488 3855 3541 illud

2159 3576 2494 3629 extrinsecus
2522 3573 2836 3629 Alcibiadi:
2872 3576 2959 3628 tui
2986 3590 3180 3645 corpus
3214 3576 3317 3629 tibi
3347 3578 3725 3646 turpissimum
3776 3579 3850 3630 vi-

2159 3662 2377 3716 deretur
2389 3702 2404 3717 .

2235 3751 2524 3806 Triduanx
2559 3752 2753 3822 febris]
2786 3751 2979 3807 Febris
3029 3752 3201 3808 trium
3252 3753 3495 3809 dierum.
3529 3754 3846 3817 Sciendum,

2159 3844 2301 3895 teste
2360 3841 2573 3906 Servio,
2608 3842 2847 3908 febrem,
2896 3841 3031 3897 licet
3070 3859 3101 3895 a
3146 3842 3368 3897 fervore
3424 3844 3577 3897 dicta
3606 3845 3700 3910 sit,
3734 3860 3845 3898 esse

2158 3930 2333 3984 etiam
2402 3929 2687 4001 frigidam.
2743 3932 2850 3986 Per
2898 3931 3345 3987 diminutionem
3396 3932 3607 3986 dicitur
3681 3933 3843 3987 febri-

2156 4019 2304 4071 cula.

2227 4106 2478 4179 Dissolvi]
2510 4108 2836 4179 Corrumpi.
2872 4108 3043 4163 Divus
3081 4108 3408 4163 Ambrosius
3464 4109 3610 4165 libro
3643 4112 3840 4165 Hexae-

2162 4211 2360 4250 meron
2418 4197 2624 4251 tertio:
2685 4197 2853 4252 Hodie
2914 4198 3100 4252 videas
3142 4198 3527 4253 adolescentem
3582 4200 3842 4262 validum,

2088 4314 2131 4367 Β
2160 4286 2494 4355 pubescentis
2523 4289 2698 4342 aetatis
2723 4289 2924 4341 virtute
2942 4290 3233 4355 ﬂorentem,
3276 4293 3440 4355 grata
3470 4291 3662 4357 specie,
3696 4290 3848 4342 suavi

2159 4376 2348 4430 colore.
2374 4378 2627 4432 Crastina
2650 4375 2739 4428 die
2776 4375 2879 4429 tibi
2904 4374 3047 4441 facie
3083 4380 3133 4429 et
3158 4392 3247 4430 ore
3295 4382 3535 4431 mutatus
3595 4381 3838 4441 occurrit,

2158 4468 2209 4517 et
2237 4466 2335 4533 qui
2357 4463 2541 4532 pridie
2588 4463 2689 4516 tibi
2719 4464 3056 4519 lautissimus
3103 4464 3289 4519 decore
3325 4467 3516 4530 formae
3563 4470 3712 4521 visus
3766 4472 3835 4520 est

2154 4554 2359 4622 gratia,
2391 4553 2498 4606 alio
2526 4552 2615 4605 die
2646 4552 2990 4607 miserandus
3019 4558 3272 4623 apparet,
3294 4556 3647 4622 aegritudinis
3671 4558 3840 4625 felicu-

2148 4642 2243 4712 jus
2272 4644 2589 4710 inﬁrmitate
2638 4643 2922 4696 resolutus.
2960 4642 3130 4695 Divus
3184 4643 3504 4697 Bernardus
3546 4645 3607 4699 in
3658 4646 3835 4699 libello

2157 4729 2227 4785 de
2273 4745 2498 4783 morum
2533 4728 2901 4783 Institutione
2938 4746 2950 4784 :
2986 4730 3174 4795 Qualis
3212 4736 3292 4785 est
3332 4734 3440 4787 ista
3469 4734 3829 4803 pulchritudo,

2156 4836 2320 4889 quam
2343 4821 2471 4874 levis
2509 4821 2801 4886 febricula,
2824 4824 2875 4874 et
2912 4835 3114 4887 rugosa
3138 4825 3376 4876 senectus
3414 4825 3495 4877 ita
3536 4828 3703 4878 totam
3734 4823 3833 4877 dis-

2154 4910 2335 4975 solvit,
2369 4915 2429 4963 ut
2458 4924 2552 4963 nec
2582 4910 2758 4975 fuisse
2783 4913 3007 4978 putetur
3025 4913 3054 4964 ?

2722 5042 2790 5096 IN
2834 5042 3121 5097 METRUM
3158 5043 3303 5098 VIII.

2230 5166 2471 5220 Carmen
2513 5164 2739 5221 dicolon
2774 5171 2880 5233 est,
2924 5171 3190 5221 constans
3220 5168 3400 5222 altero
3433 5184 3601 5223 versu
3659 5168 3835 5224 Ascle—

2159 5256 2386 5327 piadeo,
2419 5256 2826 5321 choriambico,
2875 5256 3054 5311 altero
3103 5256 3351 5311 dimetro
3387 5258 3660 5314 iambico.
3709 5260 3834 5313 Mor-

2157 5345 2299 5399 tales
2325 5344 2407 5400 ait
2460 5350 2691 5399 ceeteras
2742 5361 2833 5399 res
2893 5362 3147 5416 quonam
3187 5347 3310 5400 loco
3361 5349 3664 5418 quaesituri
3716 5346 3831 5409 sint,

2160 5434 2338 5505 probe
2417 5435 2661 5488 callere:
2736 5434 3158 5490 beatitudinem
3204 5452 3359 5500 vero,
3441 5437 3539 5491 ubi
3601 5433 3831 5490 nancisci

2160 5522 2399 5594 possint,
2433 5539 2667 5594 prorsus
2697 5522 2983 5593 ignorare.

2231 5611 2357 5678 Quae
2434 5613 2769 5682 ignorantia]
2827 5613 3068 5677 Quanta.
3122 5612 3268 5668 Sunt
3342 5613 3707 5686 exemplaria,
3772 5611 3823 5664 in
