4048 6176
164 256 295 311 1021

1425 258 1806 315 MUBMELLII
1846 259 2363 317 COMMENTARIA.

3528 265 3663 318 {022

156 386 369 457 quibus
402 384 609 456 legitur
627 386 849 457 quanti,
882 391 1165 458 quantum
1185 390 1273 444 vel
1304 389 1563 455 miseros,
1585 392 1671 446 vel
1688 392 1850 448 devio
1890 394 2096 450 Atatis
2142 396 2409 451 ostendit.
2462 398 2587 453 Jam
2635 411 2830 450 causas
2884 395 3072 451 reddit
3127 411 3229 451 cur
3274 396 3337 452 in
3386 397 3479 453 his
3525 414 3661 469 qua:

158 474 416 529 tramite.

229 565 488 633 Capreas]
546 563 845 620 Silvestres
900 582 1125 638 capras.
1186 568 1650 639 Capreadicitur
1694 570 1860 627 silve-

158 653 298 708 stris
331 669 522 724 capra.
558 653 830 708 Martialis
854 670 865 709 :

288 740 607 808 Pendentem
639 756 848 791 summa
871 757 1106 808 capreae
1119 743 1190 808 de
1209 758 1338 808 rupe
1361 745 1583 796 videbis.

352 804 603 852 Casuram
634 818 831 867 speres,
862 804 1056 869 decipit
1076 806 1167 856 illa
1195 804 1373 858 caries.

235 902 527 971 Tyrrhena
551 902 715 973 vada]
753 904 900 958 Mare
931 906 1196 960 Tuscum.
1230 905 1506 978 Tyrrheni
1548 907 1686 962 dicti
1730 913 1865 962 sunt

160 990 428 1044 Hetrusci
463 1007 494 1044 a
520 991 813 1061 Tyrrheno
857 1009 1011 1063 rege,
1059 1010 1188 1049 cum
1217 1011 1330 1066 quo
1364 1012 1430 1049 ex
1477 996 1647 1067 Lydia
1679 1013 1861 1068 quon-

161 1080 303 1134 dam
343 1079 403 1132 in
425 1080 652 1134 Italiam
682 1083 1187 1153 trausmigrarunt.

235 1171 518 1233 Recessus]
554 1168 766 1238 Spatia.

232 1255 446 1328 Niseis]
498 1257 784 1313 Caudinis.

236 1344 521 1416 Feracior]
549 1346 825 1401 Fertilior.

238 1439 444 1489 Tenere
472 1434 642 1507 pisce]
678 1435 826 1490 Molli
856 1435 1100 1506 piscium
1127 1453 1356 1508 genere.

240 1524 477 1592 Asperis
506 1523 726 1594 echinis]
767 1524 1144 1579 Couvenienti
1226 1542 1360 1580 usus
1433 1529 1519 1580 est
1595 1526 1865 1598 epitheto,

161 1609 409 1664 echinus
450 1609 601 1663 enim
648 1616 731 1664 est
774 1610 1079 1681 pisciculus
1129 1629 1196 1666 ex
1243 1629 1579 1668 cancrorum
1629 1630 1864 1685 genere,

160 1698 364 1770 spinas
403 1697 639 1766 habens,
688 1699 899 1770 quibus
948 1716 1052 1770 pro
1106 1699 1346 1771 pedibus
1392 1702 1595 1769 utitur,
1641 1703 1709 1757 de
1752 1718 1867 1773 quo
1908 1694 1946 1747 Β

162 1786 442 1842 Martialis
475 1803 488 1841 :

292 1894 547 1959 Isteilicet
575 1894 768 1959 digitos
789 1894 1062 1959 testudine
1090 1899 1292 1959 pungat
1316 1899 1497 1957 acuta,

392 1958 593 2007 Cortice
619 1957 858 2020 deposito
890 1957 1064 2006 mollis
1093 1957 1320 2007 echinus
1348 1959 1464 2008 erit.

161 2056 513 2111 Juveuahs:

296 2145 363 2193 Et
392 2144 553 2194 semel
575 2142 767 2207 aspecti
800 2144 947 2194 littus
976 2144 1211 2194 dicebate
1244 2144 1439 2194 echini.

164 2226 442 2280 Horatius
474 2225 533 2279 in
563 2225 935 2279 Sermouibus
971 2241 983 2278 :

298 2313 403 2378 Sed
427 2327 718 2378 nouiomue
747 2327 892 2378 mare
921 2317 1000 2378 est
1027 2327 1304 2378 generosae
1325 2311 1496 2364 fertile
1525 2318 1691 2374 testae,

298 2376 499 2424 Murice
536 2377 731 2439 Baiano
762 2376 951 2425 melior
978 2376 1202 2425 Lucrina
1226 2376 1442 2439 peloris,

301 2438 487 2487 Ostrea
518 2437 727 2495 Circeis,
757 2439 957 2487 Miseno
988 2437 1244 2488 oriuntur‘
1263 2439 1466 2496 Echini,

304 2500 611 2550 Pectiuibus
634 2501 829 2563 patulis
848 2500 1013 2563 jaclat
1036 2515 1090 2549 se
1119 2501 1282 2550 molle
1313 2504 1612 2557 Tarentum.

168 2601 355 2653 Vetus
378 2598 651 2669 adagium
695 2603 797 2665 est,
835 2598 1048 2653 Echino
1099 2600 1399 2670 asperior:
1454 2599 1607 2670 quod
1664 2598 1873 2653 dicitur

164 2688 231 2741 in
285 2687 589 2741 hominem
639 2687 1057 2742 intractabilem
1104 2692 1160 2742 et
1217 2688 1545 2742 iusuavibus
1597 2686 1871 2741 moribus.

166 2775 490 2829 Sciendum
545 2780 738 2830 autem
790 2782 877 2830 est
919 2793 1041 2831 esse
1103 2781 1159 2831 et
1201 2781 1532 2831 terrestrem
1578 2776 1869 2840 echinum,

170 2865 373 2937 spinis
404 2864 660 2935 undique
692 2865 963 2920 obsitum.

249 2954 519 3024 Quonam]
547 2955 669 3019 Quo
701 2955 847 3021 loco,
875 2954 989 3010 ubi.

249 3042 497 3115 Nescire]
535 3043 789 3098 Subaudi
822 3059 899 3097 se.

247 3133 561 3201 Sustineat]
605 3132 923 3185 Patiuntur.

249 3223 595 3289 Stelliferum
658 3219 870 3292 polum]
941 3219 1299 3291 Auastrophe
1365 3223 1472 3275 est.

174 3313 362 3384 Bigus
400 3327 413 3364 :

306 3419 602 3468 Contentus
633 3429 790 3467 nemo
818 3416 969 3476 vivit,
992 3415 1216 3465 meliora
1243 3414 1334 3478 sed
1361 3418 1523 3478 Optat.

376 3481 484 3529 Hoc
509 3480 676 3542 magis
705 3479 1018 3541 assequitur,
1043 3491 1147 3540 quo
1172 3476 1599 3542 meliora'magjs.

308 3543 391 3592 Ad
418 3539 685 3590 summum
710 3539 899 3590 natura
932 3539 1133 3589 bonum
1159 3553 1281 3588 cum
1315 3544 1498 3588 nostra
1524 3539 1741 3598 feratur,

378 3606 487 3654 Hoc
516 3604 723 3667 explere
753 3603 892 3652 sitim
924 3616 1092 3667 mens”
1111 3602 1298 3664 nequit
1326 3602 1379 3650 in
1401 3602 1605 3667 pelago.

310 3668 391 3717 Ad
418 3664 633 3729 superas
664 3679 796 3729 opus
825 3669 921 3729 est,
952 3667 1013 3713 ut
1028 3664 1208 3729 libera
1238 3664 1530 3729 transvolet
1560 3677 1726 3722 arces,

346 3726 568 3791 Gutture
597 3742 650 3777 se
674 3726 838 3791 pleno
864 3727 907 3774 si
940 3726 1132 3791 satiare
1159 3726 1324 3791 cupit.

309 3793 479 3841 Natus
510 3790 573 3839 ad
603 3787 845 3839 aetherem
876 3788 1065 3851 solatia
1092 3788 1309 3851 spiritus
1338 3787 1493 3851 aulai,

409 3855 635 3903 Terrena
666 3864 941 3913 nunquam
972 3850 1097 3900 sede
1124 3850 1336 3913 quietus
1364 3850 1479 3899 erit.

180 3952 379 4010 Stulte
428 3950 605 4022 igitur
636 3950 907 4005 mortales
937 3964 1132 4003 rerum
1178 3952 1538 4002 terrenarum
1578 3944 1887 4016 cupiditate

182 4040 473 4107 demersi,
528 4040 588 4093 in
636 4038 842 4092 tellure
874 4036 1202 4108 queritaut,
1272 4035 1427 4107 quod
1456 4050 1628 4105 supra
1685 4034 1887 4087 coelum

182 4130 537 4185 stelliferum
570 4132 652 4182 est
681 4128 1043 4181 collocatum.

266 4218 555 4288 Ambiant]
580 4216 904 4271 Ambiendo
930 4211 1499 4286 appetant.{Ambire,
1522 4214 1667 4266 teste
1683 4209 1885 4275 Nonio,

184 4307 483 4379 signiﬁcat
545 4305 835 4359 interdum
897 4302 1307 4359 ambitionibus
1370 4305 1659 4373 aqpetere.
1717 4300 1890 4354 Divus

186 4397 577 4467 Hieronymus
611 4412 623 4449 :
659 4396 875 4449 Divitiae
903 4410 1010 4448 non
1039 4398 1297 4448 secuturae
1325 4395 1447 4462 post
1485 4390 1716 4444 hominis
1745 4403 1891 4443 mor-

187 4492 300 4541 tem
358 4489 636 4539 amantur.
695 4486 879 4538 Honor
927 4484 1182 4550 fascium,
1231 4484 1328 4551 qui
1380 4496 1476 4549 per
1540 4492 1890 4534 successorem

185 4576 483 4635 exolescat,
517 4572 778 4627 ambitur.

264 4663 421 4732 Cum]
448 4663 780 4733 Postquam.

264 4751 453 4821 Falsa]
489 4750 730 4805 Fallacia
760 4748 933 4819 hujus
962 4745 1155 4802 saeculi
1189 4744 1359 4800 bona.

267 4843 443 4899 Gravi
470 4841 634 4911 Lmote]
689 4839 925 4894 Summa
966 4835 1304 4891 difﬁcultate
1354 4837 1411 4889 et
1440 4831 1705 4888 maximis
1734 4830 1893 4886 labo-

189 4932 377 4986 ribus.

268 5018 615 5087 Parauerint]
648 5013 1134 5087 Comparaverint.

276 5109 433 5178 Tum]
455 5110 629 5173 Tunc,
660 5104 889 5159 deinde.
915 5104 1059 5157 Vera
1079 5103 1249 5167 bona,
1285 5102 1350 5154 ut
1374 5097 1455 5154 ita
1482 5096 1895 5154 beatitudinem

194 5201 651 5268 consequantur,
687 5212 719 5248 a
758 5209 872 5265 qua
912 5192 1055 5255 falsa
1103 5190 1256 5245 bona
1285 5193 1505 5243 mentes
1558 5190 1796 5242 avocant
1844 5189 1901 5239 et

194 5286 513 5341 abducunt.
553 5285 712 5349 Nam,
749 5286 891 5336 teste
930 5279 1243 5347 Lactantio,
1278 5278 1425 5332 sicut
1455 5278 1523 5332 ad
1568 5291 1765 5331 verum
1796 5274 1897 5328 bo-

197 5391 342 5428 num
378 5390 479 5443 per
511 5371 731 5425 fallacia
753 5371 921 5437 mala,
948 5368 1028 5423 sic
1046 5368 1116 5423 ad
1138 5382 1339 5421 verum
1370 5367 1585 5420 malum
1617 5380 1720 5435 per
1746 5363 1901 5417 bona

198 5464 430 5519 fallacia
464 5461 809 5533 pervenitur.

1562 3220 1879 3275 Ludovicus

811 5550 884 5603 ΙΝ
908 5546 1189 5603 PROSAM
1212 5547 1294 5601 ιχ.

277 5642 568 5696 Hactenus
604 5638 801 5695 Boetio
838 5634 1208 5706 Philosophia
1253 5634 1405 5689 falsae
1441 5631 1687 5688 formam
1718 5627 1898 5684 felici-

1968 484 2241 539 mortales
2282 490 2561 555 appetunt
2599 499 2891 540 summum
2939 484 3158 539 bonum
3195 499 3315 540 non
3360 485 3542 556 possit
3570 486 3662 542 in-

1967 572 2170 642 veniri,
2201 574 2393 645 aitque
2421 574 2555 629 inde
2574 574 2887 628 maximum
2922 572 3259 628 hominibus
3292 589 3547 629 errorem
3578 593 3665 630 ac-

1969 663 2178 730 cidere,
2213 663 2364 735 quod
2409 663 2684 734 pravitate
2724 678 2833 718 sua
2875 662 2953 728 id,
3004 666 3146 734 puta
3192 678 3503 730 summum,
3548 664 3662 719 dis-

1968 753 2264 822 traxerint,
2285 753 2439 825 quod
2472 758 2672 823 suapte
2694 758 2897 807 natura
2927 752 3169 823 simplex
3191 741 3250 806 et
3276 751 3659 816 individuum,

1970 843 2190 897 nullam
2232 842 2450 913 patitur
2503 842 2834 896 sectionem.
2896 844 3034 896 Nam
3066 857 3200 895 vera
3258 841 3550 897 beatitudo
3597 858 3665 897 ea

1971 949 2101 1003 quas
2131 936 2358 1003 separat
2386 933 2624 986 stultum
2656 932 2880 1001 vulgus,
2907 931 3103 986 omnia
3129 931 3302 986 simul
3327 930 3657 1001 complecti-

1974 1028 2087 1087 tur,
2143 1020 2563 1089 sufﬁcientiam,
2596 1020 2935 1091 potentiam,
2993 1020 3392 1087 reverentiam,
3426 1020 3659 1075 celebri-

1973 1114 2150 1165 tatem
2181 1114 2237 1164 et
2281 1109 2539 1164 laetitiam
2574 1124 2585 1163 :
2638 1124 2887 1180 quorum
2918 1124 3100 1164 unum
3131 1108 3418 1179 quidlibet
3448 1109 3663 1180 absque

1974 1199 2210 1269 reliquis
2237 1214 2408 1253 nemo
2444 1214 2698 1269 unquam
2728 1201 2911 1268 potest
2936 1198 3211 1253 obtinere.

2044 1288 2337 1358 Hactenus]
2370 1288 2701 1358 Hucusque.

2046 1376 2341 1447 Mendacis]
2377 1376 2570 1431 Falsas.

2045 1464 2456 1537 Perspicaciter]
2487 1467 2685 1519 Acute.

2045 1554 2319 1626 Deinceps]
2370 1554 2603 1621 Deinde,
2645 1553 2948 1624 gradatim.

2052 1644 2233 1699 Veluti
2260 1640 2489 1714 rimuta]
2522 1643 2765 1698 Pulchra
2796 1640 3113 1695 translatio.

2046 1730 2263 1803 Malim]
2298 1732 2461 1800 Malo,
2506 1737 2569 1787 ut
2596 1730 2766 1785 velim
2798 1747 2901 1801 pro
2932 1731 3081 1784 volo.

2048 1817 2242 1890 Atqui]
2282 1819 2439 1875 Unde
2468 1819 2543 1873 sit
2587 1824 2748 1873 ortus
2791 1834 2950 1873 error
2986 1817 3279 1873 evidenter
3320 1816 3590 1881 ostendit,
3616 1817 3673 1870 et

1977 1907 2261 1979 gradatim
2283 1907 2451 1962 certis
2475 1906 2695 1978 colligit
2714 1905 3072 1977 argumentis
3090 1921 3267 1961 uuam
3290 1904 3669 1974 eamdemque

1979 2012 2099 2051 esse
2148 2000 2413 2050 naturam
2445 1995 2820 2060 sufﬁcientia,
2853 1993 3143 2064 potentiae,
3190 1992 3546 2058 reverentiae,
3580 2007 3670 2046 ce-

1980 2084 2259 2140 lebritatis
2285 2089 2460 2155 atque
2479 2083 2715 2138 laetitiae.

2052 2173 2229 2239 Egere
2257 2170 2611 2242 claritudine]
2654 2169 2910 2225 Subaudi
2942 2170 3215 2225 videatur.

2052 2260 2354 2330 Abjectius]
2395 2258 2815 2330 Contemptius.

2052 2347 2341 2420 Dispertit]
2376 2349 2440 2402 In
2472 2352 2665 2418 partes
2703 2345 2923 2401 dividit.

2054 2440 2168 2502 Rei]
2204 2439 2361 2492 Verae
2390 2436 2697 2491 felicitatis.

2043 2545 2165 2609 Qua
2192 2545 2412 2597 minime
2437 2541 2675 2614 affectat]
2702 2542 2875 2613 Atqui
2901 2557 3073 2612 supra
3098 2539 3313 2595 dictum
3336 2541 3445 2605 est,
3478 2552 3676 2591 omnes

1984 2648 2275 2687 summum
2338 2632 2558 2686 bonum
2600 2646 2911 2702 veramque
2969 2628 3296 2685 felicitatem
3344 2630 3610 2699 appetere
3659 2641 3673 2679 :

1985 2720 2276 2792 quomodo
2314 2719 2490 2790 igitur
2524 2736 2677 2773 nunc
2708 2719 2866 2787 dicit,
2895 2718 3147 2789 aliquem
3191 2732 3314 2771 rem
3355 2716 3537 2785 ipsam
3569 2714 3674 2768 mi-

1984 2810 2139 2863 nime
2180 2807 2480 2863 affectare?
2540 2809 2608 2862 Ut
2653 2807 2747 2861 hic
2789 2807 3093 2876 scrupulus
3139 2804 3519 2868 exanimetur,
3571 2817 3674 2855 ne-

1986 2914 2160 2970 quem
2209 2897 2357 2951 male
2401 2896 2637 2951 forsitan
2682 2895 2891 2951 habeat
2918 2935 2934 2961 ,
2975 2891 3545 2948 animadvertendum
3592 2892 3679 2944 est

1916 2974 1956 3029 C
1985 2987 2269 3059 duplicem
2326 3001 2447 3040 esse
2490 2984 2741 3039 hominis
2772 2983 3117 3054 appetitum,
3151 2981 3398 3035 alterum
3441 2977 3677 3049 quidem

1986 3076 2325 3139 naturalem,
2360 3074 2661 3128 confusum
2696 3079 2753 3127 et
2792 3071 3209 3138 inordinatum,
3243 3084 3425 3139 eoque
3476 3082 3679 3121 omnes

1986 3165 2254 3220 mortales
2282 3164 2458 3235 (quod
2509 3178 2687 3235 supra
2740 3161 2957 3217 dictum
3007 3160 3115 3229 est)
3137 3159 3196 3213 in
3231 3172 3522 3212 summum
3571 3155 3678 3209 bo-

1987 3269 2128 3309 num
2147 3253 2305 3316 ferri,
2333 3268 2643 3324 veramque
2660 3250 3079 3307 beatitudinem
3101 3252 3371 3318 appetere
3397 3263 3409 3301 :
3435 3247 3679 3300 alterum

1989 3359 2123 3397 vero
2174 3342 2540 3408 rationalem,
2608 3340 2916 3395 discretum
2973 3343 3030 3394 et
3084 3337 3433 3402 ordinatum,
3493 3347 3679 3405 eoque

1989 3446 2200 3502 paucos
2229 3431 2290 3485 in
2308 3445 2601 3485 summum
2630 3430 2849 3484 bonum
2879 3427 3075 3482 divina
3100 3425 3287 3497 gratia
3318 3422 3510 3494 dirigi,
3542 3426 3684 3493 puta

1991 3538 2087 3576 eos
2117 3522 2418 3588 duntaxat,
2470 3520 2570 3592 qui
2602 3524 2832 3585 norunt,
2867 3518 2966 3574 ubi
2996 3518 3057 3573 id
3100 3522 3158 3571 et
3205 3514 3500 3588 quomodo
3531 3529 3686 3582 quas-

1993 3610 2239 3665 rendum
2271 3610 2362 3677 sit,
2397 3616 2667 3680 rectaque
2715 3608 2827 3673 via,
2862 3607 2997 3673 ﬁde,
3034 3623 3133 3678 spe
3177 3610 3235 3660 et
3275 3603 3508 3659 caritate
3556 3600 3687 3655 freti

1992 3700 2259 3762 tendunt,
2311 3704 2376 3752 ut
2407 3698 2552 3753 illud
2581 3699 2815 3753 tandem
2840 3700 3284 3767 consequantur.
3322 3694 3552 3763 Expone
3582 3690 3688 3761 igi-

1994 3793 2089 3842 tur
2130 3805 2304 3859 quam
2334 3787 2575 3841 minime
2622 3786 2864 3852 affectat,
2897 3785 2955 3839 id
2988 3789 3074 3839 est
3101 3781 3339 3855 appetit,
3392 3784 3449 3835 et
3476 3778 3687 3851 quaerit

1993 3877 2252 3948 appetitu
2288 3876 2573 3945 proximo,
2604 3874 2820 3929 directo
2853 3879 2909 3928 et
2952 3873 3241 3939 ordinato,
3282 3886 3465 3942 eoque
3514 3867 3687 3923 modo

1995 3970 2052 4020 et
2078 3964 2168 4019 via
2200 3980 2314 4035 qua
2344 3978 2637 4018 summum
2664 3962 2806 4017 illud
2844 3963 3060 4017 bonum
3093 3966 3176 4016 est
3203 3958 3688 4029 investigandum.

2068 4071 2172 4137 Qui
2201 4068 2449 4141 divitias]
2489 4068 2743 4124 Dilucide
2771 4068 2937 4123 docet
2967 4065 3455 4138 quemadmodum
3482 4069 3693 4117 morta-

1997 4161 2099 4227 les,
2132 4177 2164 4215 a
2190 4163 2345 4215 recta
2384 4158 2475 4213 via
2508 4157 2847 4229 insipienter
2878 4156 3229 4221 aberrantes,
3262 4160 3538 4208 conentur
3568 4150 3691 4220 ejus

1997 4249 2079 4305 rei
2114 4265 2243 4321 quas
2289 4251 2480 4319 partes
2526 4263 2645 4301 non
2672 4246 2865 4313 habet,
2912 4248 3137 4315 partem
3164 4258 3344 4298 unam
3375 4238 3693 4312 quamlibet

1928 4340 1971 4395 D
1998 4338 2216 4395 caateris
2248 4336 2525 4407 neglectis
2556 4334 2814 4407 adipisci.

2072 4447 2256 4502 Solum
2276 4444 2453 4514 posse]
2480 4443 2670 4499 Solam
2696 4439 3036 4513 potentiam.

2072 4533 2359 4606 Proﬂigat]
2381 4532 2646 4604 Dissipat,
2680 4530 2954 4603 prodigit,
2988 4526 3300 4600 profundit.

2072 4623 2407 4690 Mordeatur]
2435 4621 2831 4677 Contristetur.

2074 4732 2358 4787 Summam
2412 4731 2819 4799 perfectionem]
2878 4723 3216 4782 Absolutam
3294 4720 3697 4792 integramque

2003 4821 2309 4876 rationem.

2074 4912 2139 4964 In
2176 4906 2484 4980 adversum]
2522 4908 2585 4961 lu
2614 4903 2961 4961 contrariam
2994 4900 3202 4957 mentis
3240 4905 3484 4973 partem.

2076 4997 2243 5071 Haec]
2276 4999 2422 5052 Vera
2460 4995 2719 5051 felicitas.

2083 5086 2197 5159 Vel]
2236 5086 2435 5142 Etiam.

2077 5173 2393 5247 Perspicua]
2429 5176 2654 5229 Patens.
2692 5169 3063 5242 Perspicuum
3114 5168 3325 5225 dicitur
3354 5165 3510 5239 quod
3550 5163 3696 5218 visui

2008 5266 2271 5338 pervium
2301 5268 2405 5320 est.

2076 5360 2157 5412 Ea
2186 5370 2315 5410 vera
2345 5353 2443 5423 est]
2486 5350 2752 5407 Deﬁnitio
2801 5354 2884 5406 est
2912 5347 3301 5412 beatitudinis,
3335 5342 3522 5398 verbis
3572 5341 3702 5414 qui-

2011 5448 2140 5502 dem
2196 5444 2467 5500 differens
2498 5442 2568 5498 ab
2610 5458 2678 5497 ea
2708 5458 2835 5513 qum
2891 5442 3023 5497 data
3071 5444 3156 5493 est
3210 5450 3402 5507 supra,
3455 5448 3519 5487 re
3567 5446 3703 5486 vero

2013 5534 2397 5591 consentiens.

2092 5623 2203 5696 Uti]
2233 5620 2752 5688 Quemadmodum.
