4054 6184
424 271 564 324 1023

1173 267 1524 323 APPENDIX
1569 269 1660 322 AD
1705 267 1948 322 LIBROS
1989 267 2076 319 DE
2117 264 2646 322 CONSOLATIONE
2691 262 3206 320 PHILOSOPHUE.

3747 271 3859 324 1024

494 407 558 460 In
607 403 827 475 Timxo]
892 405 957 458 In
987 402 1343 458 nobilissimo
1401 403 1500 456 illo
1559 402 1806 472 dialogo.
1877 402 2124 456 Timaeus
2164 402 2207 453 A
2231 403 2310 455 ita
2335 403 2644 455 universum
2672 402 2765 454 hoc
2794 415 2896 469 pro
2918 401 3130 455 viribus
3162 401 3268 454 tale
3304 402 3479 466 facere
3508 406 3700 457 statuit.
3728 403 3861 459 Illius

426 494 714 550 Locrensis
765 493 1142 564 philosophus
1207 493 1634 563 Pythagoraeus,
1708 491 2004 547 nobilitate
2057 495 2114 544 et

425 583 629 653 opibus
653 582 1182 652 preestantissimus,
1213 581 1453 635 summis
1485 581 1909 651 magistratibus
1941 584 1997 633 et
2017 580 2115 634 ho-

426 670 658 725 noribus
685 670 914 724 functus
937 675 1038 736 est,
1074 677 1130 724 et
1159 671 1228 723 ad
1275 686 1496 724 summa
1525 669 1701 723 totius
1731 669 2113 739 philosophia:

424 758 652 828 fastigia
692 759 932 812 feliciter
983 760 1254 812 ascendit.
1313 760 1490 828 Hujus
1520 759 1754 812 nomine
1796 759 1951 811 Plato
1992 758 2116 828 pul-

425 847 773 902 cherrimum
822 847 1029 901 librum
1075 864 1240 902 suum
1269 847 1579 916 inscripsit,
1610 848 1670 900 in
1710 863 1822 917 quo
1859 846 2117 900 Socrates

423 936 700 990 Timaeum
730 937 808 989 sic
829 936 1183 1007 alloquintur
1216 953 1227 990 :
1261 939 1379 991 Tua
1400 951 1524 1003 ergo
1556 939 1796 1000 interest,
1839 952 1868 990 0
1899 939 2114 1002 Timere,

421 1027 682 1079 invocatis
706 1026 991 1079 secundum
1021 1027 1186 1093 legem
1217 1026 1345 1088 diis,
1379 1025 1802 1092 disputationem
1827 1025 1944 1092 jam
1971 1041 2120 1079 eaeor-

423 1115 554 1168 diri.
588 1113 691 1167 Cui
722 1114 966 1168 Timaeus
996 1114 1147 1167 hunc
1194 1114 1249 1167 in
1286 1114 1520 1166 modum
1564 1114 1874 1183 respondet
1903 1132 1919 1166 :
1954 1114 2120 1168 Probe

423 1203 655 1256 consulis
684 1203 945 1257 Socrates.
981 1204 1117 1258 Nam
1165 1218 1283 1256 cum
1322 1217 1498 1255 omnes
1543 1205 1636 1269 qui
1686 1204 1876 1256 mentis
1908 1217 2120 1270 quoquo

422 1291 578 1344 modo
607 1295 867 1359 compotes
907 1295 1055 1354 sunt,
1105 1293 1163 1343 in
1203 1294 1380 1359 operis
1429 1291 1720 1358 cujuslibet
1767 1292 1849 1344 vel
1911 1293 2116 1358 magni,

423 1380 508 1433 vel
535 1381 697 1448 parvi
722 1381 996 1448 principio
1044 1382 1293 1433 invocare
1327 1383 1492 1433 Deum
1534 1381 1758 1445 soleant,
1793 1384 1996 1448 quanto
2027 1393 2121 1433 nos

425 1470 632 1536 aquius
661 1473 738 1522 est
759 1469 824 1521 de
841 1471 1114 1534 universo,
1146 1472 1256 1522 sive
1277 1471 1520 1536 genitum
1558 1470 1656 1532 sit,
1678 1470 1789 1522 sive
1821 1470 2121 1534 ingenitum

427 1557 804 1625 disputaturos
845 1559 972 1626 (nisi
1018 1559 1160 1622 forte
1206 1555 1526 1625 desipimus)
1567 1560 1824 1609 inuocare
1875 1557 2121 1610 divinam

427 1645 623 1714 opem?
673 1645 841 1699 Divus
892 1645 1247 1714 Augustinus
1298 1645 1446 1698 libro
1507 1644 1981 1698 Academicorum
2033 1661 2118 1698 se-

428 1733 612 1786 cundo
656 1749 670 1786 :
716 1735 991 1801 Imprimis
1046 1733 1293 1786 divinum
1343 1733 1611 1787 auxilium
1658 1736 1806 1786 omni
1849 1733 2123 1787 devotione

427 1825 592 1888 atque
619 1823 822 1890 pietate
861 1821 1266 1889 implorandum
1314 1826 1411 1874 est.
1471 1821 1628 1874 Plato
1673 1821 1730 1874 in
1773 1822 2015 1890 epistola
2054 1821 2121 1874 ad

432 1908 622 1964 Dionis
652 1907 1012 1981 propinquos
1043 1915 1100 1962 et
1126 1910 1334 1963 amicos
1369 1926 1380 1963 :
1421 1911 1683 1966 Omnibus
1715 1913 1857 1963 enim
1879 1913 1935 1962 in
1963 1910 2124 1964 rebus

427 2001 477 2051 et
501 1997 744 2051 dicendis
774 2003 823 2051 et
853 1999 1179 2067 cogitandis,
1217 2001 1552 2068 principium
1593 2013 1802 2068 semper
1833 2015 1865 2052 a
1895 2001 2004 2053 diis
2047 2004 2126 2053 est

428 2086 770 2152 faciendum.

499 2174 637 2246 Rite]
675 2175 865 2244 Recte,
896 2175 1059 2229 bene.

499 2263 782 2317 Modulata
811 2262 915 2334 est]
961 2262 1199 2317 Cecinit.

1024 2405 1095 2456 IN
1138 2405 1422 2458 METBUM
1463 2405 1549 2459 IX.

503 2525 701 2580 Merito
732 2541 886 2579 nunc
915 2531 971 2579 et
999 2524 1227 2579 heroico
1257 2527 1511 2580 carmine
1545 2527 1742 2592 utitur,
1777 2542 1908 2580 cum
1942 2528 2121 2580 Deum

433 2613 656 2668 invocet
703 2613 966 2668 omnium
1011 2631 1204 2667 rerum
1252 2620 1590 2681 creatorem,
1643 2621 2124 2681 conservatorem,

434 2707 655 2772 patrem
698 2702 1000 2772 optimum,
1033 2703 1370 2769 maximum,
1414 2704 1889 2772 pulcherrimum,
1931 2709 2127 2774 poten-

435 2789 740 2856 tissimum,
781 2806 846 2843 ac
890 2792 978 2858 (ut
1008 2791 1182 2844 semel
1215 2791 1420 2862 dicam)
1455 2791 1920 2859 iuenarrabilem,
1963 2799 2019 2846 et
2058 2792 2128 2846 ab

434 2879 843 2934 exclamatione
882 2879 1056 2934 sumit
1095 2879 1348 2948 initium,
1381 2897 1510 2952 qua:
1554 2898 1838 2935 summam
1879 2881 2126 2936 admira-

2224 489 2439 558 quidem
2471 491 2726 543 animalis
2753 495 2955 543 aeterna
2997 494 3200 542 natura
3241 495 3338 554 est,
3372 490 3511 558 quod
3539 493 3703 556 genito
3741 500 3862 562 operi

2221 595 2509 646 congruere
2557 581 2767 632 omnino
2817 594 2922 632 non
2964 582 3157 646 potest.
3217 578 3421 632 Idcirco
3475 581 3738 645 imaginem
3783 585 3864 634 avi

2219 669 2464 722 mobilem
2495 670 2748 736 efﬁngere
2794 668 3047 733 decrevit,
3104 684 3166 722 ac
3197 668 3326 722 dum
3378 669 3558 721 ccelum
3594 677 3856 737 cmomaret,

2224 760 2352 824 fecit
2374 759 2694 810 aiternitatis
2721 759 2775 810 in
2805 760 3016 810 unitate
3049 759 3312 810 manentis
3343 763 3592 810 aeternam
3613 758 3860 824 quamdam

2225 850 2282 899 in
2305 861 2524 899 numero
2560 849 2808 912 ﬂuentem
2852 847 3162 911 imaginem,
3193 861 3358 913 quam
3387 860 3479 899 nos
3513 850 3705 913 tempus
3737 862 3862 901 voea-

2225 949 2363 988 mus.
2395 935 2518 988 Dies
2543 949 2709 1002 porro
2750 939 2798 986 et
2820 939 2994 986 noctes
3034 939 3082 987 et
3113 950 3313 988 menses
3345 939 3392 987 et
3426 949 3610 999 annos,
3654 939 3737 1002 qui
3762 942 3862 989 ante

2227 1024 2411 1078 cretum
2443 1039 2545 1076 non
2579 1027 2752 1088 erant,
2806 1026 2953 1090 tunc,
2985 1029 3262 1077 nascentes
3311 1024 3528 1086 mundo,
3582 1026 3722 1076 nasci
3735 1025 3868 1091 jussit

2229 1127 2349 1182 qua:
2403 1115 2582 1165 omnia
2635 1113 2888 1180 temporis
2935 1114 3122 1179 partes
3173 1118 3316 1165 sunt.
3351 1113 3477 1165 Haec
3506 1111 3869 1165 TimarusJam

2231 1199 2369 1270 quid
2401 1200 2473 1252 sit
2504 1205 2728 1268 tempus
2759 1199 3072 1253 videamus.
3114 1201 3355 1254 Auctore
3398 1200 3726 1270 Speusippo,
3764 1206 3872 1253 tem-

2231 1306 2336 1358 pus
2368 1306 2399 1341 a
2431 1290 2665 1342 Platone
2697 1289 2848 1341 hunc
2879 1289 2937 1341 in
2972 1289 3203 1342 modum
3237 1290 3537 1343 deﬁnitum
3565 1293 3662 1342 est.
3691 1291 3869 1358 Tempus

2230 1383 2307 1432 est
2336 1379 2461 1431 solis
2509 1383 2689 1442 notus,
2736 1381 3133 1445 progressionis
3192 1393 3467 1431 mensura.
3506 1379 3663 1432 Teste
3693 1378 3868 1431 Plutar-

2231 1467 2333 1520 cho
2384 1466 2440 1520 in
2481 1466 2576 1520 lib.
2625 1466 2694 1520 de
2754 1465 2980 1520 Placitis
3027 1466 3528 1537 philosophorum,
3580 1467 3872 1536 Pythagoras

2231 1551 2370 1606 dixit
2399 1559 2628 1623 tempus
2657 1553 2941 1624 sphaeram
2970 1556 3207 1609 extremi
3239 1555 3545 1609 ambientis
3568 1571 3715 1620 esse;
3754 1555 3872 1607 Plato

2235 1642 2336 1694 aevi
2370 1642 2618 1712 efﬁgiem
2662 1643 2960 1710 mobilem,
2995 1644 3080 1696 vel
3114 1645 3419 1698 mundana:
3453 1644 3708 1696 motionis
3733 1643 3869 1697 inter-

2235 1731 2566 1799 capedinem
2589 1748 2601 1796 ;
2631 1731 3051 1798 Eratosthenes,
3086 1733 3220 1786 solis
3247 1752 3260 1798 ;
3283 1733 3394 1786 iter
3419 1733 3598 1796 Plato,
3625 1730 3872 1785 essentiam

2234 1820 2526 1888 temporis,
2554 1819 2678 1874 cceli
2711 1825 2927 1874 motum
2959 1838 2972 1885 ;
3026 1821 3348 1875 Stoicorum
3402 1820 3678 1891 plerique,
3722 1819 3875 1873 motio-

2235 1925 2365 1961 nem
2416 1908 2618 1978 ipsam.
2662 1909 2971 1963 Macrobius
3010 1909 3108 1963 lib.
3161 1910 3559 1964 Saturnalium
3602 1925 3658 1962 1':
3695 1911 3872 1976 Tempus

2234 2002 2331 2062 est,
2363 1998 2570 2068 inquit,
2621 2004 2766 2052 certa
2810 2000 3088 2064 dimensio,
3143 2015 3261 2068 quae
3309 2015 3377 2052 ea:
3426 2001 3543 2052 creti
3588 1998 3871 2052 conversione

2236 2088 2531 2153 colligitur.
2572 2087 2904 2141 Aristoteles
2938 2088 3036 2142 lib.
3069 2089 3319 2158 Physicze
3361 2085 3777 2140 anscultationis
3803 2101 3871 2137 iv:

2241 2176 2465 2242 Tempus
2497 2180 2573 2228 est
2595 2191 2848 2229 numerus
2868 2182 3039 2229 motus
3066 2176 3360 2230 secundum
3388 2180 3548 2245 prius
3576 2181 3623 2229 et
3638 2177 3876 2243 posterius,

2236 2262 2372 2326 Quae
2412 2263 2645 2334 quidem
2677 2264 2934 2318 definitio
2968 2265 3121 2317 hunc
3153 2265 3210 2318 in
3244 2265 3480 2318 modum
3513 2265 3651 2318 solet
3677 2262 3872 2334 exponi:

2241 2353 2466 2420 Tempus
2508 2356 2584 2405 est
2639 2367 2892 2406 numerus
2939 2359 3254 2406 numeratus
3286 2356 3464 2422 ipsius
3517 2358 3684 2406 motus
3709 2353 3872 2417 locatis,

2235 2455 2339 2493 non
2373 2441 2758 2508 cujuscunque,
2796 2441 2889 2495 sed
2915 2444 3084 2510 primi
3130 2442 3340 2496 mobilis
3388 2442 3672 2496 secundum
3713 2444 3877 2510 partem

2236 2531 2470 2596 priorem
2502 2532 2854 2584 successionis
2883 2535 2932 2582 et
2975 2533 3343 2599 posteriorem.
3378 2531 3702 2601 Rodolphus
3727 2534 3876 2582 autem

2238 2617 2498 2687 Agricola
2546 2618 2818 2684 Phrisius,
2873 2619 3197 2672 acutissimo
3259 2621 3345 2672 vir
3381 2620 3612 2690 ingenio
3643 2623 3693 2672 et
3733 2616 3876 2671 erudi-

2238 2706 2393 2759 tione
2456 2707 2751 2775 singulari,
2809 2708 3096 2761 volumine
3164 2708 3610 2761 Dialectieorum
3665 2706 3874 2776 primo:

2243 2797 2489 2864 Tempus,
2528 2797 2735 2866 inquit,
2787 2797 3002 2864 deﬁniri
3031 2798 3161 2850 solet
3206 2813 3317 2851 esse
3354 2813 3610 2852 numerus
3647 2800 3795 2850 motus
3817 2808 3877 2846 se-

2239 2884 2472 2938 cundum
2511 2884 2672 2954 prius
2716 2890 2765 2938 et
2792 2889 3078 2954 posterius.
3137 2887 3240 2940 Nos
3271 2893 3518 2954 apertius
3550 2887 3764 2940 dicemus
3796 2896 3876 2936 esse

2166 1688 2202 1740 Β

434 2967 604 3022 tionis
635 2968 746 3022 vim
777 2968 948 3022 habet
980 2985 993 3022 :
1026 2985 1138 3039 qua
1166 2969 1399 3040 quidem
1441 2973 1562 3024 tum
1591 2971 1840 3024 solemus
1862 2971 1965 3035 uti,
1999 2985 2128 3023 cum
2163 2966 2202 3022 C
2232 2974 2347 3026 cadi
2375 2975 2608 3042 solisque
2652 2976 2918 3041 vertigine
2964 2975 3250 3029 deductum
3282 2980 3548 3044 spatium,
3604 2989 3698 3045 quo
3734 2985 3874 3026 rerum

434 3057 756 3127 signiﬁcare
789 3058 1042 3111 volemus
1079 3063 1264 3112 tantas
1305 3075 1425 3112 esse
1475 3059 1673 3112 laudes
1704 3075 1767 3112 ac
1799 3059 1999 3114 merita
2028 3075 2123 3112 cu-

424 3145 698 3216 juspiam,
736 3152 798 3198 ut
827 3162 894 3198 ea
947 3163 1049 3215 pro
1099 3146 1378 3216 dignitate
1408 3147 1581 3200 nullis
1614 3146 1799 3201 verbis
1847 3146 2126 3216 consequi

433 3233 738 3287 valeamus.
791 3234 1033 3288 Carmen
1067 3241 1257 3288 autem
1302 3235 1408 3288 hoc
1451 3235 1628 3289 multo
1673 3235 2124 3305 pulcherrimum

433 3321 1000 3393 eruditissimumque
1051 3339 1116 3376 ex
1166 3323 1416 3377 Platonis
1456 3324 1573 3379 fere
1621 3325 1834 3378 Timaeo
1875 3323 2126 3378 mirabili

431 3409 666 3477 ingenio
691 3409 1096 3479 depromptum
1129 3414 1232 3463 est.

503 3497 565 3565 0]
599 3496 921 3565 Interjectio
964 3503 1047 3550 est
1079 3497 1412 3551 admirantis
1445 3498 1806 3564 immensam,
1838 3499 2122 3553 inﬁnitam

433 3590 491 3640 et
514 3585 1157 3654 incomprehensibilem
1187 3587 1287 3640 Dei
1318 3588 1695 3658 majestatem.

503 3677 769 3743 Perpetua
796 3678 1008 3730 ratione
1058 3677 1289 3730 λειω-οδ
1329 3676 1724 3748 dispositione,
1775 3678 2128 3750 sempiterna

432 3763 810 3833 providentia.

505 3852 687 3924 Sator]
724 3853 972 3907 Creator.

509 3942 733 4008 Tempus
773 3941 840 3994 ab
869 3956 979 3995 wvo
1009 3943 1090 3996 ire
1118 3941 1306 4009 'jubes]
1340 3942 1403 3997 Id
1443 3949 1548 4012 est,
1592 3950 1716 4014 post
1744 3962 1929 4000 aevum
1982 3951 2128 4000 tem-

431 4044 538 4098 pus
567 4028 730 4099 quasi
779 4029 902 4099 ejus
944 4029 1258 4100 imaginem
1300 4032 1476 4086 ﬂuere
1508 4032 1773 4103 imperas.
1810 4035 1940 4088 Tria
1972 4035 2125 4088 enim

431 4133 563 4170 cum
591 4117 722 4184 sint,
766 4117 1072 4186 aeternitas,
1119 4136 1305 4173 aevum
1337 4126 1392 4174 et
1443 4126 1686 4192 tempus,
1736 4123 1984 4193 primum
2036 4141 2126 4177 eo-

429 4222 559 4260 rum
590 4207 764 4261 solius
792 4208 890 4261 Dei
934 4212 1036 4275 est,
1069 4208 1168 4278 qui
1218 4225 1322 4263 nec
1370 4210 1721 4280 principium
1768 4212 1960 4280 habet,
2023 4228 2127 4265 nec

429 4295 624 4362 tinem,
661 4296 755 4350 sed
799 4296 917 4365 ipse
954 4297 1301 4367 principium
1333 4302 1385 4350 et
1417 4298 1545 4352 tinis
1593 4304 1676 4352 est
1712 4300 1992 4354 omnium.
2029 4301 2120 4355 Se-

429 4384 682 4438 cundum
704 4385 922 4455 angelis
945 4386 1226 4439 tributum
1253 4391 1353 4453 est,
1389 4386 1488 4452 qui
1520 4387 1871 4459 principium
1907 4391 2119 4444 habent

431 4477 488 4526 et
506 4472 619 4527 fine
646 4479 861 4540 carent,
893 4475 1044 4544 quod
1076 4479 1131 4527 et
1162 4475 1332 4529 rebus
1361 4476 1627 4530 omnibus
1653 4480 2121 4546 permanentibus

429 4561 604 4615 tribui
662 4578 895 4632 quoque
943 4562 1148 4616 debere
1204 4564 1502 4617 nonnullis
1555 4565 1786 4634 placuit.
1841 4567 2117 4634 Tertium,

429 4655 568 4718 puta
589 4653 834 4720 tempus,
856 4656 1144 4720 postremo
1174 4653 1297 4705 loco
1329 4657 1603 4707 statutum
1633 4660 1736 4718 est,
1765 4671 1965 4709 eorum
1995 4673 2122 4727 quae

429 4742 486 4791 et
513 4739 869 4808 generationi
910 4745 965 4793 et
1007 4740 1361 4811 corruptioni
1403 4747 1536 4795 sunt
1579 4743 1841 4809 obnoxia,
1895 4747 2124 4798 tametsi

427 4825 498 4878 ad
518 4825 629 4878 alia
652 4829 1283 4897 quoquetransferatur.
1331 4831 1580 4885 Joannes
1602 4831 1932 4886 Franciscus
1956 4827 2120 4888 Picus

427 4912 643 4983 hymno
679 4915 865 4982 primo
900 4931 911 4969 :

549 5018 865 5092 Eonginqup
897 5023 1124 5092 primum
1157 5028 1364 5088 tempus
1395 5030 1520 5076 tunc
1543 5027 1700 5092 fluxit
1716 5029 1781 5076 ab
1811 5041 1944 5092 aevo,

550 5080 621 5129 Ex
657 5080 799 5130 motu
825 5080 1034 5133 ﬂuitans
1056 5080 1329 5151 nunquam
1356 5089 1613 5137 cessantis
1644 5089 1870 5152 Olympi.

425 5179 672 5235 Timaeus
695 5181 846 5252 apud
878 5183 1174 5239 Platonem
1207 5204 1219 5241 :
1253 5189 1385 5243 Cum
1415 5187 1589 5254 igitur
1616 5187 1848 5258 (inquit)
1874 5190 1968 5243 hoc
2004 5207 2037 5243 a
2067 5205 2122 5244 se

423 5271 631 5334 factum
695 5274 1080 5340 sempiternum
1135 5275 1355 5329 deorum
1421 5278 1774 5332 simulacrum
1827 5282 2027 5332 moveri
2071 5285 2119 5333 et

424 5361 602 5412 vivere
623 5365 781 5429 pater
817 5363 908 5415 ille
939 5364 1037 5430 qui
1062 5367 1268 5428 genuit,
1314 5366 1784 5432 animadverteret,
1827 5367 2118 5422 delectatus

424 5451 504 5498 est
530 5463 704 5514 opere,
734 5455 784 5502 et
815 5451 913 5503 hac
940 5449 1132 5504 ductus
1169 5452 1383 5516 laztitia,
1415 5469 1550 5521 opus
1573 5472 1732 5510 suum
1763 5458 1929 5510 multa
1955 5461 2117 5511 etiam

423 5538 598 5598 magis
648 5539 827 5604 primo
883 5540 966 5592 illi
1019 5541 1320 5608 ememplari
1349 5543 1524 5595 simile
1572 5544 1794 5598 reddere
1833 5549 2112 5614 cogitavit.

424 5621 624 5690 Itaque
653 5626 1106 5690 quemadmodum
1147 5628 1286 5682 illud
1326 5631 1709 5698 sempiternum
1763 5637 1971 5689 animat
2015 5641 2111 5705 est,

2235 3067 2472 3116 omnium
2515 3067 2867 3130 agitationem
2915 3065 3458 3134 vicissitudinemque
3501 3068 3750 3119 metimur.
3780 3062 3877 3116 Haec

2233 3151 2514 3221 Agricola.
2562 3151 2732 3206 Divus
2777 3152 3041 3207 Aurelius
3073 3154 3454 3223 Augustinus,
3486 3155 3729 3207 omnium
3763 3164 3874 3203 mor-

2235 3241 2436 3294 talium
2493 3241 2662 3311 longe
2706 3241 3090 3307 doctissimus,
3145 3241 3242 3295 lib.
3298 3241 3725 3296 Confessiunum
3763 3256 3790 3291 ιι
3831 3253 3873 3289 se

2234 3328 2503 3397 ignorare
2526 3329 2660 3400 quid
2686 3330 2758 3382 sit
2781 3338 3007 3399 tempus
3038 3329 3368 3395 conlita-tur,
3400 3331 3626 3385 tametsi
3651 3328 3811 3381 videat
3833 3323 3872 3376 id

2237 3418 2548 3487 quamdam
2599 3435 2718 3472 esse
2768 3419 3194 3473 distentionem.
3244 3421 3304 3473 In
3353 3420 3559 3474 eodem
3599 3419 3728 3473 libro
3764 3416 3874 3468 inter

2236 3507 2345 3559 alia
2389 3507 2665 3576 temporis
2696 3507 3046 3562 Platonicam
3068 3506 3606 3579 Aristotelicamque
3636 3503 3873 3561 deﬁnitio.

2238 3612 2368 3648 nem
2400 3595 2776 3665 improbans:
2830 3599 2992 3652 Nemo
3041 3613 3186 3665 ergo,
3221 3597 3434 3667 inquit,
3471 3599 3605 3650 mihi
3643 3596 3773 3648 dicat
3798 3607 3875 3645 a2-

2237 3686 2448 3738 lestium
2471 3700 2752 3753 corporum
2783 3692 2955 3739 mutus
2979 3701 3088 3740 esse
3120 3691 3385 3754 tempora,
3420 3690 3554 3754 quia
3569 3690 3615 3739 et
3643 3681 3873 3752 cujusdam

2234 3779 2354 3827 voto
2374 3789 2494 3827 cum
2524 3776 2602 3828 sol
2633 3777 2884 3840 stetisset,
2918 3779 2977 3828 ut
3016 3778 3190 3828 victor
3220 3777 3380 3829 Josue
3426 3777 3670 3844 praelium
3698 3784 3876 3842 perage-

2234 3866 2334 3929 ret,
2369 3863 2669 3928 solstabat,
2703 3862 2797 3916 sed
2818 3869 3024 3932 tempus
3057 3864 3192 3917 ibat.

2309 3966 2555 4038 Stabilisj
2588 3968 2869 4021 Marsilins
2901 3968 3126 4022 Ficinus
3161 3969 3258 4023 lib.
3291 3969 3623 4041 Theologiat
3651 3985 3704 4022 Ill
3735 3982 3745 4020 ε
3773 3967 3875 4021 Deus

2233 4071 2333 4122 per
2388 4069 2444 4108 se
2489 4060 2678 4121 movet,
2727 4059 2951 4123 agitque
3015 4059 3218 4121 omnia,
3277 4059 3395 4124 ipse
3442 4057 3654 4122 quidem
3709 4053 3876 4109 stabilis

2234 4158 2330 4211 per
2363 4145 2618 4211 seipsum.
2651 4143 2901 4212 Baptista
2943 4144 3281 4198 Mantuanus
3326 4143 3388 4197 in
3423 4161 3488 4197 ill
3531 4141 3875 4199 Calamitatum

2167 4268 2207 4320 υ
2238 4233 2383 4286 libro
2420 4248 2433 4285 :

2354 4373 2453 4444 §ed
2488 4373 2658 4444 solum
2687 4373 3110 4444 ﬁderit-patrem,
3146 4381 3197 4423 et
3227 4380 3534 4444 reverenter
3556 4376 3739 4444 adoret.

2356 4436 2454 4493 Qui
2483 4436 2627 4484 sedet
2651 4442 2702 4482 et
2731 4436 2932 4486 stabilis
2965 4437 3076 4486 solo
3104 4443 3280 4487 movet
3313 4440 3496 4487 omnia
3528 4442 3672 4486 nutu.

2237 4569 2402 4623 Divus
2434 4569 2901 4637 Augustinuslib.
2939 4571 3367 4626 Confessionum
3400 4589 3414 4624 ι
3454 4588 3466 4624 :
3506 4574 3582 4625 Tu
3610 4565 3878 4632 autem,D0-

2231 4661 2391 4722 mine,
2429 4663 2526 4727 qui
2573 4665 2621 4713 et
2652 4675 2861 4729 semper
2892 4662 3053 4726 vivis,
3088 4667 3136 4714 et
3164 4662 3306 4714 nihil
3349 4664 3584 4714 moritur
3613 4662 3664 4711 in
3691 4663 3749 4721 te,
3778 4666 3875 4720 qua

2232 4751 2378 4801 niam
2406 4749 2711 4818 primordia
2743 4751 3080 4814 saeculorum,
3110 4757 3160 4802 et
3193 4756 3317 4803 ante
3349 4765 3503 4803 omne
3545 4747 3683 4819 quod
3708 4744 3778 4799 vel
3803 4757 3876 4793 an-

2234 4843 2281 4891 te
2311 4839 2424 4892 dici
2451 4842 2646 4907 potest,
2699 4841 2776 4891 Tu
2817 4855 2890 4904 es,
2925 4844 2971 4891 ct
3005 4842 3141 4893 Deus
3178 4855 3230 4892 es
3278 4842 3642 4907 Dominusque
3682 4829 3877 4889 omnium

2231 4944 2348 4995 qua;
2377 4932 2591 4992 creasti,
2631 4933 2678 4980 et
2710 4928 2860 4995 apud
2893 4933 2940 4981 te
2974 4944 3153 4981 rerum
3184 4932 3422 4981 omnium
3455 4926 3782 4983 mutabilium
3805 4921 3877 4972 im-

2233 5017 2517 5069 mutabiles
2548 5021 2766 5070 manent
2809 5019 3047 5084 origines
3080 5023 3129 5071 et
3172 5020 3411 5071 omnium
3456 5012 3876 5070 irrationabilium

2231 5111 2279 5158 et
2314 5106 2689 5173 temperalium
2709 5109 3050 5174 sempiternae
3067 5111 3254 5160 vivunt
3280 5110 3535 5160 rationes.
3573 5104 3877 5168 Psalmogra'

2233 5194 2376 5264 phus
2419 5196 2695 5249 :Mutabis
2753 5211 2834 5259 ea,
2893 5203 2941 5249 et
2994 5197 3352 5250 mutabuntur
3405 5202 3511 5249 :tu
3562 5198 3730 5247 autem
3768 5186 3874 5240 idem

2229 5287 2345 5352 ipse
2392 5299 2464 5338 es.
2527 5283 2695 5338 Divus
2744 5285 2985 5339 Jacobus
3030 5286 3362 5355 apostolus:
3395 5283 3566 5353 Apud
3603 5295 3744 5350 quem
3794 5288 3873 5328 non

2227 5377 2304 5424 est
2333 5376 2855 5439 transmutatio,nec
2879 5375 3281 5428 vicissitudinis
3317 5373 3668 5427 obumbratio.
3703 5369 3759 5421 Et
3779 5365 3872 5433 ipse

2229 5459 2378 5528 apud
2413 5460 2743 5516 Malachiam
2776 5464 3122 5534 prophetam
3169 5479 3181 5516 :
3218 5467 3329 5530 Ego
3381 5466 3652 5526 Dominus,
3701 5452 3872 5525 inquit

2225 5553 2275 5602 et
2300 5565 2406 5602 non
2436 5555 2641 5605 mutor.

2295 5640 2548 5694 Externa:
2577 5641 2770 5711 causae]
2828 5641 2885 5696 ld
2918 5646 3023 5708 est,
3057 5659 3243 5698 causa:
3275 5647 3429 5696 extra
3475 5638 3716 5693 divinam
3746 5644 3873 5688 men-

3992 899 3993 962 ι

3991 999 3993 1102 l
