4054 6184
174 344 326 399 {O25

1448 344 1492 397 Μ
1504 345 1833 400 URMELLII
1874 343 2293 401 COMMENTAR
2305 345 2372 398 IA
2385 387 2397 400 .

3547 351 3686 405 1026

157 475 285 525 tem
321 471 472 540 sitae,
505 487 632 525 cum
688 470 862 525 nullae
910 469 1120 536 forent,
1181 487 1285 524 nec
1337 472 1476 524 Deus
1512 472 1579 526 ab
1606 472 1725 526 ullo
1761 474 1873 527 alio
1914 473 1963 526 A
1989 473 2099 526 vim
2127 478 2287 527 extra
2306 475 2650 543 relinqueret.
2686 475 2855 543 quue
2900 490 2963 529 ea
2991 478 3205 530 ratione
3229 477 3393 542 fecit;
3441 480 3681 546 primum

160 560 386 614 moveri
437 559 641 631 possit.
699 559 1030 614 Aristoteles
1108 564 1354 630 quatuor
1404 561 1596 631 posuit
1652 578 1869 631 causas,

162 649 385 719 quibus
419 649 615 704 omnia
651 648 832 702 ﬁunt:
877 649 1145 719 primam,
1197 666 1321 720 quae
1363 651 1622 704 movendi
1655 651 1882 721 princi-_

161 739 334 808 pium
366 745 488 804 est;
517 738 850 805 secundam,
886 755 952 792 ex
986 756 1098 809 qua
1125 739 1450 810 titaliquid,
1485 757 1656 811 quam
1693 747 1874 794 mate-

162 828 316 881 riam
341 833 532 892 vocat;
561 828 809 894 tertiam,
835 828 1116 882 rationem
1140 845 1203 882 ac
1234 830 1498 898 speciem,
1520 847 1630 901 qua
1671 847 1875 885 unum-

163 917 452 988 quodque
503 917 826 983 formatur;
863 923 1150 988 quartam,
1198 918 1395 983 finem,
1426 924 1664 989 propter
1701 936 1872 989 quem

163 1006 636 1078 unumquodque
668 1006 934 1060 efficitur.
994 1007 1087 1060 His
1141 1007 1406 1078 quintam
1452 1008 1610 1061 Plato
1659 1008 1871 1078 adjicit,

164 1095 489 1165 exemplar,
547 1111 719 1166 quam
751 1093 920 1146 εἰδέαν
972 1100 1155 1162 vocat,
1212 1096 1319 1150 hoc
1378 1101 1459 1150 est
1491 1097 1646 1150 enim
1696 1098 1746 1150 id
1803 1099 1875 1152 ad

165 1184 328 1255 quod
373 1183 686 1254 respiciens
747 1184 956 1256 opifex,
1015 1185 1083 1251 {id
1137 1185 1286 1256 quod
1357 1185 1620 1252 destinat,
1681 1187 1872 1241 efﬁcit.

165 1275 323 1327 Deus
345 1278 537 1327 autem
589 1274 738 1328 intra
766 1290 822 1327 se
875 1290 1067 1328 rerum
1097 1275 1357 1329 omnium
1388 1276 1735 1347 exemplaria
1773 1278 1875 1331 ha-

163 1361 288 1416 bet.
349 1362 449 1415 Hic
507 1366 697 1416 autem
751 1362 1031 1416 mundum
1081 1380 1146 1417 ex
1192 1363 1372 1417 nihilo
1425 1364 1651 1431 creavit,
1704 1366 1878 1420 nullis

167 1450 426 1506 externis
453 1451 636 1506 causis
667 1452 963 1517 excitatus,
1001 1453 1094 1506 sed
1128 1453 1199 1506 ad
1241 1453 1529 1507 internum
1563 1455 1872 1524 exemplar,

168 1545 228 1595 et
276 1545 518 1610 propter
572 1556 856 1594 summam
912 1540 1248 1596 bonitatem.
1310 1542 1382 1597 Et
1437 1542 1544 1596 hoc
1587 1548 1670 1596 est
1719 1543 1876 1614 quod

169 1629 392 1684 subdit.

248 1718 476 1787 Verum]
499 1717 629 1772 Sed.

240 1805 468 1878 Forma]
495 1808 648 1873 Idea,
682 1807 997 1877 exemplar.

241 1897 460 1953 Summi
490 1897 615 1950 boni
647 1897 841 1965 insita]
876 1897 1130 1963 Interna,
1160 1895 1314 1950 intus
1347 1896 1472 1950 sita.

241 1985 439 2039 Livore
471 1981 687 2055 carens]
745 1983 954 2053 Expers
1013 1983 1261 2038 invidiae.
1305 1985 1465 2038 Philo
1522 1986 1753 2040 Judarus
1811 2003 1878 2041 ex

171 2073 462 2128 sententia
497 2074 663 2127 Mosae
696 2073 764 2126 de
786 2073 990 2127 mundi
1020 2074 1304 2127 creatione
1331 2075 1606 2141 scribens,
1637 2076 1716 2130 ait
1749 2078 1879 2147 opi-

175 2163 345 2217 ﬁcem
400 2179 596 2216 rerum
649 2163 911 2216 omnium
970 2164 1148 2217 Deum
1196 2163 1413 2216 bonum
1470 2181 1608 2229 esse,
1645 2182 1745 2220 nec
1776 2167 1880 2220 ulli

175 2268 380 2307 eorum
411 2269 540 2324 quae
576 2257 709 2305 sunt
757 2253 1034 2320 invidere,
1088 2257 1390 2323 propterea
1421 2255 1703 2308 mundum
1743 2271 1880 2309 con-

173 2339 408 2393 didisse.
468 2339 714 2394 Timaeus
772 2356 906 2393 vero
956 2339 1314 2394 Platonicus:
1364 2342 1634 2406 Dicamus,
1671 2340 1878 2411 inquit,

173 2444 338 2496 quam
371 2429 434 2481 ob
466 2443 687 2482 causam
726 2430 815 2482 ille
848 2444 1027 2482 rerum
1058 2433 1248 2481 auctor
1285 2431 1682 2496 generationem
1713 2434 1762 2484 et
1788 2431 1884 2484 hoc

173 2523 490 2571 universum
523 2519 823 2571 constituit.
879 2520 1058 2571 Bonus
1105 2521 1239 2571 erat.
1292 2517 1473 2572 Bonus
1520 2524 1698 2572 autem
1730 2521 1884 2573 nulla

172 2623 420 2676 unquam
449 2607 636 2675 aliqua
666 2605 731 2659 de
760 2623 818 2659 re
857 2607 1068 2659 invidia
1116 2609 1379 2672 tangitur.
1423 2610 1567 2673 Ergo
1597 2623 1714 2661 cum
1746 2610 1885 2662 livor

171 2697 240 2749 ab
272 2712 331 2749 eo
366 2698 730 2750 alienissimus
779 2701 930 2759 esset,
979 2697 1160 2749 omnia
1190 2696 1296 2749 sibi
1326 2697 1611 2765 (quantum
1639 2701 1757 2765 ﬁeri
1793 2713 1885 2766 po-

178 2785 384 2854 terant)
411 2786 692 2838 simillima
722 2787 843 2852 ﬁeri
881 2785 1071 2838 voluit.
1122 2785 1187 2837 Et
1235 2790 1363 2854 post
1402 2800 1616 2853 pauca:
1663 2788 1881 2840 Totum-

173 2890 278 2944 que
310 2877 396 2926 ita
447 2873 707 2926 mundum
753 2875 1054 2940 constituit,
1105 2878 1165 2926 ut
1205 2873 1632 2942 pulcherrimum
1679 2880 1883 2929 natura

176 2978 334 3032 opus,
370 2965 738 3031 optimumque
766 2965 927 3029 foret.

249 3050 438 3123 Ducis]
460 3051 746 3105 Producis.

247 3140 336 3194 Ab
387 3141 626 3208 exemplo
675 3137 930 3210 superno]
982 3140 1060 3193 Ex
1090 3141 1305 3192 aeterna
1332 3138 1475 3192 idea.
1511 3139 1655 3194 Sunt
1683 3143 1876 3194 autem

177 3229 325 3282 ideae
358 3228 702 3299 principales
761 3227 1026 3299 quaedam
1078 3227 1296 3291 formx,
1358 3232 1414 3281 et
1461 3232 1715 3294 (elerum,
1749 3245 1876 3300 qum

179 3319 376 3374 divina
406 3319 785 3390 intelligentia
816 3317 1206 3382 continentur,
1241 3321 1304 3371 ut
1332 3319 1688 3388 Augustinus
1721 3319 1878 3372 aitin

178 3407 326 3461 libro
359 3407 648 3477 octoginta
679 3409 855 3462 trium
906 3407 1332 3472 Qmestionum:
1385 3423 1513 3478 quae.
1568 3423 1698 3461 cum
1745 3408 1878 3478 ipsae

180 3513 284 3552 nec
317 3498 601 3562 oriantur,
637 3513 823 3567 neque
865 3497 1169 3560 intereant,
1204 3496 1519 3550 secundum
1551 3512 1644 3550 eas
1683 3501 1878 3551 tamen

178 3586 422 3640 formari
452 3587 660 3641 dicitur
688 3603 858 3641 omne
881 3587 1034 3657 quod
1066 3586 1203 3640 oriri
1236 3591 1292 3640 et
1324 3585 1557 3639 interire
1591 3591 1800 3655 potest,
1825 3591 1881 3640 et

182 3691 354 3729 omne
383 3677 538 3746 quod
558 3675 738 3728 oritur
759 3679 814 3728 et
836 3676 1054 3729 interit.
1091 3675 1232 3730 Sunt
1255 3679 1447 3729 autem
1480 3675 1567 3728 hae
1599 3675 1659 3728 in
1691 3680 1881 3730 mente

180 3765 376 3819 divina
403 3770 458 3818 et
511 3764 860 3835 exemplaria
906 3764 1014 3818 dici
1072 3770 1330 3834 possunt,
1369 3769 1598 3817 auctore
1642 3765 1880 3829 Thoma,

181 3869 294 3924 qua
327 3853 420 3913 (ut
462 3853 672 3923 inquit)
705 3869 898 3906 rerum
943 3852 1206 3906 factionis
1258 3852 1540 3923 principia
1586 3858 1756 3906 sunt:
1800 3869 1882 3905 ra-

182 3943 364 3995 tiones
390 3958 521 3995 vero
553 3941 856 4007 habentur,
893 3958 1006 4012 qua
1045 3941 1314 3995 dicuntur
1355 3941 1638 4012 principia
1671 3957 1882 4012 cogno-

182 4031 398 4086 scendi.
445 4031 922 4102 Quandoquidem
980 4030 1101 4100 ipse
1159 4032 1307 4084 Deus
1360 4031 1664 4084 essentiam
1723 4045 1884 4083 suam

184 4122 342 4174 omni
376 4137 490 4192 quo
527 4119 790 4190 cognosci
820 4124 1010 4190 potest
1041 4120 1232 4186 modo,
1277 4119 1527 4190 perfecte
1570 4119 1881 4189 cognoscit,

184 4216 370 4264 etnon
397 4211 583 4262 solum
609 4226 723 4280 qua
753 4210 811 4262 in
844 4225 901 4262 se
943 4214 1045 4275 est,
1082 4209 1181 4262 sed
1215 4225 1326 4279 qua
1358 4208 1688 4278 participari
1735 4207 1886 4261 simi-

186 4298 429 4352 litudine
461 4299 709 4368 quadam
754 4314 786 4351 a
815 4297 985 4352 rebus
1016 4298 1215 4351 creatis
1257 4301 1482 4368 potest:
1517 4297 1884 4368 Quaecunque

185 4403 316 4441 vero
348 4392 540 4441 creata
569 4393 718 4453 sunt,
754 4387 1049 4458 propriam
1084 4386 1300 4441 habent
1350 4387 1622 4456 speciem,
1664 4404 1775 4458 qua
1809 4385 1881 4440 si-

184 4476 574 4530 militudinem
603 4476 809 4530 divinae
841 4475 1102 4530 essentia)
1124 4475 1487 4545 participant.

251 4566 547 4619 Pulchrum
605 4567 1007 4635 pulcherrimus
1065 4565 1200 4633 ipse]
1234 4565 1482 4618 Timzeus
1516 4562 1876 4617 Platonicus:

180 4655 317 4710 Cum
351 4670 476 4707 vero
513 4659 562 4708 et
591 4657 824 4708 mundus
855 4656 1093 4707 omnium
1135 4655 1439 4719 genitorum
1485 4653 1882 4720 pulcher-rimus

180 4746 274 4807 sit,
317 4747 368 4796 et
399 4745 516 4811 ejus
547 4748 735 4798 auctor
765 4758 1054 4796 causarum
1085 4744 1324 4795 omnium
1363 4743 1620 4810 optimus,
1658 4740 1884 4796 dubium

180 4848 288 4886 non
318 4836 400 4886 est
431 4837 564 4901 quin
615 4836 996 4901 sempiternum
1050 4833 1122 4885 sit
1172 4835 1386 4884 secutus
1435 4830 1761 4897 exemplum.
1797 4831 1885 4884 Sic

180 4924 361 4989 igitur
387 4928 695 4990 generatus,
745 4922 818 4975 ad
848 4921 908 4974 id
957 4921 1198 4990 effectus,
1246 4919 1392 4990 quod
1435 4917 1646 4972 ratione
1706 4923 1755 4973 et
1794 4934 1884 4973 sa-

179 5013 394 5079 pientia
433 5011 548 5064 sola
600 5010 974 5079 comprehendi
1021 5013 1223 5078 potest,
1284 5013 1334 5063 et
1382 5007 1719 5062 immutabile
1761 5023 1884 5077 per-

183 5104 389 5153 manet.

254 5190 638 5256 Perfectasquc
662 5185 886 5258 jubens]
931 5185 1081 5241 Ordo
1113 5189 1232 5239 est:
1272 5188 1336 5239 Et
1359 5185 1527 5256 jubes
1569 5183 1887 5255 perfectum

186 5276 474 5331 mundum
521 5277 837 5340 absolvere,
879 5276 934 5329 id
985 5280 1070 5329 est
1117 5275 1405 5328 absolutas
1455 5275 1667 5328 habere
1698 5279 1888 5344 partes

187 5367 483 5436 perfectas.
519 5365 676 5419 Idam
723 5366 1005 5419 Timaeus:
1052 5365 1294 5429 Quatuor
1342 5365 1516 5431 igitur
1561 5379 1746 5417 earum
1796 5380 1889 5417 re-

187 5472 306 5510 rum
364 5456 663 5524 quamlibet
721 5458 992 5521 integram
1036 5455 1269 5508 mundus
1328 5455 1548 5522 accepit.
1604 5455 1691 5506 Ex
1746 5456 1891 5506 omni

189 5548 390 5614 quippe
421 5546 562 5610 igni,
595 5559 736 5609 aere,
778 5559 944 5611 aqua,
976 5549 1142 5608 terra,
1185 5545 1362 5610 ipsius
1399 5541 1559 5609 faber
1594 5543 1676 5594 ita
1710 5543 1889 5609 ipsum

189 5636 508 5702 composuit,
540 5637 601 5686 ut
643 5633 850 5686 nullam
902 5633 1231 5701 cujusquam
1278 5635 1506 5686 isto-rum
1533 5633 1749 5700 partem
1794 5635 1890 5684 aut

1982 560 2222 630 quidem,
2253 567 2313 616 ut
2343 567 2510 616 totum
2542 564 2635 617 hoc
2664 565 2872 618 animal
2915 581 3080 634 quam
3111 567 3347 619 maxime
3379 569 3682 635 perfectum

1982 664 2049 702 ex
2087 653 2342 718 perfectis
2377 652 2628 719 partibus
2677 658 2840 707 esset:
2873 652 3068 708 deinde
3095 659 3156 707 ut
3195 658 3330 708 esset
3353 670 3540 720 unum,
3564 672 3683 710 cum

1981 739 2122 792 nihil
2147 745 2306 793 extra
2354 740 2601 794 relictum
2631 742 2824 807 fuerit,
2859 758 2924 795 ex
2953 757 3056 810 quo
3082 743 3310 796 alterum
3350 748 3673 810 generetur;

1980 832 2269 895 postremo,
2315 844 2379 882 ne
2435 834 2556 899 quis
2611 833 2790 898 ipsum
2833 831 3070 898 morbus,
3123 836 3220 886 aut
3248 837 3488 887 senectus
3519 835 3684 887 attin-

1985 920 2152 982 geret.

2057 1007 2135 1058 Tu
2158 1008 2398 1060 numeris
2420 1007 2676 1060 elementa
2709 1007 2869 1077 ligas]
2911 1007 3156 1063 Timaeus
3190 1009 3341 1064 idem
3370 1026 3383 1064 :
3419 1010 3684 1076 Quoniam

1982 1108 2105 1148 vero
2153 1110 2456 1163 corporeus,
2518 1096 2936 1164 spectabilisque
2994 1103 3044 1152 et
3100 1099 3404 1154 tractabilis
3449 1102 3685 1155 mundus

1983 1188 2100 1238 erat
2129 1186 2373 1250 futurus,
2407 1200 2473 1238 ac
2505 1187 2619 1238 sine
2661 1187 2782 1250 igni
2822 1185 3001 1239 videri
3044 1187 3186 1240 nihil
3213 1193 3408 1256 potest,
3439 1191 3686 1259 nihilque

1984 1275 2100 1327 sine
2129 1272 2302 1327 solido
2329 1277 2500 1341 tangi,
2534 1279 2584 1328 et
2610 1274 2841 1328 solidum
2874 1275 3076 1344 absque
3110 1281 3258 1330 terra
3291 1277 3450 1344 nihil,
3486 1279 3606 1333 ideo
3626 1282 3685 1332 in

1985 1363 2162 1430 operis
2216 1362 2380 1429 hujus
2450 1362 2672 1416 exordio
2721 1365 2857 1418 Deus
2905 1366 3086 1431 ignem
3136 1365 3331 1436 {primo
3383 1371 3688 1437 terramque

1985 1453 2210 1515 creavit,
2251 1450 2357 1504 Sed
2388 1451 2492 1505 duo
2541 1453 2657 1505 sola
2687 1453 2889 1522 absque
2933 1457 3089 1508 tertio
3133 1455 3368 1523 quodam
3415 1456 3687 1511 commode

1986 1539 2247 1592 cohxrere
2284 1553 2390 1591 non
2442 1545 2685 1606 possunt,
2746 1541 3088 1611 mediumque
3137 1543 3365 1611 aliquod
3408 1544 3686 1598 vinculum

1984 1631 2336 1692 utrorumque
2383 1627 2716 1682 desiderant.
2777 1631 3066 1684 Vinculum
3113 1647 3235 1686 vero
3266 1633 3325 1685 id
3357 1640 3434 1687 est
3464 1637 3687 1702 aptissi-

1985 1730 2133 1768 mum
2163 1719 2326 1783 atque
2365 1715 2786 1783 pulcherrimum
2816 1732 2882 1770 ex
2931 1733 2985 1770 se
3027 1722 3076 1771 et
3127 1721 3196 1772 iis
3243 1733 3361 1786 qux
3400 1723 3683 1786 astringit,

1989 1819 2152 1873 quam
2181 1805 2416 1857 maxime
2448 1819 2615 1857 unum
2645 1802 2838 1870 efﬁcit.
2873 1805 2978 1858 Hoc
3011 1808 3247 1859 maxime
3271 1811 3556 1876 proportio
3585 1825 3684 1862 ra-

1989 1895 2168 1960 tioque
2202 1893 2425 1945 alternae
2456 1895 2878 1960 comparationis
2915 1897 3243 1960 assequitur.
3288 1896 3518 1960 Quando
3548 1901 3688 1952 enim

1987 1981 2047 2032 in
2080 1980 2255 2034 tribus
2299 1983 2536 2034 numeris
2577 1985 2674 2034 aut
2699 1981 2950 2047 molibus,
2977 1987 3072 2036 aut
3102 1983 3311 2038 viribus
3343 1985 3576 2039 medium
3607 1987 3689 2039 ita

1987 2083 2042 2124 se
2071 2068 2230 2122 habet
2252 2069 2326 2122 ad
2359 2074 2707 2138 postremum,
2754 2075 2812 2123 ut
2841 2073 3080 2138 primum
3109 2071 3184 2125 ad
3224 2072 3478 2141 medium,
3522 2077 3686 2129 vicis-

1988 2159 2198 2226 simque
2251 2163 2310 2211 ut
2365 2162 2678 2226 postremun
2735 2173 2853 2212 cum
2909 2159 3104 2226 medio,
3159 2163 3241 2214 ita
3296 2163 3532 2216 medium
3566 2178 3688 2216 cum

1987 2245 2166 2316 primo
2211 2248 2480 2313 congruit,
2515 2250 2639 2300 tunc
2683 2246 2830 2315 qnod
2859 2247 3095 2301 medium
3124 2253 3224 2318 est,
3267 2253 3317 2302 et
3355 2252 3596 2318 primum
3625 2254 3686 2320 ﬁt

1991 2341 2041 2389 et
2079 2338 2431 2404 postremum,
2480 2341 2809 2404 postremum
2859 2353 3068 2406 quoque
3121 2343 3171 2392 et
3219 2341 3463 2409 primum
3506 2340 3687 2394 media

1987 2429 2141 2494 ﬁunt.
2190 2427 2276 2480 Ita
2319 2428 2607 2479 necessitas
2648 2430 2814 2494 cogit,
2865 2432 2924 2480 ut
2956 2429 3138 2481 omnia
3180 2443 3299 2496 qux
3329 2431 3407 2483 sic
3439 2429 3687 2484 devincta

1987 2515 2210 2578 fuerint,
2256 2513 2448 2568 eadem
2496 2515 2642 2566 inter
2676 2528 2732 2566 se
2775 2515 2906 2567 sint.
2959 2515 3164 2568 Eadem
3202 2530 3326 2569 vero
3375 2531 3493 2570 cum
3533 2518 3688 2582 facta

1989 2604 2122 2668 sint,
2172 2602 2436 2668 efficitur,
2482 2607 2542 2656 ut
2573 2605 2757 2657 omnia
2793 2605 2904 2657 sint
2961 2619 3146 2658 unum.
3182 2605 3339 2670 Quod
3367 2608 3417 2659 si
3447 2608 3689 2661 universi

1991 2706 2186 2759 corpus
2222 2691 2570 2745 latitudinem
2599 2691 2797 2746 habere
2825 2691 3116 2758 debuisset,
3142 2695 3366 2748 nullam
3401 2711 3524 2748 vero
3554 2711 3688 2764 pro-

1989 2779 2344 2848 funditatem,
2385 2795 2554 2834 unum
2600 2796 2729 2834 sane
2761 2785 2874 2835 tum
2919 2781 2994 2834 ad
3040 2784 3300 2851 seipsum,
3355 2788 3466 2838 tum
3496 2784 3571 2837 ad
3591 2799 3686 2838 ex-

1991 2873 2163 2923 trema
2218 2869 2505 2922 vincienda
2543 2870 2902 2940 .interjectum
2943 2870 3181 2925 medium
3225 2873 3540 2941 suffecisset,
3582 2873 3689 2928 Sed

1992 2971 2111 3010 cum
2163 2957 2493 3012 soliditatem
2547 2958 2784 3012 mundus
2816 2961 3135 3026 requireret,
3179 2960 3358 3013 solida
3410 2975 3535 3014 vero
3581 2976 3688 3016 non

1916 3049 1956 3103 C
1986 3061 2109 3114 uno,
2141 3046 2235 3100 sed
2267 3046 2476 3100 duobus
2508 3061 2716 3115 semper
2744 3047 2936 3100 mediis
2968 3048 3303 3116 copulentur,
3343 3051 3485 3102 inter
3510 3051 3685 3116 ignem

1985 3139 2035 3189 et
2062 3141 2261 3189 terram
2289 3138 2423 3189 Deus
2453 3151 2629 3189 aerem
2661 3150 2967 3205 aquamque
2989 3136 3204 3200 locavit,
3235 3152 3402 3205 eaque
3429 3139 3511 3190 ita
3547 3141 3689 3193 inter

1987 3239 2041 3279 se
2080 3227 2309 3278 invicem
2339 3224 2542 3294 (quoad
2570 3227 2691 3293 ﬁeri
2729 3225 2962 3293 poterat)
3027 3228 3381 3294 comparavit,
3414 3230 3475 3281 ut
3503 3243 3685 3294 quem-

1987 3313 2277 3368 admodum
2304 3315 2446 3381 ignis
2477 3313 2551 3367 ad
2603 3329 2799 3380 aerem,
2840 3316 2920 3367 ita
2963 3329 3056 3368 aer
3083 3314 3157 3368 ad
3202 3330 3441 3383 aquam:
3495 3321 3557 3370 ut
3595 3332 3689 3371 aer

1988 3405 2064 3460 ad
2084 3420 2306 3474 aquam,
2341 3407 2419 3458 sic
2441 3420 2594 3472 aqua
2625 3405 2698 3458 ad
2720 3409 2923 3457 terram
2944 3419 3176 3471 congrue
3206 3407 3539 3471 conferatur.
3569 3407 3687 3472 Qua

1991 3508 2059 3547 ex
2102 3495 2477 3562 conjunctione
2514 3497 2595 3548 ita
2638 3496 2967 3547 constitutus
3010 3499 3088 3547 est
3126 3494 3384 3560 mundus,
3418 3500 3479 3550 ut
3514 3499 3690 3566 aspici

1991 3583 2257 3652 tangique
2295 3585 2488 3652 possit.
2524 3585 2813 3652 Propterea
2842 3598 2910 3636 ex
2939 3583 3257 3650 hujusmodi
3285 3585 3441 3639 rebus
3470 3600 3689 3639 numero

1991 3677 2226 3742 quatuor
2279 3672 2471 3726 mundi
2517 3687 2714 3740 corpus
2761 3674 3050 3739 conflatum
3121 3677 3218 3740 est,
3278 3689 3339 3727 ea
3394 3690 3690 3730 connexum

1991 3764 2413 3830 comparatione,
2465 3775 2576 3827 qua
2601 3760 2744 3812 dixi.
2777 3762 2863 3813 Ex
2897 3775 3000 3827 quo
3028 3763 3266 3830 seipsum
3301 3763 3546 3816 amicitia
3577 3777 3691 3818 con-

1991 3849 2144 3905 cordi
2192 3850 2585 3917 complectitur,
2622 3853 2784 3916 atque
2823 3851 2904 3901 ita
2933 3853 3058 3917 apte
3097 3850 3340 3918 cohxret,
3375 3856 3434 3905 ut
3462 3856 3690 3921 nequeat

1992 3937 2217 3991 dissolvi
2247 3937 2352 3989 ullo
2380 3935 2556 4003 modo,
2587 3937 2696 3988 nisi
2731 3935 2798 3988 ab
2839 3936 3018 3990 eodem
3046 3952 3082 3990 a
3111 3953 3214 4006 quo
3239 3942 3318 3993 est
3349 3940 3683 4006 colligatum.

1994 4025 2294 4081 Severinus
2325 4029 2535 4091 noster,
2570 4023 2667 4076 lib.
2722 4023 2791 4076 de
2849 4025 3058 4077 Musica
3087 4043 3124 4092 ι,
3159 4043 3281 4096 cap.
3314 4030 3379 4080 2:
3413 4030 3540 4084 Jam
3566 4044 3690 4084 vero

1995 4119 2231 4184 quatuor
2264 4114 2638 4166 elementorum
2673 4111 3013 4166 diversitates
3057 4116 3468 4182 contrariasque
3504 4119 3690 4184 poten-

1997 4206 2122 4270 tias,
2156 4204 2268 4256 nisi
2297 4201 2546 4271 quxdam
2569 4201 2855 4254 harmonia
2883 4201 3247 4270 conjungeret,
3286 4206 3384 4272 qui
3407 4204 3536 4267 ﬁeri
3567 4220 3689 4274 pos-

1997 4296 2075 4347 set
2109 4296 2167 4344 ut
2197 4295 2255 4344 in
2283 4307 2450 4345 unum
2482 4306 2674 4360 corpus
2707 4306 2769 4344 ac
2811 4291 3120 4344 machinam
3163 4292 3546 4347 convenirent?
3584 4293 3692 4348 Sed

1999 4383 2111 4436 haec
2139 4383 2310 4435 omnis
2345 4381 2634 4434 diversitas
2667 4383 2743 4434 ita
2777 4384 2826 4434 et
2859 4384 3165 4450 temporum
3193 4383 3511 4438 varietatem
3538 4385 3692 4451 parit

1990 4475 2041 4526 et
2065 4473 2370 4537 fructuum,
2398 4475 2457 4524 ut
2479 4474 2654 4524 tamen
2684 4485 2850 4524 unum
2879 4472 3012 4524 anni
3063 4485 3258 4540 corpus
3280 4472 3503 4540 efﬁciat.
3541 4472 3692 4526 Unde

1989 4561 2039 4614 si
2071 4560 2204 4629 quid
2229 4559 2419 4613 horum
2449 4574 2569 4628 qux
2596 4564 2812 4614 tantam
2832 4561 3151 4613 varietatem
3172 4559 3332 4613 rebus
3353 4560 3688 4628 ministrant,

1991 4651 2171 4702 animo
2203 4653 2254 4701 et
2283 4650 2608 4715 cogitatione
2641 4649 2941 4718 discerpas,
2974 4653 3167 4702 cuncta
3191 4653 3442 4717 pereant,
3481 4665 3574 4703 nec
3614 4649 3692 4718 (ut

1989 4738 2072 4791 ita
2102 4736 2300 4806 dicam)
2330 4751 2616 4790 consonum
2639 4737 2938 4805 quidquam
2966 4742 3193 4793 servent.
3224 4739 3294 4792 Et
3320 4741 3379 4792 ut
3408 4741 3466 4792 in
3495 4741 3692 4810 gravi-

1994 4827 2089 4880 bus
2120 4826 2334 4880 chordis
2377 4825 2464 4880 hic
2496 4829 2639 4880 vocis
2687 4826 2878 4880 modus
2917 4830 3016 4899 est,
3049 4831 3108 4880 ut
3144 4843 3252 4881 non
3291 4826 3366 4881 ad
3395 4829 3694 4882 taciturni-

1994 4919 2155 4970 tatem
2201 4917 2451 4982 gravitas
2486 4930 2653 4983 usque
2705 4915 3014 4982 descendat,
3061 4921 3224 4984 atque
3276 4919 3334 4970 in
3367 4920 3542 4972 acutis
3605 4917 3695 4971 ille

1992 5005 2294 5060 custoditur
2328 5007 2595 5058 acuminis
2647 4989 2858 5070 modus,
2899 5021 2961 5058 ne
2992 5008 3146 5059 nervi
3171 5008 3401 5061 nimium
3433 5010 3571 5062 tensi
3595 5022 3692 5060 vo-

1993 5097 2068 5149 cis
2101 5096 2361 5148 tenuitate
2405 5099 2752 5162 rumpantur,
2800 5093 2894 5147 sed
2943 5099 3110 5149 totum
3153 5097 3260 5149 sibi
3289 5098 3360 5150 sit
3409 5101 3692 5150 consenta-

1991 5199 2149 5238 neum
2175 5187 2338 5252 atque
2365 5185 2698 5249 conveniens,
2734 5185 2814 5237 ita
2845 5186 3007 5238 etiam
3038 5188 3093 5238 in
3123 5185 3315 5240 mundi
3335 5186 3543 5238 musica
3563 5199 3690 5252 per-

1993 5273 2236 5327 videmus
2262 5273 2403 5326 nihil
2433 5275 2512 5326 ita
2531 5287 2640 5326 esse
2660 5274 2892 5327 nimium
2914 5289 3087 5345 posse,
3122 5278 3182 5327 ut
3204 5276 3434 5328 alterum
3458 5273 3694 5342 propria

1993 5363 2271 5416 nimietate
2315 5361 2596 5416 dissolvat.
2650 5363 2848 5416 Verum
2921 5361 3198 5432 quidquid
3254 5360 3396 5415 illud
3448 5364 3552 5428 est,
3594 5364 3688 5414 aut

1995 5465 2118 5506 suos
2149 5451 2309 5519 affert
2327 5452 2562 5518 fructus,
2586 5456 2682 5504 aut
2701 5453 2831 5506 aliis
2850 5453 3159 5505 auxiliatur
3178 5454 3237 5504 ut
3267 5448 3528 5517 afferant.
3553 5450 3693 5504 Nam

1999 5541 2143 5610 quod
2172 5543 2494 5609 constringit
2525 5541 2710 5607 hiems,
2735 5556 2826 5594 ver
2848 5541 3024 5608 laxat,
3055 5542 3220 5593 torret
3243 5544 3424 5608 xstas,
3449 5542 3693 5594 maturat

1999 5635 2313 5700 autumnus,
2346 5635 2692 5701 temporaque
2747 5629 2987 5684 vicissim
3015 5628 3100 5684 vel
3149 5629 3274 5698 ipsa
3303 5643 3426 5685 suos
3456 5627 3696 5698 afferunt
