4054 6184
387 336 522 389 i027

1125 330 1471 384 APPENDIX
1513 329 1605 382 AD
1646 326 1891 383 LIBROS
1935 328 2023 381 DE
2061 323 2582 383 CONSOLATIONE
2620 322 3135 380 PHILOSOPHLE.

3730 328 3841 386 l0‘23

387 469 626 536 fructus,
663 465 747 520 vel
774 463 927 531 aliis,
976 467 1037 518 ut
1065 464 1320 533 afferant,
1371 462 1811 516 subministrant.
1846 461 1923 515 De
1964 460 2085 514 ele-
2122 461 2170 515 Α
2197 460 2301 515 bile
2320 461 2531 527 factum
2561 463 2657 524 est,
2708 459 2896 511 anima
2919 471 3041 511 vero
3083 456 3356 511 oculorum
3386 456 3842 525 effugitobtuitum.

393 561 721 612 mentorum
752 568 856 625 per
876 568 1149 608 numeros
1172 550 1551 618 connexione,
1576 551 1741 622 plura
1773 549 1899 620 lege
1931 547 2082 619 apud

394 643 736 701 Iacrobium
781 658 915 697 sane
951 658 1124 713 quam
1153 640 1409 711 jucunda
1441 640 1539 694 ini
1590 639 1690 693 lib.
1722 639 2082 693 Commenta-

392 735 633 800 riorum,
663 748 807 803 quos
837 731 898 786 in
928 730 1205 801 Scipionis
1236 729 1536 785 Somnium
1570 728 1911 799 composuit.

462 818 731 892 Numeris]
801 820 1177 885 Ouaternario
1249 820 1665 873 elementorum
1724 833 1966 871 numero
2027 819 2085 870 et

392 910 642 966 ternario
672 908 1136 964 interstitiorum.
1177 908 1379 963 Tribus
1410 907 1565 961 enim
1597 906 1917 961 interstitiis
1949 920 2083 959 con-

392 997 817 1053 venientissime
847 1001 1095 1068 quatuor
1140 1011 1395 1051 connexa
1434 998 1567 1049 sunt
1596 995 1901 1060 elementa,
1943 1010 2085 1064 quo-

394 1104 524 1143 rum
562 1086 818 1157 primum
849 1090 935 1140 est
992 1103 1021 1139 a
1053 1090 1205 1140 terra
1234 1085 1304 1139 ad
1360 1100 1590 1155 aquam,
1649 1082 1964 1137 secundum
2017 1080 2087 1136 ab

393 1192 545 1249 aqua
575 1176 643 1229 ad
676 1190 889 1241 aerem,
919 1174 1150 1230 tertium
1172 1173 1243 1229 ab
1278 1188 1406 1227 aere
1438 1172 1509 1227 ad
1538 1172 1759 1242 ignem.

463 1267 695 1333 Frigora
708 1260 967 1335 ﬂammis]
1004 1262 1229 1333 Frigida
1257 1262 1476 1318 calidis.

464 1354 667 1423 Arida]
688 1353 863 1409 Sicca.

466 1440 743 1514 Liquidis]
773 1440 1053 1497 Humidis.

468 1531 690 1602 Purior]
714 1531 1018 1587 Sincerior.

468 1622 684 1689 Evolet]
705 1621 874 1674 Extra
916 1620 1107 1673 locum
1137 1615 1537 1688 praescriptum
1585 1612 1765 1668 nimia
1795 1611 2091 1682 gravitate.

470 1708 771 1776 Deducant]
798 1707 1152 1776 Deprimant.

475 1799 556 1851 Tu
592 1797 823 1866 triplicis
871 1793 1126 1862 mediam]
1156 1792 1307 1847 Ordo
1339 1796 1460 1846 est:
1493 1793 1572 1846 Tu
1605 1795 1947 1845 connectens
1970 1789 2092 1844 ani-

402 1901 557 1942 mam
586 1885 831 1939 mediam
871 1881 1111 1953 triplicis
1138 1886 1357 1937 natura)
1399 1884 1725 1934 moventem
1754 1884 1976 1946 cuncta,
2002 1895 2093 1934 re—

404 1975 597 2040 solvis,
632 1973 690 2028 id
720 1977 804 2027 est
832 1971 1126 2043 expandis,
1184 1969 1429 2025 subaudi
1457 1985 1611 2037 eam,
1652 1974 1707 2023 et
1753 1974 1947 2040 repete
1980 1984 2095 2024 me-

405 2065 559 2120 diam
590 2079 693 2134 per
718 2078 967 2117 consona
995 2060 1275 2115 membra.

478 2154 734 2223 Triplicis
769 2152 999 2218 natura]
1048 2149 1192 2214 Quia
1248 2148 1336 2218 (ut
1384 2147 1612 2202 Platoni
1666 2147 1852 2201 visum
1886 2146 1990 2217 est)
2031 2162 2096 2199 ex

404 2243 591 2297 tribus
619 2256 811 2295 rerum
843 2238 1167 2311 generibus,
1223 2237 1490 2303 essentia,
1551 2237 1752 2291 eodem
1784 2241 1841 2290 et
1895 2236 2094 2302 altero,

406 2332 556 2387 Deus
580 2345 755 2385 unam
812 2328 1018 2382 animae
1060 2326 1263 2381 mundi
1319 2324 1587 2379 conﬂavit
1642 2330 1929 2391 naturam,
1979 2328 2097 2378 tam

404 2423 597 2475 exacta
624 2416 1042 2482 commistione,
1075 2420 1141 2469 ut
1172 2414 1235 2468 in
1264 2414 1508 2468 essentia
1539 2414 1662 2484 ejus
1701 2412 1915 2484 ubique
1944 2412 2095 2468 idem

405 2510 614 2563 inesset
643 2507 909 2573 alterum,
939 2509 1112 2575 atque
1140 2502 1388 2557 vicissim
1442 2502 1502 2556 in
1546 2501 1671 2572 ipso
1721 2500 1845 2571 ejus
1893 2501 2099 2556 eodem

406 2596 616 2651 inesset
646 2599 703 2650 et
732 2594 994 2660 alterum,
1051 2596 1107 2646 et
1145 2590 1428 2645 essentia:
1486 2606 1685 2645 rursus
1730 2590 1791 2645 in
1821 2590 1945 2661 ipso
1976 2592 2099 2661 ejus

408 2686 586 2739 altero
614 2687 671 2738 et
713 2682 960 2737 essentia
1004 2681 1231 2750 lateret,
1281 2684 1336 2734 et
1367 2678 1541 2734 idem.
1594 2679 1692 2732 Vel
1746 2681 1966 2733 natura).
1997 2679 2098 2733 tri-

406 2773 570 2845 plicis
596 2773 747 2840 ideo,
781 2772 937 2843 quod
965 2770 1157 2825 anima
1199 2768 1401 2824 mundi
1430 2768 1705 2823 sublimes
1729 2784 1925 2824 causas
1970 2784 2099 2823 cum

407 2861 623 2917 intimis
653 2864 998 2916 connectens
1019 2858 1334 2920 effectibus,
1368 2858 1431 2912 in
1466 2857 1653 2927 seipse
1678 2861 1895 2924 manet,
1931 2862 1987 2912 et
2015 2858 2103 2912 de-

407 2952 580 3007 clinat
605 2951 674 3006 ad
705 2952 954 3016 allectus,
988 2952 1045 3004 et
1082 2947 1154 3004 ad
1180 2964 1378 3003 causas
1411 2947 1681 3001 ascendit.

478 3040 735 3110 Mediam]
765 3040 833 3095 Ut
887 3038 1109 3094 Platoni
1155 3038 1361 3109 placet,
1408 3038 1558 3092 Deus
1606 3035 1860 3091 animam
1890 3035 1951 3090 in
1980 3050 2101 3091 me-

409 3129 502 3185 dio
530 3144 724 3184 rerum
754 3128 1066 3195 constituit,
1108 3125 1515 3198 protenditque
1545 3140 1672 3180 eam
1702 3124 1836 3179 inde
1883 3139 1986 3195 per
2012 3127 2101 3178 to-

409 3225 553 3286 tum,
589 3225 646 3274 et
684 3218 915 3273 interim
946 3216 1167 3287 aliquid
1196 3217 1320 3286 ejus
1353 3214 1552 3269 eduxit
1594 3216 1754 3269 extra
1783 3213 2098 3268 mundum:

410 3325 525 3379 quo
558 3307 823 3363 videlicet
852 3307 989 3361 dum
1036 3304 1368 3376 provideret
1396 3303 1634 3369 mundo,
1675 3306 2105 3357 converteretur

412 3397 483 3450 ad
516 3397 712 3450 Deum.
743 3396 828 3449 Ita
852 3394 1047 3448 anima
1076 3398 1161 3447 est
1191 3393 1416 3447 medius
1455 3408 1649 3447 rerum
1677 3392 1907 3463 gradus,
1933 3396 2103 3462 atque

412 3500 612 3538 omnes
642 3483 851 3553 gradus
897 3486 1017 3536 tam
1044 3481 1369 3552 superiores
1400 3496 1576 3552 quam
1632 3480 1932 3536 inferiores
1978 3496 2103 3535 con-

411 3572 587 3628 nectit
628 3571 689 3625 in
720 3586 922 3637 unum,
955 3571 1094 3625 dum
1120 3570 1245 3641 ipsa
1273 3574 1330 3623 et
1360 3569 1430 3623 ad
1480 3584 1718 3639 superos
1751 3569 2021 3635 ascendit,
2049 3572 2106 3623 et

413 3659 705 3717 descendit
746 3659 820 3715 ad
848 3659 1080 3714 inferos.
1113 3658 1361 3713 Timaeus
1383 3658 1537 3729 apud
1569 3659 1900 3713 Platonem:
1926 3660 2013 3713 Ea:
2044 3673 2106 3712 ea

412 3752 726 3807 substantia
766 3765 884 3816 qua
912 3748 1206 3804 individua
1261 3753 1311 3803 et
1354 3763 1563 3817 semper
1590 3746 1775 3803 eadem
1804 3749 2108 3817 similisque

412 3846 513 3909 est,
543 3845 595 3894 et
624 3856 693 3894 ex
734 3855 801 3893 ea
848 3854 1047 3893 rursus
1093 3852 1222 3910 quae
1261 3837 1410 3892 circa
1458 3853 1697 3908 corpora
1751 3838 1982 3892 dividua
2021 3837 2102 3905 fit,

412 3929 640 3986 tertiam
659 3926 994 3982 substantiae
1015 3926 1263 3998 speciem
1283 3926 1647 3981 commiscuit
1669 3926 1915 3981 mediam
1936 3946 1948 3982 :
1976 3943 2104 3998 quae

413 4033 609 4074 rursus
638 4021 786 4072 esset
813 4020 1037 4071 natura:
1067 4014 1247 4087 ipsius
1278 4014 1557 4086 ejusdem,
1591 4019 1643 4070 et
1676 4019 1895 4070 naturae
1927 4015 2107 4086 ipsius

413 4107 647 4164 alterius
671 4106 978 4178 particeps,
1018 4121 1260 4176 eamque
1310 4120 1413 4175 per
1458 4105 1580 4159 haec
1610 4104 1860 4159 mediam
1892 4106 2105 4160 consti-

412 4198 525 4253 tuit
547 4198 700 4253 inter
722 4195 1080 4251 individuam
1107 4193 1507 4261 substantiam,
1536 4196 1592 4248 et
1623 4207 1751 4247 eam
1791 4208 1921 4263 qua:
1960 4192 2107 4248 circa

2189 551 2423 603 rationis
2451 552 2502 603 et
2529 547 2917 602 modulaminis
2956 561 3188 615 compos,
3237 546 3303 600 ab
3356 550 3568 599 auctore
3614 560 3700 600 suo
3752 562 3846 601 om-

2192 642 2365 704 nium,
2394 653 2513 704 quae
2537 652 2746 707 semper
2774 640 2922 703 sunt,
2956 640 3006 690 et
3036 635 3110 689 ad
3154 636 3570 701 intelligentiam
3592 638 3848 706 pertinent,

2191 729 2412 797 optimo,
2447 727 2573 795 ipsa
2622 739 2831 793 quoque
2876 725 3083 793 optima
3118 724 3357 777 omnium
3398 738 3517 792 quae
3557 725 3725 790 genita
3750 730 3849 777 sunt

2192 816 2399 886 effecta.

2267 902 2411 976 Quae]
2438 903 2629 958 Mundi
2659 902 2871 957 anima.

2267 994 2442 1063 Secta]
2475 992 2664 1047 Divisa
2693 993 2753 1046 in
2783 992 2896 1046 duo
2929 1007 3059 1062 quae
3092 991 3339 1045 refertur
3364 989 3436 1044 ad
3471 994 3709 1045 motum.

2271 1080 2615 1153 Glomeravit]
2646 1080 3055 1135 Orbiculariter
3084 1079 3220 1149 egit.

2267 1173 2330 1226 1n
2363 1171 2514 1226 orbes
2540 1167 2695 1241 duos]
2750 1170 2816 1224 In
2844 1170 3105 1241 geminos
3136 1168 3402 1233 circulos,
3431 1171 3569 1238 puta
3595 1167 3649 1220 in
3683 1167 3844 1220 ﬁrm-

2200 1266 2463 1316 mentum
2485 1275 2604 1314 non
2658 1275 2872 1321 errans,
2907 1263 2965 1312 et
2995 1258 3055 1313 in
3100 1258 3264 1313 orbes
3297 1256 3727 1327 pervagantium
3753 1256 3853 1326 pla-

2201 1356 2486 1407 netarum.
2520 1348 2724 1404 Anima
2757 1348 2960 1403 mundi
3006 1346 3149 1402 adeo
3196 1348 3475 1418 processit
3525 1346 3771 1417 perfecta,
3806 1352 3853 1399 ut

2202 1455 2365 1494 suam
2401 1439 2581 1494 ferme
2633 1438 2823 1494 ideam
2881 1437 3227 1508 impleverit.
3281 1435 3495 1491 Divisio
3549 1436 3609 1489 in
3656 1436 3850 1505 longum

2203 1530 2451 1585 ostendit
2497 1529 2799 1600 praprium
2848 1528 3054 1581 animas
3106 1530 3326 1580 motum
3382 1524 3717 1580 naturaliter
3765 1540 3856 1577 esse

2204 1623 2443 1686 rectum,
2498 1618 2712 1672 scilicet
2766 1618 2828 1670 in
2874 1632 3127 1681 sensum,
3186 1620 3241 1669 et
3270 1614 3576 1685 vegetandi
3628 1614 3731 1667 sive
3760 1628 3854 1666 mo-

2206 1708 2373 1763 vendi
2399 1711 2682 1761 naturam.
2718 1708 2858 1760 Item
2889 1706 2962 1760 ob
3006 1706 3062 1759 id
3095 1711 3248 1758 secat
3291 1704 3349 1757 in
3382 1704 3524 1769 duo,
3558 1707 3620 1757 ut
3646 1704 3857 1756 ostendat

2209 1803 2333 1853 tum
2366 1797 2425 1851 in
2462 1795 2655 1850 anima
2692 1795 2979 1867 duplicem
3011 1811 3133 1849 esse
3163 1802 3386 1849 rectum
3424 1798 3661 1858 motum,
3692 1790 3855 1845 scilicet

2206 1887 2277 1941 ad
2306 1885 2670 1942 sentiendum
2715 1889 2887 1956 atque
2934 1884 3296 1950 movendum,
3349 1888 3477 1937 tum
3526 1882 3594 1935 ab
3624 1882 3791 1935 anima
3814 1880 3856 1933 in

2207 1992 2446 2046 corpora
2503 1973 2768 2029 similiter
2825 1990 2945 2029 esse
2998 1973 3317 2044 geminum,
3406 1971 3621 2025 scilicet
3684 1970 3855 2024 unifor-

2212 2081 2364 2120 mem
2394 2069 2567 2135 atque
2592 2063 3023 2118 multiformem.
3060 2064 3369 2116 Intersecat
3400 2076 3536 2114 vero
3562 2060 3725 2113 lineas
3750 2059 3856 2114 duas

2209 2154 2278 2209 ad
2304 2154 2555 2209 animam
2617 2153 3001 2223 figurandam,
3036 2151 3245 2205 deinde
3299 2167 3397 2205 eas
3429 2149 3666 2204 reﬂectit
3703 2149 3751 2201 in
3785 2164 3857 2217 gy-

2206 2258 2358 2309 rum,
2389 2242 2645 2296 indicans
2673 2246 2938 2296 naturam
2971 2240 3179 2295 animm
3211 2257 3279 2294 ex
3329 2257 3389 2293 se
3430 2241 3502 2294 ad
3536 2244 3739 2292 rectum
3766 2253 3857 2289 mo-

2207 2336 2331 2387 tum
2365 2330 2785 2402 procliviorem,
2811 2331 2882 2384 ab
2911 2330 3033 2400 ipso
3066 2330 3179 2383 Deo
3210 2346 3313 2401 per
3352 2327 3735 2397 intelligentiae
3762 2340 3857 2378 mu-

2210 2437 2318 2476 nus
2347 2420 2607 2474 circulari
2656 2418 2834 2474 motui
2880 2435 3114 2490 prorsus
3162 2416 3606 2482 accommodari,
3639 2414 3855 2486 geminis,

2209 2510 2469 2581 inquam,
2515 2509 2759 2576 circulis,
2824 2508 3190 2561 ﬁrmamento
3238 2507 3460 2561 scilicet
3508 2522 3620 2559 non
3666 2504 3854 2566 erranti,

2210 2615 2274 2653 ac
2304 2603 2435 2669 post
2484 2598 2911 2652 ﬁrmamentum
2956 2596 3189 2651 orbibus
3226 2595 3661 2667 pervagantium
3697 2593 3856 2662 plane-

2209 2694 2420 2744 tarum.
2453 2686 2823 2743 Firmamenti
2852 2686 3085 2758 quidem
3118 2685 3393 2739 circuitus
3443 2685 3621 2756 ipsam
3648 2681 3857 2736 identita.

2210 2778 2281 2833 tis
2312 2776 2825 2846 intelligentiaaque
2848 2779 3113 2829 naturam
3137 2774 3366 2845 proprie
3395 2774 3585 2828 refert.
3612 2771 3855 2826 Anfractus

2213 2872 2407 2921 autem
2441 2864 2786 2935 multiplices
2814 2864 3176 2934 planetarum
3213 2863 3450 2933 proprie
3483 2866 3727 2915 naturam
3754 2858 3855 2910 alte-

2212 2955 2417 3022 ritatis,
2445 2954 2902 3024 inferiorumque
2941 2953 3147 3007 animae
3193 2952 3452 3023 partium
3476 2950 3850 3022 reprmsentant.

2142 3042 2183 3098 C
2281 3046 2355 3099 1n
2383 3042 2566 3112 semet]
2586 3043 2649 3097 In
2680 3042 2947 3113 seipsam.

2284 3132 2448 3203 Meat]
2476 3134 2745 3187 Movetur.

2285 3212 2545 3291 Mentem]
2577 3219 2923 3274 Profundam
2955 3217 3416 3289 intelligentiam.
3446 3215 3718 3273 Revolutio
3737 3210 3853 3266 enim

2216 3312 2422 3367 animae
2453 3310 2651 3364 orbem
2684 3308 3076 3379 intelligentiae
3098 3308 3424 3361 comitatur.
3469 3308 3637 3361 Motus
3668 3301 3851 3373 quidem

2216 3402 2445 3467 animus,
2488 3399 2534 3453 si
2565 3400 2637 3453 ab
2669 3398 3047 3469 intelligentia
3096 3397 3324 3468 penitus
3372 3397 3674 3459 deseratur,
3706 3389 3852 3445 statim

2215 3496 2333 3546 tam
2361 3491 2419 3544 in
2449 3487 2820 3560 percipiendo
2853 3503 3028 3557 quam
3054 3487 3112 3540 in
3145 3486 3390 3558 agendo,
3430 3486 3613 3539 solum
3640 3477 3854 3535 transibit

2214 3579 2279 3635 in
2308 3583 2554 3634 rectum.
2606 3577 2769 3642 Quod
2799 3580 2993 3631 autem
3043 3580 3263 3646 repetat
3309 3574 3689 3644 semetipsum,
3729 3566 3850 3621 simi-

2216 3671 2415 3741 lesque
2438 3683 2539 3740 per
2568 3666 2678 3722 alia
2711 3682 2877 3738 gyros
2908 3666 3209 3737 glomeret,
3244 3665 3485 3719 sortitur
3520 3663 3586 3717 ab
3614 3659 3853 3714 intellectu

2217 3765 2468 3838 quodam
2500 3763 2815 3834 superiore,
2851 3762 2953 3833 qui
2981 3765 3037 3817 et
3056 3777 3293 3816 manens
3318 3760 3377 3814 in
3404 3777 3464 3815 se
3495 3765 3550 3833 et
3566 3757 3733 3812 subito
3751 3766 3853 3805 con-

2216 3871 2411 3911 versus
2439 3853 2502 3907 in
2531 3867 2783 3919 causam,
2814 3852 3057 3922 largitur
3086 3850 3530 3921 intelligentiam
3554 3846 3755 3907 animm,
3777 3852 3852 3910 per

2218 3960 2393 4017 quam
2422 3942 2586 4015 quasi
2611 3946 2933 4013 porrectam
2964 3958 3205 3996 manum
3234 3940 3384 3994 sistit
3414 3939 3657 3994 animam
3696 3935 3852 3986 natura

2216 4033 2455 4107 propria
2500 4031 2921 4102 vagabundam,
2970 4035 3308 4101 motumque
3336 4030 3462 4100 ejus
3507 4022 3849 4096 irrequietum.

2217 4127 2275 4180 et
2304 4122 2374 4177 ad
2402 4124 2617 4176 rectam
2656 4126 2815 4176 extra
2849 4136 2907 4175 se
2938 4119 3148 4175 lineam
3179 4118 3519 4174 naturaliter
3556 4111 3851 4186 proniorem,

2217 4214 2517 4284 retorquet
2549 4210 2615 4265 in
2650 4211 2851 4265 orbem
2905 4209 3164 4265 medium
3215 4208 3364 4263 inter
3422 4211 3633 4263 motum
3675 4204 3848 4256 rectum

412 4303 618 4357 corpus
648 4284 941 4340 dividitur.
976 4284 1050 4337 Ea
1095 4298 1226 4337 cum
1253 4282 1364 4337 tria
1422 4281 1779 4354 sumpsisset,
1820 4282 1881 4337 in
1928 4298 2103 4338 uuam
2144 4330 2188 4384 Β
2219 4281 2698 4375 atque—quietem,
2734 4300 2875 4355 Hinc
2904 4298 3135 4354 anima;

415 4375 662 4447 speciem
692 4372 887 4429 omnia
913 4371 1274 4443 temperavit.

485 4465 693 4522 Cuncta
723 4456 1036 4532 moventem]
1071 4460 1342 4531 Virgilius
1360 4458 1624 4516 Eneidos
1654 4460 1755 4517 lib.
1786 4476 1845 4515 vr
1875 4476 1889 4516 :

1063 4619 1352 4681 Totamque
1382 4616 1558 4667 infusa
1576 4630 1672 4681 per
1700 4621 1845 4667 artus

538 4685 686 4734 Mens
709 4683 873 4747 agitat
892 4680 1104 4743 molem,
1136 4684 1189 4732 et
1207 4680 1401 4745 magno
1422 4693 1477 4731 se
1499 4680 1717 4745 corpore
1747 4681 1953 4731 miscet.

491 4838 597 4891 Per
620 4850 849 4891 consona
888 4833 1145 4907 membra]
1206 4835 1315 4889 Per
1343 4832 1541 4888 mundi
1593 4836 1783 4905 partes
1812 4830 2113 4887 harmonia

416 4925 668 4999 quadam
699 4924 1026 4994 conjunctae
1046 4928 1103 4978 et
1134 4926 1535 4994 congruentes.
1570 4922 1818 4977 Timaeus
1850 4921 2112 4976 Platoni-

417 5017 869 5082 cuszPostquam
904 5014 1079 5080 igitur
1120 5012 1413 5067 secundum
1454 5014 1715 5067 creatoris
1760 5012 1912 5067 illius
1972 5028 2114 5067 men-

420 5111 523 5161 tem
548 5108 662 5160 tota
704 5104 902 5158 anima:
956 5100 1266 5157 constitutio
1320 5101 1570 5156 absoluta
1616 5102 1750 5168 fuit,
1783 5117 1908 5156 mox
1964 5117 2114 5157 omne

417 5208 729 5265 corporeum
755 5193 907 5246 intra
940 5194 1116 5260 ipsam
1152 5192 1391 5260 efﬂuxit,
1415 5189 1760 5260 mediumque
1805 5190 1994 5245 medix
2022 5206 2112 5245 ac-

419 5283 778 5349 commodans,
811 5284 939 5351 apto
967 5279 1331 5335 modulamine
1368 5280 1661 5349 capulavit.
1711 5280 1787 5334 At
1818 5279 1919 5334 illa
1956 5295 2115 5334 ame-

420 5373 510 5427 dio
536 5388 635 5442 per
661 5386 812 5426 omne
833 5384 1003 5439 usque
1031 5368 1105 5421 ad
1125 5368 1242 5421 coeli
1268 5372 1509 5421 extrema
1528 5384 1583 5423 se
1604 5371 1911 5438 porrigens,
1963 5371 2115 5438 eique

421 5462 754 5514 extrinsecus
774 5457 1129 5523 circumfusa,
1156 5469 1317 5523 seque
1358 5457 1417 5508 in
1464 5458 1645 5525 seipsa
1674 5461 2001 5523 convertens,
2033 5459 2115 5512 ita

419 5551 757 5616 sempiternas
794 5547 1167 5615 sapientisque
1193 5545 1319 5597 vitae
1335 5546 1392 5597 in
1441 5546 1756 5600 universum
1794 5551 1999 5615 tempus
2030 5546 2113 5600 di-

416 5638 603 5691 vinum
636 5634 788 5689 dedit
816 5633 1120 5688 exordium.
1176 5634 1241 5686 Et
1273 5646 1465 5701 corpus
1497 5632 1716 5700 quidem
1756 5635 1878 5690 cceli
1905 5640 2114 5705 specta-

2369 4406 2437 4456 In
2466 4408 2630 4456 semet
2653 4405 2886 4455 reditura
2917 4408 3075 4462 meat,
3108 4407 3448 4467 mentemque
3475 4396 3761 4467 profundam

2376 4468 2591 4527 Circuit,
2621 4472 2673 4518 et
2699 4468 2858 4518 simili
2882 4468 3143 4518 convertit
3175 4465 3406 4531 imagine
3432 4465 3637 4516 omium.

2296 4567 2373 4623 Tu
2400 4568 2583 4621 causis
2612 4567 2827 4621 animas
2841 4565 3100 4638 paribus]
3122 4565 3482 4621 Rationalem
3509 4556 3737 4619 hominis
3756 4550 3854 4607 ani—

2220 4670 2375 4711 mam
2407 4655 2486 4711 ait
2516 4654 2675 4711 Plato
2707 4672 2741 4710 a
2769 4657 2886 4711 Deo
2910 4672 2979 4711 ex
3015 4656 3233 4710 eisdem
3265 4671 3462 4710 rerum
3491 4647 3767 4725 generibus
3788 4654 3855 4694 eo-

2219 4745 2352 4801 dem
2401 4745 2465 4800 in
2520 4749 2739 4800 cratere
2793 4744 3129 4813 commistis,
3180 4749 3353 4817 atque
3410 4741 3603 4799 mundi
3653 4734 3853 4792 animam

2220 4835 2397 4891 fuisse
2427 4834 2752 4890 conflatam.
2788 4833 2984 4891 Crater
3031 4834 3318 4907 signiﬁcat
3358 4835 3542 4906 ipsam
3573 4829 3691 4885 vita
3716 4818 3853 4907 ratio-

2223 4923 2366 4979 nalis
2413 4923 2624 4993 ideam,
2688 4924 2786 4980 sed
2844 4924 3109 4995 adjungit
3167 4941 3237 4979 ex
3291 4923 3548 4995 reliquiis
3600 4906 3853 4987 superioris

2222 5012 2637 5068 commistionis
2672 5013 2849 5068 fuisse
2883 5014 3220 5080 confectam,
3263 5011 3587 5083 signiﬁcans
3610 4997 3854 5078 particula-

2223 5117 2314 5157 res
2356 5102 2499 5156 vitas
2545 5101 2855 5157 universali
2906 5103 3020 5157 vita
3068 5102 3367 5157 inferiores
3414 5116 3552 5155 esse.
3594 5097 3719 5151 Tum
3752 5098 3850 5140 vero

2225 5192 2374 5246 Deus
2405 5191 2645 5260 animas,
2677 5191 2736 5246 id
2766 5196 2853 5247 est
2893 5192 3152 5263 singulos
3183 5191 3415 5247 ordines
3448 5188 3741 5245 animarum
3768 5177 3850 5263 sint

2225 5279 2375 5352 gulis
2417 5279 2593 5335 stellis
2642 5260 3053 5336 accommodat.
3114 5280 3361 5337 Adhibet
3420 5285 3476 5334 et
3528 5270 3768 5333 vehicula,
3807 5260 3849 5316 id

2226 5374 2312 5424 est
2340 5368 2591 5425 eetherea
2643 5385 2905 5441 corpora.
2959 5371 3134 5427 Docet
3188 5375 3243 5425 et
3303 5370 3499 5425 fatales
3550 5367 3703 5434 legeS,
3745 5355 3849 5441 ἀυφ

2224 5457 2524 5514 animabus
2568 5440 2825 5514 infundit
2858 5458 3134 5514 formulas
3162 5458 3445 5525 idearum,
3490 5471 3585 5528 per
3611 5463 3732 5522 quas
3758 5440 3847 5497 ani-

2225 5563 2335 5603 mae
2366 5547 2428 5603 in
2457 5564 2515 5602 se
2542 5548 2890 5621 quandoque
2911 5564 3223 5618 conversae,
3247 5548 3494 5602 rationes
3512 5554 3685 5599 rerum
3712 5544 3845 5621 3390'

2229 5652 2386 5695 scere
2415 5619 2650 5710 possint.
2698 5619 2898 5695 Timaei
2946 5637 3245 5706 Platonici,
3296 5635 3535 5693 Marsilio
3578 5628 3745 5686 Ficino
3782 5619 3846 5673 in-
