4054 6184
163 362 308 415 i029

1451 363 1837 419 MURMELLll
1877 363 2389 421 COMMENTARIA.

3542 372 3677 427 l030

154 495 437 562 terprete,
472 491 593 545 haec
634 494 768 545 sunt
796 492 969 546 verba
992 508 1012 546 :
1058 494 1183 547 Haec
1211 494 1385 562 fatus,
1426 493 1487 549 in
1514 494 1693 549 eodem
1722 512 1849 550 rur-
1888 498 1935 550 Α
1964 494 2192 550 habere.
2221 496 2431 550 Paulus
2451 496 2738 551 Cortesius
2760 498 2906 552 libro
2927 499 3363 554 Sententiarum
3397 502 3675 556 secundo.

156 595 252 635 sus
280 586 512 646 cratere,
559 583 619 634 in
658 596 763 650 quo
816 581 1007 635 mundi
1048 585 1214 637 totius
1258 586 1497 637 animam
1538 588 1863 654 permiscens

159 674 578 739 temperaverat,
608 672 910 740 superioris
937 674 1341 741 temperationis
1361 675 1628 742 reliquias
1645 677 1865 729 miscen-

158 759 228 813 do
253 759 531 828 perfudit,
568 759 724 813 modo
777 760 1013 829 quodam
1062 761 1261 828 eodem,
1321 777 1430 816 non
1467 768 1643 817 tamen
1681 764 1862 833 perfe-

157 854 273 903 ctas
304 850 581 914 similiter,
614 849 710 902 sed
739 854 790 902 et
834 850 1066 904 secundo
1096 855 1146 904 et
1178 853 1335 905 tertio
1376 851 1557 918 gradu
1605 868 1639 905 a
1661 856 1863 921 primis

158 938 484 1007 deﬁcientes.
514 938 760 1007 Denique
786 955 905 993 cum
945 942 1260 994 universum
1284 943 1667 1008 constituisset,
1697 944 1863 997 astris

153 1042 351 1097 parem
379 1042 657 1081 numerum
691 1028 975 1082 distribuit
996 1031 1326 1095 animarum,
1353 1032 1587 1099 singulis
1614 1033 1863 1099 singulas

156 1112 449 1179 adhibens,
487 1120 669 1184 eisque
698 1122 961 1182 tanquam
988 1117 1232 1173 vehiculo
1274 1121 1548 1188 impositis
1580 1124 1863 1186 monstra-

154 1206 238 1257 vit
266 1206 516 1271 universi
542 1210 822 1270 naturam,
854 1221 918 1259 ac
958 1207 1097 1274 leges
1128 1208 1337 1271 fatales
1374 1206 1571 1262 edixit.

230 1291 489 1364 Animas]
529 1293 841 1348 Hominum
874 1295 1135 1350 subaudi.

231 1382 429 1437 Causis
457 1382 709 1452 paribus]
736 1383 1036 1437 Consimili
1066 1384 1292 1439 ratione
1324 1390 1381 1439 et
1406 1385 1619 1454 causis,
1649 1401 1865 1440 rerum-

160 1483 274 1539 que
304 1470 618 1539 generibus
648 1472 863 1526 eisdem
887 1472 1095 1543 quibus
1129 1472 1323 1527 anima
1352 1474 1553 1527 mundi
1584 1475 1731 1529 facta
1759 1479 1862 1542 est,

237 1561 509 1628 Vitasque
548 1560 801 1633 minores]
852 1562 1230 1631 Ignohiliores
1268 1562 1511 1629 animas,
1565 1570 1628 1617 ut
1671 1564 1864 1617 bruto-

159 1663 294 1701 rum
322 1648 662 1703 animalium
687 1654 744 1704 et
774 1650 1120 1720 plantarum.

234 1734 515 1809 Provehis]
541 1738 836 1793 Producis.

232 1824 488 1897 Levibus]
526 1826 795 1882 Celeriter
819 1828 1152 1882 mobilibus.

234 1913 527 1987 Sublimes]
563 1916 989 1971 Praestantiores
1020 1917 1261 1972 animas.

235 2003 521 2076 Curribus]
576 2005 884 2061 Vehiculis.
938 2006 1008 2059 Ut
1040 2005 1210 2059 'enim
1260 2006 1482 2060 Platoni
1526 2007 1713 2063 visum
1758 2015 1865 2074 est,

166 2092 319 2145 Dens
352 2093 560 2146 animis
590 2109 847 2163 corpora,
879 2093 1044 2164 quasi
1077 2094 1336 2149 vehicula
1366 2095 1636 2150 subdidit.

238 2182 413 2251 Seris]
445 2183 724 2251 Seminas,
757 2190 815 2237 et
845 2184 952 2237 hoc
983 2199 1054 2237 ex
1103 2183 1377 2253 opinione
1429 2186 1719 2240 Platonica
1750 2187 1866 2241 dic-

164 2274 312 2339 tum,
364 2272 458 2326 cui
486 2272 719 2343 'placuit
754 2273 933 2326 Deum
970 2272 1276 2343 spirituum
1332 2273 1473 2327 alios
1520 2275 1580 2327 in
1633 2280 1865 2342 terram,

163 2359 308 2413 alios
340 2360 403 2414 in
447 2361 664 2427 lunam,
713 2360 854 2414 alios
900 2360 961 2415 in
995 2360 1106 2415 alia
1156 2362 1436 2433 temporis
1483 2362 1867 2419 instrumenta

166 2454 541 2520 spargentem
574 2449 738 2521 quasi
764 2450 996 2505 sevisse.

237 2542 408 2608 Leges
440 2539 699 2612 benigna]
748 2541 815 2595 Ut
861 2539 1126 2595 homines
1170 2540 1446 2597 violentas
1476 2543 1772 2613 passiones
1800 2560 1867 2598 ex

162 2630 425 2702 corporis
456 2630 861 2700 conjunctione
913 2629 973 2684 in
1005 2630 1198 2685 anima
1246 2631 1517 2687 excitatas
1546 2633 1864 2704 fsuperent,

157 2722 430 2792 justeque
460 2720 668 2774 vivant.

235 2809 468 2878 Reduci]
512 2810 763 2864 Reducas
807 2808 1059 2875 facienti,
1093 2808 1407 2866 reducenti.
1443 2811 1700 2867 Reducas
1729 2829 1868 2884 pro-

163 2900 292 2970 prie
323 2898 595 2955 dicuntur
626 2898 725 2970 qui
757 2914 970 2969 magna
996 2898 1252 2969 pericula
1282 2906 1602 2955 evaserunt.

235 2986 388 3059 Igne]
437 2991 647 3043 Amore
696 2987 978 3042 Marsilius
1028 2987 1351 3042 Platonicus
1394 2989 1454 3042 in
1504 2990 1865 3045 Commenta-

1973 584 2342 641 distinctione
2370 591 2576 657 quarta
2610 604 2622 640 :
2665 588 2905 655 Platone,
2952 588 3163 658 inquit,
3216 592 3475 659 principe
3516 591 3677 645 multi

1971 674 2155 729 sidera
2185 677 2495 730 animantia
2524 691 2637 730 esse
2672 677 2976 731 voluerunt.
3023 678 3219 733 Stoicis
3275 682 3459 733 autem
3497 680 3675 749 placet

1971 766 2139 819 astris
2176 767 2287 819 vim
2312 771 2364 819 et
2390 771 2618 819 mentem
2636 768 2807 820 inesse
2837 767 3102 821 divinam.
3129 767 3205 821 At
3235 767 3589 837 Anamagorz
3604 769 3673 823 ab

1972 852 2391 908 Atheniensibus
2436 858 2515 909 est
2548 858 2823 924 negotium
2870 856 3196 926 emhibitam,
3229 860 3485 925 quoniam
3510 860 3672 913 solem

1969 944 2296 1009 ﬂagrantem
2348 944 2607 1013 lapidem,
2666 961 2760 1000 nec
2798 948 2986 1012 Deum,
3040 961 3134 1000 nec
3181 948 3512 1002 animantem
3563 963 3674 1003 esse

1971 1029 2224 1085 dixisset.
2258 1032 2429 1102 Apud
2449 1039 2660 1088 nostros
2693 1050 2817 1088 vero
2844 1035 3096 1101 Origenes
3126 1052 3161 1089 a
3194 1036 3420 1091 Platone
3448 1051 3559 1091 non
3591 1037 3673 1090 di-

1970 1121 2208 1188 scedens,
2238 1124 2547 1176 animantia
2580 1122 2764 1177 sidera
2788 1125 3032 1192 putavit,
3058 1124 3226 1196 {quem
3258 1124 3593 1194 pedetentim
3622 1130 3675 1180 et

1973 1210 2289 1265 dubitanter
2311 1212 2569 1280 subsequi
2606 1213 2827 1267 videtur
2846 1215 3226 1282 Hieronymus.
3270 1217 3438 1270 Divus
3470 1220 3668 1283 autem,

1970 1300 2318 1365 Augustinus
2351 1306 2619 1371 tanquam
2645 1302 2864 1372 {arbiter
2901 1305 2960 1356 in
2986 1319 3044 1357 re
3081 1303 3361 1372 ambigua,
3407 1303 3537 1359 dum
3566 1321 3671 1359 me-

1974 1387 2127 1441 dium
2152 1393 2410 1459 persequi
2438 1407 2545 1445 non
2571 1394 2765 1460 potest,
2804 1394 2988 1445 neutri
3040 1395 3322 1447 sententia
3352 1394 3670 1448 assentitur.

1974 1476 2256 1546 AtApollo
2270 1478 2723 1547 Christianorum,
2757 1481 2916 1535 divus
2948 1482 3194 1547 Thomas,
3229 1484 3488 1536 scientius
3509 1498 3674 1550 genus

1976 1567 2070 1620 hoc
2103 1571 2273 1621 totum
2300 1571 2512 1623 ratione
2550 1572 2832 1637 astringit,
2859 1570 3060 1639 probat
3089 1574 3229 1627 enim
3253 1571 3521 1626 divisione
3550 1586 3674 1642 ope-

1974 1667 2098 1706 rum
2127 1655 2341 1721 anima,
2374 1656 2583 1709 nullam
2630 1672 2917 1725 corporum
2964 1659 3253 1712 ccelestium
3305 1662 3501 1714 animae
3545 1674 3677 1713 con-

1975 1746 2285 1797 sentaneam
2314 1758 2424 1798 esse
2448 1760 2687 1813 operam,
2706 1751 2906 1814 praeter
2930 1748 3352 1815 intelligentiam
3383 1751 3434 1801 et
3452 1753 3671 1802 motum.

1980 1831 2233 1896 Dicitque
2257 1833 2498 1886 animam
2528 1833 2861 1902 corporibus,
2905 1849 3013 1888 non
3050 1839 3113 1889 ut
3157 1837 3395 1902 formam
3441 1837 3673 1903 annecti,

1976 1918 2072 1972 sed
2117 1922 2339 1974 virtutis
2378 1921 2634 1990 appulsu,
2685 1927 2746 1975 ut
2778 1922 2966 1976 mobili
3012 1926 3338 1992 agitatorem
3377 1925 3675 1994 applicari,

1978 2008 2439 2075 quemadmodum
2478 2013 2526 2064 si
2555 2010 2751 2078 lagena
2786 2012 2846 2065 in
2878 2026 3052 2081 prono
3089 2015 3148 2066 vi
3181 2012 3385 2082 pedum
3431 2013 3672 2083 impulsa

1979 2101 2278 2150 moveatur.

2055 2187 2135 2239 Da
2156 2185 2337 2255 pater]
2364 2185 2457 2249 Sic
2490 2186 2800 2242 Martianus
2832 2188 3063 2258 Capella
3094 2189 3165 2244 ad
3193 2190 3374 2244 solem
3408 2206 3420 2244 :

2134 2290 2230 2351 Da,
2260 2294 2425 2354 pater,
2458 2291 2717 2342 aethereos
2744 2294 2907 2343 menti
2933 2294 3289 2345 conscendere
3319 2299 3505 2345 cretus.

2049 2408 2364 2476 Augustam
2407 2408 2605 2479 sedem]
2658 2410 2912 2480 Sacram,
2953 2409 3208 2465 divinam
3256 2415 3311 2465 et
3354 2410 3672 2481 majestatis

1978 2495 2375 2566 plenissimam
2405 2499 2617 2553 summi
2645 2499 2778 2554 boni
2809 2500 3028 2556 sedem.
3056 2502 3379 2571 Augustum
3411 2501 3667 2572 proprie,

1980 2588 2123 2639 teste
2155 2586 2374 2654 Servio,
2408 2592 2491 2641 est
2532 2592 2743 2643 tectum
2776 2588 3021 2660 augurio
3056 2594 3474 2644 consecratum.
3520 2590 3677 2644 Abu-

1980 2672 2098 2728 sive
2131 2679 2441 2744 augustum
2476 2676 2686 2745 nobile,
2723 2677 2886 2749 quasi
2917 2677 3232 2749 majestatis
3266 2678 3523 2749 plenum.
3548 2677 3676 2732 Vir-

1981 2763 2081 2834 gil.
2116 2763 2220 2820 lib.
2256 2764 2572 2834 Georgicon
2602 2782 2655 2819 1v
2687 2782 2700 2820 :

2105 2887 2159 2955 Si
2184 2888 2398 2955 quando
2420 2888 2595 2955 sedem
2626 2894 2923 2953 augustam,
2956 2893 3268 2955 servataque
3300 2889 3460 2940 mella

2105 2951 2387 3001 Thesauris
2416 2952 2627 3001 relines.

163 3079 278 3147 rio,
304 3077 584 3132 'oratione
626 3083 852 3149 quarta,
904 3093 1027 3148 cap.
1062 3078 1092 3131 6
1125 3095 1141 3131 :
1175 3080 1424 3132 Eternus
1471 3080 1647 3146 igitur
1691 3095 1863 3149 amor,
1905 3072 1946 3127 C
1973 3068 2063 3124 Sic
2082 3068 2238 3123 enim
2268 3066 2493 3123 Servius
2518 3067 2656 3138 legit
2685 3084 2701 3120 :
2738 3068 2858 3124 Alii
2888 3068 3113 3137 quidam
3140 3084 3245 3138 per
3281 3072 3595 3136 angustam,
3624 3072 3675 3122 et

164 3184 275 3239 quo
307 3183 519 3237 semper
572 3169 630 3221 in
662 3171 834 3223 Deum
888 3169 1123 3235 afﬁcitur
1152 3169 1389 3233 animus,
1439 3169 1597 3235 efficit
1644 3174 1706 3224 ut
1760 3172 1866 3225 Deo

163 3273 380 3327 semper
439 3262 703 3327 tanquam
759 3272 893 3312 novo
939 3258 1244 3326 spectaculo
1300 3256 1560 3324 gaudeat.
1614 3259 1867 3313 Amorem

161 3348 313 3403 hunc
333 3347 520 3401 eadem
544 3349 641 3401 Dei
661 3347 872 3402 bonitas
902 3361 1111 3415 semper
1154 3345 1399 3400 accendit
1423 3348 1481 3401 in
1513 3348 1717 3414 animo,
1748 3363 1868 3416 qua

163 3442 214 3491 et
246 3437 466 3491 beatum
494 3438 634 3503 facit
664 3442 953 3491 amantem.
991 3437 1121 3491 Tria
1146 3437 1324 3502 igitur
1347 3435 1433 3506 (ut
1463 3436 1613 3491 brevi
1635 3438 1867 3505 comple-

162 3527 309 3596 ctar)
342 3528 544 3581 amoris
576 3527 830 3597 beneﬁcia
859 3526 1311 3594 collaudabimus,
1344 3525 1490 3595 quod
1514 3541 1609 3582 nos
1634 3527 1762 3581 olim
1784 3526 1869 3581 di-

163 3621 313 3671 visos
378 3620 437 3670 in
483 3618 756 3684 integrum
810 3615 1161 3682 restituendo,
1224 3615 1447 3685 reducit
1500 3618 1559 3670 in
1620 3616 1858 3671 calum:

164 3705 322 3776 quod
371 3705 488 3760 suis
515 3721 777 3775 quemque
804 3706 1024 3761 collocat
1053 3704 1289 3771 sedibus,
1323 3706 1570 3773 facitque
1599 3720 1779 3760 omnes
1811 3708 1871 3759 in

162 3796 266 3851 illa
306 3795 699 3851 distributione
732 3797 960 3864 quietos,
998 3793 1144 3865 quod
1168 3797 1314 3848 omni
1356 3796 1584 3863 expulso
1598 3794 1867 3862 fastidio,

161 3902 263 3940 suo
306 3885 543 3955 quodam
564 3885 766 3939 ardore
786 3885 1234 3939 oblectamentum
1264 3884 1427 3951 quasi
1444 3898 1639 3937 novum
1663 3884 1873 3952 jugiter

162 3974 421 4030 accendit
448 3976 506 4028 in
532 3977 736 4042 animo,
764 3973 1055 4044 redditque
1084 3973 1240 4027 illum
1271 3971 1473 4026 blanda
1493 3976 1543 4027 et
1562 3972 1710 4027 dulci
1724 3974 1871 4041 frui-

161 4069 314 4122 tione
330 4066 567 4118 beatum.

239 4154 538 4207 Lectorem
587 4152 697 4206 hoc
744 4152 889 4217 loco,
923 4153 1230 4221 antequam
1275 4148 1346 4202 ad
1376 4147 1487 4201 alia
1537 4146 1875 4218 progrediar

166 4242 519 4311 enarranda,
554 4241 726 4296 velim
754 4239 1137 4301 admonitum,
1162 4236 1494 4292 Boetianam
1526 4234 1588 4289 in
1618 4234 1727 4289 hoc
1756 4251 1876 4289 car-

168 4337 331 4391 mine
364 4333 816 4405 PhiloSOphiam,
851 4348 969 4387 non
998 4332 1185 4385 solum
1225 4328 1553 4399 diligenter,
1587 4342 1786 4383 verum
1817 4332 1875 4383 et

169 4432 343 4483 caute
376 4426 676 4479 Platonem
721 4422 937 4477 imitari
978 4437 989 4475 :
1022 4420 1183 4491 cujus
1212 4417 1514 4490 opiniones
1562 4418 1631 4473 de
1681 4418 1873 4474 anima

170 4515 382 4573 mundi
433 4513 787 4585 caeterisque,
836 4509 1141 4566 hominum
1186 4512 1349 4580 puta,
1379 4512 1435 4562 et
1477 4506 1784 4579 pecudum,
1816 4511 1872 4564 et

168 4607 469 4671 arborum,
529 4619 645 4657 non
693 4615 1106 4673 usquequaque
1155 4595 1493 4653 Christianis
1542 4595 1876 4652 hominibus

168 4695 521 4767 probantur,
555 4690 783 4747 tametsi
813 4706 915 4744 nos
957 4687 1171 4742 Latinis
1201 4686 1320 4741 fere
1369 4684 1594 4755 singula
1631 4700 1701 4739 ex
1749 4685 1874 4738 Pla-

165 4785 327 4841 tonis
359 4782 623 4838 doctrina
650 4796 766 4835 non
796 4778 1167 4848 indiligenter
1188 4773 1653 4847 _exposuerimus.
1696 4773 1875 4827 Porro

168 4876 438 4929 caelestes
469 4872 724 4942 sphaeras
774 4868 986 4923 habere
1032 4865 1275 4931 animas,
1322 4879 1437 4917 non
1482 4862 1651 4917 modo
1680 4861 1877 4917 Plato-

168 4964 308 5031 nici,
338 4962 439 5016 sed
479 4976 679 5015 omnes
710 4958 882 5013 etiam
915 4952 1283 5025 Peripatetici
1314 4951 1683 5007 conﬁtentur.
1713 4950 1878 5016 Quod

169 5050 517 5108 Aristoteles
547 5049 709 5103 docet
738 5046 837 5102 lib.
886 5046 956 5100 de
983 5044 1134 5099 Coelo
1166 5046 1237 5109 Π,
1270 5057 1465 5096 rursus
1491 5057 1524 5093 v
1554 5044 1611 5095 et
1638 5057 1735 5095 v11!
1768 5040 1877 5094 Na-

171 5142 376 5205 tural.,
414 5139 542 5192 nde
566 5137 792 5202 Anima,
816 5134 1242 5198 nDivinorum,
1263 5130 1687 5202 Theophrastus
1706 5128 1878 5183 etiam

172 5228 499 5300 discipulus
541 5226 773 5282 Aristot.
827 5224 924 5279 lib.
960 5223 1029 5278 de
1060 5222 1233 5278 Coele.
1280 5220 1444 5285 Quod
1489 5218 1779 5275 Avicenna
1824 5223 1881 5273 et

173 5318 476 5391 Algazeles
559 5330 922 5386 summopere
1009 5312 1445 5366 conﬁrmarunt.
1527 5308 1880 5379 Augustinus

174 5407 453 5467 Aurelius
506 5406 566 5460 in
607 5405 701 5459 lib.
755 5403 848 5457 cui
882 5400 1085 5456 titulus
1118 5398 1509 5465 Enchiridion,
1543 5401 1600 5451 et
1631 5397 1879 5451 Thomas

177 5498 442 5570 Aquinas
487 5495 547 5549 in
604 5493 749 5548 libro
788 5495 985 5546 contra
1033 5488 1274 5560 gentiles
1334 5486 1601 5553 secundo,
1643 5484 1881 5539 tradunt

176 5588 331 5645 nihil
384 5588 691 5658 (quantum
739 5581 809 5637 ad
838 5579 1218 5636 Christianam
1269 5576 1587 5631 doctrinam
1636 5570 1877 5644 spectat)

181 5681 491 5743 interesse,
520 5670 768 5729 coelestia
797 5685 1036 5743 corpora
1085 5667 1305 5723 animas
1354 5664 1586 5735 habere,
1626 5662 1716 5719 vel
1760 5675 1878 5715 non

1975 3162 2058 3214 ita
2090 3160 2275 3226 legunt
2317 3160 2483 3213 etiam
2527 3158 2779 3212 nonnulli
2817 3159 2912 3213 hoc
2942 3159 3071 3224 loco,
3104 3162 3166 3212 ut
3196 3159 3344 3213 dicat
3381 3163 3667 3230 angustam

1975 3248 2172 3314 sedem,
2201 3247 2277 3301 ad
2305 3262 2470 3317 quam
2485 3245 2603 3316 Inon
2631 3248 2741 3301 nisi
2771 3251 3007 3313 angusta
3035 3250 3085 3302 et
3115 3252 3269 3301 arcta
3296 3250 3389 3301 via
3415 3250 3642 3316 perveni
3650 3278 3670 3286 -

1976 3341 2089 3404 tur,
2117 3336 2211 3391 sed
2238 3352 2351 3391 meo
2363 3335 2585 3405 judicio
2612 3336 2893 3403 legendum
2920 3340 2999 3391 est
3022 3352 3125 3406 per
3146 3353 3180 3390 u
3208 3340 3497 3404 augustam
3518 3376 3530 3389 .

2050 3429 2294 3482 Terrena
2323 3424 2498 3495 molis]
2534 3425 2837 3497 Corporeai
2869 3425 3245 3495 contagionis.

2048 3515 2282 3571 Nebulas
2336 3519 2386 3567 et
2432 3511 2703 3584 pondera]
2763 3512 3229 3568 Perturbationes
3278 3528 3343 3568 ex
3400 3513 3678 3583 gravitate

1978 3603 2232 3671 corporis
2262 3601 2458 3657 animo
2489 3602 2829 3656 accidentes.

2054 3698 2167 3750 Tuo
2197 3691 2505 3762 splendore]
2535 3692 2656 3746 Tua
2684 3691 2788 3745 tibi
2820 3690 3049 3746 interna
3078 3695 3135 3746 et
3163 3690 3443 3747 ineffabili
3466 3691 3680 3749 incom-

1981 3780 2475 3854 prehensibilique
2505 3779 2649 3834 luce.

2056 3869 2158 3942 Tu]
2180 3868 2434 3924 Subaudi
2466 3882 2535 3922 es.

2057 3952 2334 4027 Serenum]
2378 3954 2686 4009 Serenitas.

2056 4052 2125 4104 Te
2153 4043 2389 4116 cernere]
2423 4042 2842 4113 Contemplatio
2869 4044 2972 4110 tui,
3003 4044 3371 4116 subintellige
3401 4050 3497 4100 est.

2054 4134 2229 4206 Finis]
2274 4133 2576 4188 Summum
2604 4131 2841 4186 bonum.
2880 4132 3049 4204 Apud
3076 4133 3357 4187 Joannem
3387 4131 3680 4202 evangeli-

1984 4232 2156 4295 stam,
2186 4222 2371 4295 capite
2420 4238 2509 4291 xv,
2543 4223 2703 4277 Iesus
2730 4220 2989 4278 Christus
3023 4222 3093 4277 ad
3132 4223 3361 4277 Patrem
3392 4238 3407 4278 :
3442 4223 3564 4277 Hac
3602 4225 3681 4277 est

1986 4318 2304 4386 autemlvita
2330 4318 2551 4379 eterna,
2573 4316 2635 4366 ut
2659 4315 2979 4380 cognoscant
3010 4316 3058 4368 te
3078 4312 3248 4368 solum
3276 4315 3442 4369 Deum
3469 4325 3678 4379 verum,

1985 4412 2035 4463 et
2065 4422 2220 4476 quem
2240 4405 2440 4459 misisti
2453 4405 2636 4458 Iesum
2653 4401 2947 4459 Christum.
2975 4403 3221 4457 Thomas
3237 4402 3492 4473 Aquinas
3516 4399 3681 4455 theo-

1986 4497 2254 4565 logorum
2286 4493 2455 4548 decus
2485 4490 2632 4546 libro
2666 4491 2939 4546 adversus
2962 4491 3173 4562 [gentes
3202 4490 3374 4546 tertio
3407 4505 3423 4544 :
3458 4490 3679 4547 Summa

1986 4591 2037 4642 et
2060 4587 2309 4656 perfecta
2327 4584 2567 4650 felicitas
2597 4580 2979 4638 intellectualis
3011 4585 3226 4637 naturae
3250 4582 3322 4642 .in
3351 4580 3450 4635 Dei
3477 4580 3683 4633 visione

1986 4676 2251 4730 consistit.

2058 4757 2416 4831 Principium]
2450 4760 2696 4814 Joannes
2726 4759 2785 4813 in
2817 4757 3175 4829 Apocalypsi,
3208 4772 3334 4829 cap.
3374 4772 3391 4811 ι
3422 4757 3537 4825 Ego
3564 4770 3683 4810 sum

1988 4872 2020 4904 α
2047 4855 2096 4907 et
2123 4872 2185 4919 ω,
2213 4850 2546 4920 principium
2575 4852 2626 4901 et
2652 4850 2801 4917 ﬁnis,
2835 4846 2971 4901 dicit
3002 4848 3263 4901 Dominus
3284 4848 3443 4913 Deus,
3466 4846 3565 4915 qui
3582 4847 3681 4913 est,

1989 4945 2038 4995 et
2077 4942 2174 5010 qui
2211 4942 2349 5004 erat,
2381 4942 2431 4992 et
2460 4940 2566 5005 qui
2595 4940 2857 4990 venturus
2888 4939 2967 4990 est
3004 4937 3359 5006 omnipotens.
3407 4935 3556 4991 Deus
3601 4937 3687 4988 est

1989 5027 2359 5102 principium,
2407 5024 2664 5080 medium
2714 5028 2770 5078 et
2798 5023 2930 5078 ﬁnis
2974 5024 3281 5080 omnium:
3332 5024 3682 5097 principium

1990 5119 2249 5191 quidem,
2289 5120 2356 5171 ut
2400 5113 2702 5186 producit;
2765 5112 3020 5168 medium
3059 5118 3275 5184 autem,
3308 5118 3369 5168 ut
3406 5112 3683 5185 producta

1988 5206 2234 5266 retrahit
2260 5204 2333 5259 ad
2362 5205 2643 5274 seipsum;
2676 5202 2830 5269 linis,
2869 5206 3044 5274 prout
3091 5202 3393 5260 redeuntia
3439 5198 3678 5272 perlicit.

2065 5293 2276 5367 Vector]
2305 5295 2610 5349 Provector
2639 5291 2709 5346 ad
2738 5290 3089 5347 felicitatem.

2060 5383 2202 5457 Dum]
2238 5385 2445 5438 Ductor
2470 5396 2572 5453 per
2602 5379 2709 5435 iter
2737 5385 3065 5451 angustum.

2061 5472 2284 5542 Semita]
2330 5472 2479 5527 Sane
2524 5486 2697 5542 quam
2732 5474 2976 5540 angusta
3018 5467 3127 5530 via,
3174 5480 3279 5537 per
3306 5478 3480 5537 quam
3518 5464 3681 5537 pauci

1990 5566 2209 5623 faciunt
2236 5563 2365 5617 iter.

2068 5650 2375 5721 Terminus]
2411 5648 2566 5705 Finis
2601 5646 2889 5704 omnium.
