4054 6184
482 342 611 398 1031

1086 510 1160 564 IN
1202 509 1479 564 PROSAM
1517 509 1558 563 X

548 658 831 710 Hactenus
866 652 1060 708 Boetio
1089 650 1453 721 Philosophia
1482 650 1744 721 perfectae
1773 653 1942 721 atque
1963 649 2173 721 imper-

481 746 647 799 fectae
675 745 921 798 formam
959 741 1249 795 felicitatis
1280 739 1545 794 ostendit.
1582 740 1742 794 Nunc
1773 738 1871 793 ubi
1901 738 2173 793 consistat

475 834 716 888 felicitas
759 847 910 897 vera,
946 847 1043 884 seu
1089 828 1407 897 beatitudo,
1454 828 1567 881 sive
1598 843 1889 881 summum
1927 828 2169 894 bonum,

474 928 639 977 acute
699 920 1129 990 diligenterque
1182 917 1430 982 disserit,
1467 916 1772 971 ostendens
1805 916 1911 969 hoc
1950 931 2071 969 esse
2104 914 2164 969 in

478 1013 613 1080 Deo,
650 1011 882 1081 penitus
909 1009 962 1062 ei
1012 1008 1185 1071 idem,
1226 1006 1572 1077 divsrsisque
1612 1005 1845 1060 vocibus
1895 1021 2072 1058 unam
2118 1008 2174 1059 et

473 1101 737 1156 eamdem
768 1096 1084 1169 signiﬁcari
1114 1095 1511 1149 substantiam.
1556 1096 1853 1148 Postremo
1880 1092 2172 1147 concludit

475 1189 575 1245 Dei
604 1204 832 1259 quoque
863 1187 924 1240 in
945 1186 1065 1256 ipso
1095 1184 1244 1239 bono
1277 1183 1442 1237 sitam
1473 1200 1592 1237 esse
1620 1181 2016 1236 substantiam.

543 1274 809 1348 Quonam]
855 1275 979 1331 Ubi.
1029 1274 1194 1344 Apud
1230 1272 1491 1327 Boetium
1541 1272 1888 1343 compluries
1920 1287 2035 1341 quo
2064 1286 2169 1341 pro

472 1369 591 1432 ubi,
628 1369 738 1421 hoc
768 1370 870 1431 est,
903 1365 962 1418 in
995 1379 1107 1435 quo
1139 1363 1265 1416 loco
1299 1361 1550 1432 positum
1582 1360 1859 1415 invenies.

541 1456 785 1526 Aliquod
817 1454 1135 1524 hujusmodi
1183 1452 1403 1520 bonum]
1437 1452 1738 1506 Summum
1790 1454 1845 1505 et
1886 1449 2171 1504 bonorum

471 1546 734 1602 omnium
766 1542 1212 1615 congregatione
1240 1540 1580 1611 perfectum.

543 1633 726 1705 Cassa]
768 1632 981 1697 Inanis,
1015 1630 1198 1697 irrita,
1228 1644 1395 1683 vana.

540 1720 752 1791 Imago]
788 1720 1032 1791 Species.

542 1809 705 1878 Quin]
738 1807 918 1872 Quod.

543 1895 733 1969 Omne]
792 1896 953 1965 enim]

471 2002 767 2044 summum
798 1986 1019 2041 bonum
1051 1999 1191 2037 esse.

540 2074 745 2148 E/feta]
774 2074 1001 2129 Viribus
1033 2072 1311 2127 exhausta
1341 2072 1397 2124 et
1427 2068 1664 2124 defecta.

540 2163 683 2236 Quo]
720 2162 845 2218 Ubi.

540 2256 847 2312 Communis
877 2249 1168 2321 conceptio]
1201 2246 1433 2301 Boetius
1474 2246 1619 2299 libro
1667 2245 1736 2299 de
1781 2243 2168 2300 Hebdomadi-

467 2345 596 2413 bus,
627 2342 830 2413 gcapite
878 2341 1088 2410 primo.
1140 2335 1476 2393 Communis
1527 2334 1706 2388 animi
1761 2332 2055 2403 conceptio
2087 2336 2170 2388 est

468 2430 812 2496 enuntiatio,
846 2443 1021 2499 quam
1054 2425 1296 2497 quisque
1322 2424 1526 2494 probat
1556 2422 1832 2477 auditam.

540 2523 614 2577 Ne
646 2521 786 2574 hunc
822 2531 1005 2571 rerum
1035 2512 1293 2582 omnium]
1326 2511 1630 2565 Evidenter
1649 2508 1856 2580 probat
1888 2507 1989 2563 Dei
2020 2524 2170 2564 sum-

471 2609 667 2681 mique
700 2606 837 2662 boni
868 2619 1046 2658 unam
1075 2608 1131 2656 et
1156 2601 1416 2656 eamdem
1450 2615 1573 2653 esse
1604 2598 2002 2654 substantiam.

540 2691 1121 2763 Prwcellentissimum]
1156 2688 1638 2746 Prmstantissum.

536 2790 736 2855 Fingat
766 2786 863 2854 qui
890 2779 1081 2852 potest]
1121 2779 1183 2844 Ο.
1220 2780 1273 2833 d.
1312 2794 1482 2833 nemo
1514 2778 1732 2848 ﬁngere
1764 2780 1970 2848 potest.

539 2878 821 2932 Postremo
853 2871 1000 2941 quod
1031 2886 1065 2923 a
1095 2866 1354 2939 qualibet]
1389 2867 1545 2922 Idem
1584 2866 1741 2937 quod
1782 2865 1972 2932 modo,
2005 2879 2161 2919 nunc

464 2982 613 3021 nova
642 2964 865 3019 ratione
887 2959 1108 3031 probat.

1220 337 1570 392 APPENDIX
1607 337 1701 391 AD
1744 336 1992 392 LIBROS
2030 336 2117 391 DE
2155 335 2670 393 CONSOLATIONE
2710 335 3221 391 PHILOSOPHUE.

1030 1892 1354 1948 Firmissine
1414 1889 1821 1962 verissimeque
1889 1890 2177 1946 concludit

3785 346 3888 399 i032

2205 474 2252 527 A
2281 472 2587 543 complere,
2623 479 2680 528 et
2728 473 2799 528 ad
2830 473 2969 528 illud
3017 474 3301 547 quidquid
3346 474 3621 530 beatitudo
3649 478 3887 535 continere

2279 563 2527 629 videtur,
2559 562 2736 617 veluti
2761 563 2832 617 ad
2863 563 3138 618 verticem
3171 563 3388 618 referri.

2352 652 2751 721 Substantiam]
2783 653 3125 721 Essentiam,
3158 654 3460 707 rationem.

2349 739 2728 813 Jucunditate]
2784 742 3108 813 Voluptate.
3166 742 3488 797 Franciscus
3538 741 3823 813 Pbilelpluis
3855 746 3891 797 in

2280 829 2539 884 oratione
2563 830 2634 884 ad
2652 831 2803 885 viros
2826 831 3132 901 Papienses
3164 831 3531 901 voluptatem,
3554 831 3892 900 iucunditatem

2280 919 2585 973 nominat:
2629 920 2842 991 quippe
2891 936 3022 991 quae
3071 925 3126 974 et
3170 926 3422 973 mentem
3456 925 3511 973 et
3538 935 3742 973 sensum
3763 923 3892 990 juvet.

2350 1012 2599 1068 Omnium
2649 1012 2847 1076 igitum
2901 1009 3325 1079 expetendarum
3368 1008 3591 1078 summa]
3636 1009 3894 1063 Aristoteles

2281 1100 2573 1155 Moralium
2602 1098 2700 1153 lib.
2737 1114 2749 1153 :
2782 1098 2969 1155 Omnis
3013 1114 3126 1163 ars,
3179 1101 3463 1166 omnisque
3508 1098 3736 1152 doctrina
3778 1106 3894 1167 atque
3982 1098 3983 1159 ἒ

2279 1194 2453 1256 actus,
2488 1189 2677 1243 itidem
2701 1192 2750 1242 et
2773 1190 2975 1255 electio,
3011 1188 3207 1243 bonum
3240 1188 3510 1256 quoddam
3538 1193 3762 1255 amietere
3783 1189 3891 1241 ride-

2281 1283 2391 1332 tur.
2442 1276 2804 1346 QuaprOpter
2830 1276 2978 1330 bene
3024 1281 3247 1345 veteres
3278 1277 3491 1329 bonum
3540 1275 3710 1344 ipsum
3740 1274 3783 1327 id
3807 1292 3889 1328 esse

2282 1367 2557 1421 dixerunt
2584 1366 2735 1437 quod
2759 1365 2952 1419 omnia
2979 1369 3275 1436 appetunt.
3308 1362 3603 1434 Dionysius
3620 1369 3793 1433 quarto
3807 1380 3889 1431 cap.

2281 1456 2351 1510 de
2395 1454 2611 1510 Divinis
2640 1454 2980 1509 Nominibus
3008 1472 3019 1509 :
3053 1455 3267 1522 Omnia,
3297 1453 3505 1524 inquit,
3534 1452 3710 1506 bonum
3732 1458 3773 1506 et
3794 1456 3890 1521 apti-

2279 1561 2425 1600 mum
2445 1548 2851 1615 concupiscunt.

2883 1647 2955 1701 IN
2987 1647 3272 1701 METRUM
3311 1648 3371 1701 X.

2216 1751 2255 1806 Β
2359 1756 2604 1810 Carmen
2633 1759 2718 1809 est
2744 1758 3010 1808 constans
3038 1753 3272 1807 alternis
3302 1752 3574 1821 phaleciis
3605 1756 3658 1805 et
3679 1750 3894 1821 sapphicis

2285 1849 2519 1915 excepto
2559 1843 2811 1898 secundo
2842 1858 3029 1907 versu,
3092 1843 3192 1913 qui
3242 1842 3534 1912 pbalecius
3586 1846 3681 1906 est,
3734 1841 3811 1910 qui
3842 1844 3894 1893 sic

2282 1937 2475 2004 posset
2519 1932 2579 1986 in
2635 1931 2973 2002 sapphicum
3004 1931 3232 1993 mutari,
3295 1943 3495 1982 verum
3551 1944 3659 1982 una
3706 1928 3890 1981 dictione

2281 2021 2690 2076 transformata
2720 2037 2733 2075 :

2467 2126 2610 2183 Quos
2640 2125 2769 2188 ligat
2792 2124 2951 2174 fallax
2983 2124 3230 2187 gravibus
3258 2125 3480 2181 catenis,

2279 2225 2423 2280 sicut
2450 2242 2515 2279 ex
2538 2228 2742 2296 quarto
2760 2224 2957 2279 liceret
2987 2228 3206 2277 mutato
3228 2223 3541 2277 dictionum
3562 2222 3741 2277 ordine
3762 2220 3893 2275 facere

2277 2314 2602 2386 phalecium
2634 2330 2647 2368 :

2466 2420 2559 2469 Hic
2590 2420 2740 2470 vobis
2768 2420 2977 2483 requies
3005 2418 3385 2468 eritlaborum.

2348 2522 2557 2575 Verum
2605 2518 2835 2574 Boetius
2868 2522 3060 2572 noster
3089 2517 3249 2589 prius
3293 2522 3409 2570 tres
3459 2514 3729 2587 phalecios
3756 2512 3892 2566 conti-

2274 2626 2419 2666 nuos
2467 2609 2693 2675 cecinit,
2731 2607 2935 2661 deinde
2968 2605 3304 2677 sapphicum
3339 2604 3579 2674 addidit,
3611 2604 3891 2675 syllabarum

2276 2714 2520 2753 numero
2572 2702 2627 2751 et
2680 2701 3009 2766 temporum
3067 2694 3445 2765 proportione
3499 2690 3894 2761 hendecasyllabi

2275 2788 2578 2859 aequalem.
2624 2787 2932 2852 Postquam
2970 2788 3160 2838 autem
3190 2782 3561 2853 Philosophia
3591 2780 3775 2834 summi
3800 2778 3894 2833 boni

2277 2874 2767 2945 beatitudinisque
2800 2872 3057 2927 eamdem
3090 2887 3219 2925 cum
3265 2873 3379 2925 Deo
3414 2870 3761 2925 substantiam
3788 2868 3892 2921 indi-

2278 2965 2444 3035 cavit,
2492 2981 2643 3018 nunc
2692 2961 2960 3017 mortales
2995 2961 3256 3015 alacriter
3300 2960 3506 3014 invitat
3536 2964 3588 3013 et
3616 2958 3891 3012 adhortatur.

536 3051 849 3121 Geometrw]
910 3049 1262 3105 Professores
1314 3045 1669 3117 geometrite,
1724 3060 1852 3117 quae
1894 3048 1981 3100 est
2018 3042 2135 3099 ben

2283 3060 2339 3111 ut
2366 3055 2433 3109 ad
2458 3056 2605 3109 hanc
2634 3068 2830 3107 veram
2859 3051 3182 3105 felicitatem
3214 3050 3434 3120 pariter
3453 3048 3790 3109 contendant,
3809 3045 3895 3098 reli-

466 3142 839 3201 mensurandi
874 3138 1130 3194 scientia.

534 3227 866 3300 Porismata]
902 3226 1240 3283 Corollaria.
1274 3224 1569 3296 ,Georgius
1612 3222 1770 3277 Valla
1798 3221 1943 3276 libro
1984 3222 2165 3292 Expe-

465 3322 771 3377 tendorum
801 3323 857 3373 et
887 3316 1313 3388 Fugiendorum
1348 3329 1391 3368 ιι
1428 3330 1441 3367 :
1478 3314 1571 3367 Est
1600 3316 1649 3367 et
1676 3313 1923 3381 porisma
1952 3326 2069 3367 cum
2100 3325 2167 3364 eae

464 3410 846 3464 demonstratis
893 3405 1051 3460 aliud
1089 3402 1306 3468 aliquid
1335 3406 1588 3471 apparet,
1619 3401 1785 3455 simul
1820 3405 1869 3455 et
1900 3401 2168 3454 theorema

464 3499 615 3553 nobis
644 3512 751 3551 non
776 3492 1203 3563 proponentibus
1234 3508 1247 3543 :
1282 3490 1425 3543 unde
1454 3495 1504 3542 et
1534 3505 1722 3543 nomen
1750 3488 1961 3555 habuit,
2006 3489 2170 3557 quasi

465 3590 673 3642 lucrum
722 3582 996 3653 quoddam
1048 3582 1287 3633 existens
1318 3578 1618 3632 scientialis
1663 3578 2164 3643 demonstrationis,

464 3678 523 3731 id
578 3676 772 3731 Latine
845 3670 1192 3727 corollarium
1268 3668 1604 3733 nominatur,
1660 3667 1837 3724 Griece
1908 3665 2167 3721 scribitur

466 3772 720 3841 πόρισμα.

537 3858 916 3929 Corollarium]
964 3853 1342 3912 Corollarium
1400 3856 1487 3921 (ut
1540 3856 1741 3906 auctor
1771 3854 1856 3905 est
1883 3852 1952 3905 Μ.
1991 3851 2164 3904 Varro

468 3951 613 4006 libro
639 3949 825 4021 primo
857 3947 926 4001 de
951 3944 1169 4015 Lingua
1202 3941 1423 4009 Latina)
1446 3939 1729 4010 signiﬁcat
1753 3939 1812 3993 id
1834 3940 1986 4010 quod
2015 3938 2168 3993 addi-

466 4046 588 4096 tum
625 4043 728 4106 est,
762 4040 1150 4109 praeterquam
1167 4030 1321 4103 quod
1356 4029 1638 4096 debitum,
1672 4034 1950 4099 tanquam
1983 4033 2166 4082 aucta-

464 4130 614 4185 rium
660 4127 971 4201 quoddam.
1013 4124 1097 4176 Ita
1127 4120 1282 4175 enim
1330 4118 1595 4174 dicebant
1638 4117 1862 4187 antiqui
1896 4132 1908 4172 :
1938 4121 1994 4171 et
2024 4117 2165 4171 dixit

466 4223 698 4275 Plautus
728 4218 786 4272 id
822 4214 974 4287 quod
1005 4226 1179 4282 supra
1202 4224 1532 4263 mensuram
1562 4208 1651 4261 vel
1678 4206 1907 4278 pondus
1939 4206 2161 4277 justum

464 4305 856 4377 adjiciebatur.
922 4299 1275 4355 Vocabulum
1319 4296 1607 4351 corollarii
1662 4300 1748 4350 est
1802 4312 1836 4350 a
1883 4294 2154 4349 corollis:

465 4395 619 4467 quod
653 4409 756 4459 eae,
789 4408 921 4445 cum
972 4389 1307 4460 placuerunt
1336 4389 1576 4452 actores,
1620 4384 1681 4438 in
1709 4399 1877 4438 scena
1906 4383 2028 4439 dari
2060 4400 2156 4438 so-

464 4486 580 4539 litae
610 4482 743 4537 sint.
797 4479 958 4534 Unde
998 4483 1053 4531 et
1092 4474 1395 4530 corollaria
1433 4474 1704 4529 dicuntur
1741 4473 1881 4543 ipsae
1928 4488 2155 4528 coronae

464 4573 615 4644 apud
654 4568 928 4626 Plinium.
971 4563 1275 4622 Suetonius
1327 4580 1340 4619 :
1374 4565 1565 4631 Itaque
1611 4562 1902 4617 corollaria
1930 4567 1980 4616 et
2007 4578 2154 4632 prae-

464 4665 595 4723 mia,
629 4660 822 4714 alienis
881 4671 1095 4727 quoque
1139 4652 1454 4707 muneribus
1492 4668 1554 4706 ac
1584 4651 1753 4719 ludis,
1798 4657 1847 4705 et
1891 4652 2079 4705 crebra
2108 4656 2159 4706 et

464 4748 703 4818 grandia
746 4748 811 4801 de
856 4760 953 4800 suo
984 4742 1259 4812 offerebat.
1313 4740 1522 4796 Seneca
1576 4739 1723 4794 libro
1762 4739 1832 4794 de
1862 4739 2159 4793 Beneﬁciis

464 4843 623 4892 sexto
656 4852 669 4891 :
707 4834 1222 4892 Sordidissimorum
1251 4845 1463 4899 quoque
1491 4830 1848 4898 artificiorum
1891 4831 2157 4883 institori-

466 4926 563 4979 bus
588 4938 758 4992 supra
784 4923 1137 4976 constitutum
1153 4918 1371 4988 aliquid
1399 4915 1700 4987 adjecimus
1730 4918 1780 4971 si
1806 4915 1956 4970 nobis
1988 4931 2155 4985 opera

463 5016 683 5070 illorum
708 5012 925 5065 enixior
949 5010 1093 5075 visa,
1116 5013 1165 5062 et
1189 5007 1565 5074 gubernatori,
1591 5010 1641 5060 et
1667 5005 1852 5075 opiﬁci
1880 5006 2160 5059 vilissima

463 5104 680 5167 mercis,
713 5105 763 5154 et
790 5101 848 5153 in
879 5098 1021 5153 diem
1049 5112 1104 5151 se
1134 5097 1332 5151 locanti
1356 5095 1703 5150 corollarium
1728 5096 2081 5162 aspersimus.

534 5205 667 5257 Deos
718 5193 863 5267 ﬁeri]
898 5194 1068 5249 Divus
1112 5193 1467 5263 Augustinus
1503 5192 1650 5247 libro
1682 5191 1751 5245 de
1790 5190 2027 5247 Civitate
2058 5190 2158 5245 Dei

466 5307 638 5355 nono,
673 5284 857 5353 capite
888 5283 1164 5354 vigesimo
1200 5282 1367 5336 tertio
1396 5298 1408 5335 :
1444 5280 1550 5337 Sed
1593 5281 1831 5334 homines
1862 5296 2072 5349 quoque
2102 5282 2157 5333 in

462 5380 660 5450 populo
704 5378 801 5431 Dei
839 5372 1025 5428 eadem
1081 5372 1371 5437 Scriptura
1419 5370 1543 5424 deos
1570 5370 1833 5439 appellat.
1866 5371 1981 5436 Ego
2012 5369 2155 5435 dimi,

462 5469 672 5535 inquit,
734 5465 814 5518 dii
852 5463 1002 5527 estis,
1050 5463 1099 5512 et
1150 5458 1257 5526 ﬁlii
1289 5458 1504 5511 Excelsi
1533 5472 1710 5512 omnes
1751 5456 2153 5528 (Psal.x.xxx1).

466 5556 843 5623 Hieronymus
901 5550 960 5603 in
1008 5560 1269 5601 sermone
1340 5545 1409 5598 de
1462 5545 1765 5600 Nativitate
1824 5544 2152 5600 dominica:

468 5647 599 5699 Deus
637 5644 819 5708 factus
850 5642 927 5693 est
957 5638 1132 5703 homo,
1160 5638 1220 5688 ut
1255 5633 1407 5687 homo
1440 5634 1579 5687 Deus
1607 5636 1776 5702 ﬁeret.

536 5733 668 5788 Cum
696 5723 894 5797 multa]
938 5726 1108 5781 Docet
1139 5724 1356 5779 bonum
1383 5721 1754 5777 beatitudinis
1780 5721 2157 5777 substantiam

2274 3144 2377 3200 ctis
2434 3142 2678 3197 terrenis
2726 3140 3136 3210 fallacibusque
3180 3137 3385 3193 vilium
3427 3139 3698 3192 bonorum
3733 3133 3892 3191 studiis,

2275 3250 2404 3307 quae
2438 3236 2687 3287 mentem
2738 3232 3037 3295 excaecant,
3072 3244 3185 3281 non
3212 3228 3572 3293 illuminant;
3605 3226 3775 3295 ligant,
3813 3236 3891 3276 non

2275 3323 2606 3388 absolvunt;
2631 3319 2858 3375 irritant
2888 3317 3316 3388 cupiditatibus,
3354 3332 3471 3370 non
3501 3316 3709 3368 satiant.

2348 3411 2528 3481 Capti]
2577 3410 2751 3465 Divus
2791 3408 3170 3477 Hieronymus
3214 3406 3272 3459 in
3323 3404 3566 3476 epistola
3606 3404 3668 3458 ad
3708 3400 3889 3456 amicum

2276 3506 2553 3571 aegrotum
2587 3497 2969 3553 consolatorie
3010 3513 3023 3550 :
3051 3496 3270 3550 Liberos
3302 3500 3361 3548 tu
3395 3495 3634 3564 judicas,
3663 3498 3744 3545 aut
3768 3508 3795 3543 a
3815 3506 3890 3541 mo-

2273 3591 2425 3645 ribus
2466 3590 2691 3653 alienos,
2746 3601 2880 3657 quos
2921 3586 3228 3655 voluptates
3286 3584 3541 3637 barbara:
3587 3582 3889 3636 deuinxerant.

2274 3681 2394 3737 Non
2421 3678 2618 3732 habent
2639 3680 2902 3742 catenam,
2929 3675 3022 3729 sed
3052 3689 3137 3728 eos
3165 3674 3392 3727 luxuria
3421 3673 3587 3739 ferali
3614 3669 3892 3725 mordaeitalt

2274 3771 2334 3823 in
2386 3768 2618 3823 vinculis
2652 3769 2812 3820 tenet.
2866 3765 2961 3819 Ita
3000 3763 3315 3818 inciderunt
3362 3764 3425 3815 in
3456 3763 3663 3831 laqueos
3699 3757 3893 3825 feralium

2272 3858 2633 3926 voluptatum,
2688 3856 2831 3908 sicut
2868 3867 2991 3906 aves
3020 3852 3280 3920 aucupali
3307 3850 3515 3917 fraude
3541 3851 3782 3918 captivae:
3810 3856 3893 3911 qua

2274 3961 2378 4015 quo
2406 3946 2582 4012 magis
2630 3946 2896 3997 conantur
2933 3940 3176 4006 evadere,
3217 3955 3273 3993 eo
3302 3940 3602 3993 innumeris
3646 3951 3693 3991 se
3726 3930 3894 3987 nexibus

2270 4036 2513 4102 illigant,
2567 4035 2618 4087 et
2664 4034 2722 4085 in
2764 4029 3148 4101 profundiores
3204 4031 3356 4082 sinus
3416 4028 3729 4094 drmergunt.
3772 4022 3894 4075 Divus

2270 4121 2605 4178 Ambrosius
2649 4120 2746 4176 lib.
2781 4118 3161 4191 Epistolarum
3194 4134 3232 4171 ιι
3268 4134 3279 4172 :
3313 4118 3691 4171 Renuntiemus
3716 4109 3894 4167 luxuria:

2270 4228 2333 4267 ac
2360 4212 2596 4277 deliciis,
2629 4225 2747 4279 quae
2775 4224 2870 4263 nos
2901 4206 3231 4277 quibusdam
3270 4208 3585 4273 astringunt
3612 4202 3807 4257 nexibus
3826 4212 3894 4251 cu-

2266 4299 2594 4371 piditatum.
2623 4299 2771 4356 Nihil
2810 4300 2950 4351 enim
2973 4300 3208 4366 prosunt
3230 4295 3440 4350 deliciae
3463 4296 3643 4350 stulto.
3680 4286 3896 4347 Marsilius

2273 4389 2601 4445 Platonicus
2636 4406 2645 4442 :
2687 4386 2969 4442 Moderata
3006 4388 3265 4453 juventus
3293 4386 3514 4450 facilem
3544 4384 3689 4450 efﬁcit
3713 4377 3893 4433 senectu-

2266 4483 2391 4546 tem,
2448 4477 2809 4533 immoderata
2856 4475 3143 4544 difﬁcilem.
3198 4474 3302 4540 Qui
3346 4476 3594 4542 corporis
3647 4468 3893 4535 obsequitur

2271 4568 2613 4632 libidinibus,
2640 4565 2831 4636 procul
2860 4564 3022 4618 dubio
3048 4565 3260 4617 insanis
3282 4566 3451 4616 servit
3480 4560 3741 4630 tyrannis.’

2344 4654 2628 4726 Terrenas]
2679 4655 3060 4709 Terrenarum
3110 4667 3304 4707 rerum
3345 4648 3737 4722 cupiditatibus
3763 4642 3894 4698 obru-

2269 4751 2373 4802 tas.

2339 4832 2629 4903 Hebetans]
2676 4832 3031 4899 Obtundens,
3074 4830 3307 4885 hebetes
3347 4833 3403 4882 et
3457 4827 3660 4882 inertes
3690 4821 3891 4879 reddens.

2267 4923 2601 4980 Aristoteles
2629 4922 2689 4976 in
2722 4921 2967 4992 septimo
3012 4919 3337 4974 Ethicorum
3367 4916 3502 4971 hinc
3550 4915 3740 4988 probat
3776 4906 3892 4963 volu-

2266 5016 2487 5085 ptatem
2518 5026 2631 5066 non
2663 5027 2784 5065 esse
2817 5026 3102 5064 summum
3143 5009 3383 5072 bonum,
3426 5006 3688 5081 quoniam
3719 4994 3895 5072 (inquii)

2267 5103 2589 5172 voluptates
2616 5099 2944 5171 impediunt
2958 5098 3322 5170 prudentiam
3350 5117 3362 5154 :
3391 5108 3446 5154 et
3476 5098 3683 5169 quanto
3709 5088 3897 5172 majorei

2266 5170 2425 5257 sunt,
2452 5194 2614 5243 tanto
2642 5170 2827 5261 magis
2853 5188 3212 5258 obnubilant,
3251 5190 3405 5260 quod
3432 5189 3489 5244 in
3515 5178 3835 5257 aphrodisiis,
3859 5170 3896 5261 id

2267 5283 2352 5334 est
2371 5279 2432 5333 in
2459 5268 2632 5332 rebus
2666 5278 2954 5346 Venereis,
2988 5282 3165 5349 patet.
3198 5257 3379 5335 Nemo
3403 5278 3555 5333 enim
3581 5274 3708 5329 dum
3735 5257 3897 5321 Veneri

2270 5372 2561 5440 operatur,
2590 5366 2915 5438 perspicere
2946 5372 3138 5421 mente
3162 5368 3476 5439 quidquam
3507 5364 3697 5436 potest.

2340 5454 2463 5528 Hic]
2490 5457 2557 5509 In
2589 5472 2819 5510 summo
2867 5456 3041 5511 bono.
3077 5457 3315 5528 Asylum
3358 5458 3543 5512 Graece
3573 5449 3762 5511 ἄσυλον,
3789 5443 3897 5495 inte-
3982 5506 3983 5523 χ

2269 5550 2556 5601 meratum
2586 5545 2867 5615 templum
2890 5549 2973 5599 est
2996 5526 3434 5600 consecrationis
3456 5544 3576 5614 lege
3597 5542 3891 5615 concessum.

2267 5634 2336 5688 ab
2391 5654 2424 5685 α
2477 5614 2761 5705 privativa
2835 5634 3137 5705 particula,
3206 5638 3263 5690 et
3320 5633 3492 5686 συλάω
3550 5627 3711 5698 rapis,
3752 5614 3894 5690 spolio

2267 5722 2488 5791 aufero,
2518 5722 2771 5792 violove;
2827 5726 2947 5791 aut,
2976 5722 3133 5791 sicut
3188 5723 3421 5796 exponit
3470 5717 3700 5783 Servius,
3732 5706 3895 5768 diem"
3982 5706 3983 5771 Ῐ
