4048 6176
174 285 291 339 1033

167 416 355 486 asylum
380 416 538 485 quasi
570 419 781 492 ἄσυρον,
818 424 971 493 quod
995 425 1129 482 inde
1159 444 1262 498 per
1292 431 1407 485 vim
1439 435 1657 490 extrahi
1687 438 1815 491 nul-

166 506 238 557 lus
267 509 468 574 posset.
515 507 652 560 Nam
687 510 744 563 in
778 511 828 565 id
863 513 1168 583 fugientes,
1203 521 1312 573 tuti
1335 529 1516 590 erant,
1561 541 1663 578 nec
1698 527 1830 582 inde

166 589 356 642 extrahi
394 593 656 658 poterant
689 611 700 647 :
734 598 881 664 quod
915 600 1073 668 prius
1113 604 1512 668 Athenienses,
1558 616 1685 679 post
1719 614 1829 666 Ro-

166 679 328 732 mulus
358 682 686 734 construxit.
726 685 891 739 Divus
929 691 1280 759 Augustinus
1315 695 1456 750 libro
1496 699 1563 751 de
1596 699 1830 756 Civitate

165 766 245 820 Dei
271 766 444 836 primo
507 785 520 822 :
573 773 828 828 Romulus
882 781 932 830 et
979 780 1174 835 Remus
1223 784 1442 852 asylum
1491 791 1829 846 constituisse

157 854 500 924 perhibentur,
553 875 658 926 quo
699 867 951 932 quisquis
1007 871 1338 940 confugeret,
1400 876 1467 929 ab
1499 881 1646 932 omni
1683 896 1830 934 nocua

162 939 275 997 liber
305 951 450 1006 esset,
503 949 715 1016 {augere
773 963 1064 1020 quwrentes
1120 963 1365 1018 creandae
1422 969 1828 1026 multitudinem

158 1035 390 1086 civitatis.
441 1035 574 1089 llaec
605 1037 719 1092 ille.
755 1042 997 1098 Pulchra
1028 1047 1208 1118 igitur
1239 1054 1608 1110 translatione
1636 1058 1827 1114 locum

159 1122 495 1177 beatitudinis
521 1127 740 1194 asylum
763 1138 944 1188 vocat.
972 1138 1174 1192 Patens
1206 1145 1393 1196 autem
1427 1145 1648 1200 miseris
1675 1148 1826 1204 haud

157 1227 212 1265 eo
243 1211 383 1277 dicit,
421 1214 569 1284 quod
595 1215 650 1269 id
678 1219 869 1274 miseri
895 1225 1116 1293 possint
1148 1228 1395 1299 ingredi;
1432 1235 1530 1288 sed
1552 1209 1824 1292 subintel-

154 1300 421 1370 ligendum
455 1305 687 1377 alioqui,
749 1310 848 1380 qui
897 1314 1092 1368 miseri
1149 1317 1333 1373 forent
1386 1331 1820 1398 manerentque,

154 1389 243 1443 nisi
271 1390 322 1444 in
366 1409 513 1446 vera:
553 1395 837 1452 felicitatis
869 1403 1086 1472 asylum
1145 1407 1212 1459 ad
1268 1410 1593 1467 evitandum
1644 1417 1823 1472 mise—

155 1479 275 1532 riam
309 1498 360 1534 se
399 1484 700 1546 reciperet.

213 1569 390 1642 Tagus]
417 1573 642 1627 Fluvius
675 1576 890 1631 aurifer
933 1579 1252 1638 Lusitaniae.

209 1659 438 1730 Hermus]
477 1663 701 1717 Fluvius
738 1667 923 1735 Lydiae
961 1671 1194 1727 aurifer.
1241 1676 1506 1747 Virgilius
1538 1697 1548 1733 :

335 1748 434 1796 Aut
459 1763 590 1799 auro
621 1753 863 1803 turbidus
897 1757 1135 1808 Hermus.

207 1837 486 1908 Rutilante]
521 1842 725 1895 Aureis
753 1845 944 1899 arenis
971 1851 1392 1919 resplendente.

204 1925 371 1996 Indus]
403 1929 677 1984 Maximus
703 1933 874 1988 Indiae
924 1937 1150 2006 ll'uvius,
1177 1943 1344 1998 variis
1366 1947 1613 2016 gemmis
1639 1950 1817 2006 abun-

147 2012 281 2068 dans.

203 2104 370 2160 Calido
397 2106 547 2177 orbe]
578 2109 764 2182 Plagae
806 2112 1100 2182 Orientali,
1136 2119 1229 2173 ubi
1252 2122 1334 2175 sol
1362 2124 1564 2180 oritur.

199 2195 490 2266 Illustrant]
521 2199 868 2258 llluminant.

201 2284 386 2356 Aciem]
424 2286 633 2343 Visum
667 2290 862 2346 animi.

201 2373 371 2444 Ca’cos]
394 2377 573 2431 Prava
608 2379 918 2449 cupiditate
951 2390 1207 2440 caecatos.

199 2462 259 2514 In
294 2455 735 2539 suas‘tenebras]
784 2469 900 2524 Sibi
946 2474 1207 2544 proprias
1244 2493 1255 2529 :
1310 2495 1438 2534 nam
1487 2485 1717 2538 metalla
1757 2491 1814 2541 et

142 2547 292 2619 lapilli
320 2554 665 2627 plerumque
696 2559 755 2612 in
798 2560 1052 2616 obscuris
1105 2569 1273 2620 terrae
1323 2574 1579 2626 cavernis
1619 2575 1813 2631 delite-

139 2645 293 2694 scunt.

201 2729 358 2802 Viget]
389 2734 519 2788 Vim
563 2735 754 2791 habet.

196 2820 352 2892 Vitat]
377 2823 504 2876 Non
537 2825 807 2882 admittit.

193 2910 436 2967 Obscuras
486 2915 707 2986 ruinas]
766 2918 1257 2994 Perturbationes,
1304 2943 1544 2997 errores,
1599 2932 1658 2985 in
1688 2951 1804 2988 sce-

134 2998 228 3051 lera
253 3016 346 3069 per
369 3003 732 3073 ignoratium
760 3008 844 3060 vel
879 3008 1329 3080 imprudentiam
1363 3019 1684 3090 prolapsus.

190 3089 388 3162 Notare]
420 3093 654 3148 Videre.

185 3179 317 3234 Hanc
337 3182 534 3252 lucem]
566 3183 788 3239 Summi
814 3186 949 3241 boni
980 3189 1321 3248 claritatem.

187 3266 433 3327 Candidas
458 3273 658 3328 Phazbi
685 3275 871 3331 radios
895 3280 1136 3352 negabit]
1174 3283 1231 3337 Id
1258 3288 1361 3353 est,
1391 3302 1508 3356 prae
1541 3304 1604 3342 ea
1626 3291 1804 3348 solem

131 3353 249 3411 nihil
277 3359 408 3414 lucis
442 3361 566 3418 aiet
598 3363 826 3420 habere.

703 3507 770 3560 ΙΝ
811 3509 1088 3567 PROSAM
1120 3514 1202 3567 ΧΙ.

188 3631 453 3689 Hactenus
507 3635 882 3710 Philosophia
926 3642 1196 3698 disseruit
1241 3662 1533 3705 summum
1581 3653 1799 3710 bonum

126 3730 245 3786 esse,
273 3725 322 3777 et
352 3723 410 3779 in
432 3743 551 3796 quo
575 3728 845 3785 consistat
874 3731 1028 3801 :jam
1060 3733 1289 3790 docebit
1312 3738 1454 3807 quid
1484 3741 1553 3794 sit
1583 3742 1797 3800 bonum

126 3811 436 3868 concludens
461 3817 606 3870 nihil
632 3834 752 3873 esse
775 3820 993 3875 bonum
1021 3822 1128 3877 nisi
1151 3824 1303 3879 idem
1324 3827 1399 3880 sit
1428 3844 1628 3884 unum.
1663 3833 1799 3887 Sub-

125 3896 218 3951 lata
243 3903 388 3958 enim
422 3906 665 3962 unitatis
695 3909 940 3978 ratione,
975 3911 1256 3984 quidquid
1288 3921 1392 3984 est,
1426 3917 1643 3974 bonum
1677 3938 1798 3977 esse

124 3985 320 4046 desinit.

179 4079 398 4153 lnﬁniti]
434 4086 914 4143 Subaudiendum
955 4089 1268 4148 aestimabo.

185 4167 300 4220 Boni
325 4174 770 4247 participatione]
802 4175 1059 4232 Socrates
1100 4180 1430 4235 Platonicus
1453 4183 1512 4236 in
1537 4183 1745 4255 Gorgia
1778 4202 1790 4240 :

121 4251 202 4306 Est
227 4263 396 4315 autem
432 4265 708 4332 voluptas.
762 4282 872 4334 qua
913 4273 1177 4336 praesente
1219 4271 1552 4338 gaudemus:
1602 4251 1797 4329 bonum

118 4356 239 4413 vero,
262 4363 363 4418 quo
392 4357 662 4420 praesente
702 4353 826 4408 boni
853 4370 1058 4411 sumus.
1100 4359 1329 4414 Prorsus
1365 4361 1487 4416 boni
1524 4379 1646 4417 vero
1694 4379 1787 4418 su-
1828 4355 1869 4408 Ι)

118 4445 234 4500 mus,
266 4443 312 4492 et
333 4455 446 4509 nos,
478 4448 530 4496 et
565 4458 893 4514 quaecunque
940 4447 1058 4502 alia
1091 4447 1228 4503 bona
1253 4453 1398 4520 sunt,
1433 4451 1494 4505 ob
1538 4455 1792 4508 virtutem

115 4527 382 4584 quamdam
404 4547 529 4600 qua?
560 4533 726 4588 adsit.

174 4612 342 4670 Simili
365 4622 606 4691 ratione]
638 4623 800 4690 Quia,
833 4628 896 4678 ut
928 4640 1264 4681 concessum
1297 4632 1398 4695 est,
1432 4633 1554 4684 tum
1602 4632 1793 4687 unita-

113 4700 169 4754 tis
193 4706 490 4778 adeptione
522 4714 672 4768 bona
703 4714 870 4782 ﬁunt,
905 4732 1264 4789 quaecunque
1296 4725 1428 4774 sunt
1456 4719 1629 4789 bona,
1663 4726 1789 4778 tum

113 4786 230 4845 boni
254 4799 721 4872 participatione.
752 4786 1241 4878 Quorumcunquc
1270 4809 1610 4864 naturaliter
1639 4811 1792 4867 idem

111 4884 182 4934 est
209 4885 459 4956 affectus,
494 4907 699 4947 eorum
732 4894 932 4948 eadem
964 4900 1050 4949 est
1097 4897 1430 4952 substantia.
1485 4899 1659 4954 Unius
1691 4918 1791 4957 au-

109 4971 211 5025 tem
249 4981 302 5030 et
331 4977 494 5048 boni,
534 4983 875 5037 naturaliter
895 4983 1046 5038 idem
1075 4990 1159 5040 est
1188 4986 1440 5042 allectus.
1470 4989 1646 5044 Unius
1674 4990 1793 5062 igi-

109 5060 189 5114 tur
217 5068 268 5118 et
299 5067 434 5122 boni
479 5071 681 5126 eadem
718 5077 800 5127 est
830 5073 1166 5129 substantia.

166 5152 378 5211 Nostine
400 5161 603 5230 igitur]
630 5163 1274 5236 Docetunumquodque
1298 5166 1623 5232 subsistere,
1651 5170 1790 5224 dum

107 5251 268 5297 unum
298 5253 380 5301 est
415 5266 427 5303 :
451 5266 588 5305 cum
602 5268 734 5306 vero
750 5269 932 5308 unum
960 5255 1326 5326 essedeéinit,
1345 5257 1600 5313 interire.
1629 5259 1788 5324 Quod

106 5338 302 5396 Spectat
322 5352 583 5407 eorsum,
611 5345 674 5395 ut
691 5343 952 5398 ostendat
973 5345 1168 5400 omnia
1199 5346 1448 5401 naturali
1470 5347 1788 5402 intentione

104 5430 265 5476 unum
294 5425 747 5503 desiderareget
777 5448 903 5486 cum
940 5450 1121 5488 unum
1165 5434 1221 5488 id
1273 5434 1462 5505 ipsum
1521 5436 1592 5490 sit
1639 5437 1787 5507 quod

105 5504 320 5580 bonum,
354 5516 582 5572 bonum
621 5520 689 5575 ab
735 5522 1002 5577 omnibus
1054 5523 1264 5594 appeti.
1306 5525 1372 5579 Et
1400 5524 1480 5579 ita
1507 5504 1700 5579 Boetio
1726 5525 1787 5580 in

103 5604 339 5658 mentem
388 5613 640 5678 revocat,
708 5611 865 5682 quod
915 5629 973 5666 se
1012 5613 1184 5683 paulo
1223 5617 1354 5669 ante
1414 5614 1788 5671 conﬁtebatur

103 5681 372 5762 ignorare,
405 5695 631 5753 bonum
661 5681 782 5754 esSe
814 5716 1010 5756 rerum
1046 5701 1307 5758 omnium
1337 5703 1534 5760 ﬁnem.

465 5795 752 5869 PATROL.
799 5800 1025 5870 LXIII.

1417 301 1806 359 MUBMELLII
1851 306 2386 368 COMMENTARIA.

3514 345 3642 398 1034

1859 441 1907 494 Α
2008 443 2170 498 Omne
2199 447 2343 514 quod
2357 454 2454 517 est,
2493 452 2687 506 tandiu
2716 470 2931 512 manere
2951 465 3113 531 atque
3129 467 3441 545 subsistere,
3470 493 3642 544 quan-

1940 531 2036 585 diu
2067 537 2136 588 sit
2164 543 2346 603 unum]
2379 540 2570 595 Exstat
2598 545 3016 613 pulcherrimus
3048 558 3102 608 et
3129 561 3396 617 aureolus

1939 623 2051 674 tate
2080 629 2134 678 et
2154 641 2268 679 uno
2292 629 2470 682 Boetii
2502 634 2682 686 nostri
2705 634 2953 708 libellus,
2980 658 3153 713 quem
3176 650 3424 707 studiose
3457 623 3636 714 lector

1940 710 2005 780 (si
2030 712 2254 785 habeas)
2279 717 2348 770 ad
2383 719 2532 773 hunc
2559 723 2746 779 locum
2772 710 3015 797 penitus
3046 710 3635 812 intelligendum,vle;

1936 800 2070 854 ctita
2102 803 2408 875 diligenter
2439 827 2450 862 :
2484 828 2549 863 ex
2581 829 2695 883 quo
2725 822 2780 868 et
2812 817 2933 872 haec
2959 822 3123 876 nobis
3156 800 3386 885 libitum
3425 800 3511 889 esi
3543 800 3638 907 ap-

1936 906 2172 960 ponere,
2198 898 2260 948 ut
2288 896 2458 951 etiam
2490 899 2772 958 librorum
2795 910 3028 977 copiosa
3053 916 3409 984 supellectile
3440 939 3637 980 caren-

1934 978 2087 1033 tibus
2117 981 2414 1040 industriae
2455 994 2666 1045 nostrae
2708 992 2868 1049 labor
2895 1001 3075 1068 prosit
3109 978 3140 1056 τ’
3175 1008 3365 1064 Unitas
3401 1019 3481 1068 est

1933 1084 2269 1138 unaquaque
2301 1091 2384 1130 res
2412 1077 2616 1135 dicitur
2645 1099 2754 1137 esse
2780 1101 2891 1140 una
2918 1104 2929 1141 :
2967 1093 3080 1145 sive
3104 1098 3243 1151 enim
3273 1102 3346 1153 sit
3375 1106 3631 1174 simplex,

1933 1161 2042 1212 sive
2072 1167 2388 1232 composita,
2423 1170 2531 1222 sive
2571 1175 2900 1244 spirit-uatis,
2946 1182 3060 1234 sive
3090 1199 3363 1258 corporea,
3390 1209 3473 1248 res
3503 1198 3635 1252 uni-

1934 1253 2041 1302 tate
2073 1267 2181 1306 una
2212 1260 2308 1320 est,
2343 1272 2434 1311 nec
2467 1264 2645 1326 potest
2675 1278 2786 1318 esse
2813 1282 2924 1321 una
2950 1273 3064 1324 nisi
3092 1279 3320 1342 unitate,
3367 1285 3509 1338 sicut
3539 1303 3630 1341 nec

1931 1339 2057 1391 alba
2087 1344 2196 1395 nisi
2225 1344 2490 1416 albcdine,
2525 1365 2617 1403 nec
2639 1359 2845 1416 quanta
2879 1357 2990 1413 nisi
3023 1370 3348 1431 quantitate.
3403 1375 3514 1430 Non
3542 1392 3627 1431 so-

1932 1429 2044 1481 lum
2076 1435 2257 1485 autem.
2282 1438 2491 1489 unitate
2527 1454 2634 1493 una
2669 1447 2766 1507 est,
2800 1446 2896 1499 sed
2913 1452 3078 1505 etiam
3113 1457 3308 1512 tandiu
3337 1466 3433 1528 est,
3471 1468 3631 1532 quid-

1931 1517 2066 1584 quid
2096 1520 2156 1572 id
2187 1523 2331 1590 quod
2359 1530 2455 1592 est,
2497 1531 2745 1595 quandiu
2774 1535 2829 1587 in
2851 1551 2906 1589 se
2936 1543 3121 1596 unitas
3153 1550 3248 1599 est.
3285 1549 3414 1604 Cum
3448 1517 3627 1610 a‘utem

1929 1605 2128 1660 desinit
2171 1625 2282 1663 esse
2320 1628 2520 1702 unum,
2552 1617 2755 1673 desinit
2797 1638 2908 1678 esse
2954 1628 3015 1681 id
3044 1633 3188 1698 quod
3213 1641 3314 1690 est.
3360 1641 3509 1696 Unde
3551 1650 3630 1699 est

1929 1695 2023 1748 hoc
2061 1713 2073 1749 :
2103 1695 2395 1768 [Quidquid
2438 1695 2534 1770 est,
2571 1707 2690 1762 ideo
2717 1713 2816 1778 est,
2851 1716 2996 1781 quod
3026 1695 3191 1776 unum
3219 1731 3314 1780 est.
3359 1729 3516 1794 Quod

1931 1787 2235 1842 ostenditur
2269 1807 2282 1843 :
2315 1793 2479 1847 Omne
2502 1799 2643 1850 enim
2674 1814 2787 1853 esse
2808 1817 2875 1855 ea:
2902 1807 3084 1870 forma
3105 1817 3182 1865 est
3214 1816 3270 1868 in
3300 1818 3462 1874 rebus
3483 1837 3628 1878 crea-

1931 1877 2000 1929 tis
2032 1893 2043 1930 :
2077 1878 2172 1931 sed
2201 1881 2408 1935 nullum
2433 1899 2545 1938 esse
2573 1902 2640 1939 ea:
2669 1890 2852 1953 forma
2883 1898 2980 1961 est,
3014 1899 3124 1952 nisi
3153 1917 3271 1957 cum
3301 1908 3485 1972 forma
3515 1928 3627 1967 ma-

1929 1968 2074 2020 teriae
2103 1971 2289 2023 unitas
2309 1973 2409 2024 est.
2442 1975 2570 2028 Esse
2595 1979 2737 2031 enim
2766 1995 2872 2034 non
2902 1988 2998 2051 est,
3025 1988 3133 2041 nisi
3162 2006 3229 2045 ea:
3251 1996 3627 2066 conjunctione

1923 2056 2122 2118 forma:
2141 2073 2257 2111 cum
2280 2064 2529 2116 materia.
2582 2066 2729 2119 Unde
2757 2069 3068 2141 philosophi
3097 2077 3289 2136 dicunt
3340 2056 3478 2142 illud
3525 2056 3625 2146 de;

1924 2145 2249 2200 scribentes:
2287 2150 2415 2203 Esse
2443 2157 2520 2205 est
2559 2157 2851 2219 earistentia
2869 2161 3060 2225 forma
3107 2168 3164 2221 in
3192 2177 3440 2230 materia.
3494 2180 3622 2236 Cum

1926 2238 2101 2288 autem
2128 2238 2308 2301 forma
2339 2243 2579 2296 materiae
2608 2247 2822 2313 unitur,
2846 2263 2913 2302 ea:
2938 2251 3312 2322 conjunctione
3335 2267 3624 2336 utriusque

1927 2325 2227 2380 necessario
2257 2330 2476 2396 aliquid
2505 2348 2672 2387 unum
2701 2341 3054 2396 constituitur
3087 2359 3096 2398 :
3133 2349 3192 2401 in
3221 2366 3332 2419 qua
3361 2361 3621 2414 constitu-

1925 2414 2065 2467 tione
2095 2416 2234 2469 illud
2262 2434 2427 2473 unum
2459 2437 2566 2476 non
2584 2434 2884 2495 permanet,
2916 2433 3028 2486 nisi
3043 2439 3290 2503 quandiu
3307 2448 3491 2501 unitas
3509 2450 3623 2515 for-

1924 2518 2065 2557 mam
2087 2521 2204 2560 cum
2236 2512 2394 2562 mater
2411 2512 2466 2564 ia
2500 2516 2657 2567 tenet.
2689 2516 2794 2571 Sed
2826 2519 3118 2580 destructio
3135 2531 3218 2582 rei
3231 2546 3337 2586 non
3358 2540 3436 2589 est
3466 2512 3622 2594 aliud

1923 2607 2085 2660 quam
2115 2600 2387 2664 separatio
2418 2602 2609 2666 formae
2637 2619 2671 2657 a
2699 2611 2946 2664 materia.
2987 2613 3094 2668 Sed
3118 2626 3390 2687 separatio
3423 2631 3472 2681 et
3500 2633 3622 2684 uni-

1923 2683 1996 2734 tio
2022 2688 2299 2738 contraria
2315 2693 2442 2741 sunt
2473 2706 2491 2742 :
2517 2693 2695 2758 igitur
2722 2702 3066 2764 separatione
3096 2708 3147 2758 si
3170 2723 3254 2762 res
3294 2711 3617 2786 destruitur,

1918 2773 2157 2838 profecto
2198 2776 2255 2827 in
2285 2791 2381 2829 suo
2411 2793 2521 2832 esse
2545 2795 2649 2834 non
2679 2785 2792 2837 nisi
2838 2790 3047 2844 unitate
3075 2800 3356 2854 contraria
3405 2819 3616 2861 conser-

1916 2864 2097 2914 vatur.
2135 2862 2304 2917 Divus
2331 2867 2597 2922 Aurelius
2619 2872 2971 2942 Augustinus
3001 2880 3148 2936 libro
3182 2885 3250 2940 de
3279 2889 3488 2947 Ordine
3518 2911 3617 2950 re-

1916 2962 2045 3002 rum
2078 2953 2327 3007 secundo
2364 2957 2566 3024 :Lapis
2603 2965 2664 3012 ut
2692 2969 2825 3017 esset
2845 2965 3007 3036 lapis,
3051 2987 3228 3029 omnes
3260 2978 3377 3046 ejus
3406 2989 3613 3054 partes,

1844 3054 1884 3107 ρ
1917 3041 2192 3104 omnisque
2213 3047 2413 3097 natura
2440 3049 2498 3098 in
2527 3063 2692 3103 unum
2725 3056 3061 3114 consolidata
3098 3068 3194 3117 est.
3229 3066 3374 3131 Quid
3396 3041 3559 3128 arbor

1919 3144 2088 3182 nonne
2114 3131 2276 3184 arbor
2333 3149 2436 3187 non
2474 3142 2627 3204 esset,
2659 3144 2707 3193 si
2758 3157 2869 3197 una
2899 3161 3004 3201 non
3047 3153 3226 3209 esset?
3272 3155 3417 3222 Quid
3453 3179 3614 3219 mem-

1918 3217 2016 3271 bra
2047 3220 2361 3288 ;cujuslibet
2399 3229 2719 3295 animantis,
2757 3248 2819 3286 ac
2849 3237 3076 3307 viscera,
3119 3247 3168 3296 et
3215 3248 3490 3317 quidquid
3534 3261 3613 3311 est

1914 3321 2093 3362 eorum
2124 3311 2318 3376 quibus
2349 3318 2606 3372 constat?
2625 3323 2762 3373 certe
2783 3325 2830 3375 si
2857 3326 3092 3383 untiatis
3111 3311 3402 3400 patiantur
3431 3341 3610 3398 divor-

1915 3397 2068 3463 tium,
2099 3414 2203 3452 non
2243 3403 2344 3455 erit
2373 3405 2600 3460 animal.
2644 3408 2838 3464 Omnia
2868 3417 3002 3482 quid
3031 3419 3204 3487 aliud,
3246 3441 3410 3493 quam
3444 3447 3610 3488 unum

1911 3499 2021 3538 esse
2053 3494 2318 3543 conantur
2344 3493 2372 3546 ?
2431 3492 2604 3548 Divus
2666 3497 2986 3557 Bernardus
3023 3506 3170 3563 libro
3197 3492 3270 3566 ad
3290 3515 3611 3586 Eugenium

1911 3576 2161 3630 secundo
2189 3595 2204 3631 :
2240 3579 2338 3632 Ubi
2361 3584 2562 3650 unitas,
2598 3586 2678 3639 ibi
2694 3591 2977 3656 perfectio.
3012 3597 3235 3666 Reliqui
3252 3576 3608 3678 numeriper-

1909 3664 2192 3727 fectionem
2241 3683 2344 3721 non
2402 3670 2616 3740 habent,
2652 3676 2748 3730 sed
2795 3680 3137 3753 divisionem,
3184 3664 3500 3752 recedentes‘
3539 3702 3608 3754 ab

1909 3757 2140 3807 unitate.

1979 3843 2156 3909 Atqui
2176 3859 2280 3896 non
2310 3849 2562 3934 estquod
2591 3850 2656 3904 de
2686 3853 2798 3926 hoc]
2837 3857 3028 3916 Boetio
3061 3863 3431 3929 dubitationis
3456 3892 3608 3934 seru-

1907 3932 2106 3998 pulum
2142 3931 2358 3999 eximit,
2392 3933 2448 3988 id
2481 3939 2634 4006 quod
2683 3942 2751 3995 de
2785 3947 3128 4006 animalibus
3177 3960 3467 4019 confessus
3496 3931 3582 4024 est

1976 4198 2115 4252 Nam
2141 4199 2263 4253 alia:
2292 4202 2510 4270 quidem
2533 4208 2758 4278 campis]
2802 4210 2952 4267 Maro
2981 4214 3128 4272 libro
3163 4220 3482 4296 Georgicon
3511 4246 3602 4287 se-

1906 4285 2137 4339 eundo:

2029 4393 2130 4468 ﬂeo
2161 4408 2284 4468 vero
2321 4400 2632 4468 terraeterre
2653 4417 2838 4454 omnes
2859 4411 3038 4459 omnia
3069 4428 3079 4460 :
3112 4423 3334 4468 possunt

2028 4455 2360 4539 Elumiuibus
2394 4461 2597 4539 salices,
2625 4455 3351 4539 cassisquejialadibus-Igilii

2031 4519 2330 4592 pluscuntur
2365 4539 2381 4592 ;¢
2411 4519 2625 4592 steriles
2645 4519 2848 4580 saxosis
2879 4519 3146 4586 m‘ontibus
3181 4519 3313 4592 orni:

2028 4581 2226 4664 Littera
2251 4581 2490 4664 myrtetis
2522 4589 2795 4664 laetissima
2822 4609 2833 4641 :
2863 4581 3324 4664 deaidaé‘épé’ribé

2029 4643 2265 4694 Bacchus
2291 4643 2431 4698 amat
2456 4651 2633 4713 colles,
2657 4643 3417 4727 aquilonem—dtIriéldravt'ui.

1905 4738 2138 4795 Ovidius
2171 4742 2335 4799 Libro
2369 4746 2437 4800 de
2467 4751 2601 4804 Arte
2631 4755 2860 4809 amandi
2893 4759 3081 4827 primo
3117 4779 3130 4817 :

2026 4830 2130 4904 Nec
2156 4831 2522 4904 tellusheadem
2555 4841 2690 4904 parit
2714 4845 2892 4893 omnia
2919 4860 2930 4893 :
2967 4848 3162 4900 vitibus
3197 4853 3287 4904 iila

2089 4893 2364 4956 Convenit,
2389 4897 2503 4947 haec
2526 4893 2673 4962 oleis,
2709 4904 2793 4954 hic
2818 4906 2950 4957 bene
2974 4893 3318 4977 raFFa'Gir'éB't,

1980 4992 2162 5046 Veluti
2193 4995 2249 5046 in
2282 4998 2454 5051 terras
2487 5013 2574 5052 ore
2601 5000 2858 5072 demerso,
2903 5010 3128 5068 trahunt
3151 5017 3412 5076 alimenta
3432 5025 3594 5078 radi-

1900 5079 2075 5151 cibus]
2122 5082 2452 5140 Aristoteles
2491 5088 2636 5144 libro
2671 5091 2738 5145 de
2770 5095 2977 5153 Anima
3006 5107 3251 5161 secundo
3286 5125 3298 5163 :
3334 5112 3490 5177 Quod
3518 5119 3598 5169 est

1900 5183 1956 5222 os
1987 5174 2036 5222 et
2069 5177 2231 5240 caput
2263 5176 2320 5227 in
2352 5179 2599 5241 animali,
2634 5182 2804 5236 radice
2835 5191 2911 5240 est
2942 5192 2997 5242 in
3025 5192 3233 5250 arbore.

1970 5259 2377 5318 Nobilissimum
2435 5266 2696 5340 quidque]
2766 5271 2998 5345 Legitur
3065 5287 3122 5335 et
3187 5285 3590 5344 mollissimum

1899 5348 2170 5420 quidque.

1975 5439 2192 5508 Tuetur]
2252 5440 2604 5499 Defenditur.
2650 5450 2874 5508 Passive
2904 5457 3146 5525 protulit
3204 5461 3441 5520 verbum
3491 5468 3590 5526 de-

1896 5542 2134 5596 ponens.

1965 5619 2085 5670 Jam
2114 5633 2237 5673 vero
2273 5624 2500 5693 quanta]
2535 5625 2709 5683 Docet
2738 5646 2962 5685 summa
2991 5633 3291 5706 diligentia
3323 5647 3592 5705 naturam

1895 5720 2114 5774 curare,
2144 5711 2210 5763 ut
2239 5713 2657 5783 propagatione
2687 5733 2880 5773 rerum
2903 5721 3589 5806 seminibus-multiplica-

3147 5834 3231 5896 33
