4054 6184
458 213 591 267 1035

1159 209 1499 265 APPENDIX
1541 210 1632 264 AI)
1676 209 1928 264 LIBROS
1970 212 2057 264 DE
2099 212 2620 269 CONSOLATIONE
2663 214 3172 270 PHILOSOPHIJ‘I.

3777 223 3900 274 l036

446 347 523 409 ta,
557 357 690 398 cum
723 341 948 410 singula
999 339 1302 393 subsistere
1332 344 1642 411 nequeant,
1686 341 1888 395 saltem
1925 342 2142 412 species
2178 345 2224 398 Α
2325 341 2496 414 Atra]
2521 344 2790 398 Obscura.

448 435 857 488 conserventur
885 434 1058 500 atque
1087 427 1403 483 incolumes
1429 429 1766 499 perdurent.
1813 429 2141 485 Ofticiorum

445 520 778 593 vegetabilis
813 519 1020 573 animai
1051 518 1174 588 (aut
1203 522 1399 572 auctor
1421 523 1507 574 est
1527 520 1862 574 Aristoteles
1897 520 2039 574 libro
2072 522 2141 575 de

445 611 651 667 Anima
690 608 959 679 secundo)
1008 609 1501 663 naturalissimum
1538 614 1594 664 et
1622 610 1982 680 praecipdum
2033 616 2138 676 est,

446 702 555 757 sibi
584 701 769 756 simile
818 715 1093 770 generare
1138 698 1408 752 omnibus
1457 699 1778 754 viventibus
1810 700 1998 770 (modo
2030 699 2144 755 sint

440 792 712 863 perfecta,
747 806 864 844 non
904 793 1067 860 capta
1102 788 1399 854 membris,
1442 803 1560 843 non
1585 789 1917 859 depravata,
1953 806 2140 860 neque

441 885 814 952 spontaneam
843 877 1274 949 generationem
1315 878 1608 950 habentia)
1664 879 2035 944 conveniens,
2073 884 2133 933 ut

442 969 679 1026 animali
710 969 923 1024 animal
956 967 1142 1021 simile
1174 983 1470 1036 generare,
1526 975 1583 1022 et
1633 970 1846 1039 plantae
1890 969 2139 1022 similem

437 1061 713 1132 plantam.
746 1059 835 1114 Sic
888 1058 1043 1112 enim
1102 1073 1329 1127 semper
1373 1057 1688 1112 secundum
1730 1074 1898 1112 suum
1952 1059 2138 1112 simile

437 1152 591 1221 (cum
620 1167 687 1205 ea
716 1149 836 1220 ipsa
868 1149 1069 1202 eadem
1098 1145 1158 1200 in
1202 1163 1445 1201 numero
1479 1164 1713 1201 manere
1749 1165 1864 1202 non
1895 1147 2136 1218 possint)

435 1243 820 1310 perseverant,
879 1235 1348 1290 assimilationem
1396 1236 1928 1309 ?conditi0nemque
1987 1255 2136 1291 asse-

438 1335 696 1400 quuntur
727 1327 998 1394 divinam,
1034 1329 1315 1396 quantum
1347 1327 1426 1379 eis
1459 1327 1803 1393 conceditur,
1839 1343 2010 1397 quam
2043 1343 2138 1396 ap-

432 1423 643 1490 petunt
676 1415 890 1486 omnia,
923 1416 1200 1487 cujusque
1235 1415 1419 1486 gratia
1439 1421 1618 1487 agunt
1639 1417 1832 1471 omnia
1859 1434 1986 1487 qua:
2005 1420 2134 1470 sunt

435 1508 498 1562 in
537 1511 759 1562 natura.

506 1595 837 1664 Generatim]
872 1596 981 1648 Per
1010 1594 1236 1664 singula
1262 1610 1495 1664 genera.

506 1688 690 1754 Neque
719 1699 860 1737 nunc
889 1683 1007 1752 nos]
1066 1683 1159 1736 Ait
1189 1700 1245 1736 se
1278 1699 1393 1737 non
1441 1699 1511 1737 ne
1543 1682 1879 1737 voluntariis
1929 1683 2132 1737 animai

433 1773 831 1845 cognoscentis
876 1771 1149 1840 motibus,
1179 1788 1381 1826 verum
1411 1771 1480 1826 de
1526 1772 1776 1827 naturali
1815 1773 2130 1830 intentione

432 1863 789 1919 disseruisse.

500 1953 607 2009 Sed
634 1968 802 2006 unum
830 1951 890 2005 id
919 1950 1122 2020 ipsum]
1157 1949 1482 2021 Descriptio
1505 1950 1647 2006 boni
1678 1967 1741 2005 ex
1773 1951 1920 2006 libro
1954 1953 2131 2007 Mora-

429 2043 569 2098 lium
583 2040 899 2097 Aristotelis
911 2040 1100 2111 primo
1121 2039 1443 2111 desumpta,
1457 2045 1522 2096 ut
1534 2057 1706 2112 supra
1721 2042 1968 2096 relatum
2022 2047 2125 2096 est.

501 2132 634 2202 Uno]
666 2131 912 2185 Unitate.

502 2219 729 2290 Vertice]
756 2220 974 2290 Capite.

496 2315 678 2380 Ipsam
710 2314 849 2363 enim
877 2309 1066 2363 mediae
1093 2307 1342 2362 veritatis
1366 2313 1549 2364 notam
1575 2314 1748 2364 mente
1770 2309 1966 2383 ﬁmisti]
1998 2310 2122 2365 Ele-

425 2399 763 2471 gantissime
799 2397 1004 2451 allusio
1052 2413 1146 2450 seu
1189 2399 1528 2468 metaphora
1558 2415 1591 2452 a
1629 2400 1934 2469 sagittariis
1968 2416 2124 2452 sum-

422 2494 523 2560 pta
556 2505 568 2542 :
605 2487 704 2558 qui
733 2492 858 2540 tum
888 2487 1122 2540 demum
1152 2486 1268 2540 voti
1310 2492 1604 2556 compotes
1636 2487 1803 2555 ﬁunt,
1837 2505 1965 2543 cum
2001 2505 2121 2542 sco-

420 2594 560 2649 pum
595 2577 925 2645 attigerunt.

489 2665 713 2737 Notam]
758 2665 1027 2736 Scopum,
1071 2664 1178 2718 hoc
1217 2669 1301 2719 est
1329 2665 1558 2735 signum
1586 2665 1646 2720 in
1676 2665 1866 2720 medio
1914 2683 2120 2738 propo-

419 2757 617 2826 situm,
651 2761 715 2810 ut
741 2756 801 2809 in
831 2755 889 2808 id
915 2753 1138 2824 sagittas
1169 2754 1566 2824 conjiciantur.

487 2844 686 2918 Mente]
728 2847 851 2900 Non
899 2844 1128 2915 sagitta,
1161 2845 1260 2898 sed
1289 2844 1469 2898 animi
1499 2845 1824 2917 conjectura
1870 2849 1927 2901 et
1958 2845 2122 2916 cogi-

413 2937 650 2992 tatione.

1049 3023 1120 3076 IN
1160 3023 1446 3078 METRUM
1483 3024 1568 3079 XI.

483 3114 764 3170 Carminis
815 3111 1048 3167 iambici
1079 3128 1262 3182 genus
1311 3118 1414 3181 est,
1466 3114 1622 3183 quod
1662 3129 1866 3168 scazon
1916 3114 1993 3183 (id
2029 3117 2112 3168 est

412 3202 757 3272 claudicans)
786 3202 1124 3273 appellatur.
1163 3201 1344 3256 [labet
1400 3201 1556 3255 enim
1585 3202 1645 3256 in
1679 3207 1835 3258 sexto
1874 3203 2108 3273 regione

413 3293 753 3364 spondeum.
789 3290 987 3345 Simile
1010 3295 1093 3343 est
1121 3289 1206 3342 illi
1233 3290 1501 3343 Persiano
1537 3308 1550 3344 :

594 3381 700 3427 Nec
732 3378 877 3426 fonte
907 3378 1054 3426 labra
1083 3376 1256 3438 prolui
1286 3378 1572 3427 caballino.

418 3472 746 3539 Antequam
797 3466 1167 3535 Philosophia
1205 3482 1271 3519 eo
1307 3468 1636 3536 perveniret
1679 3473 1744 3521 ut
1781 3469 2107 3524 ostenderet

411 3558 605 3613 Boetio
627 3571 819 3611 rerum
853 3554 1112 3609 omnium
1135 3555 1312 3609 finem
1335 3571 1453 3609 esse
1477 3556 1714 3621 bonum,
1742 3556 2099 3626 longiuscula

409 3644 794 3716 disputatione
824 3661 928 3698 usa
962 3643 1167 3713 (veluti
1225 3644 1324 3715 qui
1371 3661 1576 3698 aurum
1614 3645 1671 3699 in
1718 3646 2104 3716 penitissimas

405 3741 575 3791 terra:
606 3750 777 3788 venas
807 3734 1132 3788 demersum
1162 3735 1393 3788 tandem
1416 3734 1520 3803 ,‘vix
1551 3752 1759 3804 magno
1791 3735 1982 3790 labore
2014 3754 2102 3790 as-

405 3823 692 3894 sequitur)
725 3839 846 3876 rem
876 3822 1160 3892 patefecit.
1205 3824 1378 3877 Docet
1412 3823 1591 3894 igitur
1623 3841 1775 3878 nunc
1804 3826 2101 3880 veritatem

407 3912 664 3968 obscuris
700 3910 1036 3982 ambagibus
1088 3911 1424 3979 involutam,
1459 3913 1684 3967 falsisve
1730 3915 1938 3985 saepius
1977 3915 2102 3986 opi-

402 4001 672 4056 nionibus
720 4001 1062 4067 demersam,
1096 4016 1208 4054 non
1241 4001 1347 4054 nisi
1381 4011 1575 4055 exacta
1603 4003 1810 4056 mentis
1849 4007 2100 4057 contem-

401 4088 654 4160 platione
676 4087 1106 4159 comprehendi.
1129 4088 1260 4141 Vult
1277 4088 1448 4142 etiam
1472 4105 1599 4142 eam
1623 4106 1737 4142 non
1761 4089 1818 4142 in
1852 4091 2098 4145 externis

399 4179 569 4234 rebus
599 4195 720 4232 esse
762 4178 973 4232 frustra
1003 4178 1396 4247 quaerendam,
1433 4179 1528 4232 sed
1560 4178 1621 4232 in
1651 4179 1871 4233 intimis
1920 4181 2094 4234 animi

2173 1650 2212 1702 B

2330 432 2515 503 Texit]
2542 433 2806 487 Obduxit.

2321 521 2561 590 Lucebit]
2592 523 2895 576 Evidenter
2925 522 3242 594 apparebit,
3271 523 3522 578 dilucide
3554 522 3817 578 emicabit.

2320 610 2714 682 Perspicacius]
2743 611 2984 665 Clarius.

2321 701 2535 770 Phoebo]
2572 701 2720 755 Sole.

2319 792 2439 844 Non
2467 806 2618 844 omne
2646 805 2878 858 namque
2918 794 3090 844 mente
3119 789 3327 859 depulit
3370 785 3566 858 lumen]
3597 788 3904 843 Platonicum

2248 878 2458 948 dogma
2508 883 2612 945 est,
2659 880 2881 932 animas
2924 896 2954 934 e
3001 880 3142 932 coelo
3183 879 3616 946 descendentes,
3652 878 3906 932 hauriendi

2248 967 2594 1022 oblivionem
2634 985 2831 1022 rerum
2865 968 3211 1036 divinarum,
3247 984 3492 1038 quarum
3524 968 3587 1021 in
3613 968 3748 1021 caalo
3778 975 3908 1022 erant

2247 1057 2508 1117 consciae,
2565 1058 2705 1111 alias
2757 1075 2888 1112 vero
2949 1058 3154 1128 magis,
3214 1059 3351 1112 alias
3370 1058 3600 1130 jminus.
3639 1058 3707 1110 Et
3734 1057 3841 1111 ideo
3862 1057 3907 1111 in

2247 1146 2414 1200 terris
2444 1162 2559 1199 non
2593 1146 2832 1212 discere,
2874 1147 2970 1201 sed
2998 1146 3308 1214 reminisci,
3341 1147 3494 1217 quod
3519 1146 3638 1199 illic
3681 1151 3799 1199 ante
3837 1163 3907 1199 co-

2246 1235 2566 1304 gnoverint.
2619 1234 2760 1290 Hinc
2794 1240 2880 1290 est
2927 1237 3079 1307 quod
3127 1254 3258 1308 qua:
3299 1237 3450 1306 apud
3494 1236 3724 1290 Latinos
3759 1236 3905 1300 lectio,

2244 1325 2394 1395 apud
2427 1326 2647 1379 Grmcos
2675 1331 2907 1378 vocatur
2927 1325 3170 1395 repetita
3200 1325 3477 1395 cognitio;
3505 1341 3620 1395 qua
3654 1341 3776 1377 cum
3805 1340 3907 1376 vera

2245 1413 2536 1482 discimus,
2570 1432 2637 1468 ea
2693 1415 3156 1485 recognoscimus
3205 1430 3330 1484 quae
3380 1413 3725 1467 naturaliter
3777 1428 3905 1464 nove-

2241 1519 2456 1571 ramus,
2515 1507 2826 1574 antequam
2876 1503 3188 1558 materialis
3227 1503 3468 1556 intluxio
3515 1502 3575 1556 in
3623 1519 3817 1572 corpus
3839 1518 3907 1554 ve-

2242 1590 2464 1644 nientes
2509 1590 2729 1644 animas
2775 1590 3042 1644 ebriaret.
3086 1591 3151 1644 Et
3197 1590 3277 1643 ita
3309 1591 3469 1644 Plato
3517 1591 3576 1644 in
3612 1591 3829 1660 dialogo
3854 1590 3904 1643 de

2241 1679 2476 1745 virtute,
2510 1680 2610 1750 qui
2637 1679 2970 1733 inscribitur
2996 1680 3200 1734 Menon
3223 1696 3254 1732 a
3283 1681 3518 1733 Menone
3550 1696 3687 1733 cum
3722 1681 3904 1734 Socrate

2239 1769 2654 1822 sermocinante
2681 1785 2692 1821 :
2727 1769 2995 1837 Quaerere,
3020 1769 3230 1839 inquit,
3261 1785 3323 1823 ac
3351 1769 3572 1835 discere,
3601 1772 3906 1822 reminiscen—

2240 1861 2317 1912 tia
2351 1864 2475 1912 est:
2539 1863 2594 1912 et
2640 1859 3024 1929 Hieronymus
3074 1863 3370 1912 testatura
3409 1859 3769 1930 philosophis
3806 1859 3908 1922 dici,

2236 1948 2536 2003 discentias
2570 1965 2689 2002 esse
2721 1948 3194 2002 reminiscentias.
3235 1949 3388 2002 Hanc
3414 1949 3671 2002 Platonis
3718 1948 3906 2019 opinio-

2237 2052 2371 2090 nem
2428 2037 2735 2108 improbat,
2791 2042 2845 2090 et
2893 2037 3150 2091 confutat
3196 2037 3360 2092 divus
3408 2038 3678 2091 Aurelius
3727 2037 3817 2093 lib.
3855 2036 3907 2089 de

2235 2125 2434 2180 Trinit.
2464 2143 2567 2187 xu,
2595 2143 2718 2197 cap.

2306 2217 2635 2272 Obliviosam
2683 2213 2889 2287 molem]
2934 2216 3283 2270 Gravitatem
3331 2216 3825 2286 perturbationum
3860 2220 3904 2268 et

2235 2305 2602 2373 oblivionem,
2647 2323 2760 2359 non
2795 2322 2995 2360 eorum
3048 2323 3176 2376 quae
3223 2306 3349 2376 quis
3384 2307 3440 2358 in
3474 2308 3583 2358 alia
3619 2307 3736 2360 vita
3777 2307 3904 2359 novit

2236 2393 2390 2462 (nam
2413 2395 2638 2448 homini
2669 2400 2979 2466 antequam
3001 2401 3346 2464 nasceretur,
3371 2396 3542 2450 aliam
3557 2397 3732 2451 vitam
3758 2397 3900 2450 fuisse

2233 2483 2442 2537 sentire
2473 2484 2844 2539 vanissimum
2878 2485 3001 2553 est),
3051 2485 3146 2538 sed
3177 2502 3380 2540 eorum
3428 2503 3557 2556 qua:
3607 2492 3741 2556 apta
3781 2489 3901 2539 esset

2232 2578 2433 2642 suapte
2460 2577 2663 2627 natura
2695 2573 2824 2644 (nisi
2848 2573 3072 2643 corpori
3104 2574 3522 2639 infunderetur,
3549 2576 3898 2645 conjungere-

2232 2663 2466 2732 turque)
2491 2663 2684 2716 anima
2715 2679 3079 2732 cognoscere.
3113 2663 3417 2732 Sapientia:
3443 2664 3542 2731 lib,
3581 2668 3632 2729 t,
3664 2681 3784 2735 cap.
3837 2681 3898 2722 ix.

2231 2751 2310 2804 ita
2337 2751 2612 2821 scriptum
2646 2755 2729 2806 est
2765 2769 2776 2805 :
2811 2754 3016 2820 Corpus
3044 2755 3185 2805 enim
3218 2753 3362 2820 quod
3403 2757 3785 2822 corrumpitur,
3814 2769 3898 2818 ag-

2229 2845 2427 2907 gravat
2457 2841 2721 2904 animum,
2753 2846 2802 2895 et
2832 2846 3045 2896 terrena
3074 2841 3401 2897 inhabitatio
3422 2843 3678 2911 deprimit
3709 2857 3897 2896 sensum

2155 2951 2194 3006 ρ
2228 2932 2400 2984 multa
2434 2934 2768 2998 cogitantem.

2293 3019 2492 3090 Haeret]
2527 3021 2694 3074 Inest.

2290 3109 2555 3178 Profecto]
2581 3110 2764 3164 Certe.

2292 3196 2495 3269 Semen]
2543 3197 2894 3269 Principium
2924 3204 2977 3254 et
3027 3199 3314 3255 inchoatio
3363 3201 3631 3272 quaedam
3679 3218 3782 3273 qua
3818 3205 3892 3253 est

2219 3286 2389 3339 homo
2436 3286 2657 3340 veritati
2704 3288 3090 3359 percipiendae
3137 3293 3194 3344 et
3249 3291 3614 3361 acquirendte
3664 3288 3889 3344 scientia:

2217 3376 2555 3429 naturaliter
2587 3381 2771 3446 aptus.

2285 3463 2610 3537 Introrsum]
2640 3465 2917 3521 Interiora
2947 3482 3165 3536 versus,
3194 3467 3561 3534 intrinsecus,
3591 3468 3755 3522 intus.

2312 3554 2482 3626 Quod]
2513 3555 2736 3610 Semen.

2283 3645 2596 3714 Emcitatur]
2631 3644 2958 3716 Metaphora
2990 3644 3061 3700 ab
3091 3645 3214 3717 igni
3245 3650 3497 3717 sumpta,
3538 3647 3640 3717 qui
3670 3645 3883 3700 ventila-

2213 3733 2369 3787 tione
2403 3733 2464 3788 in
2495 3733 2767 3787 fomentis
2806 3735 3105 3789 excitatur.

2289 3820 2624 3894 Ventilante]
2661 3824 2940 3892 Movente,
2995 3825 3354 3880 discutiente.
3416 3825 3663 3892 Ventilo,
3713 3839 3883 3878 moveo

2211 3911 2281 3966 ad
2311 3917 2546 3966 ventum
2577 3914 2943 3983 captandum.
2980 3914 3263 3968 Ventilare
3291 3914 3569 3976 triticum,
3598 3919 3680 3968 est
3702 3929 3882 3984 purga-

2209 4017 2288 4055 re.
2343 4001 2630 4056 Ventilare
2657 4003 2879 4071 faciem,
2905 4007 2990 4058 est
3029 4003 3260 4057 ventulo
3305 4003 3666 4074 refrigerare,
3698 4008 3750 4056 et
3771 4016 3881 4055 ven-

2209 4092 2373 4145 tilare
2401 4107 2607 4145 aurum
2636 4091 2832 4162 digitis
2861 4091 3226 4160 sudantibus,
3250 4092 3401 4163 dixit
3425 4093 3730 4148 Iuvenalis.

2280 4178 2560 4252 Doctrina[
2584 4180 2837 4234 Doctoris
2871 4180 3112 4236 actione.

399 4268 684 4324 thesauris
718 4243 1038 4336 diligenter
1075 4266 1333 4332 (remotis
1364 4243 1812 4337 impedimentis)
1865 4268 2096 4323 investi-
2135 4243 2178 4295 Β
2282 4268 2406 4338 Cur]
2439 4243 2645 4334 Quare.

398 4359 664 4430 gandam.
697 4357 844 4411 Sunt
875 4356 1030 4410 enim
1062 4355 1268 4409 animis
1299 4357 1505 4410 nostris
1535 4357 1729 4424 insita,
1765 4362 1880 4412 tam
1911 4358 2093 4412 virtu-

397 4454 521 4503 tum
553 4463 729 4519 quam
760 4446 1126 4500 scientiarum
1149 4445 1388 4500 semina.

464 4537 753 4604 Profunda
786 4541 978 4599 mente]
1012 4535 1374 4589 Penitissima
1403 4536 1911 4606 contemplatione.

470 4626 739 4696 Vestigat]
772 4624 1033 4696 lnquirit.

473 4717 696 4784 Verum]
733 4715 1059 4769 Veritatem.

462 4805 622 4878 Inde]
651 4805 741 4861 Sic
767 4805 1096 4876 legendum,
1131 4820 1247 4858 non
1281 4804 1396 4872 ille,
1428 4808 1491 4859 ut
1521 4805 1691 4876 vulgo
1723 4804 1947 4876 legitur.

461 4895 615 4964 Inde]
637 4898 685 4948 Α
710 4894 828 4948 veri
859 4893 1250 4964 vestigatione.

461 4984 658 5040 Intimi
679 4984 849 5053 visus]
882 4984 1225 5037 Intellectus.

456 5078 666 5144 Longos
712 5073 906 5144 motus]
947 5073 1365 5142 Actusanima:
1407 5072 1468 5127 in
1498 5074 1734 5144 longum
1769 5074 2083 5129 tendentes.

459 5170 523 5224 In
551 5165 749 5234 orbem]
783 5165 845 5218 In
867 5163 1163 5217 circulum.

455 5252 758 5326 Inﬂectens]
800 5255 1124 5308 lncurvsns.

458 5341 767 5415 Retrusum]
797 5343 879 5396 Ad
909 5359 968 5395 se
997 5358 1358 5395 conversum.

460 5431 780 5504 Thesauris]
815 5430 1104 5499 Potentiis,
1137 5430 1416 5486 memoria
1445 5431 1656 5487 scilicet
1686 5435 1741 5488 et
1769 5431 2080 5488 intellectu.

453 5521 695 5594 Dudum]
717 5522 893 5577 Paulo
924 5525 1076 5576 ante.

2276 4359 2496 4428 Rogati]
2524 4357 2883 4428 Interrogati.
2913 4359 2980 4413 Μ.
3029 4359 3246 4413 Tullius
3271 4358 3419 4413 libro
3456 4360 3868 4414 Tusculanarum

2205 4447 2596 4512 Quzestionum
2627 4447 2814 4518 primo
2849 4465 2861 4502 :
2894 4449 3070 4503 Habet
3092 4451 3334 4518 primum
3354 4452 3687 4514 memoriam,
3706 4455 3749 4502 et
3777 4462 3868 4500 eam

2201 4537 2478 4607 inﬁnitam
2506 4553 2687 4591 rerum
2719 4538 3218 4592 innumerabilium.
3255 4539 3438 4602 Quam
3474 4540 3707 4609 quidam
3741 4538 3869 4591 Plato

2203 4627 2660 4682 recordationem
2689 4644 2810 4682 esse
2838 4628 2958 4682 vult
2977 4629 3108 4682 vitae
3138 4628 3470 4699 superioris.
3503 4630 3641 4682 Nam
3670 4629 3725 4681 in
3749 4627 3866 4680 libro

2202 4717 2300 4788 qui
2330 4717 2665 4771 inscribitur
2694 4717 2918 4785 Menon,
2953 4719 3254 4789 pusionem
3287 4717 3598 4788 quemdam
3643 4718 3867 4772 Socrates

2200 4805 2516 4876 interrogat
2557 4807 2819 4877 quaedam
2871 4807 3220 4877 geometrica
3257 4807 3326 4861 de
3366 4807 3719 4861 dimensione
3751 4822 3866 4876 qua-

2201 4895 2374 4949 drati.
2405 4896 2486 4950 Ad
2507 4911 2573 4950 ea
2607 4896 2686 4949 sic
2717 4896 2813 4950 ille
2868 4896 3177 4967 respondet
3206 4901 3270 4950 ut
3295 4913 3459 4967 puer,
3497 4903 3553 4951 et
3600 4902 3779 4951 tamen
3805 4895 3868 4947 ita

2199 4984 2391 5038 faciles
2421 4984 2902 5056 interrogationes
2932 4991 3083 5053 sunt,
3108 4991 3190 5053 ut,
3224 4986 3511 5057 gradatim
3542 4985 3867 5057 respondens

2199 5090 2266 5127 eo
2299 5074 2593 5144 perveniat
2624 5076 2789 5146 quasi
2815 5075 3164 5145 geometrica
3194 5076 3499 5131 didicissat.
3545 5078 3621 5131 Ex
3657 5091 3764 5147 quo
3798 5073 3867 5126 ef-

2197 5163 2289 5216 tici
2321 5162 2440 5216 vult
2470 5163 2745 5232 Socrates,
2779 5168 2842 5237 ut
2871 5166 3089 5219 discere
3121 5165 3262 5218 nihil
3295 5165 3450 5219 aliud
3484 5165 3556 5220 sit
3587 5181 3752 5236 quam
3794 5177 3869 5214 re-

2197 5253 2436 5308 cordari.
2474 5253 2653 5317 Quem
2686 5254 2876 5308 locum
2901 5254 3080 5308 multo
3107 5255 3280 5309 etiam
3303 5256 3620 5309 accuratius
3653 5252 3868 5323 explicat

2195 5344 2255 5398 in
2286 5360 2352 5398 eo
2384 5360 2668 5410 sermone,
2701 5360 2871 5415 quem
2906 5344 3125 5406 'habuit
3146 5361 3210 5398 eo
3236 5345 3362 5414 ipso
3393 5345 3486 5399 die
3511 5362 3624 5416 quo
3653 5339 3870 5398 excessit

2195 5450 2224 5487 e
2256 5432 2390 5487 vita.
2418 5434 2590 5488 Docet
2607 5434 2762 5486 enim
2784 5433 3062 5504 quemvis,
3091 5433 3190 5505 qui
3214 5435 3476 5488 omnium
3509 5450 3695 5488 rerum
3727 5428 3868 5484 rudis

2195 5538 2318 5578 esse
2350 5522 2629 5590 videatur,
2660 5523 2806 5580 bene
2826 5523 3210 5596 interroganti
3228 5525 3669 5595 respondentem
3699 5520 3870 5577 decla-
