4054 6184
162 285 294 336 1037

1433 283 1826 340 MURMELLII
1863 283 2388 340 COMMENTARIA.

3513 289 3645 343 1038

148 436 274 474 rare
303 435 361 474 se
392 435 509 474 non
536 423 663 474 tum
691 419 791 473 illa
830 418 1068 484 discere,
1100 418 1200 472 sed
1231 418 1650 474 reminiscendo
1683 434 1836 472 reco-
1874 420 1920 471 A
2019 418 2274 490 Fortiter]
2309 422 2598 474 Potenter.

151 525 427 581 gnoscere
462 525 473 562 :
509 525 612 562 nec
641 525 772 562 vero
805 509 932 562 fieri
963 509 1078 562 ullo
1112 508 1284 562 modo
1307 525 1472 578 posse
1496 513 1557 562 ut
1585 525 1616 562 a
1650 507 1841 579 pueris

153 604 232 652 tot
267 614 457 652 rerum
483 602 652 668 atque
673 602 956 652 tantaram
979 597 1179 652 insitas
1207 601 1262 652 et
1292 598 1452 668 quasi
1483 598 1844 668 consignatas

156 687 215 739 in
263 686 467 738 animis
523 686 784 739 notiones
819 686 980 755 (quas
1015 684 1204 746 ἐννοίας
1234 686 1453 753 vocant)
1476 686 1842 752 haberemus,

154 776 265 829 nisi
296 775 524 829 animus
572 777 901 846 (antequam
947 791 1154 846 corpus
1204 775 1488 847 intrasset)
1542 775 1601 830 in
1650 791 1845 830 rerum

161 864 491 934 cognitione
521 864 814 936 viguisset.

227 954 404 1026 Recta]
446 956 606 1008 Vera.

226 1045 482 1114 Censetis]
507 1042 856 1115 Opinamini,
892 1043 1267 1114 respondetis.

225 1131 315 1200 Ni]
352 1132 484 1185 Nisi.

227 1222 457 1290 Mersus]
493 1219 720 1275 Insitus.

229 1310 357 1365 Atto
384 1308 567 1380 corde]
602 1312 661 1363 ln
688 1310 973 1380 profunda
1006 1317 1218 1365 mente.

229 1400 431 1468 Fames]
457 1399 662 1452 Semen
688 1404 743 1453 et
774 1399 1125 1469 principium
1160 1399 1431 1454 scientiae.

227 1489 289 1543 Si
321 1489 560 1542 Platonis
589 1503 745 1542 musa
766 1494 1024 1556 personat
1055 1487 1256 1560 verum]
1307 1491 1474 1543 Recte
1529 1489 1754 1543 dubitat
1792 1489 1854 1543 in

162 1594 219 1631 re
259 1577 650 1647 ambiguitatis
705 1579 896 1647 plena,
950 1594 1225 1632 verumne
1270 1594 1341 1630 an
1395 1578 1602 1632 falsum
1649 1578 1855 1632 dixerit

166 1669 344 1720 Plato.
381 1667 533 1720 Musa
576 1671 766 1720 autem
799 1667 928 1720 ideo
961 1667 1168 1721 dicitur
1208 1668 1360 1738 quod
1405 1669 1563 1721 Plato
1604 1684 1737 1722 usus
1770 1672 1854 1722 est

163 1773 386 1810 summa
415 1761 470 1809 et
499 1756 818 1810 incredibili
859 1757 1207 1827 eloquentia,
1238 1757 1310 1810 ob
1344 1773 1514 1828 quam
1557 1761 1612 1811 et
1665 1759 1849 1811 Xeno—

161 1846 314 1915 pbon
347 1844 533 1899 Attica
561 1845 715 1898 Musa
745 1845 1181 1913 cognominatus
1207 1851 1309 1899 est.
1342 1847 1440 1899 Vel
1473 1862 1576 1917 per
1624 1862 1849 1900 musam

164 1934 409 1989 Platonis
439 1933 628 2004 accipe
648 1949 877 1988 carmen
911 1951 977 1987 ex
1018 1934 1272 1988 Platonis
1303 1935 1564 1989 doctrina
1616 1951 1849 2006 compo-

165 2024 355 2088 situm,
393 2027 447 2076 et
467 2021 642 2092 hujus
667 2023 940 2092 opinione
962 2022 1270 2078 imbutum.

229 2112 547 2180 Immemor]
579 2112 818 2167 Oblitus.

750 2202 818 2254 IN
848 2200 1126 2256 PROSAM
1152 2203 1264 2256 ΧΙΙ.

231 2291 362 2344 Haec
399 2289 598 2342 ultima
626 2289 798 2359 hujus
830 2291 981 2344 tertii
1024 2289 1335 2344 voluminis
1383 2306 1551 2360 prosa
1599 2289 1856 2345 continet

166 2379 368 2448 quibus
402 2378 807 2449 gubernaculis
838 2380 1088 2434 mundus
1104 2380 1478 2449 gubernatur,
1501 2380 1653 2450 quod
1681 2379 1853 2433 etiam

165 2473 286 2521 ante
318 2468 548 2520 Boetius
579 2467 897 2536 ignorabat.
925 2467 1082 2522 Unde
1117 2467 1461 2537 opinabatur
1512 2468 1692 2521 bonos
1724 2483 1855 2536 sup-

165 2556 340 2625 pliciis
369 2555 544 2617 affici,
585 2557 762 2610 malos
792 2572 924 2610 vero
955 2556 1212 2626 prmmiis
1241 2556 1313 2610 ad
1345 2556 1563 2623 llagitia
1601 2555 1850 2609 invitari.

169 2646 316 2698 Nunc
346 2649 546 2699 autem
576 2645 942 2716 Philosophia
963 2645 1127 2699 docet
1165 2645 1418 2699 bonitate
1449 2643 1642 2698 divina
1687 2660 1850 2698 mun-

169 2735 294 2789 dum
327 2734 477 2804 regi,
555 2750 802 2804 eumque
837 2735 936 2805 qui
968 2751 1258 2788 summum
1301 2734 1520 2788 bonum
1564 2738 1670 2801 est,
1721 2733 1856 2803 quia

172 2825 360 2891 Deum,
386 2823 606 2877 nullius
622 2824 759 2878 mali
791 2841 1020 2878 causam
1054 2840 1196 2888 esse,
1215 2840 1318 2877 nec
1337 2823 1391 2878 id
1416 2823 1646 2894 quidem
1665 2839 1851 2892 posse.

173 2914 410 2968 Proinde
443 2913 657 2967 malum
690 2913 835 2966 nihil
868 2930 987 2967 esse
1017 2912 1128 2967 nisi
1159 2929 1192 2966 a
1220 2913 1372 2967 bono
1432 2912 1808 2966 defectionem
1836 2928 1848 2965 :

2023 507 2294 580 Suaviter]
2344 509 2640 576 Ordinare,
2674 509 2823 563 bona
2880 509 3385 581 contemperantia,
3441 527 3645 569 conve-

1953 596 2327 652 nientissime.

2022 688 2381 756 Lacessentes]
2417 687 2480 741 In
2513 686 2731 741 bellum
2779 690 3174 756 provocantes,

2028 775 2244 844 Caelum]
2278 777 2423 830 Deos
2448 776 2722 830 ccclestcs.

2025 865 2300 932 Gigantes]
2337 865 2422 932 Hi,
2450 865 2870 918 vatissimorum
2902 881 3211 936 corporum
3243 865 3417 923 fuisse
3445 867 3646 925 dicun-

1956 957 2068 1018 tur,
2104 957 2271 1007 terrae
2301 953 2424 1021 filii,
2459 953 2582 1007 sine
2610 957 2790 1025 patre,
2825 954 2924 1025 qui
2951 970 3081 1008 cum
3109 955 3245 1009 deos
3270 957 3409 1011 coelo
3433 959 3646 1027 pellere

1959 1047 2325 1109 conarentur,
2367 1043 2438 1097 ab
2483 1044 2616 1097 Jove
2677 1043 3016 1098 fulminibus
3076 1044 3264 1098 missis
3321 1051 3453 1101 sunt
3482 1047 3654 1103 inter-

1960 1132 2160 1202 empti.
2195 1132 2509 1187 Macrobius
2542 1134 2636 1188 lib.
2676 1133 3068 1188 Saturnalium
3127 1135 3317 1205 primo
3348 1154 3360 1191 :
3396 1138 3652 1206 Gigantes

1959 1228 2137 1276 autem
2171 1222 2400 1294 (inquit)
2432 1224 2568 1294 quid
2597 1224 2755 1277 aliud
2782 1225 2959 1289 fuisse
2992 1225 3313 1280 credendum
3357 1233 3434 1281 est
3491 1243 3653 1297 quam

1961 1312 2236 1366 hominum
2265 1313 2558 1380 quamdam
2579 1316 2806 1382 impiam
2824 1317 3054 1382 gentem,
3089 1315 3213 1369 deos
3243 1323 3545 1384 negantem,
3605 1324 3655 1372 et

1961 1402 2084 1455 ideo
2114 1405 2485 1456 existimatam
2517 1403 2640 1457 deos
2677 1405 2874 1473 pellere
2905 1404 2970 1458 de
3005 1406 3202 1458 cwlesti
3229 1406 3352 1460 sede
3403 1409 3652 1462 voluisse.

1964 1491 2168 1542 Horum
2192 1490 2351 1558 pedes
2383 1493 2441 1544 in
2472 1491 2768 1545 draconum
2802 1493 3077 1546 volumina
3111 1493 3426 1548 desinebant
3463 1511 3474 1549 :
3514 1496 3658 1564 quod

1964 1579 2240 1644 signi/ient
2269 1579 2408 1633 nihil
2422 1595 2506 1634 eos
2544 1585 2766 1647 rectum,
2800 1581 2940 1633 nihil
2969 1595 3224 1650 superum
3254 1585 3536 1650 cogitasse,
3573 1590 3656 1638 to-

1968 1669 2075 1721 tius
2087 1670 2210 1722 vitze
2226 1668 2784 1738 eorum'gressufatque
2799 1684 3051 1738 processu
3064 1672 3120 1724 in
3134 1672 3353 1736 inferna
3370 1679 3652 1739 mergente.

2037 1759 2126 1809 Uti
2157 1757 2484 1824 condignum
2502 1756 2635 1827 fuit]
2664 1757 3042 1825 Parenthesis,
3079 1759 3138 1812 id
3157 1763 3245 1812 est
3274 1760 3417 1814 sicut
3447 1762 3654 1815 decuit.

2031 1845 2295 1913 Bcnigna]
2322 1845 2532 1899 Meritis
2545 1845 2819 1913 beneﬁca,
2843 1846 2991 1901 male
3009 1851 3203 1901 autem
3217 1847 3436 1902 meritis
3456 1848 3661 1903 infesta

2038 1932 2338 2002 Fortitudo]
2376 1934 2635 1988 Potentia
2663 1934 2874 1988 divina.

2031 2020 2312 2092 Rationis]
2349 2023 2914 2092 Argumentationes.

2035 2109 2386 2180 Collidamus]
2405 2112 2572 2166 Valde
2597 2113 3040 2181 committamus,
3060 2113 3262 2168 acriter
3274 2129 3658 2170 conseramus.

2034 2201 2121 2252 Em
2152 2199 2465 2268 hujusmodi
2498 2200 2910 2271 conﬂictatione]
2965 2202 3042 2254 Ex
3093 2203 3376 2272 ejusmodi
3405 2203 3646 2274 philosoo

1962 2287 2133 2358 phico
2164 2289 2494 2343 certamine.

2033 2377 2305 2447 Scintilla]
2335 2377 2652 2432 Translatio
2709 2379 2873 2433 abiis
2914 2379 3031 2450 qui,
3084 2380 3321 2451 chalybe
3377 2385 3432 2436 et
3495 2382 3662 2437 silice

1963 2466 2186 2531 collisis,
2223 2466 2373 2536 ignis
2395 2467 2699 2521 scintillam
2731 2469 3046 2538 excutiunt,
3075 2487 3250 2541 quam
3275 2471 3660 2528 dissilientem

1964 2555 2023 2609 in
2055 2555 2316 2609 fomitem
2345 2555 2639 2625 excipiunt
2671 2557 2740 2611 ad
2775 2557 2974 2614 lumen
3005 2559 3392 2616 excitandum.

2035 2641 2348 2715 Arbitratu]
2380 2644 2656 2702 Arbitrio.

2035 2733 2240 2786 Malum
2275 2731 2474 2804 igitur]
2532 2735 2834 2790 Concludit
2868 2737 3084 2790 malum
3133 2737 3275 2792 nihil
3319 2755 3438 2793 esse
3491 2739 3665 2811 hujus

1966 2821 2119 2874 modi
2151 2822 2375 2876 ratione
2407 2838 2420 2875 :
2453 2822 2744 2894 Quidquid
2763 2829 2846 2878 est
2865 2825 3103 2895 aliquid,
3133 2827 3278 2880 Deus
3296 2825 3664 2897 omnipotens

1965 2908 2017 2962 id
2045 2914 2250 2980 potest.
2283 2911 2491 2964 Malum
2523 2917 2714 2966 autem
2752 2914 2903 2967 Deus
2929 2915 3296 2985 omnipotens
3321 2932 3436 2969 non
3455 2919 3660 2986 potest.

175 3003 332 3074 hujus
360 3005 415 3058 is
443 3003 542 3074 qui
567 3007 752 3073 potest
783 3002 996 3069 omnia,
1032 3019 1145 3057 non
1177 3002 1356 3072 possit
1385 3002 1620 3056 malum.
1641 3002 1764 3065 Quo
1793 3000 1857 3054 ﬁt
1894 2997 1934 3051 C
1965 2998 2170 3052 Malum
2203 2999 2383 3070 igitur
2436 2999 2580 3054 nihil
2611 3005 2714 3054 est.
2753 3003 2958 3055 Beatus
3011 3004 3363 3073 Augustinus
3397 3004 3544 3058 libro
3596 3005 3665 3058 de

174 3100 230 3146 ut
259 3093 394 3147 mali
428 3108 790 3164 nequaquam
813 3092 1077 3157 ﬂoreant,
1101 3093 1198 3147 sed
1221 3092 1414 3146 miseri
1435 3091 1627 3162 potius
1659 3090 1774 3145 sint
1803 3096 1861 3146 et

175 3183 442 3248 infelices,
477 3189 540 3236 ut
559 3181 819 3252 proximo
849 3181 1140 3236 volumine
1172 3182 1341 3236 latius
1369 3181 1703 3236 disseratur.

240 3271 610 3339 Vehementer]
647 3271 838 3324 Valde.

239 3361 463 3428 Horum]
497 3359 658 3424 Quod
682 3359 896 3414 discere
918 3368 1179 3413 nostrum
1201 3358 1274 3412 sit
1298 3357 1608 3423 reminisci,
1626 3362 1680 3411 et
1710 3358 1860 3428 quod

176 3450 358 3504 lumen
400 3449 586 3502 animi
608 3449 864 3519 corporis
885 3449 1130 3518 caligine
1161 3447 1234 3502 sit
1261 3447 1680 3502 obnubilatum.

240 3538 976 3607 Conamemoraleemorem
1024 3537 1282 3592 facis-Et
1319 3537 1572 3592 notanda
1624 3541 1709 3591 est
1744 3540 1862 3591 haec

182 3629 399 3685 locutio.

241 3722 510 3789 Cor-porca
529 3717 866 3791 contagione]
917 3715 1185 3788 Corporis
1216 3732 1348 3771 cum
1374 3715 1568 3771 anima
1623 3715 1862 3786 conjun-

185 3808 345 3864 tione.

241 3897 385 3971 Mole]
419 3897 730 3952 Gravitate.

244 3987 404 4057 Quin]
441 3987 534 4040 Ut.

243 4073 489 4146 Dudum]
516 4072 694 4129 Paulo
720 4077 874 4128 ante.

245 4163 545 4236 inscitiam]
579 4162 989 4234 Ignorantiam.

248 4254 540 4324 Accedam]
576 4251 888 4307 Assentiar.

248 4345 547 4407 Divelleret]
575 4341 944 4395 Distraheret.

250 4431 458 4502 Sospes]
501 4431 830 4485 Incolumis.

255 4520 500 4589 Revisas]
536 4520 794 4590 Repetas.

252 4607 538 4680 Alioquin]
580 4607 699 4662 Nisi
731 4608 837 4661 hoc
867 4606 947 4660 ita
978 4621 1038 4660 se
1068 4604 1294 4661 habeat.

260 4697 620 4768 Vigilantius]
653 4695 1012 4767 Diligentius.

258 4786 499 4858 Diducis]
523 4786 746 4856 Aperis.

258 4874 390 4928 Cum
421 4877 564 4928 Deus
606 4873 812 4944 inquit]
864 4873 1039 4926 Docet
1077 4887 1109 4924 a
1139 4872 1255 4926 Deo
1289 4872 1539 4926 suaviter
1577 4875 1634 4926 et
1681 4885 1878 4925 conve-

194 4960 541 5018 nientissime
595 4963 790 5017 omnia
845 4961 1092 5032 disponi,
1130 4976 1257 5015 cum
1306 4961 1633 5016 voluntarie
1673 4959 1875 5015 divinw

197 5049 423 5106 bonitati
445 5053 850 5124 obtemperent
879 5066 1055 5122 seque
1088 5049 1414 5121 subjiciant.

260 5143 684 5198 Detractantium
717 5140 934 5214 jugum]
985 5141 1375 5210 Metaphoraa
1416 5139 1598 5195 bobus
1631 5141 1874 5208 sumpta.

204 5229 346 5285 Unde
380 5237 552 5309 poeta
575 5248 588 5286 :

310 5321 423 5369 Non
453 5321 585 5384 juga
609 5324 792 5370 taurus
819 5323 980 5379 amat,
1007 5332 1124 5382 qua:
1152 5322 1330 5367 tamen
1363 5317 1490 5376 odit,
1523 5316 1698 5365 habet.

266 5413 362 5464 Deo
392 5412 679 5482 contraire]
702 5414 912 5466 Contra
947 5410 1046 5464 Dei
1073 5410 1447 5462 voluntatem.

265 5501 387 5554 Iure
419 5501 793 5568 beatitudinis]
842 5500 981 5564 Quae
1019 5502 1086 5552 ut
1124 5500 1352 5563 caetera,
1386 5494 1463 5548 sic
1485 5498 1541 5548 et
1594 5507 1878 5545 summam

209 5589 510 5656 potentiam
551 5589 962 5661 complectitur.

1971 3086 2205 3141 Civitate
2243 3087 2341 3140 Dei
2364 3103 2438 3153 x1,
2493 3104 2616 3158 cap.
2653 3091 2682 3140 9
2719 3105 2730 3142 :
2770 3090 2908 3144 Mali
2959 3093 3101 3145 enim
3124 3093 3278 3146 nulla
3323 3097 3525 3147 natura
3564 3098 3662 3161 est,

1969 3177 2295 3230 sedamissio
2311 3177 2436 3230 boni
2465 3179 2598 3230 mali
2625 3193 2817 3232 nomen
2848 3183 3072 3249 accepit.

2038 3265 2436 3331 Labyrinthum
2467 3267 2941 3339 inextracabilem]
2977 3270 3372 3337 Insolubilem,
3404 3270 3667 3342 indepre-

1971 3353 2338 3421 hensibilem,
2363 3355 2516 3409 unde
2549 3371 2717 3409 nemo
2743 3374 2802 3410 se
2842 3357 3005 3412 facile
3036 3360 3220 3428 possit
3250 3361 3537 3431 expedire.
3572 3363 3668 3415 La-

1970 3441 2291 3512 byrinthus,
2321 3443 2480 3497 locus
2503 3445 2818 3498 estviarum
2833 3447 3175 3516 ambagibus
3205 3449 3347 3503 adeo
3365 3449 3665 3520 implexus,

1972 3537 2036 3584 ut
2068 3547 2200 3585 eum
2231 3531 2490 3599 ingresso
2533 3549 2651 3587 non
2683 3540 2874 3604 pateat
2894 3537 3100 3591 exitus.
3135 3538 3251 3592 lloc
3300 3542 3492 3594 autem
3519 3539 3667 3594 loco

1971 3621 2390 3692 metaphoricos
2421 3622 2633 3692 posuit.

2044 3711 2254 3780 Orbem]
2287 3711 2598 3765 Circulum.

2045 3800 2439 3868 Munusculum]
2468 3800 2867 3857 Corollarium.

2045 3887 2284 3956 Dudum]
2320 3887 2498 3940 Paulo
2525 3892 2676 3942 ante.

2043 3976 2364 4045 Eregimus]
2395 3975 2775 4032 Absolvimus.
2822 3978 3055 4034 Ovidius
3085 3997 3098 4033 :

2100 4064 2320 4126 Jamque
2346 4077 2478 4126 opus
2504 4063 2672 4125 exegi.

2049 4159 2122 4210 De
2142 4157 2224 4226 ea]
2260 4155 2459 4210 Divina
2498 4154 2838 4210 substantia.

2054 4245 2420 4314 Parmenides]
2446 4245 2541 4298 Hic
2571 4246 2787 4299 Eleates
2817 4247 3169 4314 Anaxagorae
3214 4245 3550 4316 discipulus,
3609 4251 3672 4302 ut

1986 4332 2187 4389 Suidas
2210 4334 2287 4387 ait
2319 4350 2332 4387 ι
2361 4339 2424 4388 ut
2445 4350 2578 4387 vero
2616 4335 2915 4404 Diogenes,
2941 4333 3302 4404 Xenophanis
3333 4335 3534 4405 :Zcujus
3555 4352 3672 4390 me-

1984 4425 2151 4477 minit
2183 4425 2362 4491 Plato,
2391 4425 2490 4494 qui
2520 4424 2643 4494 ejus
2675 4423 2907 4477 nomine
2943 4424 3234 4492 dialogum
3283 4424 3529 4495 scripsit,
3570 4441 3673 4479 vo-

1983 4512 2242 4582 cavitque
2285 4512 2706 4578 Parmenidem,
2759 4513 2871 4566 sive
2931 4513 3000 4567 de
3069 4513 3230 4567 ldeis.
3283 4513 3381 4566 Hic
3421 4513 3673 4568 carmine

1985 4601 2407 4672 physiologiam
2455 4601 2751 4670 expressit,
2789 4601 2932 4656 sicut
2956 4601 3328 4672 Empedocles
3369 4606 3427 4657 et
3476 4603 3671 4658 Hesio-

1987 4692 2112 4756 dus,
2142 4691 2546 4762 duplicemque
2579 4707 2704 4744 eam
2737 4708 2857 4745 esse
2885 4692 3240 4757 dixit,unam
3287 4708 3416 4763 quae
3439 4694 3676 4748 veritate

1985 4785 2292 4843 constaret,
2327 4780 2564 4833 alteram
2598 4795 2727 4850 qua:
2747 4779 3042 4849 opinione.
3071 4780 3318 4836 Emicuit
3341 4782 3678 4854 Olympiade

1984 4884 2171 4922 vam.
2207 4867 2386 4938 Hujus
2419 4869 2644 4922 Grtecus
2683 4884 2876 4921 versus
2899 4873 3005 4934 est,

2131 4957 2384 5008 Ιιάννοθεν
2415 4953 2464 5007 ἐν
2491 4955 2731 5007 κύκλοισι
2766 4959 2927 5030 φέρεις
2960 4956 3237 5029 ἐναλίγκιον
3271 4964 3438 5032 ὄγκον.

1986 5045 2047 5100 Id
2075 5051 2180 5114 est,
2235 5046 2484 5117 undique
2518 5046 2576 5099 in
2609 5046 2837 5100 circulis
2881 5047 3041 5100 ducis
3085 5048 3332 5105 similem
3391 5067 3676 5106 acervum.

1985 5135 2144 5199 Quod
2175 5141 2365 5190 autem
2419 5136 2479 5188 in
2507 5135 2754 5205 vulgatis
2806 5137 3232 5207 exemplaribus
3263 5141 3521 5195 additum
3575 5143 3678 5201 est,

1987 5224 2047 5278 id
2079 5230 2183 5292 est,
2217 5240 2410 5279 rerum
2441 5225 2642 5278 orbem
2675 5224 2947 5280 mobilem
2982 5231 3150 5294 rotat,
3181 5228 3390 5282 dumsc
3417 5227 3681 5282 immobi-

1988 5313 2102 5367 lem
2135 5317 2450 5379 conservat,
2499 5329 2615 5368 non
2660 5319 2744 5368 est
2777 5315 2975 5383 Boetii,
3023 5317 3123 5371 sed
3154 5317 3439 5387 glossema
3487 5316 3680 5370 nescio

1989 5403 2176 5472 cujus,
2208 5402 2367 5472 prius
2394 5402 2454 5455 in
2475 5402 2736 5472 margine
2765 5404 3070 5474 adjectum,
3105 5404 3310 5458 deinde
3344 5404 3522 5458 Boetii
3554 5420 3680 5458 ver-

1988 5490 2076 5545 bis
2109 5491 2410 5545 insertum.
2445 5492 2808 5547 Parmenidis
2841 5494 3056 5547 dictum
3097 5493 3400 5547 Iamblicus
3428 5493 3684 5549 Platoni-

1991 5595 2088 5634 cus
2120 5581 2272 5635 hunc
2301 5579 2363 5636 in
2379 5581 2614 5637 modum
2644 5582 2878 5654 exponit
2903 5599 2916 5637 :
2959 5582 3152 5638 Omnia
3180 5597 3248 5636 ea:
3290 5585 3394 5637 Deo
3424 5584 3506 5637 ita
3535 5589 3684 5654 sunt,
