4054 6184
452 271 586 322 1039

443 413 505 463 ut
533 421 802 476 nusquam
820 405 903 459 vel
931 405 1159 457 minima
1189 418 1411 473 quaeque
1435 403 1756 458 deserantur
1778 420 1811 456 ιι
1843 406 1969 458 Deo.
2008 403 2130 456 Ubi-
2169 405 2213 456 Α

444 514 545 567 que
570 497 710 551 enim
730 494 922 549 divina
950 496 1096 562 viget
1126 495 1331 559 unitas,
1355 509 1450 562 per
1471 508 1635 561 quam
1654 508 1740 546 res
1764 508 1990 562 quaeque
2014 508 2131 546 con-

443 590 662 653 sistunt,
691 601 752 640 ac
777 589 1037 654 perpetuo
1069 583 1321 652 quodam,
1347 585 1644 651 intimoque
1662 584 1861 636 circulo
1879 582 1952 636 ad
1977 585 2140 636 Deum

439 677 642 744 ipsum,
677 690 711 728 a
741 689 844 742 quo
869 678 919 727 et
951 675 1008 726 in
1053 688 1158 742 quo
1193 677 1338 740 sunt,
1371 672 1703 726 mirabiliter
1765 673 2133 726 revolvuntur.

439 765 705 833 Alioquin
730 765 789 817 in
812 763 1046 816 nihilum
1086 766 1300 830 repente
1327 766 1669 830 proruerent.

513 854 643 910 Cum
674 854 894 907 Platone
926 854 1198 906 saneiente
1225 851 1483 905 didiceris
1505 850 1772 920 ζΤίηιωυε
1823 850 1970 920 apud
2006 849 2135 902 Pla-

439 947 635 998 tonem
678 961 690 996 :
718 944 972 998 Rationes
995 945 1180 1009 utique
1212 957 1331 995 cum
1358 943 1429 995 iis
1460 940 1618 1002 rebus
1648 955 1785 1009 quas
1814 941 2139 1008 emprimunt

439 1034 810 1100 cognationem
835 1032 1129 1101 quamdam
1170 1031 1362 1084 habere
1402 1029 1674 1083 videntur.
1733 1031 1875 1095 Ergo
1913 1043 2033 1082 cum
2073 1026 2138 1080 de

437 1138 497 1176 re
522 1126 682 1191 ﬁrma
709 1127 758 1176 et
789 1121 1000 1189 stabili,
1026 1126 1074 1174 et
1099 1125 1271 1173 mente
1296 1117 1792 1187 comprehendenda
1822 1117 2133 1181 disseritur,

438 1212 660 1266 stabiles
690 1211 948 1265 similiter
977 1209 1447 1276 immutabilesque
1475 1212 1525 1261 et
1557 1223 1720 1275 quam
1765 1209 2000 1261 maxime
2017 1208 2135 1274 ﬁeri

432 1305 627 1368 potest,
665 1299 1117 1368 inexpugnabiles
1147 1300 1384 1351 rationes
1425 1311 1534 1350 esse
1567 1301 1791 1364 oportet.
1840 1297 1968 1351 Cum
2012 1309 2134 1348 vero

437 1389 502 1441 de
527 1392 701 1458 ipsius
744 1391 824 1442 rei
848 1392 1017 1456 ﬁrma:
1063 1387 1387 1454 stabilisque
1444 1387 1746 1440 simulacro
1797 1385 2131 1453 disputatur,

435 1479 754 1531 verisimiles
787 1481 1021 1531 rationes
1050 1479 1334 1544 sufﬁciunt
1369 1491 1381 1527 :
1409 1491 1528 1543 quae
1548 1477 1627 1527 ita
1659 1489 1712 1527 se
1732 1474 1805 1526 ad
1831 1477 2131 1541 superiores

437 1565 671 1620 habeant
701 1571 957 1633 rationes,
999 1571 1060 1618 ut
1084 1565 1438 1618 simulacrum.
1472 1563 1546 1615 ad
1575 1563 1896 1630 exemplum.
1931 1563 2132 1629 Nempe

435 1655 579 1722 quod
596 1659 672 1708 est
689 1655 1167 1725 adgenerationem.
1190 1654 1443 1718 essentia,
1463 1651 1524 1704 id
1542 1650 1620 1703 ad
1633 1653 1792 1718 ﬁnem
1812 1654 1888 1704 est
1905 1651 2128 1704 veritas.

1016 1797 1084 1850 IN
1114 1796 1403 1850 METRUM
1437 1796 1550 1850 XI].

506 1923 744 1977 Metrum
769 1925 852 1975 est
883 1919 1243 1991 Glyconium,
1279 1919 1465 1974 simile
1497 1923 1652 1973 sexto
1677 1918 1854 1990 primi
1885 1917 2128 1972 volumi-

433 2012 540 2065 nis.
587 2013 856 2065 Hortatur
908 2010 1168 2063 Boetium
1211 2008 1579 2079 Philosophia
1607 2010 1688 2076 lut
1737 2007 1947 2062 summi
1991 2007 2128 2061 boni

431 2099 824 2170 praestantiam
878 2097 1253 2168 contemplari
1292 2101 1635 2167 perseveret,
1671 2113 1740 2150 ne
1772 2113 1942 2168 prava
1974 2095 2125 2166 cupi-

430 2189 605 2243 ditate
635 2189 836 2256 victus,
870 2189 939 2242 ad
971 2204 1164 2242 rerum
1198 2192 1555 2241 terrenarum
1606 2186 1888 2240 desideria
1910 2185 2125 2239 relaba-

430 2284 540 2332 tur.
569 2280 709 2332 Nam
739 2283 804 2332 ut
834 2278 1067 2348 quidam
1099 2293 1214 2331 non
1245 2277 1601 2346 ineleganter
1621 2276 1716 2344 ait,
1763 2277 1878 2329 Deo
1931 2280 2124 2330 mente

427 2367 667 2429 deﬁxus,
703 2384 735 2420 a
768 2366 1124 2437 passionibus
1165 2366 1302 2419 dum
1353 2365 1642 2430 titillatur,
1673 2382 1705 2418 a
1735 2366 1874 2419 coelo
1905 2365 1963 2417 in
2010 2369 2120 2417 ter-

425 2471 549 2508 ram
589 2456 926 2508 devolvitur.
956 2455 1042 2508 Ad
1069 2454 1177 2508 hoc
1209 2457 1400 2508 autem
1430 2454 1850 2508 ostendendum
1881 2453 2117 2523 lepidis-

425 2543 566 2597 sime
597 2542 891 2597 inducitur
921 2543 1133 2614 Orphei
1160 2543 1375 2611 fabula,
1427 2559 1555 2613 qum
1587 2560 1618 2596 a
1650 2543 1893 2596 Diodoro
1927 2543 2115 2597 Siculo

420 2632 646 2702 copiose
703 2632 966 2700 refertur,
1020 2637 1075 2687 et
1117 2631 1542 2702 elegantissime
1587 2648 1619 2684 a
1670 2631 1910 2701 Virgilio
1963 2631 2112 2686 libro

422 2721 739 2792 Georgicon
780 2721 1082 2791 ultimo,et
1119 2739 1151 2775 a
1197 2722 1423 2775 Nasone
1454 2721 1603 2776 libro
1667 2722 2110 2790 Metamorphos.

417 2811 659 2868 decimo.
694 2812 875 2875 Quam
915 2811 1150 2882 quidam
1187 2811 1265 2864 sic
1295 2811 1751 2880 interpretantur
1786 2826 1797 2864 :
1855 2810 2114 2880 Orpheus

1173 265 1524 321 APPENDIX
1563 267 1652 319 AD
1695 267 1940 321 LIBROS
1981 267 2073 320 DE
2111 265 2633 322 CONSOLATIONE
2676 267 3184 323 PHILOSOPlll/E.
3745 280 3847 332 1040

2367 401 2682 449 Mulcentem
2719 400 2899 463 tigres,
2931 404 2982 450 et
3004 404 3246 464 agentem
3265 402 3486 452 carmine
3511 416 3717 466 quercus.

2246 482 2457 538 Seneca
2495 483 2554 535 in
2585 482 2821 536 Hercule
2853 482 3081 536 furente
3109 500 3121 538 :

2434 570 2667 618 Immites
2696 571 2868 633 potuit
2896 570 3103 620 flectere
3129 572 3368 620 cantibus

2431 633 3045 697 Umbrarumﬁdominos,
3072 638 3124 697 et
3152 647 3301 696 prece
3330 635 3540 697 supplici

2434 696 2710 757 Orphazus,
2748 696 3046 758 Eurydicen
3081 696 3208 744 dum
3234 696 3600 759 recipit’suam.

2432 760 2558 815 Quae
2587 759 2744 806 silvas
2765 763 2816 806 et
2840 772 2959 806 aves
2991 772 3220 820 saxaque
3251 764 3490 808 traxerat.

2430 820 2526 868 Ars
2553 834 2670 882 quae
2706 821 3006 883 praebuerat
3030 821 3332 870 [luminibus
3358 835 3545 882 moras,

2431 884 2510 946 Ad
2529 883 2693 946 _cujus
2723 883 2956 946 sonitum
2983 885 3328 946 contiterant
3359 884 3494 946 ferae,

2432 944 2628 993 Mulcet
2654 959 2761 993 non
2793 945 2960 993 solitis
2979 946 3200 993 vocibus
3225 945 3435 1005 inferos,

2429 1007 2490 1055 Et
2515 1007 2688 1054 surdis
2708 1011 2923 1056 resonat
2943 1007 3132 1055 clarius
3164 1009 3218 1055 in
3248 1007 3394 1056 locis.

2429 1070 2632 1118 Deﬂent
2661 1074 2711 1118 et
2740 1070 2988 1132 lacrymis
3015 1069 3255 1118 difﬁciles
3281 1070 3363 1118 dei

2429 1132 2644 1194 Deﬂent
2661 1132 2958 1194 Eurydicen
2982 1133 3230 1180 Threiciae
3263 1146 3427 1180 nurus

2428 1194 2491 1242 Et
2516 1195 2602 1256 qui
2631 1192 2800 1242 fronte
2818 1194 2977 1241 nimis
3002 1195 3221 1242 crimina
3251 1195 3432 1243 tetrica

2429 1257 2704 1312 Quaerunt.
2733 1271 2792 1304 ac
2813 1261 3014 1304 veteres
3044 1257 3323 1305 excutiunt
3346 1270 3479 1318 reos,

2428 1319 2634 1366 Flentes
2659 1319 2952 1380 Eurydicen
2973 1318 3186 1381 juridici
3208 1319 3401 1367 sedem.

2426 1381 2655 1428 Tandem
2690 1382 2872 1428 mortis
2901 1382 2991 1438 ait,
3024 1381 3306 1438 vincimur,
3336 1381 3523 1430 arbiter
3551 1393 3559 1430 :

2428 1444 2602 1491 Evade
2625 1443 2689 1491 ad
2720 1457 2957 1504 superos,
2985 1444 3097 1504 lege
3121 1448 3297 1492 tamen
3327 1444 3464 1491 data.

2427 1507 2502 1553 Tu
2536 1510 2654 1568 post
2679 1511 2823 1567 terga
2856 1507 2931 1553 tui
2959 1519 3112 1567 perge
3139 1506 3237 1552 viri
3263 1519 3454 1558 comes.

2426 1569 2500 1614 'l‘u
2528 1581 2636 1615 non
2664 1573 2783 1616 ante
2816 1571 2960 1615 tuam
2988 1568 3185 1630 respice
3207 1569 3507 1630 conjugem.

2433 1630 2601 1687 Quam
2630 1644 2751 1677 cum
2785 1630 2924 1677 clara
2951 1629 3082 1678 deos
3101 1630 3354 1678 obtulerit
3383 1629 3507 1687 dies,

2431 1693 2779 1753 Spartaniqm
2811 1693 2977 1740 aderit
2996 1693 3162 1754 janua
3185 1693 3407 1740 Taenari.

2431 1755 2552 1803 Odit
2583 1769 2733 1802 verus
2764 1768 2932 1814 amor,
2967 1769 3062 1803 nec
3095 1755 3290 1817 patitur
3317 1768 3507 1803 moras.

2429 1818 2622 1865 Munus
2656 1818 2779 1865 dum
2817 1821 3063 1879 properat
3091 1816 3324 1878 eernere,
3361 1816 3596 1880 perdidit.

2243 1895 2392 1950 Idem
2426 1896 2476 1949 in
2511 1898 2751 1952 Hercule
2777 1897 2965 1950 (litare
2999 1915 3011 1951 :

2580 1986 2724 2033 Tunc
2748 1987 3007 2034 solamina
3031 1987 3276 2034 cantibus

2589 2049 2860 2115 _Quzerens,
2896 2049 3160 2115 ﬂabilibus
3177 2049 3373 2115 modis,

2582 2112 2704 2158 Haec
2741 2111 2995 2174 Orphznus
3024 2112 3213 2160 cecinit
3243 2111 3398 2160 Getis.

2235 2189 2540 2260 Perperam
2584 2191 2760 2260 igitur
2792 2191 2848 2244 in
2885 2193 3179 2246 nonnullis
3232 2188 3644 2262 exemplaribus
3695 2187 3857 2258 legitur

2234 2277 2532 2346 debilibus,
2567 2296 2672 2349 pro
2700 2280 3005 2334 flebilibus.

2304 2368 2525 2438 Amnes]
2553 2368 2797 2423 Fluvios.

2303 2458 2363 2510 In
2390 2457 2662 2527 repidum]
2690 2457 2868 2512 Cerva
2909 2457 3031 2528 ipsa
3088 2459 3399 2529 intrepida.
3433 2459 3700 2528 Figurate,
3745 2454 3860 2525 quod

2229 2546 2402 2600 totius
2433 2552 2518 2600 est
2545 2548 2697 2617 parti
2721 2547 2896 2602 dedit.
2933 2548 3144 2602 Seneca
3175 2548 3233 2602 in
3268 2549 3505 2602 Hercule
3535 2549 3692 2601 (Eleo
3723 2562 3733 2599 :

2536 2635 2801 2699 iustaque
2830 2635 3153 2699 impavidum
3183 2651 3344 2699 pecus

2540 2696 2684 2744 Sedit
2707 2696 3050 2745 marma’ricus
3083 2699 3162 2746 leo
3183 2696 3206 2746 ἲ

2537 2761 2640 2823 ἔθα
2667 2759 2835 2807 damas
2864 2760 3130 2822 trepidant
3156 2762 3325 2823 lupos,

2536 2821 2598 2887 Εἰ
2628 2836 2842 2887 serpens
2870 2821 3097 2887 latebras
3127 2821 3261 2887 fugit

2534 2883 2679 2930 Tunc
2709 2883 2874 2932 Oblita
2901 2885 3107 2933 veneni.

416 2916 656 2954 uxorem
675 2900 879 2955 habuit
896 2900 1234 2971 Eurydicen,
1255 2916 1380 2971 qum
1406 2901 1544 2954 dum
1569 2900 1858 2954 Aristeum
1888 2899 2114 2969 fugeret

411 3005 516 3060 per
547 2991 670 3044 loca
692 2991 883 3045 herbis
917 2990 1274 3060 tloribusque
1305 2994 1526 3056 ornata,
1560 2990 1835 3044 latentem
1878 3005 2110 3058 serpen-

411 3083 529 3132 tem
585 3080 837 3146 calcavit,
862 3082 1023 3150 cujus
1075 3084 1356 3133 venenato
1390 3094 1585 3133 morsu
1619 3079 1882 3144 extincta,
1916 3079 1985 3132 ad
2026 3077 2110 3131 in-

410 3167 563 3222 feros
584 3169 896 3222 descendit.
934 3170 1026 3221 Est
1056 3173 1250 3222 autem
1275 3167 1550 3238 Eurydice
1583 3167 1839 3221 humana
1891 3167 2103 3233 anima,

410 3272 538 3327 qua:
566 3257 775 3311 dicitur
803 3258 1098 3328 Eurydice,
1123 3257 1177 3310 id
1213 3260 1296 3310 est
1325 3256 1505 3310 latum
1556 3256 1837 3325 judicium
1867 3257 2102 3323 habens,

405 3349 716 3415 propterea
740 3346 890 3416 quod
918 3345 1206 3400 rationalis
1231 3349 1331 3399 est.
1366 3346 1493 3398 Haec
1515 3345 1680 3399 nubit
1694 3345 1944 3414 Orpheo,
1974 3361 2104 3399 cum

406 3434 634 3503 corpori
665 3434 1058 3504 coniungitur,
1095 3439 1150 3486 et
1180 3438 1406 3486 amatur
1446 3433 1513 3486 ab
1545 3433 1790 3500 Aristeo,
1823 3433 1878 3486 id
1910 3439 1994 3486 est
2035 3433 2104 3486 ab

405 3522 644 3592 optimo.
687 3523 790 3575 Illa
829 3527 1019 3574 autem
1070 3520 1362 3590 corporeis
1397 3521 1781 3590 voluptatibus
1821 3522 2099 3575 irretitur.

409 3611 468 3665 ld
487 3610 641 3664 enim
674 3615 806 3664 sunt
845 3611 1010 3664 flores
1038 3614 1208 3680 atque
1236 3609 1427 3663 herba)
1451 3626 1579 3680 qua)
1613 3613 1778 3663 terra)
1812 3614 1945 3663 sunt
1977 3609 2098 3679 pul-

404 3699 780 3754 chritudines.
817 3699 1112 3769 Optimum
1145 3699 1294 3769 quod
1321 3703 1404 3752 est
1434 3701 1604 3764 Deus,
1638 3714 1741 3768 per
1787 3698 1885 3751 illa
1932 3697 2097 3767 fugit,

402 3796 574 3860 atque
609 3806 639 3842 a
664 3793 946 3859 serpente,
981 3789 1038 3842 id
1085 3793 1168 3842 est
1198 3806 1229 3842 a
1263 3793 1514 3860 peccato,
1567 3788 1720 3858 quod
1779 3787 1930 3841 inter
1976 3788 2101 3841 illas

401 3879 722 3949 voluptates
755 3878 910 3944 latet,
940 3877 1310 3946 interimitur,
1363 3882 1416 3932 et
1457 3877 1525 3930 ad
1556 3877 1768 3930 inferos
1820 3877 2100 3947 demergi-

400 3972 512 4022 tur.
544 3967 653 4023 Sed
674 3967 1006 4022 conceditur
1032 3968 1280 4038 Orpheo,
1319 3972 1379 4021 ut
1410 3968 1570 4021 illam
1590 3984 1730 4021 sono
1766 3966 2019 4031 cit-hara),
2040 3966 2098 4019 id

398 4061 485 4111 est
517 4056 812 4111 actionum
836 4056 1052 4127 optima
1087 4056 1525 4126 compositione,
1559 4072 1686 4126 quae
1709 4054 2095 4108 maximahar-

396 4146 595 4200 monia
615 4151 718 4214 est,
753 4147 904 4200 unde
935 4146 1112 4200 virtus
1145 4146 1420 4212 exoritur,
1441 4145 1511 4199 ab
1540 4144 1738 4199 inferis
1761 4147 2004 4210 revocet,
2039 4143 2095 4197 id

397 4241 486 4290 est
549 4254 578 4290 a
628 4236 778 4291 vitiis
811 4236 1036 4304 liberet,
1088 4236 1184 4290 sed
1246 4252 1311 4290 ea
1359 4236 1507 4306 lege,
1555 4251 1626 4288 ne
1673 4233 1956 4304 respiciat,
1988 4234 2093 4288 hoc

395 4329 478 4380 est
512 4343 584 4381 ne
606 4326 665 4380 in
689 4325 823 4380 vitia
847 4326 1154 4380 relabatur.

473 4416 650 4485 Felice]
688 4416 910 4483 Beatus,
936 4413 1181 4468 subaudi
1220 4416 1298 4467 est
1327 4415 1398 4468 is.

473 4504 675 4576 Visere]
711 4505 934 4570 Videre,
967 4503 1036 4557 ad
1068 4502 1381 4557 videndum
1411 4501 1730 4572 pervenire,
1754 4501 1984 4555 intueri.

465 4593 731 4648 Lucidum
758 4596 963 4660 fontem
987 4590 1135 4662 boni]
1170 4607 1463 4645 summum
1493 4589 1736 4656 bonum,
1789 4591 1957 4660 longe
1983 4589 2095 4644 cla-

396 4680 712 4736 rissimum.

471 4769 709 4842 Solvere]
741 4771 1018 4841 Abjieere,
1055 4771 1362 4841 deponere.

2152 2992 2191 3046 C
2293 2960 2665 3030 Flagrantior]
2691 2962 3013 3017 Ardentior.

2293 3047 2527 3120 Intima]
2566 3052 2760 3104 Partes
2790 3052 3041 3105 intimas.

2289 3139 2507 3208 Fereor]
2547 3139 2699 3209 Ignis
2734 3141 2968 3195 amoris.

2289 3227 2646 3298 Subegerant]
2678 3229 2958 3284 Viserant.

2288 3316 2457 3386 Medi]
2501 3317 2735 3380 Moduli,
2769 3323 2986 3373 cantus.

2287 3405 2541 3474 Querens]
2589 3406 2779 3462 Prima
2811 3411 3091 3479 correpta,
3154 3409 3538 3478 adeponendi
3581 3421 3781 3478 queror,
3817 3403 3855 3454 id

2215 3498 2298 3547 est
2337 3494 2700 3563 querimonia
2741 3497 3051 3551 testiﬁcans
3097 3513 3335 3569 superos
3357 3499 3600 3553 subaudi
3650 3511 3745 3551 esse
3781 3497 3856 3546 im-

2213 3587 2388 3648 mites,
2426 3583 2485 3636 id
2510 3589 2590 3638 est
2615 3584 3015 3641 inexorabiles.

2282 3670 2426 3739 Illic]
2473 3673 2643 3741 Apud
2663 3673 2897 3729 inferos.

2281 3759 2539 3832 Chordis]
2581 3762 2830 3816 Fidibus.

2279 3848 2423 3919 Dete]
2465 3850 2654 3903 Matris
2687 3851 2981 3922 Calliopes.

2300 3937 2586 4010 Impotens]
2623 3941 2745 3994 Non
2793 3945 2995 4011 potens
3039 3957 3099 3994 se
3131 3941 3423 4009 cohibere,
3449 3943 3533 3996 vel
3575 3941 3792 3995 nimium
3817 3939 3855 3987 et

2208 4040 2378 4094 supra
2410 4026 2651 4080 modum
2686 4033 2891 4098 potens
2919 4031 3298 4101 querimoniis
3324 4037 3381 4085 et
3412 4032 3668 4086 lamentis
3717 4027 3857 4082 ell'un-

2212 4113 2431 4169 dendis.

2279 4206 2468 4275 lle/let]
2503 4206 2783 4262 Dcllendo
2813 4208 3074 4264 effundit.

2278 4293 2522 4366 Tcenara]
2562 4296 2802 4351 lnferos.
2838 4298 3106 4353 Taenarus
3137 4299 3395 4355 Laconise
3416 4298 3855 4373 promontorium,

2204 4397 2307 4452 per
2336 4383 2498 4452 cujus
2520 4384 2856 4440 horribilem
2893 4403 3124 4457 specum
3161 4389 3496 4445 fabulantur
3541 4391 3646 4445 iter
3675 4402 3779 4442 esse
3805 4383 3855 4438 ad

2209 4470 2442 4535 inferos,
2478 4489 2581 4542 pro
2615 4475 2824 4544 quibus
2849 4475 3144 4531 interdum
3173 4478 3476 4549 accipitur.

2283 4561 2530 4630 Veniam]
2592 4563 2959 4619 Beneﬁcium.
2995 4566 3226 4621 Ovidius
3259 4589 3274 4623 :

2333 4649 2480 4706 Quod
2511 4650 2553 4698 si
2584 4651 2690 4700 fata
2720 4657 2918 4716 negant
2938 4655 3147 4704 veniam
3176 4671 3270 4720 pro
3301 4658 3550 4722 conjuge.

2284 4730 2607 4785 Umbrarum
2640 4731 2908 4805 dominos]
2939 4736 3084 4790 Deos
3113 4737 3341 4792 inferos.

2278 4820 2659 4892 Tergeminus]
2695 4823 2946 4894 Triceps,
2971 4824 3028 4880 id
3069 4832 3153 4881 est
3205 4828 3382 4882 trium
3418 4829 3686 4900 capitum.
3735 4822 3860 4876 idem

469 4858 721 4928 Vincula]
755 4859 942 4913 Nexus
968 4875 1164 4913 rerum
1187 4865 1577 4925 terrenarum,
1599 4858 1806 4929 quibus
1828 4858 2095 4929 plerique

396 4947 574 5003 nimis
604 4947 1024 5018 astringuntur.

480 5040 645 5094 Vates
672 5035 974 5109 Thraicius]
1008 5037 1265 5109 Orpheus
1293 5037 1502 5103 Thrax,
1537 5036 1814 5107 Apollinis
1875 5042 1927 5093 et
1972 5038 2092 5092 Cal-

396 5127 602 5198 liopes,
634 5127 724 5180 vel
758 5127 844 5198 (ut
865 5127 961 5180 alii
985 5127 1262 5195 scribunt,
1296 5126 1492 5194 angri
1513 5125 1673 5179 fluvii
1697 5131 1753 5180 et
1780 5126 2090 5196 Polymniee

397 5234 577 5273 musa:
613 5216 786 5284 filius,
823 5222 975 5270 vates
1012 5217 1380 5285 musicusque
1411 5215 1942 5285 praestantissimus.
1986 5217 2094 5269 Le-

398 5307 554 5378 gitur
607 5312 800 5362 autem
857 5311 1024 5371 recte,
1069 5304 1365 5359 Threicius
1391 5321 1496 5373 per
1529 5321 1582 5372 a,
1612 5309 1668 5359 et
1708 5320 1868 5358 more
1902 5303 2090 5357 Ionico

395 5412 499 5464 per
527 5413 553 5449 e
579 5397 891 5450 Threicius.
944 5395 1161 5448 Dicitur
1184 5399 1240 5448 et
1281 5394 1554 5448 Thracius
1602 5393 2009 5462 etThracensis
2034 5393 2094 5446 in

393 5502 423 5537 e
440 5485 609 5539 odem
635 5485 979 5556 significatu.

471 5573 765 5628 Flebilibus
793 5573 989 5641 modis]
1033 5571 1233 5628 Flebili
1264 5575 1452 5625 cantu.

476 5661 660 5719 Silvas
682 5677 899 5718 currere
913 5663 1152 5730 mobiles]
1183 5660 1452 5730 Virgilius
1489 5676 1500 5714 :

2204 4907 2349 4961 libro
2383 4907 2453 4961 de
2483 4911 2718 4964 amandi
2746 4913 2882 4967 Arte
2911 4915 3083 4968 tertio
3115 4931 3126 4968 :

2331 4995 2469 5066 Salsa
2497 4996 2738 5066 ferasque
2771 4999 2884 5066 lyra
2913 5002 3079 5050 movit
3104 5001 3412 5066 Rodopeius
3443 5003 3697 5066 Orpheus,

2391 5059 2772 5123 Tartareosque
2792 5059 2965 5118 lacus.
2995 5059 3452 5128 tergeminumque
3479 5059 3682 5115 canem.

2207 5138 2582 5208 'l‘ergeminus
2615 5142 2786 5195 modo
2827 5143 3124 5198 triformis.
3153 5145 3305 5199 Maro
3343 5163 3355 5200 :

2329 5227 2798 5292 Tergeminamque
2826 5231 3077 5292 Hecaten,
3109 5232 3204 5282 tria
3232 5234 3449 5296 virginis
3473 5248 3567 5282 ora
3591 5233 3774 5281 Dianai.

2209 5308 2373 5362 Modo
2403 5311 2710 5379 tergemini
2737 5311 3005 5368 dicuntur
3042 5318 3155 5368 tres
3183 5315 3302 5369 nati
3334 5316 3534 5370 eodem
3567 5319 3746 5384 partu.

2281 5394 2514 5463 Captus]
2548 5395 2882 5450 Delectatus.

2276 5483 2512 5552 Ianitor]
2546 5485 2744 5538 lanna)
2773 5494 2981 5554 custos,
3026 5487 3124 5558 qui
3149 5488 3491 5543 vestibulum
3525 5491 3725 5543 servat.

2277 5571 2550 5645 Cerberus]
2586 5574 2874 5644 Typhonis
2906 5577 3058 5630 filius
3088 5584 3142 5631 et
3170 5578 3458 5648 Echidnar,
3500 5579 3670 5631 frater
3697 5572 3867 5644 Hydra

2207 5677 2270 5716 ac
2303 5661 2516 5730 Orthri,
2546 5663 2705 5718 canis
2732 5664 3028 5735 Geryonis,
3063 5671 3126 5721 ut
3167 5672 3251 5722 est
3282 5668 3429 5739 apud
3460 5666 3756 5721 Hesiodum
3785 5655 3868 5731 qui
