4054 6184
201 307 328 360 1041

181 455 286 510 pro
318 439 537 493 foribus
576 439 705 494 Orci
732 445 923 496 custos
951 444 1212 499 excubat.
1245 445 1544 501 Tubilius:

311 529 467 595 Nunc
488 528 636 595 niger
657 531 711 579 in
742 535 892 594 porta
913 536 1217 595 serpentum
1245 534 1500 584 Cerberus
1531 550 1620 585 ore

438 591 650 652 Stridet,
678 591 950 642 et'aaratas
975 591 1200 644 excubat
1225 602 1348 646 ante
1380 599 1535 647 fores.

183 689 543 744 Claudianus
570 707 582 745 :

245 779 518 890 LaJtratitim
547 779 805 842 triplicem
836 783 1161 844 compescuit.
1180 783 1370 846 ingens

340 856 427 890 ani
457 856 534 890 or.

340 856 534 891 81]".01'.

250 939 469 1008 Sontes]
501 939 795 1004 Nocentes,
820 939 919 1010 qui
950 942 1143 1012 turpia
1174 943 1426 998 facinora
1457 950 1880 1015 perpetrarunt.

249 1027 514 1100 Agitant]
540 1029 777 1098 Vexent,
802 1037 1251 1102 persequuntur.

251 1118 396 1187 Deae]
435 1118 613 1172 Furiae
671 1118 998 1174 infernales.
1066 1121 1261 1176 Furias
1322 1126 1436 1176 tres
1499 1124 1773 1178 Hesiodus
1829 1130 1885 1178 et

177 1207 571 1276 Epimenides,
602 1221 810 1278 easque
842 1224 872 1261 e
901 1211 1178 1279 sanguine
1215 1211 1621 1280 pudendorum
1651 1213 1883 1266 Saturni

176 1296 341 1364 (quas
371 1295 519 1365 patri
548 1296 771 1366 Jupiter
796 1299 1129 1368 amputavit)
1155 1300 1334 1354 editas
1367 1301 1545 1356 aiunt.
1587 1303 1754 1355 Nocte
1787 1317 1880 1370 ge-

174 1383 331 1438 nitas
364 1388 628 1437 autumat
656 1383 950 1454 [Eschylus
981 1391 1037 1440 et
1066 1387 1215 1440 Maro
1241 1404 1253 1441 :

370 1481 521 1528 Hunc
555 1480 683 1528 mihi
710 1480 776 1529 da
801 1469 1072 1544 proprium
1101 1484 1251 1548 virgo
1287 1491 1399 1536 sata
1433 1491 1584 1536 nocte
1621 1487 1875 1536 laborem.

171 1578 389 1632 Statius
420 1580 797 1634 Acherontem
825 1587 1049 1651 patrem
1081 1582 1322 1638 tribuit:

299 1667 643 1729 Totidemun
670 1669 795 1717 satis
827 1669 1120 1720 Acheronte
1147 1674 1352 1721 nefasto

397 1731 718 1792 Virginibus.

240 1829 366 1882 Non
413 1831 668 1882 Imionum
719 1828 908 1900 caput]
945 1831 1122 1900 Ixion,
1179 1837 1239 1886 ut
1264 1834 1559 1904 Euripides
1587 1836 1684 1901 ait,
1721 1837 1879 1891 Phle-

168 1933 281 1987 gya
315 1922 474 1987 patre
502 1923 704 1970 natus:
739 1924 805 1970 ut
840 1919 1205 1991 Pherecydes,
1229 1923 1488 1988 .‘Ethone,
1509 1941 1636 1977 cum
1666 1925 1733 1978 de
1759 1941 1878 1978 me-

167 2006 262 2060 dio
293 2007 618 2060 sustulisset
659 2007 962 2075 Eioneum,
1025 2010 1186 2079 cujus
1234 2012 1412 2066 tiliam
1465 2014 1700 2066 nomine
1736 2015 1876 2067 Dian

168 2110 413 2148 uxorem
431 2095 665 2148 duxerat
687 2113 698 2149 :
718 2096 871 2166 quod
902 2098 1010 2150 ista
1024 2114 1238 2167 genero
1260 2101 1447 2154 debita
1471 2103 1873 2172 promissaque

168 2199 418 2237 munera
452 2184 626 2238 veteri
657 2200 816 2238 more
848 2186 1152 2256 ﬂagitaret,
1181 2194 1353 2260 atque
1383 2192 1677 2262 supposito
1715 2192 1872 2261 tigno

165 2273 227 2326 in
275 2289 574 2326 accensam
623 2274 846 2327 foveam
904 2277 1237 2346 excepisset,
1287 2279 1356 2330 ab
1408 2296 1474 2331 ea
1528 2281 1678 2332 caule
1735 2296 1864 2332 cum

164 2362 394 2414 ueteris
422 2377 527 2415 nec
556 2379 717 2432 aquae
737 2364 1088 2433 aspersione,
1118 2383 1305 2436 neque
1331 2369 1752 2433 sufﬁcionibus,
1778 2372 1876 2421 aut

165 2451 397 2504 dierum
430 2467 672 2505 numero
717 2453 839 2505 tolli
871 2469 1034 2522 posse
1062 2454 1370 2520 videretur,
1409 2457 1478 2510 ab
1511 2459 1643 2510 Jove
1687 2458 1873 2528 expia-

163 2544 261 2592 tus
286 2545 397 2592 est.
432 2540 540 2593 Sed
568 2540 615 2592 is
646 2557 770 2594 eam
803 2557 920 2594 rem
949 2559 1152 2612 parum
1198 2549 1419 2614 gratam
1449 2547 1670 2613 habuit,
1705 2563 1876 2601 ausus

167 2629 241 2682 ad
274 2633 541 2698 stuprum
594 2631 879 2683 Iunonem
921 2647 1250 2699 provocare.
1287 2635 1397 2686 Dea
1452 2637 1875 2690 communicato

162 2733 296 2770 cum
323 2717 463 2771 Jove
493 2718 748 2783 consilio,
784 2718 1022 2772 immisit
1053 2721 1288 2783 nubem,
1321 2739 1492 2792 quam
1525 2741 1630 2794 pro
1649 2727 1874 2780 Junone

163 2808 520 2877 complexus,
554 2808 869 2860 Centauros
903 2810 1121 2878 genuit,
1175 2816 1230 2863 et
1259 2812 1562 2867 damnatus
1593 2815 1746 2883 apud
1781 2814 1874 2868 in-

162 2895 317 2950 feros
339 2896 570 2949 assidua
600 2899 737 2950 rota:
768 2898 1050 2967 vertigine
1086 2900 1330 2969 rapitur.
1364 2901 1656 2956 Tibullus:

323 2983 436 3032 Illic
457 2985 720 3033 Junonem
753 2989 954 3034 tentare
985 2986 1182 3035 Ixionis
1218 2990 1351 3047 ausi,

418 3047 706 3096 Versantur
730 3048 885 3096 celeri
917 3050 1077 3097 noxia
1099 3051 1340 3100 membra
1360 3056 1478 3101 rota

253 3147 438 3212 Velox]
475 3145 660 3199 Celeri
692 3147 974 3215 vertigine
1003 3149 1302 3202 versatilis.

235 3235 576 3302 Pracipitat]
613 3233 830 3303 Dejicit.

234 3322 378 3393 Site]
412 3323 535 3376 Siti.
572 3325 876 3393 Perperam
921 3323 1131 3377 indocti
1183 3324 1384 3394 legunt
1436 3326 1544 3379 hoc
1601 3325 1724 3379 loco
1755 3327 1868 3392 siti,

157 3418 364 3465 contra
395 3413 562 3465 metri
600 3414 902 3477 rationem,
937 3429 1066 3466 cum
1108 3413 1338 3467 licentia
1381 3417 1607 3484 poetica
1646 3417 1870 3469 Boetius

157 3501 266 3554 site
293 3500 723 3567 conscripserit,
756 3507 819 3554 ut
847 3502 997 3555 libro
1032 3502 1268 3556 Aﬁneido
1304 3519 1360 3557 v1
1388 3503 1582 3574 Virgil.
1614 3520 1627 3558 :

449 3589 626 3637 Gaude
655 3591 969 3651 cognomine
1001 3595 1107 3638 terr
1119 3605 1165 3639 a.

157 3685 262 3740 pro
293 3669 650 3737 cognomini,
687 3676 828 3724 teste
862 3670 1078 3737 Servio,
1113 3677 1168 3725 et
1192 3671 1350 3727 Ovid.
1389 3671 1448 3725 in
1483 3673 1690 3726 Fastis:

314 3757 553 3819 Extaque
583 3757 644 3804 de
663 3772 820 3820 porca
853 3758 1016 3807 cruda
1047 3759 1297 3808 bimestre
1325 3764 1498 3808 tenet:

156 3873 262 3927 pro
289 3856 572 3938 bimestri.
607 3857 761 3910 Idem
795 3857 939 3910 libro
973 3858 1042 3910 de
1069 3859 1346 3912 Tristibus
1377 3860 1581 3928 quinto
1607 3876 1619 3914 :

313 3944 584 4006 Exiguum
617 3943 770 4006 pleno
799 3945 864 3994 de
888 3959 1030 3994 mare
1056 3947 1233 3996 demat
1263 3961 1434 4009 aquae.

158 4041 266 4096 pro
297 4025 468 4078 mari.

226 4115 438 4182 Longa]
473 4115 774 4168 Diu'turna.

229 4201 512 4272 Perditus]
545 4203 923 4256 Excruciatus.

225 4289 476 4360 Spernit]
517 4291 868 4346 Contemnit.
907 4292 1090 4345 Cantu
1119 4291 1273 4345 enim
1315 4293 1531 4347 musico
1565 4293 1856 4360 delinitus,

159 4379 255 4432 siti
289 4394 410 4431 non
445 4379 679 4433 laborat.

231 4465 526 4536 Tantalus]
577 4468 674 4520 Hic
731 4467 1033 4536 Smyrnam
1076 4469 1338 4539 Phrygiae
1370 4471 1452 4523 vel
1505 4472 1588 4540 (ut
1618 4472 1714 4524 alii
1747 4480 1860 4526 tra-

156 4557 324 4623 dunt)
357 4557 616 4625 Sypilum
650 4557 856 4611 tenuit.
901 4558 950 4610 Is
1001 4559 1151 4627 apud
1198 4558 1409 4612 inferos
1442 4559 1528 4627 (ut
1559 4562 1711 4614 canit
1755 4563 1860 4614 Ho-

155 4648 380 4710 merus)
422 4645 586 4714 aquis
618 4645 703 4698 ori
739 4646 1120 4699 allabentibus
1153 4654 1430 4716 perpetua
1477 4649 1569 4701 siti
1617 4651 1855 4702 laborat.

156 4732 436 4803 Supplicii
480 4749 707 4786 causam
751 4749 868 4786 non
897 4749 1095 4786 omnes
1135 4735 1396 4788 eamdem
1431 4736 1680 4790 tradunt.
1713 4736 1858 4789 Nam

154 4820 397 4890 quidam
415 4820 614 4872 dicunt
635 4835 767 4872 eum
790 4836 987 4888 poenas
1007 4822 1182 4884 luere,
1207 4823 1358 4890 quod
1383 4824 1649 4893 Pelopem
1669 4825 1854 4878 lilium

153 4909 264 4962 diis
298 4908 624 4976 hospitibus
656 4909 1005 4978 epulandum
1037 4911 1388 4980 apposuerit.
1417 4912 1690 4966 Nonnulli
1718 4914 1858 4966 refe-

155 5002 295 5050 runt
325 5013 524 5050 caneni
555 4999 753 5067 templi
773 4999 922 5051 Jovis
955 4998 1013 5051 in
1049 5000 1212 5052 Creta
1243 5001 1531 5054 custodem
1565 5019 1596 5054 a
1637 5003 1856 5056 Panda-

153 5101 252 5140 reo
282 5086 498 5139 Milesio
528 5093 877 5156 surreptam,
904 5087 969 5140 ad
989 5088 1286 5142 Tantalum
1313 5090 1658 5158 pervenisse,
1684 5108 1853 5163 quem

154 5190 287 5227 cum
319 5176 606 5243 repetenti
625 5175 902 5229 Mercurio
935 5176 1271 5245 abjurasset,
1309 5178 1415 5232 hac
1443 5180 1712 5234 affectum
1747 5198 1858 5252 poe-

154 5280 242 5320 na.
279 5265 444 5318 Canis
477 5280 681 5317 aureus
715 5269 836 5318 erat
884 5269 939 5318 et
967 5266 1209 5336 spirans.
1255 5269 1319 5321 Ut
1370 5270 1731 5340 Asclepiades
1789 5288 1856 5325 ex

157 5353 372 5407 Fabula
405 5354 598 5414 refert,
655 5355 930 5424 quoniam
977 5356 1218 5411 deorum
1267 5362 1484 5412 secreta
1520 5359 1854 5414 mortalibus

157 5441 445 5496 revelarit.
482 5442 752 5509 Ovidius;

310 5530 515 5602 Qumasrit
539 5544 702 5602 aquas
732 5532 783 5579 iu
813 5532 984 5602 aquis,
1013 5536 1250 5602 et_po_ma
1272 5534 1683 5602 fugaciacaptat

377 5592 647 5652 Tantalus,
680 5593 777 5642 hoc
813 5592 886 5641 illi
917 5592 1128 5657 garrula
1164 5592 1356 5658 lingua'
1377 5597 1539 5645 dedit.

160 5689 456 5763 Euripides
486 5690 566 5744 ait
607 5691 667 5746 in
716 5708 845 5747 aere
876 5709 1221 5766 suspensum
1260 5694 1660 5768 impedimenti
1719 5713 1851 5752 saxo

1455 315 1833 370 MURMELLII
1875 317 2391 373 COMMENTARIA.

3569 325 3699 381 1042

1921 451 1968 503 Α
1999 452 2276 522 torqueri.
2312 453 2455 507 Sunt
2487 451 2584 524 qui
2635 450 2960 522 subjectum
2993 450 3187 523 Sypilo
3235 454 3413 508 monli
3465 456 3699 512 tradant

1999 539 2060 593 in
2086 539 2280 609 Lydia.
2312 540 2608 594 Petronius
2666 539 2725 593 in
2784 540 3020 594 Tantalo
3061 543 3466 609 repraesentari
3497 561 3698 600 avaros

1999 634 2280 695 autumat,
2315 629 2527 700 quibus
2571 645 2706 700 opes
2735 629 2866 682 usui
2899 645 3014 682 non
3042 633 3196 693 sunt,
3231 635 3288 683 et
3331 629 3492 685 siccis
3520 633 3698 689 fauci-

1999 718 2105 772 bus
2147 719 2386 773 conditis
2437 718 2695 789 pecuniis
2754 718 3047 773 incubant.
3107 719 3310 774 Versus
3362 721 3484 791 ejus
3545 724 3698 794 apud

2000 808 2096 860 Ful
2105 807 2363 877 gentium
2398 807 2450 860 hi
2486 811 2619 861 sunt
2640 824 2650 860 :

2185 896 2284 962 Ne_c_
2310 896 2443 962 bibit
2477 896 2613 962 inter
2627 909 2821 962 aquas,
2854 910 2950 944 nec
2982 910 3140 959 poma
3168 898 3402 960 patentia
3432 900 3600 962 carpit

2244 959 2493 1022 Tantalus
2518 958 2718 1017 infelix,
2749 973 2905 1020 quem
2938 958 3028 1007 sua
3058 958 3184 1008 vota
3207 965 3478 1022 premunt,

2183 1021 2366 1067 Divitis
2403 1021 2515 1068 haec
2537 1022 2714 1083 magni
2743 1022 2902 1069 facies
2925 1023 3038 1081 erit,
3069 1021 3251 1071 omnia
3281 1023 3384 1072 late

2244 1084 2343 1140 Qui
2378 1086 2538 1141 tenet,
2571 1088 2621 1131 et
2650 1084 2788 1132 sicco
2813 1085 3098 1147 concoquit
3122 1099 3211 1134 ore
3241 1086 3450 1134 famem.

2065 1164 2259 1226 Medis]
2298 1165 2478 1217 Cantu
2507 1163 2738 1233 Orphei.

2069 1253 2239 1324 Tityi]
2275 1254 2374 1308 Hic
2419 1255 2505 1323 (ut
2535 1253 2614 1306 ait
2646 1254 3018 1323 Pherecydes)
3053 1254 3201 1308 Jovis
3241 1259 3298 1307 et
3329 1255 3504 1309 Elarae
3541 1256 3694 1309 lilius

1992 1343 2117 1409 fuit,
2151 1344 2274 1412 ejus
2307 1359 2480 1414 quam
2515 1343 2712 1412 genuit
2763 1344 3174 1397 Orchomenus.
3227 1343 3467 1398 Telluris
3500 1350 3693 1399 tamen

1991 1432 2175 1485 dictus
2237 1436 2336 1496 est,
2391 1433 2543 1502 quod
2593 1450 2657 1486 eo
2692 1433 2925 1502 gravida
2977 1440 3161 1486 mater
3222 1434 3405 1500 Elara,
3454 1434 3693 1488 Junonis

1990 1525 2146 1573 metu
2179 1525 2346 1573 terrae
2380 1536 2675 1574 cavernam
2710 1521 2960 1586 subiens,
3002 1521 3118 1574 illic
3150 1537 3395 1592 puerum
3443 1523 3688 1592 peperit.

1989 1611 2207 1662 Iudicat
2239 1609 2296 1660 in
2325 1609 2520 1662 I‘leotia
2571 1609 2770 1662 Strabo
2821 1625 3053 1680 specum
3093 1611 3319 1664 Elaram
3348 1627 3382 1664 a
3434 1627 3495 1665 re
3535 1617 3693 1682 gesta

1924 1735 1961 1786 Β
1994 1698 2369 1751 nominatam.
2405 1697 2514 1751 Alii
2545 1698 2798 1750 sentiunt
2818 1697 2946 1751 ideo
2978 1704 3143 1751 terrae
3168 1698 3350 1752 tilium
3381 1699 3515 1768 dici,
3539 1701 3691 1770 quod

1990 1805 2057 1841 ex
2088 1787 2392 1841 hominum
2447 1802 2654 1856 genere
2702 1803 2894 1840 servos
2944 1791 2999 1839 et
3041 1786 3318 1839 immanes
3349 1788 3692 1857 (cujusmodi

1987 1877 2183 1947 Tityus
2215 1876 2346 1942 fuit)
2394 1876 2600 1930 fabulze
2635 1892 2705 1929 ex
2745 1882 2895 1929 terra
2938 1881 3103 1929 natos
3153 1875 3404 1945 tingunt,
3437 1882 3493 1930 et
3522 1878 3688 1931 Calli-

1988 1967 2222 2021 machus
2275 1966 2656 2020 atrocissimas
2713 1981 2972 2035 quasque
3028 1963 3238 2018 bestias
3292 1970 3462 2020 terra:
3509 1983 3691 2036 genus

1986 2056 2256 2125 appellat.
2299 2056 2359 2107 In
2389 2054 2820 2123 novemjugera
2849 2053 3130 2107 distentus
3160 2055 3312 2124 apud
3344 2054 3557 2108 inferos
3588 2071 3688 2124 pa-

1986 2147 2087 2198 scit
2121 2146 2391 2210 vultur'es,
2431 2149 2491 2196 ut
2529 2152 2729 2196 auctor
2769 2147 2854 2196 est
2907 2135 3210 2208 Ilomerus,
3259 2143 3534 2214 quoniam
3575 2145 3690 2198 vim

1985 2235 2214 2288 Latonae
2247 2233 2458 2286 inferre
2488 2231 2743 2298 tentavit,
2773 2231 2857 2284 vel
2890 2233 2977 2302 (ut
2997 2232 3149 2285 canit
3182 2231 3532 2302 Euphorion)
3554 2233 3686 2286 Dia-

1985 2341 2070 2378 nae
2108 2323 2311 2376 vitium
2366 2321 2592 2375 intulit:
2655 2326 3010 2392 quapropter
3057 2319 3336 2390 Apollinis
3377 2327 3433 2375 et
3487 2321 3682 2375 Dianae

1984 2413 2110 2466 telis
2137 2412 2480 2465 exstinctum
2509 2411 2679 2464 refert
2711 2411 3015 2465 Pindarus.

2065 2502 2280 2569 I'ultur]
2319 2503 2596 2554 Homerus
2641 2499 2900 2568 geminos
2943 2499 3194 2552 vultures
3231 2499 3494 2554 admotos
3525 2499 3687 2570 Tityo

1988 2588 2155 2654 canit,
2192 2588 2424 2642 Ovidius
2457 2592 2512 2641 et
2543 2587 2890 2642 Claudianus
2919 2603 3125 2642 unum.
3167 2587 3256 2643 Sic
3285 2593 3343 2641 et
3386 2589 3600 2643 Seneca
3627 2589 3690 2642 in

1986 2677 2230 2732 Hercule
2257 2677 2469 2730 furenti
2494 2693 2506 2730 :

2141 2767 2345 2814 Praebet
2373 2765 2572 2814 volucri
2599 2765 2782 2828 Tityus
2808 2769 3034 2814 mternas
3066 2765 3244 2828 dapes.

1985 2849 2211 2901 Veteres
2243 2846 2497 2916 theologi
2538 2846 2621 2916 (ut
2677 2845 2849 2900 refert
2901 2847 3218 2900 Macrobius
3262 2845 3322 2900 in
3379 2845 3684 2900 Somnium

1984 2935 2292 3006 Scipionis)
2326 2936 2610 2989 vulturem
2630 2935 2795 3004 jecur
2832 2935 3155 2988 immortale
3206 2936 3568 3000 tundentem,
3591 2936 3682 2989 ni-

1909 3033 1948 3085 C
1978 3027 2057 3081 hil
2081 3026 2238 3080 aliud
2265 3024 2506 3094 intelligi
2539 3025 2842 3078 voluerunt
2871 3040 3045 3094 quam
3067 3028 3356 3078 tormenta
3388 3025 3682 3079 conscien-

1983 3117 2076 3169 tia:
2135 3113 2379 3168 obnoxia
2428 3112 2668 3183 ﬂagitio,
2726 3111 3237 3166 viscerainteriora
3293 3114 3576 3180 rimantis,
3629 3116 3685 3168 et

1982 3204 2105 3274 ipsa
2139 3203 2329 3256 vitalia
2375 3201 2657 3256 indefessa
2717 3201 2946 3255 admissi
3009 3201 3237 3256 sceleris
3288 3202 3682 3258 admonitione

1980 3293 2268 3357 laniantis,
2305 3307 2645 3361 semperque
2679 3307 2861 3357 curas,
2896 3292 2944 3344 si
2987 3291 3350 3362 requiescere
3381 3291 3528 3346 forte
3554 3296 3679 3346 ten-

1979 3383 2243 3450 taverint,
2275 3381 2591 3446 excitantis,
2626 3384 2902 3451 tanquam
2932 3380 3091 3434 ﬁbris
3124 3381 3556 3435 renascentibus
3587 3382 3676 3435 in-

1979 3471 2271 3536 hzereudo,
2326 3486 2426 3523 nec
2476 3471 2594 3522 ulla
2640 3469 2749 3522 sibi
2803 3469 3172 3523 miseratione
3206 3471 3514 3540 parcentis,
3549 3471 3678 3541 lege

1976 3560 2081 3615 hac
2107 3576 2220 3630 qua
2259 3558 2518 3628 sejudice
2559 3573 2729 3611 nemo
2771 3574 2984 3614 nocens
3016 3558 3349 3626 absolvitur,
3392 3576 3495 3612 nec
3517 3559 3587 3614 de
3617 3577 3676 3612 se

1974 3666 2137 3704 suam
2186 3653 2372 3718 potest
2419 3649 2595 3702 vitare
2647 3650 3015 3702 sententiam.
3073 3649 3204 3702 Illos
3253 3653 3445 3702 autem
3489 3650 3674 3719 epulis

1975 3743 2104 3793 ante
2127 3755 2224 3791 ora
2251 3737 2454 3806 positis
2501 3736 2814 3790 excruciari
2863 3737 3011 3790 fame
3052 3744 3107 3791 et
3145 3737 3334 3791 inedia
3362 3737 3669 3804 tabescere,

1975 3844 2117 3898 quos
2166 3826 2348 3895 magis
2388 3825 2684 3895 magisque
2731 3825 3066 3896 acquirendi
3115 3827 3468 3881 desiderium
3521 3828 3674 3898 cogit

1973 3919 2316 3985 praesentem
2339 3913 2564 3983 copiam
2597 3930 2714 3967 non
2741 3914 2951 3982 videre,
2982 3919 3037 3970 et
3057 3915 3118 3968 in
3149 3916 3446 3971 afﬂuentia
3473 3917 3673 3987 inopes

1974 4002 2240 4074 egestatis
2267 4003 2416 4056 mala
2448 4003 2510 4056 in
2541 4001 2798 4056 ubertate
2820 4005 3140 4073 patiuntur,
3166 4006 3487 4060 nescientes
3509 4011 3672 4076 parta

1972 4092 2257 4162 respicere
2289 4092 2426 4144 dum
2457 4096 2628 4161 egent
2675 4091 2971 4145 habendis.
3027 4094 3158 4146 Illos
3205 4093 3381 4147 radiis
3413 4100 3670 4148 rotarum

1970 4182 2220 4253 pendere
2275 4179 2579 4246 districtos,
2636 4179 2737 4250 qui
2798 4180 2944 4234 nihil
2985 4182 3224 4236 consilio
3269 4183 3667 4252 przevidentes,

1970 4271 2114 4328 nihil
2161 4270 2381 4324 ratione
2422 4269 2802 4337 moderantes,
2840 4270 2984 4324 nihil
3029 4270 3336 4325 virtutibus
3376 4272 3664 4341 explican-

1973 4367 2078 4428 tes,
2113 4377 2286 4431 seque
2312 4364 2365 4413 et
2398 4365 2555 4414 actus
2584 4376 2716 4414 suos
2737 4377 2938 4414 omnes
2969 4362 3215 4415 fortunae
3250 4362 3664 4430 permittentes,

1974 4451 2196 4505 casibus
2245 4455 2300 4504 et
2336 4449 2586 4503 fortuitis
2632 4465 2858 4519 semper
2896 4455 3177 4504 rotantur.
3225 4451 3434 4504 Saxum
3467 4449 3668 4519 ingens

1969 4539 2212 4606 Volvere,
2246 4538 2637 4592 inefficacibus
2686 4540 3101 4610 laboriosisque
3142 4539 3442 4593 conatibus
3493 4536 3667 4593 vitam

1968 4629 2232 4681 terentes.
2267 4631 2460 4682 Atram
2493 4628 2715 4682 silicem
2746 4630 3037 4698 lapsuram
3071 4645 3316 4699 semper,
3356 4634 3412 4682 et
3446 4629 3667 4683 cadenti

1969 4716 2232 4782 similem,
2271 4717 2497 4770 illorum
2541 4718 2822 4786 capitibus
2859 4717 3164 4772 imminere
3195 4718 3294 4788 qui
3326 4717 3532 4772 arduas
3560 4736 3663 4789 po-

1967 4809 2196 4859 testates
2229 4810 2282 4858 et
2315 4806 2624 4860 infaustam
2665 4807 2926 4860 ambiunt
2955 4807 3338 4877 tyrannidem,
3367 4824 3665 4878 nunquam

1967 4895 2088 4948 sine
2151 4894 2352 4948 timore
2396 4893 2618 4960 victuri,
2657 4900 2711 4948 et
2759 4901 3024 4965 cogentes
3082 4896 3404 4967 subjectum
3462 4898 3664 4966 vulgus

1966 4983 2172 5050 odisse,
2223 4985 2357 5038 dum
2404 4989 2682 5050 metuant,
2716 5001 2942 5056 semper
2973 4985 3080 5039 sibi
3121 4986 3383 5041 videntur
3425 4988 3660 5040 exitium

1966 5073 2141 5144 (quod
2175 5076 2490 5143 merentur)
2520 5074 2800 5144 excipere.
2831 5077 2931 5131 llic
2953 5077 3287 5131 Macrobius.

2034 5163 2284 5231 Arbiter]
2322 5164 2615 5227 Dominus,
2647 5163 2838 5232 judex.

2040 5253 2379 5323 Umbrarum]
2417 5253 2776 5308 Animarum.

2041 5341 2196 5412 Vtro]
2237 5341 2491 5430 Orpheo;

2035 5432 2308 5500 Emptum]
2333 5431 2732 5502 Redemptum.

2031 5519 2349 5591 Conjugcm]
2379 5521 2708 5591 Eurydicen.

2032 5613 2171 5663 Dum
2191 5614 2405 5662 (artum
2428 5611 2672 5682 liquerit]
2697 5613 2840 5666 Dum
2875 5612 3188 5666 inferorum
3213 5609 3412 5664 sedem
3433 5610 3651 5665 exierit.

2034 5699 2270 5754 Lumina
2289 5699 2522 5771 ﬂectere]
2555 5701 2871 5771 Respicere.
