4054 6184
374 277 394 329 1
406 274 509 327 043

371 490 472 552 est,
507 489 569 539 ut
590 486 916 541 amantibus
944 488 1131 558 legem
1157 489 1465 560 imponat?
1496 494 1673 547 Amor
1699 494 1853 547 enim
1878 495 2062 564 major

371 575 458 628 lex
492 579 574 629 est
624 575 730 628 sibi
782 592 953 647 quam
1000 579 1116 632 ulla
1164 580 1251 633 lex
1302 582 1653 651 praescripta,
1689 599 1751 636 ac
1803 583 1851 636 si
1891 584 2059 652 dicat,

372 664 551 717 Tanta
578 663 663 717 vis
697 664 905 718 amoris
940 670 1026 719 est
1075 670 1137 720 ut
1186 668 1373 738 legem
1420 669 1589 724 aliam
1629 687 1745 725 non
1776 672 2059 727 admittat.

443 755 557 806 Heu
582 756 753 808 noctis
799 770 966 824 pr0pe
996 756 1271 828 terminos]
1321 759 1382 813 Id
1428 764 1532 827 est,
1565 760 1669 815 sub
1717 761 1895 832 ipsius
1926 762 2066 816 lucis

373 857 678 898 accessum.
704 843 795 897 Sic
816 844 967 898 Maro
995 861 1007 899 :

709 929 1112 995 Eurydicenque
1144 946 1293 981 suam
1318 933 1429 996 jam
1460 934 1577 984 lucc
1597 936 1694 985 sub
1724 936 1837 999 ipsa

1110 277 1458 333 APPENDIX
1494 280 1587 333 AD
1630 280 1878 336 LIBROS
1918 280 2006 334 DE
2047 282 2573 341 CONSOLATIONE
2612 286 3118 344 PHILOSOPHUS.

440 396 570 462 Quis
591 396 757 464 legem
777 395 867 451 det
896 398 1224 469 amantibus]
1257 399 1390 463 Quis
1426 401 1649 473 (inquit)
1679 407 1795 458 tam
1816 405 2062 459 crudelis
2100 408 2145 461 Α

3700 301 3811 354 lilii

2297 407 2579 458 Immemor
2601 409 2724 471 heu,
2753 410 3028 476 victusque
3063 414 3243 477 animi,
3280 419 3517 481 respexit.

2241 490 2512 563 Perdidit]
2547 492 2773 547 Amisit.

2245 578 2468 651 Occidit]
2528 582 2709 636 Media
2754 585 3046 638 contracta
3101 585 3427 656 legendum.
3488 589 3679 645 Sensus
3730 598 3815 648 est.

2176 666 2435 738 Orpheus
2465 669 2586 740 ipse
2622 672 2924 743 Eurydices
2956 674 3264 731 amissione
3280 694 3397 732 una
3426 694 3552 732 cum
3582 696 3640 734 ea
3664 683 3821 752 periit.

2180 755 2488 827 Virgilius:

2238 844 2350 894 Illa.
2383 846 2511 903 Quis
2531 850 2582 896 et
2597 860 2699 909 me,
2726 848 2919 913 inquit,
2940 852 3190 901 miseram
3220 855 3271 901 et
3292 858 3339 903 te
3361 854 3602 917 perdidit,
3628 857 3823 921 Orpheu.

2247 934 2320 988 In
2358 950 2617 1003 superum
2644 937 2806 1007 diem]
2842 938 2904 992 In
2936 940 3145 994 summi
3170 941 3303 996 boni
3334 943 3540 997 lucem.

1111 1028 3827 1068 Ἃ

1716 1070 1999 1143 LIBER
2058 1070 2534 1156 QUARTUS.

1970 1213 2279 1230 ὴ*-

853 1281 922 1335 ΙΝ
977 1280 1255 1337 PROSAM
1313 1283 1603 1337 PRIMAM.

444 1370 675 1426 Dixerat
704 1370 891 1441 primo
920 1371 1211 1425 volumine
1262 1372 1506 1439 Boetius,
1540 1372 1743 1426 Videre
1776 1375 1964 1427 autem
1998 1373 2051 1427 vi

374 1461 511 1516 deor
527 1461 776 1516 nefarias
805 1462 1207 1515 sceleratorum
1239 1461 1495 1515 ofﬁcinas
1513 1462 1721 1531 gaudio
1750 1463 2066 1533 laetitiaque

376 1551 684 1618 ﬂuitantes,
723 1551 1180 1622 perditissimum
1205 1567 1492 1621 quemque
1516 1551 1679 1604 novis
1711 1552 2066 1607 delationum

2258 1288 2538 1358 Verticem]
2574 1288 2999 1344 Summitatem.

2245 1378 2306 1430 In
2333 1379 2626 1443 astriferas
2650 1380 2853 1449 domos]
2886 1381 2953 1433 In
2973 1379 3139 1435 orbes
3168 1381 3553 1451 planetarum.

2239 1466 2460 1536 Phoebo]
2502 1467 2635 1521 Soli.

2249 1557 2567 1626 Conjungat
2589 1559 2726 1628 vias]
2753 1560 3195 1633 Appropinquet
3223 1565 3277 1615 et
3307 1577 3431 1616 sese
3462 1564 3714 1632 applicet.

375 1641 673 1695 fraudibus
727 1640 1150 1707 imminentem,
1198 1641 1389 1710 jacere
1442 1640 1623 1694 bonos
1663 1640 1844 1694 nostri
1878 1642 2065 1696 discri-
2108 1662 2148 1715 Β
2248 1646 2364 1700 Aut
2388 1649 2690 1717 comitetur]
2718 1649 2868 1703 Ordo
2916 1656 3035 1704 est:
3072 1653 3185 1704 Aut
3217 1651 3397 1706 donec
3430 1668 3588 1705 mens
3616 1652 3723 1723 ipsa
3748 1654 3830 1707 mi-

375 1730 547 1783 minis
587 1734 804 1782 terrore
858 1732 1196 1798 prostratos,
1254 1729 1606 1799 ﬂagitiosum
1665 1746 1952 1802 quemque
2004 1732 2074 1786 ad

377 1820 704 1875 audendum
726 1819 960 1890 quidem
986 1819 1205 1874 facinus
1228 1820 1591 1891 impunitate,
1617 1821 1687 1875 ad
1706 1821 2074 1876 efﬁciendum

376 1925 509 1963 vero
540 1907 794 1979 praemiis
841 1908 1089 1976 incitari,
1124 1909 1377 1963 insontes
1416 1914 1604 1964 autem
1641 1927 1753 1964 non
1791 1912 1964 1966 modo
1995 1928 2077 1967 se-

382 1995 642 2063 curitate,
696 2013 895 2052 verum
938 1997 1061 2067 ipsa
1100 1999 1271 2051 etiam
1314 1998 1638 2053 defensione
1668 2000 1937 2071 privatos.
1971 2003 2077 2057 Ita-

385 2101 495 2156 que
529 2085 670 2140 libet
691 2087 1005 2140 exclamare
1032 2103 1045 2140 :
1779 2094 1794 2106 '

632 2176 671 2223 Ο
702 2175 934 2225 stelliferi
966 2176 1209 2226 conditor
1239 2177 1398 2226 orbis.

383 2258 446 2309 In
476 2272 588 2327 quo
619 2257 848 2328 quidem
890 2258 1161 2323 carmine,
1213 2262 1275 2311 ut
1298 2259 1476 2313 animi
1507 2258 1751 2315 nimium
1774 2260 2075 2332 perturba-

381 2350 494 2413 tus,
530 2345 680 2400 inter
704 2350 906 2400 caetera
937 2351 993 2399 et
1018 2346 1139 2399 hanc
1171 2346 1399 2401 subdit:

788 2452 983 2500 Premit
1013 2451 1249 2501 insontes

632 2513 818 2561 Debita
846 2514 1030 2562 sceleri
1057 2515 1216 2561 noxia
1250 2528 1424 2576 poma.

632 2575 697 2623 At
726 2576 955 2637 perversi
985 2576 1218 2624 resident
1242 2575 1383 2625 eelso

632 2639 803 2701 Mores
833 2638 985 2699 solio,
1013 2644 1297 2701 sanctaque
1328 2640 1534 2689 calcant

632 2699 834 2763 lnjusta
862 2701 974 2749 vice
996 2701 1128 2749 colla
1158 2699 1424 2751 nocentes.

386 2798 689 2870 Etreliqua
722 2799 782 2853 in
827 2800 1091 2854 eamdem
1149 2800 1513 2855 sententiam.
1580 2802 1693 2855 Hoc
1722 2801 1897 2873 igitur
1934 2802 2080 2857 libro

387 2888 750 2959 Philosophia
786 2890 869 2958 (ut
899 2888 1085 2943 morbi
1114 2889 1364 2942 radicem
1386 2890 1619 2959 penitus
1643 2891 1929 2962 exstirpet)
1953 2908 2080 2946 eam

2184 1733 2283 1803 les,
2320 1736 2373 1789 id
2402 1741 2486 1790 est
2507 1738 2769 1791 ministra
2796 1744 2852 1792 et
2882 1755 3090 1794 comes.
3115 1741 3436 1794 Translatio
3470 1740 3599 1794 inde
3630 1746 3835 1811 sumpta,

2184 1825 2339 1894 quod
2372 1825 2518 1880 sicut
2552 1826 2714 1881 miles
2760 1828 2962 1881 ducem
3021 1845 3187 1882 suum
3236 1829 3565 1895 comitatur,
3598 1829 3672 1883 ita
3710 1846 3835 1884 mens

2183 1913 2507 1968 divinarum
2538 1932 2732 1969 rerum
2765 1917 3237 1986 contemplationi
3261 1917 3637 1987 philosophiae
3674 1919 3836 1972 studiis

2184 2002 2396 2068 dedita,
2422 2019 2515 2057 eas
2545 2004 2831 2058 indefesso
2880 2004 3074 2059 labore
3123 2006 3511 2077 prosequitur.
3546 2006 3751 2061 Corusci
3778 2008 3833 2061 si-

2186 2092 2355 2159 deris,
2391 2092 2448 2146 id
2479 2099 2563 2147 est
2594 2095 2766 2161 Jovis,
2804 2094 2964 2165 cujus
3012 2094 3202 2165 fulgor
3228 2096 3315 2165 (Μ.
3350 2096 3531 2149 Tullio
3576 2098 3720 2164 teste]
3756 2097 3834 2150 ho-

2186 2182 2409 2235 minum
2438 2182 2633 2252 generi
2678 2199 2985 2253 prosperus
3022 2188 3105 2238 est
3136 2189 3192 2237 et
3232 2184 3528 2251 salutaris;
3584 2186 3835 2239 comitetur

2185 2269 2291 2324 iter
2334 2271 2512 2340 gelidi
2566 2272 2738 2342 senis,
2774 2273 2829 2326 id
2861 2275 2945 2326 est
2973 2274 3219 2327 Saturno
3242 2290 3299 2326 se
3333 2274 3837 2344 adjungatplaneta'

2184 2374 2315 2413 rum
2359 2375 2605 2428 summo,
2641 2362 2740 2431 qui
2790 2363 2943 2432 apud
2971 2361 3185 2432 priscos
3211 2362 3557 2433 pingebatur
3598 2364 3751 2417 homo
3773 2381 3833 2417 se-

2185 2464 2312 2516 nox,
2346 2464 2539 2515 canus,
2586 2449 2810 2519 prolixa
2857 2450 3054 2517 barba,
3092 2467 3317 2519 curvus,
3382 2452 3578 2521 tristis,
3608 2453 3832 2521 pallidus,

2186 2542 2334 2591 tecto
2367 2538 2587 2608 capite:
2626 2543 2682 2592 et
2724 2539 2822 2609 qui
2865 2540 3061 2593 dextra
3100 2540 3321 2607 falcem,
3353 2545 3409 2593 et
3438 2541 3499 2594 in
3530 2541 3715 2595 eadem
3740 2558 3834 2594 ser-

2186 2625 2376 2696 pentis
2392 2626 2705 2697 imaginem
2727 2628 2969 2681 caudam
2992 2645 3155 2682 suam
3179 2646 3275 2683 ore
3298 2630 3631 2695 mordentis,
3653 2631 3837 2683 sinistra

2186 2715 2469 2770 infantem
2496 2716 2683 2770 tilium
2712 2716 2798 2771 ori
2822 2717 3193 2772 devoraturus
3232 2719 3593 2774 admovebat.
3622 2719 3838 2790 Virgilius

2188 2805 2247 2859 in
2275 2805 2475 2875 Georg.
2508 2821 2520 2858 :

2375 2892 2585 2955 Frigida
2614 2893 2829 2942 Saturni
2858 2908 2969 2943 sese
2999 2908 3104 2957 quo
3134 2894 3287 2945 stella
3317 2900 3565 2959 receptat.

387 2977 564 3031 Boetii
595 2977 931 3048 opinionem
972 2978 1223 3049 graviter
1252 2979 1546 3048 redarguit
1591 2983 1761 3050 atque
1806 2981 2081 3049 confutat,
2124 2967 2163 3022 C
2270 2983 2365 3035 Vel
2404 2984 2740 3053 quocunque]
2789 2983 2937 3039 Ordo
2970 2990 3091 3038 est:
3154 2987 3250 3039 Vel
3308 2990 3565 3041 recurrat
3608 2983 3835 3039 circulum

386 3067 595 3121 docens
640 3082 867 3138 semper
896 3069 1129 3139 quidem
1186 3074 1448 3138 potentes
1500 3069 1678 3122 bonos
1723 3085 1866 3139 esse,
1901 3071 2083 3124 malos

387 3173 521 3211 vero
563 3157 810 3227 abjectos
841 3173 1070 3227 semper
1092 3163 1262 3228 atque
1307 3159 1637 3225 imbecilles,
1675 3175 1779 3213 nec
1810 3160 1931 3213 sine
1962 3176 2082 3229 poe-

388 3262 465 3301 na
487 3262 743 3317 unquam
774 3262 897 3301 esse
926 3247 1079 3313 vitia,
1114 3263 1219 3300 nec
1250 3248 1373 3301 sine
1406 3248 1649 3317 praemio
1681 3249 1923 3303 virtutes
1947 3266 1959 3316 ;
1979 3250 2081 3303 bo-

389 3336 479 3389 nis
526 3335 731 3401 felicia,
786 3335 950 3388 malis
1033 3352 1261 3405 semper
1317 3337 1669 3391 infortunata
1728 3338 2079 3409 contingere.

389 3423 571 3492 Super
600 3423 809 3492 quibus
858 3424 983 3493 lege
1033 3423 1299 3493 Gorgiam
1348 3425 1619 3489 Platonis,
1681 3425 1794 3477 divi
1824 3426 2086 3496 Gregorii

393 3511 641 3579 Moralia,
675 3516 843 3581 caput
873 3511 1137 3582 quintum
1195 3512 1375 3565 octavi
1407 3512 1536 3565 libri
1563 3514 1922 3567 Caesariensis
1971 3516 2083 3569 Eu-

393 3601 535 3655 sebii
566 3601 634 3654 de
658 3601 1077 3671 Praeparatione
1113 3600 1461 3671 evangelica,
1506 3602 1782 3656 Lactantii
1814 3604 2087 3659 Firmiani

392 3692 459 3745 de
489 3689 717 3747 Justitia
763 3695 933 3761 caput
988 3694 1076 3760 23,
1112 3692 1413 3762 epistolam
1471 3691 1584 3746 divi
1640 3693 1974 3764 Hieronymi
2016 3695 2087 3749 ad

392 3781 676 3850 virginem
707 3781 959 3835 exsulem
991 3782 1455 3849 consolatoriam,
1490 3787 1545 3836 et
1565 3783 1821 3853 ejusdem
1848 3786 2086 3839 alteram

393 3871 458 3923 ad
494 3870 739 3924 amicum
771 3876 1072 3941 aegrotum,
1107 3874 1161 3925 et
1190 3887 1387 3924 rursus
1410 3872 1584 3926 aliam
1606 3889 1733 3943 quae
1755 3873 2088 3928 inscribitur

395 3959 464 4012 ad
497 3960 805 4028 Oceanum,
842 3961 1105 4030 Baptistze
1140 3961 1433 4014 Mantuani
1468 3961 1569 4016 lib.
1606 3979 1637 4014 γ
1676 3963 1745 4016 de
1786 3963 2083 4031 Patientia,

396 4054 452 4103 et
480 4048 537 4102 id
561 4065 739 4118 genus
769 4049 897 4103 alia.

884 4138 958 4193 IN
991 4139 1171 4194 METR
1184 4140 1278 4194 ΠΜ
1306 4140 1598 4194 PRIMUM.

466 4228 707 4282 Carmen
763 4232 847 4283 est
901 4228 1126 4283 dicolon
1171 4228 1528 4300 distrophon,
1585 4232 1853 4284 constans
1905 4230 2083 4285 altero

393 4332 559 4371 versu
581 4318 879 4373 Alcmanio
930 4318 1202 4388 dactylico
1252 4322 1584 4373 tetrametro
1632 4320 1962 4389 acatalecto,
2009 4320 2085 4374 al-

396 4411 516 4460 tero
557 4408 922 4463 Archilochio
960 4407 1206 4461 iambico
1233 4408 1476 4462 dimetro
1506 4410 1832 4463 acatalecto.
1867 4410 2085 4464 Pendet

397 4502 588 4551 autem
615 4514 703 4565 eo,
742 4498 897 4568 quod
926 4497 1189 4568 proxima
1232 4513 1404 4567 prosa
1435 4498 1606 4552 dixit:
1663 4501 1877 4552 Pennas
1926 4501 2089 4553 etiam

400 4591 501 4641 tuae
542 4590 729 4656 menti,
768 4589 960 4653 quibus
991 4602 1044 4641 se
1092 4591 1151 4640 in
1190 4589 1360 4641 altum
1395 4589 1575 4642 tollere
1604 4590 1797 4658 possit,
1838 4590 2085 4657 afﬁgam.

396 4678 557 4730 Nunc
602 4677 782 4748 igitur
809 4678 889 4732 ait
919 4676 1285 4747 Philosophia
1330 4678 1399 4731 ad
1433 4693 1627 4731 veram
1673 4678 2089 4733 beatitudinem

398 4767 697 4835 pervenire
728 4767 1015 4821 neminem
1052 4784 1237 4837 posse,
1291 4766 1399 4821 nisi
1445 4768 1636 4822 animo
1672 4768 1951 4823 virtutum
1985 4769 2089 4823 alis

397 4856 641 4920 sublato,
688 4858 1045 4927 terrenisque
1076 4856 1342 4912 omnibus
1398 4857 1679 4929 despectis
1710 4859 1877 4912 caelos
1909 4864 2089 4912 trans-

396 4946 613 5007 cendat,
648 4950 703 4999 et
735 4962 960 5000 summo
986 4946 1135 5001 bono
1162 4948 1651 5019 contemplatione
1675 4963 1733 5003 se
1751 4949 2085 5019 conjungat.

468 5038 658 5090 Pennz
686 5034 945 5107 volucres]
987 5036 1146 5093 Vires
1177 5038 1385 5093 mentis
1409 5054 1513 5109 per
1539 5037 1807 5108 _veritatis
1840 5039 2089 5109 specula-

395 5126 613 5181 tionem
645 5123 1024 5180 sublevandas.

467 5214 634 5287 Celsa]
670 5216 825 5269 Altas
856 5221 1068 5286 partes.

466 5308 601 5372 Poli]
635 5305 795 5361 Coeli.

467 5396 631 5465 Quas]
657 5396 896 5450 Pennas.

472 5483 597 5555 Qui]
630 5484 803 5553 Ignis.

468 5572 623 5638 Agili
651 5571 820 5644 motu]
853 5572 935 5627 0b
964 5571 1377 5629 velocissimam
1407 5572 1852 5629 conversionem.

468 5661 743 5729 Etheris]
772 5660 930 5717 Coeli.

2192 3071 2348 3135 astri,
2385 3088 2727 3142 quocunque
2760 3073 2973 3127 micans
3004 3090 3110 3127 nox
3142 3074 3428 3145 pingitur.

2262 3162 2543 3230 Recurrat]
2580 3162 2836 3231 Repetat,
2892 3162 3119 3215 revisat.
3179 3163 3459 3217 Recurrat
3486 3168 3666 3217 autem
3717 3160 3832 3223 ideo,

2193 3249 2344 3319 quod
2379 3250 2585 3303 animae
2608 3250 2846 3304 caelestis
2869 3251 3028 3320 origo
3053 3252 3125 3305 sit
3148 3267 3159 3305 :
3182 3252 3377 3323 itaque
3397 3252 3830 3322 contemplatione

2191 3339 2253 3393 in
2282 3339 2527 3409 patriam
2580 3356 2742 3393 suam
2785 3345 3060 3410 recurrat,
3118 3342 3348 3396 tametsi
3411 3343 3637 3414 quidam
3678 3340 3831 3409 legant

2188 3436 2494 3498 percurrat.
2530 3431 2632 3483 Per
2674 3430 2807 3482 astri
2839 3430 3117 3485 circulum
3143 3431 3352 3485 coelum
3387 3431 3665 3502 signiﬁcat
3690 3427 3829 3481 stelli-

2194 3518 2400 3586 ferum,
2425 3519 2579 3589 quod
2609 3523 2663 3573 et
2693 3518 3121 3574 ﬁrmamentum
3154 3520 3383 3575 dicitur.

2266 3610 2391 3680 Ubi]
2426 3610 2751 3679 Postquam.

2261 3697 2568 3769 Emhuusti]
2594 3697 3008 3765 Exhaustionis,
3041 3697 3340 3766 ﬁnitionis,
3376 3702 3587 3754 exactae
3621 3694 3833 3766 specula-

2194 3785 2382 3840 tionis.
2411 3787 2659 3841 Imitatio
2694 3791 2778 3842 est
2806 3787 3104 3858 Virgiliani
3131 3787 3285 3841 illius
3315 3788 3377 3842 in
3405 3789 3552 3843 libro
3583 3788 3834 3853 Georgii:

2382 3894 2476 3942 Cni
2511 3907 2785 3957 nunquam
2811 3894 3052 3943 exhausti
3076 3894 3205 3943 satis
3233 3898 3328 3943 est.

2198 3995 2503 4064 Perperam
2526 3993 2701 4063 igitur
2731 3994 2972 4048 indoctis
2994 3994 3206 4064 legitur
3236 3992 3601 4047 exhaustum.
3789 4055 3792 4058 ,

2265 4086 2453 4138 Polum
2488 4083 2774 4154 extimum]
2809 4084 3154 4154 Supremum
3206 4085 3436 4138 caelum.
3467 4080 3734 4138 Lucretius
3760 4075 3834 4128 lib.

2198 4171 2268 4225 de
2295 4172 2506 4226 Rerum
2536 4172 2749 4226 Natura
2780 4189 2794 4225 ι
2827 4188 2839 4225 :

2352 4278 2488 4339 Ergo
2518 4277 2695 4326 vivida
2718 4277 2795 4325 vis
2821 4278 2984 4325 animi
3014 4276 3249 4340 pervicit,
3286 4280 3339 4325 et
3370 4281 3519 4326 extra

2348 4341 2605 4407 Processit
2629 4340 2783 4407 longe
2814 4339 3139 4389 flammantia
3172 4339 3371 4407 muenia
3397 4339 3597 4398 mundi,
3647 4399 3656 4407 η

2346 4402 2513 4465 Atque
2535 4416 2690 4451 omne
2717 4403 3035 4452 immensum
3062 4403 3360 4466 peragravit
3380 4408 3554 4452 mente
3582 4402 3833 4457 animoque.

2200 4501 2370 4556 Divus
2402 4503 2777 4572 Hieronymus
2818 4506 3016 4556 contra
3066 4501 3434 4556 Jovinianum
3467 4518 3530 4555 ex
3568 4495 3837 4566 Theophra-

2197 4596 2320 4646 sto:
2366 4593 2595 4660 Sapiens
2622 4598 2801 4646 autem
2854 4607 3131 4660 nunquam
3162 4593 3305 4645 solus
3356 4607 3467 4645 esse
3504 4592 3682 4659 potest,
3715 4583 3839 4637 habet

2195 4697 2371 4735 secum
2392 4697 2567 4735 omnes
2595 4684 2693 4749 qui
2712 4686 2858 4747 sunt,
2892 4684 3121 4750 quisque
3150 4696 3388 4749 unquam
3421 4682 3638 4746 fuerunt
3666 4674 3784 4737 boni,
3802 4676 3838 4723 et

2197 4774 2438 4825 animum
2453 4772 2678 4825 liberum
2708 4787 3021 4840 quocunque
3047 4771 3163 4824 vult
3189 4772 3473 4836 transfert.
3500 4766 3644 4835 Quod
3662 4774 3839 4831 corport’

2195 4877 2302 4915 non
2343 4865 2533 4930 potest,
2583 4863 2903 4928 cogitatione
2950 4861 3352 4929 complectitur:
3404 4866 3456 4914 et
3506 4860 3554 4912 si
3606 4857 3837 4909 hominum

2196 4952 2384 5019 inopia
2416 4952 2603 5015 fuerit,
2639 4952 2884 5019 loquitur
2912 4965 3032 5004 cum
3062 4953 3187 5004 Deo.
3222 4952 3515 5017 Nunquam
3536 4949 3700 5000 minus
3721 4940 3835 4995 solus

2195 5044 2297 5093 erit
2328 5054 2493 5107 quam
2540 5055 2658 5093 cum
2693 5041 2838 5094 solus
2889 5041 3078 5104 fuerit.
3138 5037 3468 5108 Hodolphus
3517 5030 3758 5104 Agricola
3791 5026 3834 5077 in

2197 5128 2572 5198 Protreptico:
2600 5130 2726 5195 Qum
2752 5132 2925 5197 potest
2954 5132 3136 5181 autem
3170 5127 3347 5196 major
3377 5141 3504 5192 esse,
3546 5138 3654 5189 qua:
3681 5118 3834 5173 certior

2188 5216 2549 5285 philosophiae
2574 5217 2857 5283 divinitas,
2885 5232 3049 5285 quam
3074 5217 3212 5271 nulli
3240 5216 3427 5271 claudi
3451 5213 3697 5274 terminis,
3716 5204 3833 5259 nulla

2193 5308 2369 5374 spatio
2399 5308 2708 5360 contineri?
2743 5306 2910 5361 Vadit
2938 5308 3081 5359 enim
3121 5321 3271 5361 sacer
3312 5309 3422 5359 viri
3462 5306 3664 5357 animus
3708 5295 3829 5353 liber.

2194 5398 2420 5464 solutus,
2447 5399 2719 5465 nullisque
2748 5400 3005 5451 coercitus
3050 5399 3206 5451 metis
3236 5414 3248 5451 :
3280 5402 3328 5451 et
3359 5406 3661 5466 quacunque
3686 5397 3832 5441 rerum

2194 5494 2396 5543 natura
2424 5493 2616 5557 potest,
2650 5492 2921 5555 vagatur:
2955 5503 3047 5542 nec
3078 5492 3251 5542 terras
3281 5493 3331 5542 et
3370 5488 3540 5541 maria
3561 5480 3732 5538 solum,
3756 5470 3831 5527 sed

2194 5577 2379 5631 sidera
2407 5581 2531 5647 ipsa
2562 5580 2917 5645 cognatosque
2942 5579 3093 5631 cazlos
3122 5581 3383 5645 pererrat.
3422 5578 3530 5630 Non
3559 5568 3827 5625 tenuissima

2198 5669 2494 5722 resistunt:
2519 5666 2937 5737 comprehendit,
2959 5670 3268 5736 exsuperat,
3295 5666 3631 5734 penetratque
3645 5656 3820 5711 cuncta.
