4054 6184
174 336 322 392 {Otii

249 461 490 518 Verendi
509 459 746 534 luminis]
780 459 994 516 Divina;
1028 462 1192 518 lucis.

243 553 370 624 Hic]
416 552 570 605 Ultra
611 567 946 621 supremum
979 552 1212 605 coelum.

243 639 471 711 Regum]
507 639 778 694 Omnium
812 639 1166 710 principum.

241 729 546 798 Sceptrum]
575 728 923 795 Dominium,
944 729 1272 800 imperium.

240 817 531 889 Habenas]
570 816 980 872 Moderamina.

254 907 565 976 Temperat]
609 905 832 976 Dirigit.

246 997 529 1052 Volucrem
558 996 797 1064 currum]
831 995 1048 1050 Caelum
1079 993 1232 1066 quod
1266 993 1584 1048 certissima
1637 1010 1872 1050 conver-

162 1083 334 1138 sione
366 1084 794 1155 circumagitur.

244 1177 441 1229 Rerum
483 1189 733 1230 coruscus
763 1172 989 1242 arbiter]
1025 1174 1173 1226 Deus
1228 1172 1530 1243 Dominus,
1585 1172 1872 1242 inspector

164 1263 422 1333 etjudex
465 1263 726 1316 omnium
753 1263 922 1332 longe
955 1261 1401 1315 illustrissimus.

235 1351 380 1423 Huc]
414 1353 573 1417 Illuc,
606 1356 744 1422 puta
775 1351 846 1404 ad
876 1351 1067 1405 sedem
1097 1366 1243 1405 verae
1265 1350 1659 1406 beatitudinis.

234 1440 520 1512 Reducem]
560 1440 935 1508 Incolumem,
964 1439 1205 1492 salvum.

236 1528 488 1601 Referat]
524 1528 795 1584 Reducat.

239 1619 441 1688 Quam]
475 1617 744 1671 Patriam.

236 1707 542 1777 Immemor]
575 1707 861 1776 Corporea
892 1704 1234 1775 contagione
1259 1704 1486 1758 oblitus.

229 1797 459 1865 Sistam]
491 1798 650 1850 Stare
681 1796 908 1862 faciam,
937 1812 1040 1850 nec
1072 1795 1224 1848 ultra
1243 1795 1497 1848 tendam.

236 1886 461 1958 Torvos]
484 1885 809 1939 Terribiles.

233 1977 428 2029 Cernes
449 1981 708 2042 tyrannos
742 1975 974 2038 emsules]
1004 1976 1048 2027 A
1101 1989 1232 2027 vera
1286 1973 1470 2043 patria
1514 1973 1712 2042 procul
1762 1973 1862 2027 ab-

161 2069 443 2116 errantes.
491 2064 702 2117 Seneca
748 2063 806 2116 in
863 2063 1196 2116 Thebaide:
1252 2065 1437 2129 Regna
1476 2079 1595 2116 cum
1645 2063 1859 2129 scelere,

157 2153 407 2204 omnibus
439 2157 565 2204 sunt
597 2152 810 2204 ewsiliis
842 2153 1120 2216 graviora.

778 2239 843 2291 IN
882 2238 1162 2292 PROSAM
1189 2238 1256 2291 ll.

228 2327 411 2380 AIl‘ert
438 2326 688 2380 rationes
711 2327 1126 2394 pulcherrimas
1151 2325 1622 2396 Iirmissimasqne
1678 2326 1863 2380 Philo-

157 2417 386 2485 sophia,
424 2415 632 2485 quibus
662 2413 855 2484 arguit
887 2415 1066 2468 bonos
1099 2419 1154 2467 et
1176 2413 1384 2467 virtute
1419 2416 1687 2484 praeditos
1712 2431 1862 2468 sem-

157 2521 259 2574 per
296 2511 560 2574 poteutes
591 2521 710 2557 esse
745 2521 756 2557 :
791 2509 989 2557 contra
1022 2519 1153 2556 vero
1184 2505 1364 2556 malos
1435 2503 1746 2557 imbecilles
1802 2509 1864 2558 et

158 2593 433 2647 omnibus
465 2609 613 2646 vera:
641 2593 912 2663 potentiae
933 2592 1150 2645 viribus
1180 2592 1500 2646 destitutos.

229 2686 377 2739 Nam
407 2699 528 2737 cum
570 2683 764 2736 bonum
823 2683 1131 2750 malumque
1190 2684 1470 2736 contraria
1515 2682 1646 2754 sint]
1698 2683 1862 2737 Teste

160 2773 440 2825 Cicerone
476 2771 623 2825 libro
667 2772 1117 2825 Tusculanarum
1167 2770 1560 2834 Quaestionum
1615 2770 1856 2841 quinto:

158 2861 596 2916 Contrariorum
621 2861 902 2915 contraria
944 2866 1078 2914 sunt
1107 2861 1538 2930 consequentia.

233 2954 544 3020 Verumque
573 2953 727 3004 illam
774 2952 1038 3020 Platonis]
1073 2952 1199 3004 Haec
1233 2949 1520 3004 sententia
1566 2953 1651 3002 est
1707 2950 1857 3020 apud

1444 335 1828 389 MURMELLII
1873 331 2398 390 COMMENI‘ARIA.

1913 462 1960 513 A
2058 463 2217 532 Hinc]
2252 464 2326 517 Ex
2359 461 2471 516 alia
2503 466 2689 533 parte.

3553 337 3688 392 1046

2054 550 2344 624 Flagellat]
2396 551 2686 615 Verberat,
2727 551 3000 606 concutit.
3039 552 3189 607 Ordo
3245 556 3371 608 est:
3415 556 3505 608 Ira
3559 557 3682 608 tur-

1979 639 2111 693 bida
2152 642 2356 695 tollens
2377 641 2604 707 fluctus,
2636 641 2888 711 ﬂagellat
2917 646 3188 696 mentem.

2051 729 2298 800 Fluctus]
2322 731 2502 784 Motus
2535 745 2590 784 et
2629 729 2806 784 animi
2835 734 3024 784 metus.

2055 819 2320 888 Turbida]
2352 819 2728 876 Turbulenta.

2055 908 2277 980 Tollens]
2314 909 2622 963 Snscitans.

2049 998 2277 1066 Captos]
2305 999 2366 1050 Vi
2408 997 2650 1051 tristitiae
2690 997 2888 1050 victos.

2050 1087 2304 1155 Lubrica]
2341 1087 2642 1153 Instabilis,
2676 1087 3024 1151 inconstans,
3059 1086 3236 1140 metui
3267 1087 3493 1141 cedens.

2051 1174 2222 1247 Ergo]
2254 1176 2403 1231 Ordo
2437 1180 2519 1229 est
2554 1192 2566 1229 :
2605 1177 2746 1244 Ergo
2778 1176 2899 1244 ipse
2930 1191 3160 1245 pressus
3187 1175 3398 1246 iniquis
3421 1175 3674 1230 dominis

1980 1280 2094 1317 non
2125 1265 2258 1318 facit
2282 1265 2439 1336 quod
2471 1269 2649 1336 optat,
2684 1281 2814 1318 cum
2847 1282 3046 1320 cernas
3079 1281 3258 1319 unum
3287 1265 3434 1320 ferre
3469 1270 3550 1320 tot
3580 1270 3673 1338 ty-

1976 1369 2208 1406 rannos.

2053 1446 2222 1496 (fnum
2245 1443 2427 1512 caput]
2458 1445 2642 1496 Unum
2669 1443 3018 1513 flagitiosum
3050 1443 3368 1498 hominem.

2052 1534 2147 1584 Tot
2175 1530 2460 1601 tyrannos]
2490 1533 2591 1584 Tot
2609 1532 2746 1584 vitia
2777 1531 2828 1585 ei
2851 1532 3226 1586 dominantia.

2046 1621 2224 1682 Ferre]
2254 1621 2398 1672 Pati.

2047 1711 2164 1764 Non
2193 1711 2331 1776 facit
2359 1708 2503 1777 quod
2531 1708 2700 1780 optat]
2742 1709 2867 1762 Non
2898 1709 3073 1763 efﬁcit
3093 1710 3242 1780 quod
3291 1710 3434 1777 vult,
3489 1727 3671 1782 eoque

1976 1813 2079 1851 nec
2109 1799 2256 1852 liber
2285 1815 2388 1852 nec
2421 1803 2621 1869 potens
2652 1815 2773 1851 esse
2792 1798 3169 1852 convincitur.

2559 1889 2630 1941 IN
2667 1887 2939 1941 PROSAM
2973 1888 3068 1940 III.

2045 1975 2219 2026 Acnte
2251 1977 2309 2026 et
2334 1971 2581 2026 dilucide
2611 1971 2858 2038 disserit,
2892 1987 3192 2042 nunquam
3218 1970 3662 2042 bonisprznmia,

1973 2077 2269 2131 nunquam
2303 2077 2404 2113 sua
2427 2060 2738 2113 sceleribus
2789 2059 2985 2113 deesse
3024 2059 3304 2129 supplicia
3338 2077 3350 2113 :
3388 2061 3668 2132 docetque

1971 2150 2250 2203 virtutum
2284 2150 2588 2219 splendore
2622 2149 2892 2203 mortales
2910 2165 2976 2201 eo
3003 2149 3354 2218 prtestantia:
3369 2151 3667 2220 pervenire

1971 2244 2035 2292 ut
2056 2238 2123 2292 ab
2153 2239 2426 2309 improbis
2455 2239 2601 2292 nihil
2622 2255 2808 2308 neque
2839 2238 3187 2304 detrimenti,
3211 2255 3398 2310 neque
3426 2240 3666 2293 offusce-

1971 2328 2146 2381 tionis
2179 2329 2293 2398 pati
2319 2333 2551 2399 queant,
2582 2333 2637 2380 ct
2669 2327 2846 2398 (quod
2878 2329 3048 2397 longe
3066 2328 3192 2397 plus
3225 2330 3330 2397 est)
3373 2328 3511 2382 deos
3534 2344 3665 2382 eva-

1973 2419 2125 2472 dere.
2163 2417 2371 2470 Contra
2390 2434 2522 2470 vero
2567 2417 2849 2471 scelerum
2898 2416 3206 2470 infectione
3238 2417 3378 2470 adeo
3431 2416 3500 2470 ab
3556 2417 3662 2471 hu-

1974 2523 2154 2560 manm
2199 2513 2417 2560 natura:
2475 2505 2755 2576 dignitate
2800 2506 3175 2577 degenerare,
3227 2511 3290 2559 ut
3348 2505 3410 2559 in
3459 2505 3668 2560 bestias

1969 2597 2471 2650 transformentur.

2044 2687 2112 2738 In
2143 2685 2340 2757 stadio]
2379 2688 2441 2740 In
2471 2685 2776 2740 curriculo.
2803 2684 3062 2740 Stadium
3095 2685 3285 2739 Graece
3318 2683 3535 2737 στάδιον
3564 2702 3666 2741 seu

1973 2772 2210 2840 arddiog,
2258 2775 2454 2828 Latine
2503 2775 2872 2839 curriculum,
2908 2775 3064 2828 locus
3113 2779 3198 2828 est
3242 2774 3299 2828 in
3347 2792 3460 2846 quo
3529 2775 3666 2846 equi

1970 2863 2299 2917 hominesve
2357 2869 2612 2932 currunt,
2658 2868 2714 2918 et
2770 2867 2989 2917 certant
3013 2863 3260 2930 athletas,
3292 2863 3508 2917 dictum
3531 2861 3660 2931 ἀπὸ,

1970 2960 2058 3003 τοῦ
2093 2950 2308 3013 «eam;
2360 2953 2466 3006 hoc
2519 2957 2620 3019 est,
2672 2969 2704 3006 a
2751 2953 3013 3014 statione,
3065 2952 3220 3022 quod
3281 2953 3548 3007 Hercules
3596 2969 3664 3008 eo

158 3041 456 3094 Platonem
479 3039 539 3092 in
570 3039 798 3110 Gorgia,
832 3040 929 3093 ubi
961 3040 1220 3093 Socrates
1250 3038 1321 3092 ad
1342 3038 1548 3093 Polum
1580 3039 1702 3092 haec
1733 3038 1850 3092 ait:
1896 3038 1939 3094 G
1969 3043 2149 3112 spatio
2181 3059 2294 3096 uno
2317 3041 2516 3112 spiritu
2550 3041 2807 3096 confecto
2840 3041 3204 3095 constitisset.
3237 3041 3496 3096 Stadium
3532 3058 3665 3096 con-

167 3132 371 3184 Assero
392 3128 662 3197 equidem,
695 3145 724 3182 ο
753 3130 897 3195 Pole,
945 3135 1055 3182 tam
1107 3130 1343 3183 rhetores
1393 3145 1555 3194 quam
1597 3134 1857 3199 tyrannos

160 3221 444 3271 minimam
476 3222 532 3270 in
571 3218 884 3271 civitatibus
918 3218 1113 3272 habere
1145 3221 1466 3286 potentiam,
1508 3218 1856 3286 quemadmo-

158 3307 287 3360 dum
331 3307 500 3375 paulo
549 3311 676 3360 ante
705 3307 966 3361 dicebam.
1003 3309 1156 3363 Nihil
1187 3309 1329 3362 enim
1355 3311 1439 3371 (ut
1467 3311 1550 3360 ita
1589 3307 1857 3375 dixerim)

158 3400 340 3462 facere
360 3412 428 3450 ea:
455 3397 542 3449 his
569 3411 686 3463 quae
716 3398 921 3462 volunt,
963 3399 1146 3462 facere
1178 3402 1376 3460 tamen,
1425 3397 1570 3466 quod
1609 3397 1718 3450 sibi
1744 3400 1858 3465 opi-

159 3486 415 3540 nantibus
455 3487 717 3553 optimum
746 3484 1017 3538 videatur.

765 3575 834 3626 IN
867 3574 1155 3628 METRUM
1179 3575 1248 3627 II.

225 3663 470 3717 Carmen
493 3665 576 3716 est
597 3661 845 3727 dicolon,
875 3662 1234 3732 distrophon,
1268 3663 1445 3717 altero
1480 3679 1642 3716 versu
1714 3678 1850 3717 con-

163 3758 314 3806 stans
347 3751 647 3805 Alcmanio
681 3751 969 3805 trochaico
999 3751 1244 3806 dimetro
1285 3753 1615 3817 acatalecto,
1677 3753 1854 3806 altero

156 3841 544 3896 Pherecratio.
587 3843 760 3894 Docet
790 3845 1085 3910 tyrannos,
1117 3841 1344 3895 tametsi
1370 3843 1539 3912 vulgo
1558 3841 1856 3895 videantur

149 3931 620 4001 judicenturque,
657 3929 900 3983 minime
947 3935 1139 3984 tamen
1187 3935 1451 4002 potentes
1507 3947 1670 3985 esse:
1722 3946 1854 3985 cum

155 4020 491 4090 gravissima
517 4020 900 4090 cupiditatum
931 4021 1400 4090 suarumjugiter
1449 4021 1856 4091 opprimantur

156 4111 449 4164 servitute.
484 4109 770 4179 Diogenes
799 4109 1040 4178 Cynicus
1071 4114 1220 4163 recte
1246 4126 1437 4162 servos
1468 4109 1704 4180 quidem
1749 4111 1850 4163 do-

151 4200 346 4263 minis,
383 4199 569 4252 malos
604 4204 795 4252 autem
817 4198 1230 4268 cupiditatibus
1260 4199 1473 4252 servire
1496 4199 1654 4252 dixit.
1688 4199 1851 4252 Teste

147 4289 373 4341 Joanne
405 4303 608 4358 evang.
648 4303 658 4339 :
695 4288 880 4342 Omnis
903 4291 1000 4356 qui
1025 4289 1163 4354 facit
1193 4293 1496 4356 peccatum,
1549 4303 1735 4342 servus
1768 4292 1849 4342 est

148 4379 362 4445 peccati
389 4377 566 4446 (Joan.
607 4377 748 4444 vui).
804 4376 975 4429 Divus
1025 4379 1265 4446 August.
1316 4376 1463 4430 libro
1501 4377 1569 4431 de
1615 4375 1851 4432 Civitate

153 4466 251 4520 Dei
281 4470 509 4536 quarto,
543 4465 728 4536 capite
756 4467 923 4519 tertio
959 4481 972 4519 :
1002 4467 1268 4520 Malorum
1288 4481 1409 4520 vero
1428 4482 1650 4532 regnum
1673 4469 1848 4534 magis

152 4555 507 4622 regnantibus
525 4560 698 4621 nocet,
731 4558 829 4623 qui
843 4569 966 4608 suos
985 4559 1192 4610 animos
1212 4560 1432 4610 vastant
1452 4557 1707 4610 scelerum
1728 4571 1849 4610 ma-

144 4645 264 4712 jore
292 4646 535 4698 licentia.
579 4644 646 4695 Et
675 4659 793 4696 non
824 4645 1004 4697 multo
1032 4649 1158 4714 post
1191 4645 1383 4698 subdit
1417 4661 1428 4698 :
1463 4645 1700 4699 Proinde
1751 4647 1849 4699 bo-

149 4749 272 4798 nus,
299 4735 519 4786 etiamsi
557 4737 781 4798 serviat,
825 4734 961 4787 liber
985 4740 1095 4798 est;
1139 4736 1314 4788 malus
1373 4741 1574 4802 autem,
1633 4738 1853 4789 etiamsi

149 4828 354 4889 regnet,
379 4837 567 4875 servus
608 4827 705 4875 est.
741 4825 846 4878 Nec
891 4825 1054 4876 unius
1105 4824 1358 4891 hominis,
1416 4825 1512 4879 sed
1560 4825 1727 4893 (quod
1775 4830 1851 4879 est

149 4912 400 4980 gravius)
441 4916 516 4964 tot
539 4911 880 4965 dominorum
912 4918 1040 4980 quot
1059 4916 1334 4968 vitiorum.

221 5003 439 5069 Septos]
476 5001 891 5068 Circumdatos,
924 5003 1293 5072 constipatos.

223 5087 524 5160 Tristibus]
556 5090 871 5145 Tristitiam
900 5091 1306 5146 inferentibus.

225 5179 418 5250 Torvo]
449 5179 740 5235 Terriﬁco.

217 5269 420 5338 Rabie]
447 5269 709 5322 Feritate.

219 5359 407 5419 Intus]
457 5357 518 5410 In
550 5373 748 5411 eorum
777 5358 1144 5413 conscientia.

221 5449 381 5517 Hinc]
416 5448 494 5500 Ex
517 5464 631 5501 una
663 5452 844 5518 parte.

231 5537 451 5607 Versat]
493 5537 767 5607 Iixagitat.

225 5627 424 5680 Avidis
455 5629 689 5697 venenis]
706 5627 1057 5684 lllecebrosis
1083 5628 1495 5684 alt‘ectionibns.

1969 3132 2113 3186 tinet
2142 3136 2393 3184 octavam
2439 3131 2594 3184 mille
2641 3146 2914 3200 passuum
2945 3135 3188 3200 partem.
3257 3127 3427 3184 Divus
3466 3130 3662 3185 Hiero-

1966 3237 2210 3291 nymus:
2244 3220 2495 3275 Stadium
2526 3225 2604 3274 est
2632 3220 2740 3274 haec
2763 3220 2878 3273 vita
2910 3220 3252 3274 mortalibus.
3286 3221 3384 3274 Hic
3446 3225 3661 3275 conten-

1967 3310 2168 3378 dimus,
2221 3313 2277 3361 ut
2331 3309 2465 3362 alibi
2500 3324 2837 3363 coronemur.
2895 3308 3065 3362 Divus
3096 3309 3455 3376 Ambrosius,
3513 3309 3660 3364 libro

1967 3399 2299 3454 Ofﬁciorum
2366 3397 2573 3468 primo,
2607 3398 2790 3468 capite
2833 3397 3056 3451 decimo
3107 3402 3265 3451 sexto
3300 3414 3312 3451 :
3342 3397 3488 3463 Quid
3527 3399 3664 3452 alibi

1963 3491 2161 3556 poscis,
2199 3487 2342 3555 quod
2371 3487 2506 3539 alibi
2527 3487 2750 3540 debetur
2779 3490 2806 3540 ?
2854 3487 2999 3553 Quid
3021 3502 3365 3556 prapropere
3409 3503 3662 3542 coronam

1964 3580 2158 3644 exigis,
2191 3580 2483 3644 antequam
2507 3579 2693 3630 vincas
2713 3580 2738 3631 ?
2768 3577 2908 3642 Quid
2928 3577 3199 3643 detergere
3216 3579 3510 3646 pulverem,
3528 3577 3665 3645 quid

1964 3668 2293 3735 requiescere
2324 3664 2516 3735 cupis?
2553 3666 2699 3731 Quid
2745 3665 2962 3734 epulari
2999 3667 3163 3733 gestis
3210 3671 3499 3732 antequam
3555 3671 3663 3720 sta-

1964 3757 2115 3810 dium
2144 3757 2426 3809 solvalur?
2457 3755 2653 3809 Adhuc
2675 3756 2907 3822 populus
2938 3758 3166 3822 spectat,
3210 3755 3388 3809 adhuc
3443 3757 3661 3810 athleta:

1962 3848 2020 3899 in
2047 3848 2327 3899 stemmate
2346 3847 2491 3907 sunt,
2525 3847 2575 3896 et
2606 3847 2662 3896 tu
2682 3843 2803 3910 jam
2836 3845 3004 3896 otium
3031 3845 3210 3912 petis?
3237 3844 3347 3898 Sed
3374 3847 3518 3910 forte
3569 3845 3656 3899 di-

1964 3949 2075 4000 cas,
2107 3949 2205 3986 cur
2226 3934 2384 4000 impii
2415 3932 2835 3985 lmtantur?cur
2896 3933 3293 3986 luxuriantur?
3351 3951 3447 3986 cur
3498 3937 3660 3988 etiam

1962 4040 2165 4077 mecum
2190 4039 2293 4076 non
2323 4023 2434 4090 ipsi
2461 4021 2711 4074 laborant
2735 4024 2762 4073 ἵ)
2791 4024 3043 4089 quoniam
3075 4024 3174 4088 qui
3193 4039 3297 4075 non
3325 4024 3658 4092 subscripse-

1959 4116 2072 4167 rint
2100 4113 2174 4167 ad
2203 4128 2471 4178 coronam,
2500 4126 2606 4164 non
2637 4115 2886 4164 tenentur
2908 4110 2982 4162 ad
3025 4111 3260 4164 laborem
3318 4111 3648 4165 certaminis.

1960 4203 2065 4268 Qui
2095 4203 2153 4254 in
2200 4200 2439 4255 stadium
2486 4214 2592 4252 non
2633 4197 3028 4263 descenderint,
3081 4213 3189 4252 non
3227 4213 3284 4251 se
3302 4199 3647 4267 perfundunt

1961 4293 2088 4354 oleo,
2120 4307 2226 4344 non
2248 4289 2494 4344 oblinunt
2520 4289 2759 4358 pulvere.
2787 4288 2928 4354 Quos
2956 4291 3137 4341 manet
3162 4289 3358 4356 gloria,
3392 4292 3658 4357 exspectet

1961 4381 2172 4447 injuria
2206 4396 2218 4432 :
2248 4379 2571 4445 unguentati
2593 4382 2837 4446 spectare
2863 4378 3051 4443 solent,
3083 4393 3189 4430 non
3219 4377 3522 4443 decertare;
3551 4393 3657 4430 non

1962 4471 2130 4524 solent
2155 4473 2338 4534 aestus,
2385 4468 2677 4535 pulverem,
2706 4467 3008 4534 imbresque
3031 4469 3268 4536 perpeti.
3299 4469 3494 4520 Dicant
3533 4481 3656 4533 ergo

1962 4564 2012 4612 et
2052 4560 2160 4627 ipsi
2225 4557 2440 4610 athletae
2482 4573 2494 4609 :
2561 4577 2581 4604 ‹
2621 4557 2826 4615 Venite,
2865 4555 3142 4609 nobiscum
3186 4554 3447 4608 laborate.
3477 4575 3502 4601 »
3553 4554 3658 4609 Sed

1961 4647 2357 4716 respondebunt
2414 4650 2737 4715 spectatores
2767 4660 2779 4698 :
2806 4668 2832 4694 «
2869 4648 2974 4701 Nos
3027 4645 3112 4698 hic
3146 4647 3364 4698 interim
3394 4644 3460 4698 de
3507 4643 3658 4699 vobis

1954 4737 2290 4806 judicamus,
2325 4750 2414 4788 vos
2448 4740 2627 4788 autem
2653 4736 2770 4788 sine
2814 4734 2966 4787 nobis
3021 4749 3225 4787 coronae
3264 4735 3336 4800 (si
3386 4733 3653 4802 viceritis)

1959 4828 2193 4892 gloriam
2222 4823 2593 4877 vindicabitis.
2622 4843 2648 4870 ››
2684 4825 2784 4876 Isti
2810 4821 2984 4889 igitur
3007 4824 3103 4890 qui
3123 4825 3181 4876 in
3209 4822 3444 4888 deliciis,
3481 4826 3578 4892 qui
3598 4826 3656 4877 in

1964 4912 2793 4982 luxuria,rapinis,quzestibus.
2829 4911 3115 4966 honoribus
3147 4913 3336 4966 studia
3357 4919 3657 4983 posuerunt

1961 5022 2083 5074 sua,
2116 5009 2441 5074 spectatores
2472 5007 2646 5070 magis
2676 5005 2806 5055 sunt
2845 5018 3010 5071 quam
3040 5005 3400 5074 praeliatores.
3444 5006 3654 5058 Habent

1963 5097 2174 5159 lucrum
2195 5095 2419 5158 laboris,
2465 5095 2705 5159 fructum
2755 5093 2977 5145 virtutis
3022 5109 3128 5148 non
3181 5096 3395 5148 habent.
3452 5097 3655 5149 Fovent

1961 5188 2130 5239 otium
2159 5188 2384 5246 astutia,
2412 5188 2461 5237 et
2499 5182 2842 5250 improbitate
2869 5189 3133 5250 aggerant
3163 5184 3484 5238 divitiarum
3504 5198 3654 5235 accr-

1894 5293 1901 5300 '
1961 5291 2073 5340 vos,
2107 5274 2200 5328 sed
2230 5274 2502 5326 eacsolvent
2529 5275 2721 5337 (seram
2744 5272 2883 5342 licet)
2919 5276 3177 5341 nequitiae
3205 5288 3314 5326 sua:
3339 5287 3573 5340 paruam.

2035 5365 2216 5432 Neque
2245 5363 2384 5413 enim
2435 5360 2598 5413 bonus
2629 5361 2776 5412 ultra
2810 5361 2938 5429 jure
2996 5361 3294 5425 vocabitur,
3343 5361 3438 5427 qui
3468 5364 3650 5412 careat

1971 5452 2122 5521 bono]
2157 5449 2454 5505 Sententia
2476 5453 2559 5502 est
2587 5449 2834 5504 Socratis
2860 5450 3135 5505 Platonici
3165 5449 3223 5501 in
3255 5447 3480 5516 Gorgia,
3517 5449 3653 5519 quia

1971 5542 2164 5596 bonum
2199 5539 2428 5610 (inquit)
2457 5544 2555 5607 est,
2588 5556 2692 5610 quo
2718 5546 2981 5610 praesente
3010 5541 3132 5593 boni
3166 5552 3371 5591 sumus.
3421 5541 3650 5593 Prorsus

1966 5632 2089 5686 boni
2119 5646 2240 5685 vero
2270 5645 2453 5684 sumus
2502 5635 2551 5686 et
2602 5647 2719 5698 nos,
2750 5637 2798 5685 et
2817 5644 3141 5699 quaecunque
3191 5628 3306 5682 alia
3337 5627 3476 5684 bona
3503 5635 3651 5697 sunt,
