4054 6184
397 234 418 288 l
430 231 538 288 047

1127 241 1487 298 APPENDIX
1526 243 1620 298 AD
1661 243 1912 302 LIBROS
1950 249 2042 304 DE
2083 248 2606 310 CONSOLATIONE
2646 255 3152 315 PHILOSOPHUS.

3722 275 3830 328 1048

387 372 451 426 ob
470 372 727 426 virtutem
765 375 1063 440 quamdam
1101 391 1219 443 qua
1267 376 1434 431 adsit.
1487 376 1786 434 Socraticae
1833 381 2086 435 Platoni-
2128 384 2373 454 Aseipso
2394 388 2641 442 solvitur.
2680 388 2852 444 Silius
2884 391 3112 445 Italicus
3143 393 3288 447 libro
3335 395 3546 452 decimo
3579 404 3756 457 tertio:

391 477 585 533 eaeque
615 461 913 516 sententiae
938 463 1008 517 M.
1039 464 1258 518 Tullius
1287 465 1591 521 subscribit
1612 468 1760 523 libro
1820 471 2090 525 Tuscula-

391 565 597 604 narum
626 549 1022 614 Quaestionum
1055 553 1256 622 quinto
1288 553 1377 606 his
1413 554 1598 610 verbis
1635 573 1647 609 :
1683 557 1876 612 Omnes
1927 560 2092 614 bonos

390 655 598 708 semper
628 639 804 694 beatos
829 641 1071 695 volumus
1091 656 1219 697 esse.
1258 644 1395 709 Quos
1422 644 1603 699 dicam
1642 646 1822 712 bonos,
1875 652 2095 718 perspi-

397 742 558 781 cuum
585 732 682 781 est.
714 728 971 784 Omnibus
1003 732 1144 784 enim
1169 733 1474 787 virtutibus
1497 736 1788 790 instructos
1836 743 1886 791 et
1931 754 2090 792 orna-

395 820 496 883 tos,
531 821 642 870 tum
691 819 836 872 viros
889 819 1047 873 bonos
1089 820 1340 875 dicimus.
1392 823 1683 878 Videamus
1730 828 1826 893 qui
1881 827 2096 881 dicendi

393 909 504 959 sint
535 906 695 960 beati.
725 907 997 976 Equidem
1055 909 1148 962 hoc
1177 913 1449 978 existimo,
1485 915 1582 980 qui
1614 917 1740 967 sunt
1811 916 1868 968 in
1917 916 2092 985 bonis,

398 996 547 1049 nullo
623 996 883 1064 adjuncto
942 999 1102 1051 malo.
1146 1001 1248 1054 Nec
1289 1001 1403 1054 ulla
1443 1003 1556 1055 alia
1600 1002 1727 1058 huic
1767 1005 1924 1058 verbo
1957 1004 2096 1075 (cum

396 1084 610 1138 beatum
659 1084 910 1154 dicimus)
961 1087 1204 1156 subjecta
1234 1091 1380 1143 notio
1413 1094 1509 1158 est,
1542 1093 1652 1145 nisi
1677 1096 1895 1146 secretis
1933 1096 2091 1150 malis

395 1174 662 1240 omnibus,
695 1176 972 1230 cumulata
1003 1175 1260 1231 bonorum
1292 1180 1606 1248 complemio.
1670 1182 1950 1235 Hactenus
2006 1183 2094 1237 Ci-

395 1278 544 1318 cero.
579 1267 645 1318 At
678 1264 1018 1319 Laurentius
1059 1267 1230 1330 Valla,
1257 1267 1343 1321 vir
1382 1268 1597 1340 alioqui
1633 1269 1992 1325 doctissimus
2043 1277 2097 1326 et

398 1351 542 1404 acris
569 1355 694 1405 tum
723 1352 947 1424 ingenii
975 1358 1099 1408 tum
1124 1355 1349 1424 judicii,
1373 1357 1520 1411 libro
1553 1358 1622 1412 de
1656 1359 1798 1413 Vero
1817 1360 2095 1429 Falsoque

399 1441 552 1494 Bono
585 1442 768 1508 tertio,
797 1443 975 1496 nimia
996 1445 1301 1499 cavillandi
1337 1446 1577 1500 libidine
1624 1449 1893 1517 percitus,
1920 1450 2094 1503 nimis

397 1546 571 1600 quam
603 1530 1016 1602 insipienterin
1044 1534 1308 1588 Boetium
1339 1540 1599 1588 nostrum
1615 1536 1815 1603 fertur,
1843 1537 1940 1591 ubi
1964 1553 2096 1591 cou-

398 1619 580 1674 tendit
610 1635 744 1674 eum
773 1620 832 1673 in
860 1621 1001 1674 boni
1033 1623 1304 1676 vocabulo
1321 1639 1560 1690 errasse,
1586 1625 1739 1694 quod
1772 1631 1894 1680 tum
1917 1627 2095 1680 virtu-

399 1713 516 1761 tem
538 1713 659 1761 tum
688 1708 1017 1762 felicitatem
1047 1710 1349 1780 significet,
1386 1728 1809 1784 perperamque
1857 1715 1936 1769 ita
1979 1717 2096 1770 col-

398 1798 602 1867 legisse
636 1815 648 1851 :
681 1799 993 1866 Quicunque
1019 1803 1097 1852 est
1130 1801 1315 1862 bonus,
1341 1803 1389 1854 is
1430 1802 1590 1855 habet
1620 1803 1834 1857 bonum.
1905 1807 2100 1860 Verum

399 1885 570 1956 (quod
592 1887 730 1940 bona
757 1890 916 1941 venia
938 1888 1142 1943 dictum
1155 1889 1261 1959 sit)
1296 1891 1460 1945 Valla
1481 1893 1596 1960 ipse
1618 1892 1872 1960 pudendo
1919 1909 2100 1948 errore

400 1976 622 2043 labitur,
686 1992 805 2030 cum
865 1979 1109 2032 Boetium
1143 1980 1433 2046 insectans,
1486 1981 1678 2034 scribit
1721 1985 1977 2036 virtutem
2041 1999 2102 2037 ac

398 2067 595 2118 vitium
621 2067 857 2119 actiones
883 2080 1016 2132 esse,
1048 2068 1370 2132 felicitatem
1390 2085 1512 2122 vero
1535 2075 1698 2138 atque
1725 2072 2104 2137 infelicitatem

405 2156 718 2222 qualitates,
741 2169 826 2208 res
853 2159 1018 2209 etiam
1048 2155 1239 2223 e/Tectu
1261 2159 1378 2226 ipso
1402 2160 1546 2212 inter
1571 2174 1624 2213 se
1654 2161 1965 2229 longissime
2017 2162 2104 2215 di-

398 2248 623 2298 stantes.
648 2245 767 2300 Non
794 2247 933 2299 enim
966 2247 1048 2312 (ut
1077 2247 1170 2298 ille
1201 2248 1457 2316 somniat)
1490 2250 1667 2302 virtus
1698 2254 1746 2302 et
1771 2252 1968 2304 vitium
2008 2268 2100 2306 ac-

401 2334 567 2386 tiones
600 2337 748 2400 sunt,
781 2333 874 2387 sed
898 2334 1192 2402 qualitates
1225 2343 1273 2388 et
1307 2336 1475 2403 (quod
1523 2339 1650 2406 plus
1677 2340 1774 2407 est)
1819 2344 1877 2392 in
1927 2339 2106 2395 eodem

402 2423 693 2490 qualitatis
722 2437 912 2489 genere
944 2437 1065 2476 cum
1086 2425 1348 2488 felicitate
1365 2429 1416 2478 ct
1447 2427 1791 2493 infelicitate,
1815 2429 1874 2480 in
1905 2443 1961 2482 eo
1999 2432 2103 2484 sci-

403 2511 544 2576 licet,
569 2509 714 2578 quod
742 2511 1024 2564 Aristoteli
1052 2512 1271 2565 habitus
1303 2517 1351 2566 et
1381 2513 1669 2582 dispositio
1712 2520 1954 2571 vocatur.
2000 2519 2106 2573 Sed

403 2614 469 2651 ne
498 2603 619 2668 quis
651 2603 808 2666 erret,
843 2599 1382 2655 animadvertendum
1420 2608 1497 2656 est
1528 2603 1794 2672 duplicem
1825 2621 1935 2660 esse
1977 2608 2106 2673 feli-

405 2689 643 2754 citatem,
671 2690 899 2742 alteram
931 2690 1148 2758 quidem
1189 2692 1509 2760 inchoatam,
1550 2710 1714 2762 quam
1740 2695 1864 2750 “Dei
1917 2699 2105 2764 gratia

407 2778 560 2832 homo
583 2780 640 2831 in
675 2780 773 2832 hac
802 2782 918 2832 vita
949 2783 1212 2834 virtutum
1243 2782 1444 2836 studiis
1471 2786 1842 2853 consequitur,
1875 2792 1924 2839 et
1968 2787 2106 2841 hanc

406 2867 634 2921 dicimus
657 2882 771 2922 esse
791 2870 850 2921 in
876 2873 1060 2936 prima
1083 2873 1257 2938 specie
1306 2874 1596 2939 qualitatis
1633 2889 1645 2927 :
1705 2874 1934 2928 alteram
1982 2890 2104 2930 vero

405 2958 702 3025 perfectam
723 2959 773 3010 et
803 2958 1048 3011 omnibus
1078 2964 1316 3012 numeris
1363 2960 1688 3023 absolutam,
1750 2964 1904 3030 cujus
1952 2980 2103 3018 nemo

405 3048 531 3099 ante
547 3050 768 3099 mortem
801 3061 1011 3115 compos
1055 3052 1130 3114 fit,
1151 3064 1268 3116 qua:
1298 3054 1348 3103 et
1378 3065 1496 3104 cum
1526 3066 1731 3105 sum-mo
1791 3053 1921 3107 bono
1970 3057 2100 3107 Deo-

405 3150 507 3203 que
559 3135 798 3202 ejusdem
834 3141 911 3190 est
951 3136 1290 3206 substantiae,
1343 3143 1404 3192 ut
1432 3155 1607 3210 supra
1634 3141 1938 3209 [probatum
1981 3149 2100 3196 est:

402 3239 623 3292 eamque
652 3224 714 3277 ob
761 3227 1093 3292 inﬁnitatem
1147 3227 1248 3279 sub
1289 3229 1439 3281 nullo
1466 3229 1886 3296 praedicamento
1941 3233 2102 3286 collo-

405 3313 636 3366 candum
663 3328 954 3366 censemus.
1001 3314 1234 3367 Proinde
1262 3321 1400 3369 recte
1433 3317 1579 3371 dixit
1609 3319 1824 3373 Boetius
1877 3335 1982 3373 non
2013 3322 2104 3374 bo-

403 3416 532 3453 num
557 3402 704 3452 ultra
725 3402 853 3468 jure
880 3404 1080 3464 vocari,
1104 3407 1198 3470 qui
1220 3409 1402 3457 careat
1427 3405 1581 3471 bono,
1617 3407 1711 3460 hoc
1743 3413 1841 3472 est,
1878 3412 2104 3476 quicun-

405 3505 506 3558 que
546 3489 715 3542 bonus
739 3494 831 3550 est,
865 3504 982 3542 eum.
1031 3491 1224 3544 habere
1266 3492 1482 3556 bonum,
1515 3497 1629 3547 sive
1664 3498 1938 3563 virtutem,
1991 3503 2104 3553 sive

406 3577 563 3629 malis
594 3577 913 3641 felicitatem
934 3583 1198 3647 accipere,
1231 3596 1339 3633 non
1357 3583 1658 3649 perfectam
1680 3585 1897 3651 quidem
1928 3587 2099 3652 illam,

402 3666 498 3719 sed
519 3668 846 3733 inchoatam,
881 3682 999 3735 quae
1028 3683 1134 3721 non
1161 3669 1351 3737 differt
1381 3685 1415 3722 a
1437 3672 1663 3739 virtute,
1693 3673 1787 3726 sed
1816 3677 1865 3727 ei
1897 3682 1973 3728 est
2010 3692 2100 3730 ea-

405 3755 523 3808 dem
557 3771 568 3807 :
603 3754 750 3823 quod
775 3761 822 3809 et
851 3757 1117 3824 propheta
1151 3761 1446 3826 testiﬁcaris
1479 3775 1490 3812 :
1527 3762 1723 3816 Beatus
1754 3767 1858 3830 vir,
1896 3763 2098 3833 inquit,

404 3847 513 3909 cui,
548 3859 652 3897 non
671 3847 965 3913 imputavit
993 3848 1252 3901 Dominus
1295 3855 1572 3916 peccatum
1595 3867 1686 3904 nec
1714 3858 1791 3905 est
1841 3857 1897 3906 in
1927 3857 2102 3923 spiri-

407 3938 463 3986 tu
493 3932 609 4002 ejus
640 3933 793 3986 dolus
816 3933 978 4003 (Psal.
1007 3935 1182 4002 xxxx).
1217 3936 1285 3990 Et
1313 3937 1519 3992 beatus
1558 3942 1894 3995 Ambrosius
1949 3945 2100 3998 libro

405 4021 474 4075 de
541 4022 740 4075 ciliciis
781 4023 1075 4079 secundo:
1131 4026 1344 4080 Certum
1383 4033 1460 4082 est
1509 4030 1681 4083 solum
1739 4037 1789 4085 et
1831 4047 2100 4088 summum

405 4112 598 4165 bonum
620 4127 728 4165 esse
758 4115 1032 4181 virtutem,
1067 4129 1288 4183 eamque
1318 4116 1600 4171 abundare
1627 4120 1797 4173 solam
1844 4121 1917 4174 ad
1976 4126 2102 4178 vitae

402 4203 643 4266 fructum
671 4201 853 4264 beatae,
895 4217 988 4256 nec
1051 4209 1289 4258 eastern-is
1339 4211 1436 4260 aut
1483 4211 1726 4276 corporis
1783 4209 1953 4278 bonis,
2004 4212 2100 4267 sed

406 4292 603 4344 virtute
621 4293 737 4344 sola
764 4295 934 4345 vitam
963 4297 1218 4361 praestari
1250 4295 1480 4363 beatam,
1500 4313 1599 4365 per
1625 4314 1789 4367 quam
1807 4303 1922 4374 vita
1940 4306 2095 4356 aiter-

404 4396 475 4432 na
508 4381 836 4448 acquiritur.
871 4381 937 4434 Et
963 4381 1150 4435 subdit
1173 4383 1325 4437 idem
1358 4387 1564 4438 eodem
1594 4386 1654 4440 in
1678 4387 1822 4441 libro
1851 4405 1863 4443 :
1899 4390 1961 4442 In
1993 4405 2098 4455 quo

405 4485 515 4522 una
544 4471 720 4524 virtus
750 4477 846 4537 est,
881 4476 1207 4525 concurrunt
1235 4477 1454 4527 caeterae.
1512 4474 1664 4539 Quod
1694 4476 1812 4530 ideo
1843 4482 2099 4547 apposui,

404 4574 468 4610 ne
497 4561 616 4626 quis
639 4561 833 4624 forsan
863 4561 1061 4613 stultus
1093 4567 1141 4613 et
1170 4559 1375 4629 impius
1397 4565 1651 4630 opinetur
1707 4569 1901 4620 virtuti
1939 4571 2098 4636 vitia,

406 4663 524 4716 qua:
553 4651 777 4702 miseros
808 4648 1045 4702 homines
1069 4649 1328 4715 reddunt,
1360 4651 1638 4706 cohaerere.
1665 4652 1926 4708 Socrates
1948 4657 2102 4726 apud

405 4737 705 4791 Platonem
730 4736 1121 4805 :Quamobrem
1150 4742 1363 4792 omnino
1383 4744 1744 4795 necessarium
1763 4748 1860 4809 est,
1890 4743 2100 4814 inquit,

404 4841 434 4879 ο
466 4827 728 4893 Callicles,
763 4832 1116 4895 temperatum
1146 4831 1346 4895 virum,
1380 4845 1497 4883 cum
1521 4830 1888 4899 (utdimimus)
1915 4835 2100 4900 justus

404 4921 454 4967 et
481 4917 643 4980 fortis
678 4917 750 4969 sit
788 4920 838 4968 et
860 4918 1010 4984 pius,
1042 4931 1154 4971 esse
1179 4923 1415 4986 perfecte
1443 4919 1656 4973 bonum.
1698 4922 1906 4974 Bonum
1970 4938 2092 4976 vero

407 5003 532 5055 bene
563 5003 879 5072 honesteque
905 5020 1083 5072 agere,
1115 5007 1389 5075 quidquid
1419 5013 1568 5076 agat.
1620 5012 1758 5062 Eum
1785 5015 1964 5064 autem
2007 5014 2104 5080 qui

407 5092 532 5146 bene
557 5096 694 5161 agit,
727 5094 938 5159 felicem
967 5109 1077 5148 esse
1122 5101 1284 5164 atque
1317 5097 1548 5151 beatum.
1604 5099 1919 5166 Improbum
1978 5117 2100 5156 vero

406 5198 467 5236 ac
488 5184 627 5236 male
655 5187 920 5250 agentem,
948 5199 1057 5238 esse
1085 5189 1360 5241 miserum.

476 5308 652 5372 Quare
711 5308 902 5376 probos
947 5323 1118 5363 mores
1149 5324 1252 5363 sua
1316 5314 1550 5379 praemia
1610 5314 1950 5384 relinquunt]
1998 5315 2100 5369 Di-

411 5411 507 5448 vus
533 5397 863 5451 Ambrosius
891 5397 1220 5452 Ofﬁciorum
1249 5397 1399 5453 libro
1431 5400 1617 5470 primo
1654 5418 1665 5455 :
1699 5402 1853 5470 Ergo
1899 5406 2099 5474 impius

409 5486 524 5553 ipse
551 5486 657 5538 sibi
685 5503 846 5555 perna
876 5491 973 5553 est,
1013 5487 1200 5556 justus
1231 5492 1408 5541 autem
1451 5491 1567 5558 ipse
1612 5492 1719 5544 sibi
1762 5495 1967 5559 gratia.
2032 5496 2099 5548 Et

409 5577 627 5640 utrique
653 5578 750 5628 aut
780 5575 1036 5631 bonorum
1065 5580 1160 5630 aut
1208 5577 1470 5632 malorum
1517 5594 1738 5648 operum
1785 5598 1982 5639 merces
2031 5599 2097 5638 ea:

2328 474 2445 538 Ipsa
2467 477 2679 539 quidem
2709 479 2876 529 virtus
2908 481 3120 531 sibimet
3147 483 3497 545 pulcherrima
3517 502 3710 540 merces.

2274 567 2465 620 Evenit
2495 569 2688 634 igitur]
2745 570 2991 625 Joannes
3047 573 3377 629 Franciscus
3411 575 3566 631 Picus
3617 580 3672 634 in
3712 598 3834 638 com-

2201 656 2502 709 mentariis
2533 658 2765 712 secundi
2803 659 3004 730 hymni
3037 660 3256 716 heroici
3285 681 3297 717 :
3325 667 3582 721 Dicuntur
3609 674 3660 723 in
3681 686 3736 725 ea
3760 675 3840 728 ho-

2201 747 2369 799 mines
2397 747 2556 800 bruta
2582 751 2839 815 converti,
2871 766 3103 819 quorum
3126 752 3356 821 affectus
3389 759 3558 810 nimia
3584 761 3835 817 voluntatis

2199 838 2568 903 propensione,
2602 852 2809 906 usuque
2838 841 3070 894 rationis
3091 843 3425 910 posthabito,
3461 855 3835 915 consequuntur.

2202 924 2291 979 Sic
2322 927 2380 978 in
2412 926 2608 980 leonem
2655 929 2972 996 iracundus,
3013 932 3071 983 in
3107 933 3320 1001 vulpem
3366 939 3598 1000 astutus,
3636 940 3688 991 in
3727 955 3843 994 suem

2201 1029 2452 1069 venereus
2481 1020 2717 1069 converti
2754 1016 2981 1071 dicitur.
3043 1021 3178 1074 Hinc
3227 1022 3377 1090 apud
3432 1025 3765 1092 Pythagoreos
3808 1034 3844 1083 et

2203 1103 2503 1157 Platonicos
2557 1105 2828 1161 'iominum
2881 1109 3388 1174 transformationes
3424 1115 3482 1166 in
3532 1113 3698 1176 bruta,
3739 1134 3846 1185 quas

2205 1193 2380 1261 lepide
2408 1209 2616 1262 quoque
2636 1197 2926 1252 Severinus
2957 1198 3224 1254 adnotans
3273 1201 3656 1257 subindica'vit.
3697 1210 3846 1260 Anto-

2207 1281 2337 1335 nius
2368 1283 2584 1338 Codrus
2614 1301 2879 1341 sermone
2915 1287 3100 1358 primo
3136 1306 3148 1344 :
3181 1291 3334 1346 Sicut
3365 1294 3549 1347 anima
3607 1297 3846 1350 rationalis

2205 1375 2255 1424 et
2279 1373 2454 1440 proba
2481 1376 2716 1440 formam
2745 1383 2970 1444 praestat
3026 1379 3250 1444 homini,
3299 1385 3348 1434 et
3381 1382 3537 1435 illum
3581 1382 3843 1438 dirinitatis

2202 1465 2528 1530 participem
2556 1466 2697 1528 facit
2732 1481 2744 1520 :
2813 1469 2888 1520 sic
2920 1469 3284 1534 irrationalis,
3336 1477 3384 1524 et
3441 1472 3676 1540 improba
3701 1478 3846 1542 pecori

2205 1551 2440 1615 formam
2472 1554 2683 1620 tribuit,
2700 1558 2751 1608 et
2781 1556 3044 1611 hominem
3075 1573 3108 1612 a
3134 1563 3275 1613 recto
3312 1559 3662 1615 discedentem
3703 1567 3850 1616 tram-

2137 1665 2177 1717 Β
2205 1640 2409 1705 format
2433 1643 2490 1694 in
2530 1643 2780 1697 belluam.
2817 1647 3023 1714 Corpus
3053 1662 3178 1714 ergo
3208 1650 3291 1717 (ut
3317 1649 3468 1703 vobis
3498 1651 3722 1719 ostende)
3764 1667 3844 1705 non

2208 1731 2346 1794 facit
2377 1731 2664 1797 hominem,
2697 1734 2792 1786 sed
2812 1737 3017 1788 anima.
3067 1736 3214 1790 Unde
3255 1744 3400 1791 recte
3445 1741 3597 1792 Plato
3628 1745 3697 1804 (ut
3739 1743 3852 1808 reor)

2207 1817 2380 1872 dicere
2413 1820 2634 1887 solebat,
2669 1820 2761 1872 οὐκ
2801 1824 2940 1875 ἔστιν
2998 1825 3264 1897 ἄνθρωπος
3307 1829 3365 1877 τὸ
3399 1828 3662 1900 ὁρώμενον,
3705 1829 3755 1882 id
3795 1835 3850 1882 est

2206 1922 2314 1960 non
2345 1913 2422 1962 est
2455 1909 2609 1964 homo
2638 1911 2699 1964 id
2727 1913 2873 1979 quod
2901 1914 3138 1968 videtur.
3171 1916 3348 1981 Quare
3367 1932 3459 1970 vos
3513 1917 3730 1972 Codrum
3770 1934 3849 1970 non

2207 1997 2427 2063 videtis,
2449 1998 2542 2052 sed
2565 2001 2783 2066 faciem,
2832 2002 2926 2055 sed
2956 2019 3147 2058 manus
3179 2010 3228 2058 et
3255 2006 3499 2059 membra
3529 2005 3698 2061 Codri.
3741 2009 3851 2074 Ergo

2212 2087 2516 2140 alienarum
2553 2103 2713 2156 opum
2742 2091 3006 2145 violentus
3029 2100 3259 2160 ereptor,
3290 2095 3481 2162 lupum
3510 2110 3564 2148 se
3599 2095 3739 2161 facit.
3775 2096 3852 2160 Qui

2212 2176 2506 2230 insidiator
2545 2182 2623 2231 est
2670 2184 2720 2232 et
2747 2181 3163 2246 fraudulentus,
3186 2189 3430 2236 astutam
3481 2184 3673 2251 vapido
3712 2188 3854 2250 portat

2211 2264 2309 2318 sub
2336 2270 2549 2333 pectore
2577 2268 2811 2335 vulpem.
2847 2269 2951 2334 Qui
2983 2270 3306 2326 libidinosus
3340 2277 3419 2326 est
3467 2278 3517 2326 et
3555 2277 3748 2341 spurcis
3786 2288 3850 2325 1U-

2215 2355 2518 2422 luptatibus
2553 2357 2856 2424 immersus,
2879 2361 2938 2412 in
2967 2359 3177 2413 hircum
3207 2375 3262 2414 se
3290 2363 3376 2415 vel
3395 2363 3453 2414 in
3475 2377 3619 2416 suem
3639 2365 3854 2424 transfor-

2211 2445 2400 2497 mavit.
2434 2445 2537 2509 Qui
2562 2445 2804 2511 linguam
2842 2447 2984 2501 hunc
3027 2452 3077 2501 et
3117 2450 3273 2503 illum
3333 2451 3624 2505 mordenda
3662 2457 3849 2511 exercet,

2214 2535 2363 2585 canis
2390 2538 2486 2586 est.
2514 2535 2597 2587 Ita
2610 2539 2660 2587 et
2676 2536 2734 2587 in
2759 2536 2899 2590 alias
2916 2537 3118 2591 belluas
3137 2538 3407 2592 hominem
3428 2542 3629 2593 mutari
3651 2540 3853 2604 dicimus,

2215 2635 2334 2674 cum
2357 2620 2569 2676 deserta
2593 2626 2806 2678 ratione
2833 2626 3210 2680 irrationalem
3243 2630 3413 2681 sumit
3445 2632 3741 2696 appetitum.

2815 2731 2885 2783 IN
2912 2731 3197 2786 METauu
3223 2714 3358 2789 In.‘

2286 2816 2529 2871 Carmen
2560 2822 2643 2872 est
2681 2819 3036 2890 Glyconium,
3059 2822 3243 2877 simile
3265 2830 3425 2879 sexto
3464 2823 3632 2894 primi
3663 2822 3853 2876 volumi-

2216 2904 2325 2972 nis,
2357 2921 2556 2960 verum
2586 2907 2646 2961 in
2676 2908 2785 2962 hoc
2804 2909 2920 2963 fere
2952 2910 3174 2980 primus
3198 2928 3296 2982 pes
3330 2914 3611 2967 trochaeus
3657 2919 3745 2979 est,
3789 2911 3853 2963 ul-

2145 2967 2185 3021 C
2214 2967 2355 3048 timo
2413 2998 2636 3050 tantum
2692 3013 2854 3051 versu
2889 2967 3143 3070 excepto,
3172 2967 3270 3054 tibi
3325 3003 3615 3072 spondeus
3655 2967 3851 3072 primam

2211 3084 2507 3152 regionem
2539 3090 2695 3140 tenet
2732 3103 2743 3140 :
2777 3104 2949 3158 quem
2990 3089 3035 3142 si
3058 3090 3186 3159 quis
3214 3090 3293 3143 ita
3325 3091 3555 3161 legerit.
3598 3091 3770 3146 Mentis
3795 3089 3853 3141 ul-

2213 3188 2338 3226 cerc
2372 3174 2633 3241 saeviunt,
2661 3176 2875 3247 ubique
2904 3178 3108 3247 primae
3131 3180 3358 3249 regioni
3396 3181 3696 3235 trochmum
3725 3177 3852 3233 dede-

2212 3262 2304 3321 rit,
2337 3267 2393 3317 at
2419 3279 2484 3316 ea
2517 3267 2837 3319 communis
2869 3271 2952 3320 est
2981 3269 3256 3337 spondeo,
3286 3271 3562 3331 trochaeo,
3593 3275 3645 3323 et
3681 3268 3848 3322 iambo.

2214 3358 2274 3404 ut
2305 3357 2362 3405 et
2390 3369 2558 3423 supra
2593 3355 2912 3423 docuimus,
2953 3360 3006 3409 et
3038 3357 3202 3411 facile
3254 3359 3422 3412 nobis
3481 3358 3846 3430 astipulabitur,

2214 3440 2542 3512 quicunque
2574 3443 2877 3514 diligenter
2919 3445 3226 3508 Catullum,
3261 3448 3576 3511 Horatium,
3630 3451 3850 3502 Senecam

2212 3530 2512 3599 tragicum,
2546 3533 2973 3592 Terentianum.
2995 3540 3051 3588 et
3080 3550 3144 3588 ex
3166 3537 3583 3592 recentioribus
3604 3535 3850 3590 Marullum

2213 3620 2437 3690 legerit.
2476 3621 2568 3674 Ait
2610 3627 2801 3676 autem
2856 3623 3240 3695 PhilosoPhia,
3295 3627 3479 3680 multo
3519 3624 3852 3697 pestilentiora

2213 3726 2333 3763 esse
2383 3711 2558 3764 animi
2611 3711 2745 3764 vitia
2793 3712 2980 3766 Circes
3030 3713 3266 3784 magicis
3306 3714 3766 3770 incantationibus
3810 3715 3850 3760 et

2212 3799 2521 3866 veneﬁciis,
2551 3816 2676 3870 qum
2707 3802 3041 3871 corporibus
3071 3807 3316 3869 tantum,
3341 3819 3465 3858 non
3495 3805 3656 3857 etiam
3687 3800 3850 3855 menti-

2211 3889 2315 3943 bus
2344 3889 2601 3944 nocuisse
2632 3891 2954 3945 traduntur.
2995 3891 3144 3945 Vitia
3173 3908 3306 3946 vero
3353 3893 3646 3948 teterrima
3686 3887 3852 3944 animis

2210 3978 2526 4047 perniciem
2548 3978 2822 4033 inferunt.

2281 4069 2482 4122 Neritii
2519 4067 2691 4136 ducis]
2724 4069 2950 4138 Ulyssis.
2988 4070 3214 4123 Neritus
3240 4071 3255 4138 (
3266 4076 3326 4123 ut
3352 4071 3454 4125 lib.
3487 4087 3519 4125 x
3546 4071 3699 4124 docet
3728 4068 3852 4120 Stra-

2209 4154 2303 4224 bo)
2328 4172 2491 4210 mons
2519 4164 2603 4210 est
2621 4157 2928 4211 frondosus
2947 4159 3005 4210 in
3036 4158 3223 4213 insula
3255 4160 3469 4227 Ithaca,
3511 4176 3675 4231 quam
3700 4166 3848 4211 tenuu

2141 4253 2183 4307 D
2217 4245 2456 4315 Ulysses,
2498 4246 2597 4316 qui
2628 4246 2837 4299 dicitur
2859 4237 2988 4302 inde
3018 4247 3130 4301 dux
3167 4248 3442 4303 Neritius.
3478 4249 3729 4304 Ovidius:

2333 4352 2431 4417 Pro
2453 4352 2586 4417 duce
2617 4353 2981 4417 Neritiodocti
3013 4356 3151 4402 mala
3181 4360 3362 4402 nostra
3395 4362 3562 4417 poetas

2399 4414 2641 4474 Scribitc,
2675 4416 2870 4464 Neritio
2898 4430 3020 4464 nam
3052 4417 3190 4465 male
3213 4419 3363 4479 plura
3397 4414 3514 4467 tuli.

2283 4511 2492 4584 Pelago]
2525 4512 2678 4578 Mari,
2709 4529 2814 4583 per
2835 4529 3013 4568 mare.

2282 4600 2459 4672 Rates)
2499 4603 2697 4656 Naves.

2283 4690 2419 4758 Qua]
2454 4691 2514 4742 In
2546 4707 2658 4760 qua
2680 4689 2885 4744 insula.

2283 4779 2412 4847 Dea]
2445 4779 2616 4832 Circe.
2645 4781 2770 4833 Haec
2802 4780 2882 4847 (ut
2921 4781 3195 4834 Homerus
3243 4783 3466 4852 scribit)
3498 4783 3612 4838 ﬁlia
3648 4780 3744 4834 fuit
3776 4779 3854 4830 So-

2212 4868 2280 4922 lis
2311 4885 2374 4922 ex
2411 4871 2573 4923 Perse
2618 4870 2825 4924 Oceani
2871 4871 3006 4936 tilia,
3041 4887 3203 4925 soror
3232 4871 3384 4927 OEtiP.
3422 4874 3745 4926 Colchorum
3781 4883 3853 4920 re-

2211 4959 2317 5028 gis,
2346 4957 2579 5027 magicae
2629 4958 2924 5028 sapientize
2958 4959 3327 5029 peritissima.
3388 4960 3667 5014 Habitavit
3697 4961 3850 5010 autem

2211 5045 2267 5100 in
2300 5049 2430 5100 Ama
2461 5047 2648 5100 insula
2690 5048 2919 5101 editiori
2950 5049 3006 5101 in
3040 5050 3179 5116 loco,
3208 5065 3376 5119 quem
3401 5050 3610 5103 circum
3633 5046 3854 5100 errabant

2211 5142 2266 5189 et
2299 5136 2418 5189 ursi
2450 5141 2503 5189 et
2553 5137 2764 5201 leones,
2808 5153 2950 5207 quos
2999 5137 3092 5190 illa
3143 5138 3430 5192 veneficiis
3477 5138 3601 5192 cibo
3642 5142 3690 5188 et
3731 5128 3851 5204 potui

2209 5225 2476 5278 immistis
2499 5241 2561 5278 ex
2596 5226 2924 5279 hominibus
2958 5227 3103 5280 feras
3147 5227 3374 5284 fecerat.
3405 5231 3594 5280 tamen
3626 5225 3679 5277 in
3710 5217 3852 5275 homi-

2208 5332 2307 5369 nes
2339 5331 2450 5368 non
2487 5315 2818 5381 serviebant,
2852 5317 2946 5368 sed
2979 5317 3152 5370 veluti
3177 5333 3344 5369 canes
3376 5315 3753 5369 adulabautur.
3781 5307 3851 5360 llle

2210 5404 2387 5457 socios
2422 5404 2629 5473 Ulyssis
2660 5405 2827 5456 vertit
2870 5404 2926 5456 in
2959 5421 3164 5473 porcos
3198 5448 3209 5471 _.
3242 5408 3449 5474 prmter
3500 5399 3849 5470 Eurylochum.

2209 5494 2304 5564 qui
2331 5494 2586 5547 fraudem
2633 5494 2686 5546 in
2714 5493 2957 5547 mdilicio
2989 5511 3110 5548 esse
3141 5495 3476 5564 suspicatus,
3503 5508 3612 5544 non
3639 5489 3846 5541 intravu.

2209 5584 2452 5654 Legatur
2500 5583 2780 5638 Homerus
2813 5582 2960 5636 libro
2989 5583 3250 5653 Odyssean
3285 5601 3336 5650 x,
3372 5581 3630 5652 Virgilius
3692 5579 3845 5629 :‘Enei-
