4054 6184
152 297 288 350 1049

143 519 301 573 culus
333 517 430 572 lib.
465 534 520 571 ν.

209 609 348 663 Solis
379 607 529 661 edita
570 606 790 677 semine]
824 608 920 662 Vel
949 607 1069 663 ﬁlia
1114 609 1279 675 Solis,
1313 615 1378 664 ut
1405 611 1484 666 ait
1522 613 1827 681 Homerus,

142 698 230 752 cui
260 698 414 752 Maro
446 695 751 750 subscribit.
775 713 787 749 :

325 784 479 833 Dives
509 784 804 833 inaccessos
827 784 917 832 ubi
945 783 1079 834 Solis
1107 785 1214 835 ﬁlia
1246 786 1394 837 lucos

326 847 546 895 Assiduo
564 851 779 895 resonat
801 851 961 896 cantu
981 862 990 895 :

142 933 194 982 et
224 927 460 982 Ovidius
487 945 498 981 :

327 1017 552 1064 Venerat
583 1017 638 1064 in
665 1015 822 1064 silvas
857 1020 908 1065 et
928 1015 1031 1064 ﬁlia
1058 1015 1193 1065 Solis
1222 1017 1430 1068 easdem

139 1098 228 1149 Vel
263 1097 350 1168 (ut
397 1097 646 1151 Diodoro
697 1098 906 1166 placet)
961 1114 1022 1150 ei
1094 1100 1256 1168 patre
1309 1100 1455 1155 Solis
1503 1101 1709 1172 neptis,
1768 1118 1833 1156 ex

138 1192 320 1242 matre
354 1189 558 1241 Hecate
591 1187 890 1259 proneptis
918 1189 1059 1255 ejus.

205 1275 484 1347 Carmine]
523 1277 935 1330 lncantatione.
974 1276 1280 1346 Virgilius:

321 1365 654 1413 Carminibus
677 1365 820 1413 Circe
850 1365 1023 1415 socios
1048 1366 1274 1416 mutavit
1301 1366 1521 1429 Ulyssei.

203 1445 368 1517 Quos]
405 1446 696 1515 Hospites.

208 1537 300 1605 Ut]
337 1537 671 1606 Postquam.

202 1627 266 1680 In
289 1627 473 1679 varios
500 1623 702 1694 modos]
735 1623 801 1677 1n
830 1622 1082 1677 diversas
1113 1624 1436 1680 belluarnm
1467 1625 1697 1680 formas.

211 1713 411 1785 Vertit]
442 1713 690 1767 Mutavit.

201 1803 584 1871 Herbipotens]
617 1802 818 1856 Herbis
859 1806 1084 1872 potens.

201 1889 597 1963 Marmaricus]
656 1891 740 1945 Ab
776 1890 974 1945 Africae
1009 1890 1267 1961 regione,
1308 1890 1406 1945 ubi
1438 1891 1676 1962 plurimi
1706 1897 1838 1946 sunt

138 1980 360 2034 leones.

202 2073 374 2123 Dente
406 2070 593 2123 crescit
635 2072 685 2122 et
716 2067 1017 2140 unguibus]
1054 2069 1289 2138 Majores
1327 2068 1431 2123 sibi
1467 2073 1522 2124 et
1551 2070 1750 2125 dentes
1781 2076 1839 2126 et

137 2174 363 2227 ungues
393 2158 836 2212 transformatus
867 2158 926 2210 in
950 2159 1176 2212 leonem
1200 2158 1436 2228 accepit.

199 2247 628 2316 Superadditus]
664 2249 966 2317 Perperam
1009 2248 1205 2316 legunt
1248 2247 1488 2313 indocti,
1520 2263 1707 2318 nuper
1755 2249 1843 2302 ad-

133 2335 304 2389 ditus.

209 2423 420 2496 Ululat]
469 2423 660 2478 Prima
695 2427 922 2478 extenta
965 2423 1241 2494 positum,
1293 2441 1466 2496 quam
1498 2425 1647 2480 Maro
1703 2442 1838 2480 con-

139 2513 348 2567 traxit:

322 2600 398 2650 Ac
425 2601 607 2650 formae
639 2613 952 2662 magnorum
977 2599 1182 2649 ululare
1205 2601 1434 2650 leonum.

209 2684 395 2748 Tigris
425 2681 634 2752 Indica]
670 2681 758 2735 Sic
785 2681 1077 2735 luvenalis
1099 2686 1290 2752 satyra
1327 2686 1409 2736 l5.

295 2771 481 2820 [ndica
504 2770 670 2832 Tigris
701 2771 808 2833 agit
835 2769 1020 2819 rabida
1049 2783 1171 2819 cum
1200 2770 1394 2833 tigride
1421 2783 1622 2834 pacem.

139 2870 498 2940 Pomponius
535 2870 672 2923 Mela
713 2870 858 2923 libro
887 2868 1055 2922 tertio
1091 2885 1104 2923 :
1138 2870 1298 2924 Silvae
1327 2871 1442 2922 alia
1473 2885 1684 2939 quoque
1714 2870 1842 2924 dira

140 2962 432 3027 animalia,
461 2975 650 3014 verum
681 2962 730 3013 et
767 2961 952 3027 Tigres
991 2961 1178 3025 ferunt
1210 2961 1396 3028 utique
1420 2961 1716 3029 Hyrcaniae
1745 2976 1840 3014 sae-

139 3065 254 3102 vum
301 3051 552 3115 ferarum
577 3063 767 3119 genus,
799 3053 849 3102 et
886 3063 1057 3117 usque
1087 3064 1143 3102 eo
1188 3051 1410 3117 pernix,
1439 3054 1498 3102 ut
1543 3049 1654 3102 illis
1687 3051 1836 3116 longe
1875 3047 1914 3099 C

138 3154 352 3209 quoque
379 3152 726 3207 progressum
776 3139 1006 3206 equitem
1046 3141 1322 3207 consequi,
1375 3153 1464 3192 nec
1496 3143 1706 3192 tantum
1750 3154 1836 3192 se—

138 3230 253 3294 mel,
306 3227 408 3281 sed
449 3227 732 3292 aliquoties
765 3229 926 3280 etiam
956 3242 1117 3280 cursu
1162 3226 1303 3279 unde
1333 3231 1568 3295 coeperit,
1612 3227 1839 3281 subinde

138 3319 388 3386 repetito,
421 3316 639 3370 solitum
677 3318 727 3368 et
752 3316 917 3381 facile
946 3319 1035 3368 sit.
1070 3316 1248 3370 Causa
1285 3330 1350 3367 ea:
1381 3330 1436 3368 eo
1468 3320 1546 3368 est
1573 3316 1716 3383 quod
1748 3316 1841 3368 ubi

139 3407 223 3460 ille
274 3409 608 3474 interceptos
656 3419 841 3458 earum
888 3405 1094 3458 catulos
1143 3405 1279 3458 citus
1312 3407 1469 3472 caepit
1511 3405 1755 3469 avehere,
1791 3409 1839 3458 et

139 3495 346 3548 rabiem
388 3494 957 3564 appropinquantium
1002 3494 1398 3558 frustraturus,
1431 3495 1556 3546 astu
1581 3507 1749 3546 unum
1775 3492 1840 3546 de

136 3583 397 3652 pluribus
437 3584 659 3647 omittit,
695 3582 773 3635 hee
797 3582 1101 3650 projectum
1132 3583 1427 3649 accipiunt,
1459 3586 1510 3635 et
1540 3582 1614 3635 ad
1635 3582 1841 3635 cubilia

139 3687 235 3726 sua
272 3673 548 3737 referunt,
582 3686 904 3740 rursumque
929 3675 978 3724 et
999 3669 1197 3739 sapius
1218 3674 1482 3735 remeant,
1516 3674 1678 3738 atque
1697 3671 1838 3725 idem

141 3763 413 3830 efﬁciunt,
449 3760 611 3813 donec
657 3760 730 3812 ad
760 3763 1155 3827 frequentiora,
1194 3775 1358 3828 quam
1389 3759 1546 3812 adire
1577 3759 1838 3825 audeant,

139 3853 402 3919 profusus
444 3854 634 3917 raptor
663 3848 878 3901 evadat.
942 3848 1126 3919 Tigris
1172 3848 1258 3916 (ut
1302 3849 1463 3902 divus
1505 3849 1838 3902 Ambrosius

139 3941 280 3994 libro
318 3941 711 3992 Hexaemeron
746 3943 901 3991 sexto
938 3938 1131 4008 refert)
1165 3938 1259 3991 ubi
1286 3953 1520 3992 vacuum
1553 3942 1728 4006 rapta
1756 3953 1840 3992 so-

136 4031 262 4083 bolis
296 4029 475 4082 cubile
505 4030 721 4096 reperit,
747 4029 894 4081 illico
925 4027 1170 4094 vestigiis
1196 4030 1438 4096 raptoris
1486 4029 1713 4082 insistit.
1766 4029 1842 4081 At

135 4120 219 4171 ille
238 4119 494 4187 quamvis
525 4131 658 4187 equo
691 4121 866 4169 vectus
891 4118 1104 4183 fugaci,
1129 4117 1323 4170 videns
1349 4121 1527 4170 tamen
1559 4119 1844 4170 velocitate

136 4210 265 4273 ferae
293 4223 355 4262 se
384 4221 538 4275 posse
579 4209 856 4274 )n'aeverti,
913 4222 1005 4259 nec
1044 4205 1310 4258 evadendi
1363 4205 1532 4257 ullum
1563 4208 1844 4273 suppetere

140 4299 242 4350 sibi
259 4312 422 4366 posse
451 4295 781 4362 subsidium,
837 4297 1081 4348 technam
1121 4295 1436 4362 hujnsmodi
1454 4294 1656 4360 fraude
1689 4295 1840 4347 moli-

145 4391 268 4449 tur;
288 4387 389 4440 ubi
419 4401 473 4440 se
510 4388 820 4452 contiguum
858 4385 1081 4449 viderit,
1113 4385 1383 4453 sphaeram
1417 4383 1482 4436 de
1511 4386 1628 4437 viro
1657 4383 1844 4451 proji-

147 4477 233 4529 cit.
269 4477 352 4529 At
382 4475 482 4527 illa
504 4476 739 4539 imagine
768 4475 854 4526 sui
886 4473 1116 4540 luditur,
1151 4479 1199 4526 et
1233 4473 1460 4526 sobolem
1487 4476 1670 4540 putat,
1694 4486 1846 4524 revo-

148 4569 229 4617 cat
259 4567 547 4632 impetum,
594 4564 843 4629 colligere
881 4566 1053 4628 fetum
1083 4561 1423 4615 desiderans.
1456 4563 1664 4616 Rursus
1697 4562 1851 4613 inani

148 4657 320 4721 Specie
380 4657 609 4717 retenta,
667 4656 790 4705 totis
822 4665 875 4704 se
905 4651 979 4704 ad
1029 4651 1585 4719 comprehendendum
1614 4654 1850 4718 equitem

146 4744 356 4796 viribus
405 4741 618 4807 fundit,
660 4746 706 4793 et
739 4740 1038 4794 iracundia:
1084 4742 1300 4794 stimulo
1332 4741 1578 4804 velocior,
1611 4741 1849 4805 fugienti

145 4835 411 4886 imminet.
450 4831 541 4884 Ille
585 4833 779 4884 iterum
809 4831 1032 4897 spherae
1079 4828 1287 4896 objecta
1334 4833 1635 4896 sequentem
1668 4832 1844 4881 retar-

146 4921 256 4974 dat.
293 4923 404 4976 Nec
466 4925 642 4972 tamen
685 4918 1028 4972 sedulitatem
1082 4917 1275 4971 matris
1330 4919 1586 4971 memoria
1625 4917 1846 4982 fraudis

143 5009 412 5063 excludit.
466 5009 684 5063 Cassam
732 5012 911 5060 versat
942 5009 1253 5072 imaginem,
1297 5010 1346 5059 et
1377 5009 1534 5071 quasi
1573 5007 1846 5059 laetatura

139 5100 277 5166 fetus
310 5099 534 5152 residet.
570 5099 659 5153 Sic
693 5100 918 5166 pietatis
969 5111 1078 5150 sum
1122 5095 1304 5149 studio
1351 5097 1589 5164 decepta,
1641 5098 1689 5148 et
1719 5097 1844 5148 vin-

141 5187 346 5243 dictam
372 5189 579 5241 amittit
609 5193 656 5239 et
681 5187 910 5254 prolem.

207 5277 389 5347 Mitis]
423 5276 654 5329 Nemini
694 5275 809 5328 vim
869 5273 1137 5328 inferens.
1199 5272 1288 5327 Sic
1318 5289 1384 5326 ex
1432 5273 1663 5328 Homeri
1720 5289 1844 5326 sen-

141 5368 323 5420 tentia
348 5366 620 5420 Ovidius:

295 5487 440 5536 Mille
473 5489 600 5550 lupi,
639 5487 883 5549 mistique
912 5487 1050 5549 lupis
1075 5486 1287 5550 ursique
1314 5485 1515 5550 lemque

293 5547 544 5598 Ορυηηιί
561 5551 729 5598 fecere
763 5547 987 5604 metum;
1019 5548 1108 5596 sed
1141 5548 1285 5595 nulla
1313 5547 1562 5595 timenda.

297 5612 558 5674 Nullaque
584 5617 694 5661 erat
712 5616 890 5674 nostro
907 5611 1116 5673 jactura
1145 5611 1200 5658 in
1224 5622 1440 5672 corpore
1469 5608 1681 5674 vulnus,

297 5675 442 5732 Quin
463 5671 619 5724 etiam
649 5673 871 5724 blandas
901 5671 1114 5722 movere
1145 5686 1236 5735 per
1264 5671 1386 5722 aera
1410 5671 1621 5720 caudas.

1369 387 1382 393 —
1428 301 1815 356 MURMELLII
1856 302 2369 362 COMMENTARIA.

140 430 238 483 dos
277 444 372 495 vn,
403 427 634 482 Ovidius
680 443 774 482 xxv
819 429 1216 500 Metamorph.,
1262 429 1541 486 Diodorus
1572 449 1705 487 vero
1737 433 1829 488 81-
1869 437 1915 490 Α

3527 317 3655 367 1050

2071 439 2362 502 Nostraque
2385 438 2662 490 adulantes
2687 441 2944 490 comitant
2973 443 3214 505 vestigia.

2019 519 2190 591 Licet]
2227 521 2514 584 Quamvis.

2016 611 2244 674 Numen]
2282 609 2566 664 Potentia.

2013 699 2253 752 Arcadis
2280 699 2449 768 alitis]
2483 698 2743 752 Mercurii
2774 698 2835 753 in
2866 701 3121 755 Arcadiae
3170 707 3368 756 monte
3416 704 3652 775 Cyllene

1945 787 2143 856 geniti,
2173 789 2271 858 qui
2302 789 2538 857 tingitur
2566 805 2598 841 a
2622 788 2803 858 poetis
2837 790 3045 844 alatus.

2016 875 2238 948 Ducem]
2278 878 2555 946 Ulyssem.

2016 965 2264 1037 Solverit]
2299 966 2642 1020 liberaverit.

2016 1055 2181 1123 Peste‘,
2216 1055 2489 1121 Pernicic,
2525 1055 2586 1107 iu
2616 1071 2778 1108 suom
2812 1057 3337 1112 lransformatione.

2013 1145 2278 1213 Hospitis]
2311 1145 2512 1199 Circes.
2548 1145 2810 1197 Mercurii
2859 1147 3013 1200 enim
3055 1153 3178 1201 tum
3212 1148 3478 1214 consilio,
3530 1153 3652 1204 tum

1947 1232 2220 1286 beneﬁcio
2261 1232 2346 1302 (ut
2374 1233 2547 1286 refert
2588 1233 2886 1304 Homerus)
2920 1236 3142 1305 Ulysses
3175 1253 3247 1290 ne
3300 1238 3359 1292 in
3391 1238 3645 1292 belluam

1944 1322 2468 1388 transformarotur,
2523 1327 2776 1376 servatus
2824 1328 2926 1377 est.
2983 1326 3137 1379 Unde
3181 1326 3414 1380 Ovidius
3447 1329 3651 1382 llome-

1944 1425 2074 1464 rum
2101 1410 2380 1464 imitatus.

2070 1498 2268 1572 Racifer
2298 1499 2420 1572 huic
2451 1499 2666 1570 dederat
2696 1501 2875 1571 ﬂorem
2917 1501 3192 1572 Cyllenius
3225 1503 3433 1564 album,

2068 1562 2209 1622 Moly
2237 1567 2430 1610 vocant
2458 1563 2656 1622 superi,
2686 1564 2836 1624 nigra
2857 1562 3032 1613 radice
3060 1569 3267 1614 tenetur

2067 1623 2230 1686 Tutus
2257 1637 2336 1682 eo,
2369 1625 2689 1686 monitisque
2711 1623 2869 1674 simul
2893 1627 3194 1676 cmlestibus
3223 1629 3386 1676 intrat

2069 1684 2159 1733 llle
2181 1685 2397 1733 domum
2421 1684 2614 1734 Circes;

2022 1766 2286 1836 Rcmiges]
2342 1766 2550 1835 Ulyssis
2583 1765 2743 1819 socii.

2020 1855 2186 1924 Mala]
2249 1855 2447 1913 Noxia,
2483 1854 2752 1922 venelica,
2786 1856 3130 1926 perniciosa.

2029 1942 2355 2016 Tramerant]
2389 1944 2522 1997 Bibe
2531 1949 2678 1998 rant.

2022 2033 2264 2089 Cerealia
2296 2031 2520 2104 pabula]
2550 2033 2749 2086 Panes.

2022 2120 2245 2192 Glande]
2282 2123 2592 2175 Porcorum
2628 2121 2863 2191 pabulo.

2026 2210 2332 2278 Verterant]
2366 2210 2738 2264 Mutaverant.

2019 2298 2174 2367 Voce]
2209 2299 2480 2369 Loquela.

2022 2386 2276 2458 Corpore]
2317 2388 2478 2441 Deest
2508 2393 2574 2442 et.

2022 2475 2193 2547 Nihil]
2227 2476 2479 2530 Subaudi
2505 2480 2705 2545 praeter
2735 2480 2982 2531 mentem.

2022 2566 2218 2638 Super]
2251 2567 2509 2636 Insuper.

2024 2655 2287 2724 Monstra]
2309 2655 2881 2709 Transformationes.
2914 2655 3184 2726 Virgilius
3212 2673 3224 2709 :

2107 2743 2236 2800 Quae
2272 2757 2338 2791 ne
2362 2748 2601 2792 monstra
2626 2744 2694 2806 pii
2727 2748 3036 2806 paterentur
3075 2744 3201 2793 talia
3228 2759 3428 2794 manes.

2020 2824 2227 2896 Levem]
2267 2827 2476 2878 Parum
2509 2824 2819 2879 efﬁcacem.

2023 2914 2267 2984 Manum]
2307 2913 2649 2967 Potentiam.

2030 3002 2188 3076 Licet]
2226 3003 2512 3068 Quamvis.

2020 3093 2217 3161 Corda]
2250 3091 2507 3145 Animos.

2020 3183 2141 3234 Hazc
2174 3179 2392 3250 venena]
2432 3178 2598 3232 Vitia.

2011 3268 2306 3341 Potentius]
2345 3267 2634 3322 Efﬁcacius
2666 3283 2839 3337 quam
2871 3267 3056 3321 Circes
3087 3282 3328 3321 venena.

2021 3359 2158 3427 Sibi]
2190 3359 2246 3411 Ei
2281 3358 2410 3427 ipsi.
2443 3356 2783 3427 Acyrologia
2812 3361 2896 3409 est
2927 3356 3094 3410 metri
3127 3355 3332 3426 gratia.

2021 3446 2175 3518 Dira]
2211 3447 2499 3501 Pestifera.

2019 3535 2256 3607 Penitus]
2287 3537 2442 3589 Intra
2475 3534 2756 3588 animum.

2019 3627 2224 3680 Mentis
2268 3623 2502 3694 vulnere]
2537 3624 2694 3688 Quod
2721 3622 2972 3693 profecto
3005 3621 3251 3676 maxime
3281 3619 3441 3675 laedit
3470 3622 3657 3677 homi-

1949 3731 2100 3770 nem.
2146 3715 2319 3768 Divus
2374 3714 2708 3768 Ambrosius
2760 3712 2904 3765 libro
2965 3711 3348 3780 Epistolarum
3406 3711 3650 3781 quinto:

1948 3805 2144 3860 Nullus
2173 3806 2316 3856 enim
2362 3803 2538 3870 major
2568 3807 2644 3854 est
2689 3801 2840 3854 dolor
2872 3817 3036 3869 quam
3068 3804 3115 3854 is
3155 3802 3250 3868 qui
3284 3803 3495 3868 peccati
3541 3815 3658 3854 mu-

1949 3907 2104 3946 crone
2133 3893 2382 3944 vulnerat
2424 3891 2847 3943 conscientiam:
2895 3905 3065 3958 neque
3103 3891 3277 3943 ultum
3305 3891 3531 3954 gravius
3577 3893 3656 3943 est

1950 3995 2084 4035 onus
2123 3995 2286 4048 quam
2333 3983 2670 4047 peccatorum
2701 3980 2922 4032 sarcina
2967 3982 3015 4031 et
3048 3979 3260 4046 pondus
3286 3981 3648 4045 ﬂagitiorum.

1950 4070 2216 4136 Deprimit
2244 4068 2505 4133 animam,
2539 4069 2729 4118 curvat
2754 4081 2920 4132 usque
2950 4064 3023 4117 ad
3046 4070 3269 4129 terram,
3291 4080 3356 4118 ne
3371 4079 3426 4119 se
3450 4068 3656 4131 erigere

1948 4159 2141 4227 possit.
2177 4158 2385 4209 Gravia
2429 4156 2530 4223 ﬁli,
2577 4156 2774 4222 gravia
2814 4156 2977 4207 nimis
3030 4153 3346 4207 delictorum
3389 4153 3652 4220 pondera.

1954 4247 2106 4300 Idem
2140 4245 2284 4299 libro
2315 4245 2384 4298 de
2417 4244 2629 4299 Ofﬁciis
2659 4243 2847 4314 primo
2873 4259 2885 4297 :
2927 4242 3091 4299 Vides
3123 4243 3432 4295 convivium
3464 4256 3653 4310 pecca-

1885 4341 1926 4394 D
1961 4340 2110 4400 toris,
2142 4338 2420 4400 interroga
2450 4335 2828 4388 conscientiam
2863 4332 3000 4400 ejus.
3039 4333 3223 4388 Nonne
3267 4333 3494 4397 gravius
3539 4347 3655 4384 om-

1957 4426 2115 4479 nibus
2146 4426 2277 4489 fetet
2325 4423 2630 4493 sepulcris?
2667 4426 2898 4478 lntueris
2940 4423 3188 4475 laetitiam
3227 4420 3365 4488 ejus,
3408 4425 3458 4474 et
3505 4421 3655 4474 salu-

1961 4516 2212 4568 britatem
2254 4517 2477 4568 miraris
2507 4515 2767 4582 corporis,
2799 4514 3038 4582 ﬁliorum
3085 4517 3249 4579 atque
3286 4525 3447 4578 opum
3479 4510 3656 4562 abun-

1959 4603 2229 4657 dantiam.
2292 4604 2595 4671 Introspice
2643 4604 2845 4669 ulcera,
2895 4605 2945 4654 et
3010 4602 3219 4654 vivacis
3269 4601 3465 4653 animae
3515 4597 3654 4668 ejus,

1957 4691 2239 4758 cordisque
2281 4691 2718 4744 maestitudinem.
2755 4691 2968 4744 Rursus
3017 4687 3353 4742 Ofﬁciorum
3387 4704 3446 4740 ιιι
3485 4703 3498 4741 :
3533 4688 3660 4752 Quae

1957 4783 2099 4834 enim
2127 4795 2284 4848 poena
2315 4781 2538 4847 gravior
2577 4794 2738 4843 quam
2775 4779 3052 4831 interioris
3083 4778 3282 4830 vulnus
3301 4779 3655 4831 conscientia.

1959 4869 2267 4924 Lodovicus
2303 4869 2504 4936 Bigus:

2515 4955 2660 5003 Brevi
2694 4955 2947 5002 damnosa
2981 4954 3234 5016 voluptas

2141 5020 2394 5083 Nequitias
2417 5018 2624 5083 transit,
2654 5018 2744 5065 sed
2774 5019 3018 5083 vulnerat
3042 5031 3180 5078 ossa,
3208 5016 3486 5077 medullas,

2141 5079 2389 5142 Mentem,
2418 5082 2758 5142 animumque
2795 5079 2972 5127 simul.

1953 5162 2152 5216 ldem:

2104 5268 2355 5316 Fallimur
2374 5267 2476 5315 heu
2500 5266 2694 5325 miseri,
2732 5279 2840 5315 nou
2869 5271 2948 5316 est
2977 5268 3306 5316 extrinsecus
3336 5265 3499 5312 ullum

2140 5331 2455 5391 Flagitium:
2487 5330 2539 5376 in
2568 5329 2739 5377 medio
2771 5334 2977 5392 pectore
3010 5343 3172 5392 regna
3205 5331 3364 5377 tenet.

2110 5393 2312 5440 Vulnus
2331 5393 2443 5440 hiat
2464 5391 2672 5450 lctliale,
2696 5391 2868 5440 tamen
2894 5391 3156 5439 medicina
3187 5393 3402 5452 paratur

2137 5455 2306 5512 Nulla,
2342 5468 2438 5502 nec
2468 5468 2497 5501 a
2525 5455 2675 5502 nobis
2701 5455 2928 5503 curritur
2957 5454 3023 5501 ad
3055 5453 3339 5500 medicum.

2109 5517 2198 5564 Ilia
2225 5518 2266 5564 si
2294 5517 2526 5572 doleant,
2561 5518 2712 5565 terris
2733 5520 3163 5580 peragramuset
3185 5525 3386 5580 aequor,

2135 5580 2324 5627 Curam
2356 5580 2519 5627 animi
2552 5576 3048 5628 nullus'deﬁcientis
3081 5576 3258 5623 habet.

1947 5664 2058 5717 Nos
2086 5676 2314 5732 quoque
2349 5661 2486 5715 olim
2512 5661 2750 5731 juvenes
2783 5656 3112 5724 admodum,
3137 5655 3199 5709 in
3225 5653 3425 5726 elegiis
3457 5669 3648 5709 mora-
