4054 6184
384 313 503 363 1051

374 437 523 492 libus
554 434 632 487 sic
664 433 901 487 lusimus
928 446 1100 501 super
1130 447 1188 484 re
1221 432 1459 485 minime
1488 432 1705 485 ludicra
1730 449 1742 485 :

528 522 814 586 Splendida
834 521 1097 583 magniﬁci
1132 521 1302 568 cernis
1336 521 1578 586 convivia
1608 522 1764 583 regis,

591 586 833 633 Astantes
864 597 1072 646 pueros,
1102 597 1264 646 aurea
1289 597 1415 646 vasa
1443 583 1605 631 vides.

529 649 675 697 Illius
698 645 927 694 mentem
954 647 996 693 si
1018 646 1149 693 forte
1185 645 1362 693 videre
1394 645 1590 703 liceret,

590 711 773 759 Ulcera
801 709 1119 771 perspiceres
1146 708 1440 755 sordidiora
1472 708 1601 765 luto,

528 770 845 822 Innumeras
881 776 1069 833 pestes,
1098 774 1149 818 et
1178 770 1404 831 plurima
1431 775 1665 819 monstra
1688 770 1915 827 videres,

592 836 800 888 Inferno
831 834 988 895 longe
1017 834 1133 895 plus
1156 833 1405 895 fugienda
1436 846 1581 881 cane.
1832 854 1841 859 ι

976 932 1041 984 ΙΝ
1074 931 1350 985 PHOSAM
1384 932 1473 983 IV.

446 1024 556 1077 Hac
586 1038 752 1092 prosa
778 1021 1029 1091 primum
1064 1020 1298 1091 quidem
1326 1019 1530 1073 fatetur
1563 1018 1871 1073 Severinus
1900 1018 2065 1072 vitio-

376 1130 484 1178 sos,
521 1111 747 1165 tametsi
769 1111 1015 1181 speciem
1048 1109 1283 1163 humani
1320 1110 1577 1179 corporis
1606 1109 1917 1175 retineant,
1946 1108 2067 1161 ani-

376 1216 603 1254 morum
632 1204 828 1252 tamen
859 1197 1131 1268 qualitate
1164 1198 1225 1250 in
1256 1197 1476 1251 belluas
1506 1196 1926 1251 transformari.
1964 1198 2068 1249 Ve-

374 1306 503 1347 rum
534 1290 593 1343 id
623 1288 731 1341 sibi
752 1288 1011 1341 mirabile
1034 1303 1163 1340 cum
1187 1286 1408 1356 primis,
1442 1286 1864 1356 indignumque
1886 1286 2066 1340 videri

377 1379 475 1446 ait,
502 1380 562 1431 in
580 1382 796 1431 tantam
810 1378 1088 1430 vilitatem
1108 1376 1427 1446 abjectosin
1446 1376 1732 1430 bonorum
1750 1374 2069 1445 perniciem

376 1467 619 1538 grassari
634 1482 819 1537 posse,
836 1470 890 1519 et
910 1466 1055 1519 male
1076 1466 1380 1534 concupita
1402 1468 1760 1535 perpetrare:
1786 1464 1875 1517 cui
1898 1464 2070 1517 veris-

376 1558 533 1611 simis
564 1556 882 1610 rationibus
902 1571 1204 1608 occurrens
1230 1554 1619 1623 Philosophia,
1647 1554 1759 1607 duo
1783 1552 2011 1606 disserit
2038 1569 2071 1605 a

376 1647 598 1717 vulgari
630 1647 863 1717 quidem
886 1646 1158 1714 opinione
1184 1646 1350 1713 longe
1382 1644 1585 1709 aliena,
1621 1659 1725 1696 nec
1746 1649 1939 1696 tamen
1964 1642 2067 1695 mi-

378 1752 484 1789 nus
517 1752 665 1789 vera.
698 1736 953 1797 Quorum
978 1735 1222 1786 alterum
1256 1737 1358 1799 est,
1394 1734 1575 1785 multo
1605 1732 1930 1785 miseriores
1960 1732 2069 1784 im-

378 1825 588 1895 probos
610 1823 750 1889 ﬁeri,
772 1838 899 1875 cum
920 1821 1142 1875 libidini
1162 1838 1275 1875 suae
1297 1821 1555 1875 fecerunt
1577 1822 1726 1884 satis,
1748 1837 1922 1890 quam
1944 1837 2073 1874 cum

379 1928 680 1984 perperam
700 1912 951 1981 appetita
972 1911 1207 1981 exsequi
1231 1910 1613 1981 nequiverint.
1639 1911 1898 1964 Alterum
1919 1926 2074 1977 vero,

379 2004 572 2057 minus
602 2001 840 2055 miseros
872 2018 993 2055 esse
1026 2002 1225 2066 malos,
1273 2001 1593 2054 facinorum
1620 2017 1853 2054 suorum
1882 2017 2077 2071 poenas

379 2092 801 2163 expendentes:
838 2091 1065 2144 tametsi
1097 2091 1255 2143 nulla
1279 2090 1648 2143 correctionis
1683 2091 1845 2156 ratio,
1881 2091 2076 2143 nullus

380 2181 629 2251 exempli
660 2184 949 2249 respectus
993 2180 1289 2241 habeatur,
1353 2195 1524 2249 quam
1556 2179 1603 2231 si
1635 2196 1701 2231 eo
1738 2179 1973 2248 impune
2003 2179 2073 2233 ad

379 2276 605 2341 tempus
635 2270 921 2323 elabentes
955 2270 1111 2321 nulla
1137 2268 1374 2337 justitize
1408 2284 1577 2337 poma
1602 2272 1876 2321 coerceat.

451 2360 790 2415 Convenienti
821 2357 946 2428 loco]
976 2358 1037 2409 In
1070 2357 1240 2425 hujus
1272 2356 1401 2409 libri
1434 2373 1603 2426 prosa
1633 2362 1809 2411 sexta.

449 2449 615 2502 Multo
648 2449 820 2513 igitur
850 2444 1202 2516 infeliciorcs]
1233 2445 1490 2499 Socrates
1520 2446 1672 2515 apud
1700 2447 1994 2499 Platonem
2018 2444 2076 2498 in

380 2536 587 2605 Gorgia
615 2551 627 2588 ε
664 2534 970 2589 Secundum
1008 2550 1131 2587 vero
1162 2537 1480 2588 sententiam
1521 2550 1711 2601 meam,
1746 2552 1774 2587 o
1806 2537 1948 2598 I’ole,
1982 2536 2077 2601 qui

378 2626 701 2692 injuriatur,
720 2624 1065 2690 injustusque
1088 2626 1183 2689 est,
1210 2624 1421 2676 omnino
1447 2628 1526 2677 est
1552 2627 1676 2675 ante
1706 2624 1841 2676 alios
1873 2626 2035 2677 miser
2060 2639 2072 2677 :

380 2716 628 2767 miserior
657 2717 855 2777 autem,
883 2714 931 2766 si
957 2712 1222 2779 injuriam
1248 2727 1430 2779 punias
1463 2728 1745 2780 nunquam
1778 2714 1927 2777 luat;
1963 2715 2075 2767 mi-

380 2818 480 2856 nus
510 2818 631 2855 vero
648 2804 830 2866 miser,
854 2803 901 2854 si
923 2801 1059 2864 luat,
1083 2801 1520 2868 suppliciumque
1537 2801 1757 2867 jussum
1778 2802 1932 2869 apud
1953 2802 2074 2855 deos

382 2893 723 2959 hominesque
750 2894 1000 2958 reportet.
1039 2889 1208 2941 Divus
1241 2890 1591 2959 Augustinus
1632 2890 1776 2943 libro
1820 2890 1889 2943 de
1922 2890 2075 2944 Civi-

384 2987 495 3035 tate
523 2980 617 3034 Dei
650 2996 747 3041 xu,
772 2981 957 3047 capite
990 2981 1019 3031 3
1046 2995 1057 3030 :
1090 2981 1156 3032 Et
1178 2994 1297 3032 cum
1319 2981 1375 3031 in
1394 2981 1573 3046 poenis
1592 2985 1671 3033 est
1692 2984 1893 3033 natura
1916 2982 2073 3033 vitio-

393 3086 476 3135 sa,
507 3075 725 3137 accepto
757 3084 813 3122 co
841 3065 983 3133 quod
1004 3072 1206 3121 natura
1227 3072 1322 3132 est,
1347 3070 1511 3121 etiam
1542 3069 1636 3121 hoc
1654 3069 1729 3121 ibi
1758 3069 1949 3121 bonum
1975 3074 2073 3131 est,

382 3160 525 3229 quod
556 3162 828 3227 impunita
855 3174 963 3210 non
995 3162 1104 3209 est:
1139 3157 1234 3209 hoc
1268 3159 1410 3211 enim
1438 3162 1516 3211 est
1548 3158 1781 3225 justum,
1832 3163 1883 3211 et
1924 3174 2077 3212 omne

382 3251 615 3317 justum,
644 3248 833 3316 procul
864 3246 1029 3299 dubio
1062 3246 1274 3297 bonum.

980 3335 1046 3387 IN
1078 3334 1359 3387 METHUM
1390 3334 1486 3388 IV.

456 3426 697 3479 Carmen
727 3426 811 3476 est
839 3422 1066 3475 dicolon
1090 3422 1447 3491 distrophon,
1477 3424 1652 3476 altero
1674 3439 1839 3478 versu
1871 3424 2084 3479 hende-

384 3511 665 3580 casyllabo
697 3514 978 3576 constans,
1015 3513 1189 3562 altero
1219 3511 1469 3580 elegiaco
1496 3517 1873 3580 pentametro.
1906 3515 2081 3567 Exse-

385 3606 611 3653 creatur
635 3615 700 3652 eo
730 3598 1100 3668 Philosophia
1131 3615 1318 3652 mores
1340 3599 1639 3654 hominum
1673 3602 1957 3669 etferatos,
1984 3603 2082 3673 qui

384 3706 514 3742 cum
560 3688 826 3759 plurimis
861 3687 1131 3757 periculis
1187 3689 1303 3742 sint
1363 3688 1617 3755 obnoxii,
1679 3690 1858 3745 nihilo
1901 3692 2082 3745 secius

384 3780 626 3831 invicem
660 3778 825 3831 bellis
859 3778 1129 3846 gerendis
1155 3782 1402 3831 mortem
1435 3785 1766 3848 properant,
1796 3785 1853 3834 et
1878 3785 2079 3834 mutua

384 3872 570 3935 strage
602 3865 955 3919 desaeviunt:
989 3882 1119 3919 cum
1147 3866 1429 3934 bonijure
1454 3870 1583 3920 sunt
1616 3867 1913 3937 diligendi,
1943 3869 2081 3923 mali

385 3971 516 4009 vero
548 3955 729 4024 magis
760 3953 1091 4021 miserandi,
1129 3971 1300 4025 quam
1339 3955 1703 4026 insequendi.

456 4045 668 4113 Fatum]
705 4045 960 4098 Mortem.

457 4132 619 4203 Ense]
671 4134 888 4187 Gladio.
950 4134 1193 4203 Legatur
1246 4133 1429 4204 elegia
1484 4134 1715 4202 Tibulli,
1770 4136 1929 4206 cujus
1976 4136 2083 4190 ini-

386 4223 529 4277 tium
560 4240 572 4275 :

510 4311 637 4369 Quis
667 4310 765 4358 fuit
790 4308 1081 4358 horrendos
1111 4309 1314 4370 primus
1339 4310 1428 4372 qui
1464 4310 1685 4373 protulit
1706 4314 1897 4360 enses?

458 4390 759 4462 Miseresce]
794 4391 1076 4444 Miserere.
1123 4390 1418 4444 Miseresco
1450 4391 1759 4445 deductum
1789 4396 1873 4445 est
1899 4409 1929 4445 a
1961 4392 2073 4446 mi-

387 4497 565 4547 screo,
600 4481 755 4551 quod
784 4480 934 4549 apud
968 4483 1186 4533 veteres
1213 4480 1320 4533 fuit
1350 4481 1647 4549 personale
1682 4481 1939 4537 verbum.
1978 4483 2076 4535 En-

387 4570 513 4623 nius
546 4569 691 4623 Iibro
723 4569 1031 4623 Annalium
1064 4569 1296 4638 quinto:

511 4658 779 4720 Cogebant
802 4658 998 4707 hosteis
1024 4657 1396 4720 laerymantes,
1426 4656 1828 4707 utmisererent.

990 4756 1059 4809 IN
1094 4756 1371 4811 PROSAM
1414 4756 1475 4808 V.

460 4863 741 4915 Hactenus
769 4861 1041 4916 disseruit
1063 4864 1244 4916 malos
1266 4878 1465 4917 omnes
1487 4862 1725 4917 miseros
1747 4878 1868 4917 esse
1892 4868 1947 4917 et
1964 4864 2082 4917 ani-

390 4966 619 5004 morum
648 4950 920 5020 qualitate
955 4952 1305 5021 degenerare
1338 4954 1398 5004 in
1420 4952 1656 5017 belluas,
1686 4952 1868 5005 bonos
1890 4958 2081 5006 autem

390 5042 585 5093 beatos
616 5044 670 5091 et
714 5039 847 5093 deos
882 5040 1139 5095 evadere.
1192 5042 1401 5095 Verum
1446 5040 1533 5094 his
1592 5041 1895 5095 Severinus
1936 5058 2077 5096 non-

388 5130 525 5184 dum
573 5129 732 5182 omni
773 5144 837 5181 ex
867 5136 1029 5198 parte
1071 5132 1414 5197 consolatus,
1444 5130 1701 5200 pristinae
1745 5146 1858 5183 sum
1894 5130 2081 5201 digni-

387 5219 519 5273 tatis
541 5234 783 5285 memor,
817 5224 873 5271 et
918 5220 1179 5274 exsilium
1209 5225 1617 5291 acceptamque
1666 5221 2079 5275 contumeliam

389 5308 706 5361 etiamnum
746 5310 908 5378 'zegre
967 5310 1154 5362 ferens
1208 5310 1560 5378 (quanquam
1617 5314 1747 5363 ante
1779 5309 2081 5379 probatum

391 5402 474 5449 est
518 5397 760 5451 fortuna:
806 5398 959 5451 bona
1008 5414 1126 5450 non
1183 5414 1302 5451 esse
1348 5402 1498 5463 vera)
1547 5399 1837 5452 neminem
1890 5403 2084 5451 tamen

392 5486 478 5537 vel
518 5487 843 5555 sapientum
873 5488 1061 5540 vivere
1111 5486 1266 5552 dicit,
1323 5486 1422 5556 qui
1468 5504 1584 5540 non
1632 5489 1873 5542 fortuna:
1931 5488 2085 5542 bona

392 5573 811 5628 calamitatibus
837 5581 892 5629 et
925 5576 1219 5646 suppliciis
1244 5579 1572 5645 anteponat,
1601 5594 1725 5646 qua:
1769 5578 1981 5647 passim
2015 5578 2082 5631 ab

393 5662 821 5732 improbissimo
870 5681 1100 5735 quoque
1130 5665 1339 5720 virtute
1375 5665 1629 5734 praeditis
1660 5666 1842 5737 infligi
1876 5667 2086 5723 lamen-

1153 306 1509 361 AI’PENDIX
1550 308 1641 359 Al)
1684 307 1934 365 LIBROS
1974 310 2063 363 DE
2108 306 2629 365 CONSOLATIONE
2671 307 3177 363 PHILOSOPHIzE.

3731 314 3853 363 105‘!

2102 435 2147 487 A
2176 437 2347 497 tatur,
2380 436 2444 486 ut
2472 432 2720 497 vincula,
2755 439 2817 485 ut
2864 448 3139 497 carceres,
3172 432 3484 502 squalores,
3519 436 3580 484 ut
3610 432 3855 495 verbera,

2180 538 2309 589 qua}
2342 539 2403 576 ex
2434 522 2627 591 legum
2656 522 2988 592 prrescripto
3018 521 3353 591 perniciosis
3384 521 3691 574 constituta
3716 526 3855 575 sunt.

2179 615 2243 666 At
2296 612 2355 665 hi
2386 611 2619 681 impune
2675 612 2941 677 evadunt,
2998 611 3255 664 insontes
3287 615 3479 663 autem
3520 609 3855 679 plectuntur.

2179 700 2350 769 Cujus
2382 715 2607 752 causam
2635 699 2986 753 confusionis
3020 698 3476 752 admirabundus
3508 714 3574 751 ex
3613 698 3860 752 Philoso—

2176 789 2313 859 phia
2340 788 2570 843 Boetius
2611 788 2951 841 sciscitatur.

2784 879 2855 931 IN
2890 877 3176 931 METRUM
3210 878 3268 930 V.

2250 967 2533 1038 Exemplis
2554 964 2771 1037 colligit
2820 982 2849 1021 e
2877 982 3174 1020 causarum
3204 965 3569 1036 ignoratione
3620 964 3863 1018 admira-

2178 1056 2395 1110 tionem
2426 1056 2583 1122 oriri,
2618 1056 2825 1127 quibus
2856 1056 3100 1126 acceptis
3131 1061 3185 1109 et
3216 1056 3443 1125 penitus
3467 1054 3737 1123 cognitis,
3758 1054 3865 1107 haec

2180 1162 2207 1197 e
2263 1145 2449 1198 medio
2479 1145 2722 1209 tollitur,
2757 1145 3119 1215 succeditque
3154 1144 3409 1198 scientia.
3442 1146 3694 1199 Carmen
3726 1143 3861 1195 dico-

2179 1235 2277 1287 lon
2308 1239 2389 1287 est
2446 1234 2799 1303 distrophon,
2844 1234 3072 1287 tametsi
3136 1234 3396 1288 Nicolaus
3460 1234 3737 1286 Perottus
3792 1233 3865 1284 vir

2178 1323 2393 1393 alioqui
2454 1323 2831 1388 doctissimus,
2866 1340 3070 1393 parum
3124 1338 3407 1393 perpensa
3463 1336 3739 1374 versuum
3782 1336 3864 1372 ra-

2180 1413 2355 1478 tione,
2389 1412 2690 1465 tradiderit
2741 1411 2845 1465 hoc
2888 1428 3121 1465 carmen
3154 1428 3276 1464 esse
3316 1413 3636 1480 dactylum,
3674 1410 3864 1462 alema-

2180 1502 2341 1555 nium
2375 1504 2778 1555 tetrametrum
2835 1501 3371 1572 hypercatalectum,
3425 1499 3753 1570 cujusmodi
3792 1502 3863 1551 est

2179 1587 2323 1640 illud
2354 1586 2524 1657 primi
2558 1587 2715 1639 libri.

2368 1677 2477 1724 Heu
2504 1690 2658 1738 quam
2686 1676 2940 1738 praecipiti
2984 1688 3153 1723 mersa
3187 1674 3469 1737 profundo.

2115 1758 2267 1839 BAb
2324 1773 2391 1811 eo
2449 1773 2699 1827 namque
2754 1756 2942 1810 ditfert
2991 1756 3095 1809 hoc
3155 1757 3450 1826 (quantum
3503 1754 3573 1808 ad
3634 1754 3867 1825 primum

2184 1863 2413 1900 versum
2444 1846 2713 1916 pertinet)
2766 1846 2921 1916 quod
2953 1845 3045 1898 hic
3076 1846 3133 1898 in
3166 1845 3351 1915 prima
3384 1845 3623 1915 regione
3663 1858 3869 1913 semper

2184 1936 2483 1997 trochazus,
2519 1935 2599 1987 ibi
2629 1951 2743 1987 non
2795 1935 3100 1999 trochaeus,
3135 1935 3229 1987 sed
3286 1935 3573 2003 spondeus
3635 1935 3721 1986 vel
3754 1934 3870 1985 dac-

2184 2024 2332 2093 tylus
2355 2031 2457 2077 est.
2492 2024 2710 2077 Primus
2744 2023 2921 2091 igitur
2951 2023 3122 2092 hujus
3143 2024 3414 2076 carminis
3455 2039 3657 2075 versus
3690 2022 3871 2075 mistus

2187 2113 2408 2167 videtur
2455 2128 2519 2166 ex
2567 2113 2847 2182 Sapphico
2898 2118 2955 2165 et
3008 2112 3326 2174 Alcmanio,
3360 2116 3628 2165 constans
3700 2112 3870 2181 primo

2182 2202 2455 2267 trochaeo,
2494 2202 2743 2255 secundo
2778 2202 3030 2270 spondeo
3090 2203 3171 2253 vel
3228 2202 3475 2270 dactylo,
3533 2216 3597 2253 ac
3631 2199 3869 2267 spondeo

2184 2307 2282 2343 seu
2332 2291 2599 2344 trochaeo.
2659 2290 2948 2343 Secundus
3002 2294 3193 2342 autem
3245 2306 3443 2343 versus
3496 2288 3758 2342 Alcaicus
3802 2291 3873 2338 est

2184 2384 2535 2445 tetrameter,
2563 2379 2861 2444 iambicus,
2885 2384 3146 2432 constans
3177 2378 3581 2448 pentemimeri
3616 2376 3869 2437 iambica,

2185 2470 2406 2539 dactylo
2442 2474 2497 2522 et
2535 2470 2811 2538 spondeo,
2846 2468 3115 2522 differens
3160 2469 3231 2521 ab
3272 2468 3370 2520 illo
3406 2467 3625 2519 Horatii
3659 2470 3870 2519 tantum

2184 2568 2476 2628 postremo
2510 2558 2656 2627 pede
2692 2574 2703 2610 :

2367 2646 2520 2694 Vides
2554 2650 2609 2694 ut
2634 2647 2740 2695 alta
2770 2649 2871 2695 stet
2900 2647 3020 2695 nive
3043 2645 3359 2695 candidum.

2184 2728 2322 2781 Nam
2382 2728 2496 2781 illic
2535 2727 2792 2797 dactylus
2826 2731 2929 2792 est,
2975 2727 3068 2781 hic
3123 2728 3406 2798 spondeus
3437 2726 3796 2795 temporibus
3826 2724 3870 2776 ei

2185 2818 2557 2887 respondens.
2593 2818 2741 2880 Quid
2778 2816 2823 2869 si
2862 2817 3174 2870 dixerimus
3206 2823 3262 2869 et
3300 2816 3616 2869 secundum
3657 2829 3866 2867 versum

2183 2906 2564 2976 compositum
2584 2923 2651 2958 ex
2679 2906 2923 2959 Alcalieo
2947 2906 3245 2959 dimidiato
3270 2905 3565 2959 Alcmanio
3588 2903 3614 2955 εἰ
3635 2904 3741 2957 Sed
3765 2903 3869 2955 huic

2183 2993 2401 3047 nemini
2446 2993 2709 3046 miranda
2742 2994 3059 3059 videantur,
3093 2994 3138 3045 si
3179 2994 3483 3047 Severinus
3523 2998 3720 3044 noster
3752 2989 3846 3041 arti

2118 3092 2157 3147 ί]
2188 3083 2415 3137 musica:
2452 3084 2621 3152 longe
2652 3082 3041 3147 doctissimus,
3102 3098 3203 3134 suo
3239 3083 3371 3151 jure
3425 3082 3681 3133 versibus
3727 3078 3869 3132 novis

2190 3177 2401 3235 utatur,
2437 3173 2536 3242 qui
2582 3172 2732 3242 apud
2770 3172 2909 3225 alios
2940 3171 3167 3224 Latinos
3202 3175 3397 3240 poetas
3431 3170 3672 3223 minime
3724 3170 3867 3221 inve-

2190 3261 2453 3328 niantur;
2485 3277 2617 3315 cum
2670 3277 2800 3313 eum
2850 3266 3069 3313 constet
3100 3267 3428 3330 temporum
3486 3260 3869 3329 proportiones

2190 3350 2496 3420 diligenter
2540 3350 2888 3416 observasse,
2938 3356 2992 3404 et
3023 3366 3086 3403 ex
3120 3355 3238 3404 arte
3290 3349 3505 3403 musica
3565 3348 3869 3401 modulatos

2188 3439 2291 3493 hos
2324 3455 2517 3492 versus
2542 3455 2675 3492 sane
2705 3456 2877 3509 quam
2909 3439 3152 3493 dulciter
3183 3438 3474 3492 cecinisse.

2261 3528 2516 3599 Cardine]
2567 3528 2819 3584 Cardiui.
2863 3528 3175 3599 Antiptosis
3207 3535 3322 3581 est:
3376 3544 3540 3581 casus
3572 3527 3723 3579 enim
3775 3540 3867 3593 pro

2189 3633 2318 3672 casu
2352 3617 2605 3686 ponitur.
2640 3619 2729 3671 Sic
2758 3618 3060 3688 Virgilius:

2470 3706 2531 3754 Et
2545 3720 2736 3768 magno
2768 3721 2820 3755 se
2854 3721 3070 3769 corpore
3101 3706 3317 3754 miscet:

2190 3802 2293 3856 pro
2326 3787 2575 3856 corpori.

2262 3876 2454 3947 Legat]
2490 3879 2814 3930 Praetereat.

2263 3964 2465 4035 Bootes]
2506 3966 2904 4035 Arctophylax.
2946 3968 3147 4019 Bootes
3179 3964 3362 4018 oritur
3413 3964 3582 4021 tertio
3627 3963 3745 4016 idus
3778 3963 3867 4014 Fe-

2190 4054 2469 4121 bruarias,
2528 4061 2591 4107 ut
2642 4056 2808 4108 docet
2864 4054 3095 4108 Ovidius
3152 4056 3211 4107 in
3260 4055 3451 4108 Fastis.
3512 4052 3869 4122 Arctophylax

2189 4148 2380 4196 autem
2429 4143 2840 4212 interpretatur
2876 4144 3000 4197 Ursi
3034 4148 3245 4197 custos.
3283 4144 3436 4197 Idem
3469 4143 3645 4197 etiam
3691 4140 3867 4211 appel-

2190 4232 2341 4286 latur
2372 4235 2591 4287 Bootes.
2625 4232 2862 4286 Manlius
2889 4249 2902 4285 :

2374 4321 2416 4369 A
2446 4325 2590 4382 tergo
2622 4321 2753 4369 nitet
2780 4320 3153 4384 ArctOphylax,
3183 4321 3427 4384 idemque
3464 4322 3670 4369 Bootes.

2115 4398 2157 4451 θ
2190 4421 2251 4473 Et
2284 4420 2474 4474 Cicero
2504 4420 2571 4472 de
2602 4420 2811 4473 Natura
2834 4421 3073 4473 deorum
3120 4421 3278 4474 Arati
3314 4436 3541 4473 versum
3567 4420 3645 4472 ita
3672 4418 3865 4471 refert:

2376 4524 2729 4587 ArctOphylax
2759 4526 2920 4587 vulgo
2951 4527 3039 4587 qui
3067 4526 3260 4573 dicitur
3283 4539 3395 4574 esse
3433 4526 3650 4583 Bootes;

2374 4588 2524 4644 Quod
2538 4586 2692 4649 quasi
2715 4586 2922 4637 temone
2946 4586 3251 4650 adjunctam
3274 4602 3379 4651 prae
3402 4603 3455 4635 se
3487 4588 3657 4649 quatit
3674 4586 3870 4634 Arcton.

2190 4685 2405 4738 Dicitur
2434 4686 2607 4739 etiam
2637 4689 2929 4754 Arcturus,
2993 4691 3056 4739 ut
3100 4688 3261 4741 docet
3312 4686 3640 4739 Lactantius
3696 4699 3869 4755 gram-

2189 4774 2448 4827 maticus.
2502 4774 2726 4829 Servius
2784 4780 2977 4829 tamen
3026 4776 3221 4830 scribit
3292 4779 3601 4829 Arcturum
3661 4772 3870 4843 preprie

2187 4878 2308 4917 esse
2339 4864 2560 4916 stellam
2602 4863 2661 4916 in
2718 4865 2881 4935 signo
2940 4865 3133 4931 Boote,
3168 4864 3329 4934 cujus
3361 4869 3520 4917 ortus
3561 4868 3618 4917 et
3662 4876 3873 4917 occasus

2190 4956 2552 5023 tempestates
2604 4954 2965 5022 gravissimas
3035 4954 3187 5007 facit.
3252 4955 3456 5007 Bootes
3522 4957 3717 5006 autem
3773 4966 3874 5003 non

2192 5043 2393 5105 oritur,
2451 5046 2547 5095 aut
2577 5042 2799 5109 occidit,
2831 5048 2892 5095 ut
2921 5043 3030 5095 alia
3070 5041 3250 5111 signa.
3301 5042 3409 5097 Sed
3467 5058 3599 5094 cum
3634 5042 3874 5110 plaustro

2191 5132 2484 5201 proximus
2508 5132 2596 5198 sit,
2620 5132 2770 5202 quod
2790 5132 3023 5184 vertitur
3041 5132 3187 5183 circa
3209 5130 3522 5197 cardinem,
3550 5130 3608 5183 in
3630 5130 3754 5199 ipsa
3776 5144 3875 5181 ver-

2191 5221 2372 5290 tigine
2402 5220 2626 5273 videtur
2656 5220 2912 5273 occidere
2944 5225 3017 5286 et,
3054 5235 3259 5273 cumse
3287 5219 3489 5284 elevat,
3520 5218 3678 5271 oriri.
3720 5217 3877 5285 Hujus

2196 5326 2425 5363 manum
2460 5310 2749 5361 sinistram
2782 5310 3034 5379 (auctore
3081 5309 3310 5378 lligino)
3361 5308 3608 5361 circulus
3649 5307 3874 5359 areticus

2194 5400 2453 5465 includit,
2487 5406 2548 5453 ut
2600 5416 2786 5469 neque
2848 5399 3124 5464 occidere,
3184 5415 3369 5467 neque
3428 5397 3567 5449 oriri
3608 5397 3872 5450 videatur.

2194 5490 2317 5557 Ipse
2349 5489 2503 5542 enirn
2536 5490 2753 5559 positus
2785 5489 2855 5541 ab
2906 5490 3111 5541 arctico
3144 5488 3356 5540 circulo
3390 5487 3456 5539 ad
3488 5487 3751 5539 zestivum
3784 5484 3874 5537 de—

2196 5578 2412 5644 linitur,
2449 5578 2750 5631 inclinatus
2798 5578 2857 5629 iu
2889 5577 3310 5647 longitudinem
3354 5576 3548 5629 dextro
3574 5575 3737 5645 pede,
3782 5590 3873 5625 ws-

2196 5668 2311 5723 tivo
2343 5667 2553 5721 circulo
2584 5668 2771 5721 nixus.
2813 5668 2989 5738 Hujus
3034 5668 3303 5720 humeros
3350 5670 3405 5719 et
3453 5669 3650 5734 peetus
3701 5681 3731 5717 a
3760 5661 3875 5716 reli-
