4054 6184
133 310 272 362 1053

1409 313 1794 368 MURMEI.LII
1829 315 2338 372 COMMENTAHIA.

3504 330 3632 384 1054

122 461 242 518 quo
281 460 526 537 corpore
549 445 752 537 dividit
774 446 1038 515 circulus,
1079 448 1178 519 qui
1207 464 1310 520 per
1336 454 1609 522 utrosque
1654 451 1812 522 polos
1850 453 1897 506 Î‘
1925 453 2237 523 nonaginta
2283 456 2469 526 capita
2515 456 2782 512 habuisse
2835 459 3006 528 canit,
3056 461 3282 516 Alcmus
3336 465 3632 537 quinqua-

123 535 418 589 transiens
451 535 637 606 tangit
664 536 912 591 Arietem
950 542 1006 592 et
1033 537 1254 593 Chelas.
1291 539 1390 593 Hic
1431 539 1665 610 quidem
1697 556 1823 594 cum

121 627 334 690 Tauro,
379 625 655 690 Geminis,
701 631 758 679 et
815 626 1051 693 Cancro,
1087 631 1144 680 et
1193 627 1380 681 Leone
1411 629 1630 682 occidit.
1694 610 1826 683 Ideo

122 730 253 768 sero
282 714 540 768 occidere
572 714 798 781 dicitur,
834 715 987 786 quod
1031 716 1210 786 magis
1241 721 1461 771 erectus
1510 734 1542 772 a
1587 718 1828 788 pedibus

121 803 392 873 pervenit
421 803 491 856 ad
526 808 761 857 terram.
794 806 867 857 At
897 803 1157 859 exoriens
1186 805 1373 875 citius,
1437 823 1612 878 quam
1640 807 1828 862 Chelas

122 892 376 946 videtur.
439 892 598 946 Unde
653 910 686 947 a
731 893 916 963 poetis
948 893 1118 948 modo
1177 896 1394 959 tardus.
1436 897 1604 952 modo
1663 897 1830 968 piger

118 981 470 1052 appellatur.
508 981 688 1052 Hujus
736 981 892 1035 enim
961 997 1190 1038 occasus
1245 989 1494 1056 quatuor
1523 987 1827 1057 signorum

120 1070 343 1124 zodiaci
383 1075 612 1141 tempus
643 1071 914 1138 absumit,
955 1073 1016 1126 ut
1045 1071 1310 1128 diximus.

188 1160 468 1230 Palteant]
503 1161 670 1214 Deest
699 1163 749 1215 si
777 1162 865 1216 vel
886 1177 996 1216 cur.

187 1250 467 1319 Palleant]
501 1249 885 1305 Obscurentur
916 1251 1190 1324 deliquio.

187 1337 426 1410 Infecta]
473 1338 803 1394 Obscurata.

189 1427 392 1500 Meus]
429 1428 689 1498 Objectu.

189 1519 384 1572 Noctis
414 1517 616 1590 opactr]
650 1522 820 1572 terra:
862 1517 1241 1572 obscurantis.
1292 1519 1619 1590 Deliquium
1673 1521 1826 1576 enim

120 1606 282 1660 lunae
315 1607 377 1660 fit
398 1623 467 1661 ex
497 1607 934 1678 interpositione
956 1613 1124 1663 terra:
1153 1608 1304 1664 inter
1321 1610 1498 1664 solem
1522 1615 1576 1664 et
1606 1611 1822 1666 lunam.

190 1695 454 1765 Quaque]
487 1697 554 1749 Et
583 1712 731 1767 quae.

193 1786 453 1852 Fulgenti
483 1785 591 1854 ore]
625 1785 789 1840 Clara
827 1785 991 1840 facie.

201 1873 457 1943 Temerat]
501 1874 857 1940 Occulucrat,
892 1873 1246 1937 condiderat,
1290 1875 1682 1931 otiuscaverat.
1720 1877 1830 1931 Na-

126 1968 256 2015 tura
285 1961 442 2015 euim
476 1962 606 2029 fert,
640 1966 704 2014 ut
730 1960 915 2031 majus
946 1963 1144 2016 lumen
1175 1961 1410 2018 oifuscet
1440 1965 1688 2020 minora.

193 2051 463 2122 Confusa]
510 2051 834 2104 Defectione
867 2051 1152 2105 laborans.

192 2141 450 2209 Detegat]
481 2139 793 2210 Splendere
833 2141 1154 2211 permittat.

192 2231 543 2299 Lassantque
573 2230 775 2284 crebris
823 2231 1074 2299 pulsibus
1121 2230 1252 2300 mra]
1311 2231 1471 2293 Nam,
1525 2236 1590 2286 ut
1636 2233 1833 2287 scribit

121 2319 346 2374 Plinius
387 2319 533 2372 libro
565 2318 836 2384 secundo,
865 2318 1048 2388 capite
1076 2319 1415 2373 duodecimo
1447 2336 1458 2373 :
1499 2323 1622 2375 Viri
1646 2324 1832 2389 ingen-

124 2414 198 2462 tes
237 2411 386 2461 inter
427 2423 559 2475 quos
596 2410 707 2474 fuit
757 2408 1113 2474 Stesichorus,
1147 2414 1196 2462 et
1241 2409 1538 2474 Pindarus,
1581 2410 1831 2463 credide-

123 2502 253 2551 runt
287 2499 476 2551 lunam
516 2497 760 2566 eclipsim
790 2501 841 2550 et
871 2499 1034 2566 quasi
1062 2502 1294 2552 mortem
1320 2500 1445 2566 pati
1471 2514 1538 2552 ex
1563 2501 1828 2552 cantatio-

122 2588 284 2640 nibus
327 2605 344 2640 :
396 2586 538 2640 unde
583 2601 649 2640 ne
707 2585 768 2639 id
816 2586 946 2640 luna
991 2591 1296 2655 pateretur,
1351 2587 1566 2641 dissono
1621 2590 1829 2656 crepitu

121 2676 536 2731 succurrebant.
572 2675 712 2729 Hinc
755 2675 823 2729 de
873 2676 1126 2729 clamosa
1177 2675 1419 2730 muliere
1451 2682 1643 2748 satyra
1673 2681 1829 2731 sexta

120 2764 416 2820 Juvenalis
450 2779 462 2818 :

568 2853 682 2900 Jam
714 2865 869 2900 nemo
895 2852 1048 2900 tubas
1079 2855 1236 2914 atque
1261 2865 1368 2915 tera
1399 2851 1579 2915 fatiget
1611 2867 1622 2901 :

349 2915 468 2964 Una
497 2913 760 2963 laboranti
785 2915 978 2978 poterit
1005 2913 1312 2964 succurrere
1341 2914 1500 2963 lunae.

127 3017 378 3067 Auctore
423 3012 744 3079 Plutarcho,
797 3013 1046 3083 Aganice
1089 3013 1355 3084 Agetoris
1405 3013 1655 3068 Thessali
1688 3013 1825 3078 tilia,

130 3103 282 3173 quod
316 3101 771 3171 pleniluniorum
793 3101 1118 3156 defectuum
1163 3107 1312 3156 esset
1341 3119 1540 3173 gnara,
1576 3109 1829 3173 tempus-

130 3209 241 3262 que
282 3195 691 3262 praenosceret,
729 3207 843 3262 quo
873 3191 1071 3245 lunam
1101 3192 1170 3246 ab
1201 3193 1406 3246 umbra
1445 3198 1611 3246 terra!
1649 3193 1829 3246 inter-

129 3282 242 3351 cipi
318 3281 700 3350 contingeret,
760 3285 1015 3334 mentem
1090 3279 1400 3335 mulierum
1471 3281 1828 3349 exturbabat,

130 3370 361 3441 illisque
389 3386 451 3422 se
483 3371 678 3423 lunam
718 3369 1000 3424 deducere
1027 3371 1431 3441 persuadebat.

197 3459 348 3532 Cori]
381 3460 569 3513 Venti.

194 3550 494 3617 Frementi]
529 3547 784 3602 Graviter
817 3548 1128 3604 resonanti.

200 3638 483 3706 Tundere]
519 3639 838 3691 Percutere.

191 3729 441 3796 Solvier]
474 3727 647 3793 Solvi,
672 3725 977 3797 liquefieri.

191 3815 474 3888 Latentes]
513 3815 983 3871 Subaudiendum
1023 3831 1224 3870 causae.

192 3906 469 3977 Inscitiae]
502 3905 841 3975 Ignorantia!
891 3907 953 3959 Et
1000 3905 1574 3960 animadvertendum
1621 3905 1678 3959 in
1711 3921 1835 3959 ver-

129 4015 220 4051 sus
266 3996 574 4050 scansione
615 4011 718 4064 per
745 3993 1056 4065 syneresim
1119 4010 1183 4048 ex
1242 3996 1607 4065 tetrasyllaba
1654 3995 1840 4065 trisyl-

133 4087 326 4140 labam
359 4085 568 4138 factam
597 4083 926 4151 dictionem,
967 4083 1045 4137 ita
1075 4085 1179 4137 uti
1221 4084 1502 4155 posterior
1531 4085 1602 4138 sit
1636 4101 1836 4139 conso-

133 4192 297 4234 nans,
334 4179 404 4230 ut
439 4173 590 4245 apud
621 4174 894 4228 Senecam
914 4171 1197 4243 tragicum
1225 4173 1284 4226 in
1315 4172 1632 4245 Sapphico:

361 4282 567 4330 Cuncta
591 4280 800 4330 divitias
830 4280 1123 4342 metuitque
1157 4292 1333 4328 casus.

717 4398 786 4450 IN
830 4396 1100 4451 PHOSAM
1149 4396 1237 4449 VI.

205 4507 344 4560 Haec
381 4519 554 4574 prosa
596 4504 966 4575 Philosophia
1010 4520 1205 4560 causas
1253 4519 1454 4557 eorum
1494 4503 1682 4558 reddit
1711 4521 1838 4576 quae

137 4611 312 4666 supra
348 4593 578 4648 Boetius
611 4594 822 4663 attigit,
856 4593 1082 4664 sibique
1110 4609 1284 4664 supra
1315 4594 1547 4647 modum
1580 4593 1841 4648 miranda

136 4685 318 4739 videri
353 4684 512 4744 dixit,
545 4683 652 4735 nisi
687 4683 830 4736 ratio
855 4683 1337 4752 deprehendatur.
1372 4683 1465 4736 Ait
1489 4687 1681 4736 autem
1715 4683 1836 4737 haec

137 4775 340 4828 omnia
386 4789 420 4826 a
450 4771 656 4826 divinae
705 4772 1101 4842 intelligentiae
1148 4772 1522 4843 providentia,
1571 4789 1666 4825 seu
1729 4773 1841 4826 fato

137 4879 482 4935 progressus
529 4878 660 4915 suos
691 4861 906 4928 sortiri,
941 4866 997 4916 et
1040 4862 1176 4933 quid
1208 4862 1357 4916 inter
1391 4863 1487 4916 Dei
1536 4863 1840 4933 providen-

134 4953 291 5018 tiam,
327 4968 394 5005 ac
427 4951 610 5004 fatum
638 4951 883 5017 intersit,
913 4951 1094 5005 docet.

209 5045 317 5097 Tui
346 5037 608 5112 muneris]
637 5039 821 5094 Officii
850 5039 954 5094 tui.

204 5129 494 5200 Evolvere]
533 5130 822 5182 Excutere.

211 5216 464 5288 Velatas]
501 5217 804 5271 Obductas.

206 5307 488 5375 Caligine]
530 5306 796 5360 Tenebris
828 5304 1190 5375 ignorantiie.

206 5395 428 5467 Qumso]
491 5413 646 5465 rogo.
703 5394 851 5448 Petit
898 5393 1006 5447 sibi
1054 5411 1251 5448 causas
1317 5395 1588 5465 explicari
1646 5411 1842 5449 eorum

138 5502 392 5558 quorum
418 5484 801 5537 admiratione
833 5485 1076 5536 tenetur.
1762 5473 1768 5479 â€™

207 5575 513 5642 Î•ÎµÏ„Î¹Î¹Î¹Î·Î¹ÎµÎµá½¶]
551 5572 957 5626 exhaustionis.

207 5665 444 5735 Hydraz]
502 5663 696 5718 Latine
745 5661 953 5717 dicitur
999 5664 1241 5725 excetra,
1295 5677 1466 5733 quam
1516 5660 1844 5716 Simonides

1936 541 2116 612 ginta,
2147 559 2214 596 ex
2241 545 2454 614 quibus
2489 546 2533 599 si
2580 548 2735 618 quod
2772 554 3188 620 amputaretur,
3225 553 3338 607 duo
3367 570 3634 610 renasce-

1936 631 2162 686 bantur.
2204 636 2358 689 Hanc
2407 637 2674 690 Hercules
2722 638 2953 708 adjutus
2996 639 3066 693 ab
3121 641 3269 694 Iolao
3323 644 3635 712 superavit,

1936 721 2034 792 qui
2066 723 2308 777 recisum
2340 725 2610 778 continuo
2661 732 2833 797 caput
2861 728 3128 796 subjectis
3158 729 3409 784 flammis
3436 731 3633 785 inure-

1935 809 2033 864 bat
2078 812 2330 866 Herculis
2368 813 2552 882 jussu,
2607 818 2670 868 ut
2701 819 2787 868 est
2839 818 2992 887 apud
3025 819 3354 873 Hesiodum.
3416 821 3494 874 De
3528 821 3641 874 hac

1936 900 2203 955 meminit
2233 901 2506 956 Ovidiana
2539 903 2806 974 Dejanira
2838 921 2851 959 :

2059 1009 2293 1078 Quinque
2320 1009 2653 1078 red-undabat
2675 1010 2912 1078 fecundo
2932 1012 3148 1078 vulnere
3173 1027 3391 1078 serpens

2122 1071 2343 1129 Fertilis,
2375 1075 2426 1121 et
2455 1073 2663 1121 damnis
2692 1073 2833 1122 dives
2868 1075 2932 1123 ab
2961 1075 3074 1138 ipsa
3104 1076 3231 1126 suis.

1935 1186 2147 1242 Seneca
2176 1188 2450 1258 Tragicus
2485 1205 2497 1244 :

2059 1294 2194 1352 Quid
2225 1308 2366 1344 saeva
2395 1297 2576 1344 Lernae
2607 1300 2845 1346 monstra
2869 1310 3218 1347 numerosum
3253 1298 3475 1355 malum,

2121 1358 2235 1406 Non
2268 1358 2391 1420 igne
2423 1359 2634 1407 demum
2670 1359 2812 1419 vicit,
2845 1364 2896 1409 et
2930 1361 3112 1410 docuit
3140 1362 3324 1410 mori?

1935 1470 2177 1537 Quidam
2209 1473 2466 1526 scribunt
2486 1473 2726 1543 hydram
2756 1476 2816 1528 in
2844 1477 3025 1530 Lerna
3055 1477 3398 1547 Argivorum
3424 1475 3635 1546 palude

1937 1561 2233 1627 exstitisse,
2269 1577 2444 1632 aquas
2485 1568 2864 1632 evomentem,
2909 1582 3038 1636 qua:
3088 1565 3387 1620 vastabant
3418 1565 3635 1618 vicinas

1937 1649 2214 1714 civitates,
2247 1649 2304 1702 ia
2338 1666 2451 1720 qua
2499 1667 2614 1705 uno
2658 1657 2850 1706 meatu
2889 1654 3106 1722 clauso,
3158 1654 3325 1707 multi
3369 1670 3638 1723 erumpe-

1870 1753 1909 1806 Î’
1939 1738 2093 1794 bant.
2143 1738 2306 1802 Quod
2363 1741 2628 1793 Hercules
2679 1741 2898 1805 videns,
2961 1741 3082 1793 loca
3119 1740 3244 1809 ipsa
3295 1741 3530 1805 exussit,
3583 1744 3640 1794 et

1941 1829 2020 1882 sic
2071 1843 2238 1900 aqua:
2277 1832 2500 1882 meatus
2563 1829 2784 1883 clausit.
2851 1830 3108 1883 Socrates
3159 1830 3221 1882 in
3279 1829 3640 1899 Euthydemo

1944 1918 2237 1973 Platonico
2272 1934 2284 1971 :
2319 1919 2556 1972 Hercule
2607 1918 2840 1989 quidem
2873 1919 3056 1972 multo
3093 1935 3219 1972 sum
3271 1918 3635 1986 imbecillior,

1940 2007 2039 2078 qui
2071 2023 2330 2077 pugnare
2377 2007 2548 2061 simul
2590 2023 2702 2061 non
2744 2007 2922 2061 valuit
2955 2009 3224 2062 adversus
3267 2008 3507 2077 hydram
3539 2025 3638 2062 so-

1940 2097 2264 2168 phisticam,
2297 2096 2388 2150 cui
2434 2101 2670 2166 propter
2699 2097 3038 2166 sapientiam
3072 2113 3175 2165 pro
3208 2113 3322 2149 uno
3354 2096 3639 2151 sermonis

1940 2187 2125 2257 capite
2158 2189 2473 2256 amputato,
2509 2187 2692 2240 multa
2733 2186 3196 2257 repullulabant:
3251 2202 3315 2238 ac
3345 2187 3516 2239 etiam
3544 2186 3639 2240 ad-

1939 2291 2135 2329 versus
2165 2277 2445 2330 Cancrum
2481 2275 2793 2345 sophistam
2825 2275 3135 2346 quemdam
3160 2290 3227 2328 ex
3253 2274 3399 2328 mari
3431 2275 3639 2328 adven-

1939 2370 2178 2430 tantem,
2207 2369 2263 2418 et
2293 2381 2473 2435 nuper
2522 2367 2606 2435 (ut
2635 2365 2872 2432 arbitor)
2924 2364 3223 2418 advectum
3265 2362 3414 2431 navi,
3443 2379 3476 2416 a
3525 2380 3638 2434 quo

1938 2469 2067 2507 cum
2093 2453 2356 2506 Hercules
2386 2453 2454 2506 ad
2493 2452 2784 2506 sinistram
2818 2457 3140 2524 angeretur,
3175 2453 3475 2524 verbisque
3499 2451 3640 2506 acri-

1937 2547 2024 2596 ter
2054 2543 2432 2608 morderetur,
2466 2542 2690 2613 nepotis
2737 2542 2825 2595 sui
2856 2543 2994 2597 lolai
3029 2543 3305 2597 auxilium
3359 2542 3636 2614 implora-

1937 2633 2036 2698 vit,
2069 2631 2168 2703 qui
2200 2648 2564 2702 summopere
2590 2632 2674 2686 illi
2704 2632 3001 2686 succurrit.

2007 2723 2203 2776 Mentis
2236 2720 2374 2791 igne]
2413 2721 2737 2774 Intellectus
2761 2720 2973 2790 vigore.

2010 2812 2072 2865 In
2103 2808 2220 2880 hac]
2258 2808 2507 2862 Materia.

2013 2901 2094 2953 De
2116 2900 2469 2968 providentia
2493 2898 2866 2967 simplicitate]
2887 2897 3153 2967 Quinque
3175 2896 3522 2968 quaestiones
3555 2913 3639 2950 re-

1940 2991 2149 3053 censet,
2183 3002 2392 3055 easque
2438 2985 2918 3050 obscurrissimas,
2955 2989 3011 3038 et
3047 3001 3341 3055 nunquam
3379 2983 3512 3037 satis
3543 3000 3640 3038 ex-

1870 3055 1910 3110 c
1942 3077 2195 3148 plicatas,
2227 3076 2298 3128 ad
2329 3077 2675 3144 propositam
2710 3075 3006 3127 materiam
3047 3073 3421 3144 pertinentes.

2011 3166 2116 3221 Sed
2147 3167 2401 3230 quoniam
2434 3165 2542 3218 hac
2585 3164 2816 3232 quoque]
2850 3163 3136 3216 Promittit
3183 3160 3549 3231 Philosophia
3577 3178 3637 3215 se

1942 3255 2352 3324 explicaturam
2383 3252 2466 3306 rei
2496 3252 2688 3322 petitze
2720 3268 2934 3306 causas.
3161 3261 3204 3279 Î½

2013 3344 2182 3412 Septi]
2220 3341 2567 3396 Circumdati
2596 3347 2660 3396 tu
2682 3344 2738 3394 et
2769 3358 2897 3412 ego.

2013 3434 2262 3488 Omnium
2328 3435 2601 3499 generatio
2652 3430 2854 3499 rerum]
2912 3427 3253 3484 Acutissima
3298 3427 3516 3498 pariter
3583 3431 3641 3483 et

1937 3521 2355 3592 jucundissima
2412 3520 2734 3575 dissertatio
2797 3520 2866 3573 de
2926 3519 3119 3573 divina
3172 3517 3534 3588 providentia
3585 3522 3640 3572 et

1942 3612 2077 3666 fato.

2013 3699 2345 3768 Stabititate]
2378 3698 2726 3764 Constantia,
2759 3697 3244 3751 immutabilitate.

2015 3789 2276 3856 Sortitur]
2309 3787 2677 3841 Nanciscitur.

2019 3879 2156 3949 ch]
2197 3877 2398 3931 Divina
2426 3892 2607 3929 mens.

2012 3971 2077 4022 In
2110 3967 2252 4038 arce]
2283 3965 2642 4020 Summitate.

2018 4054 2301 4123 Gcrendis]
2332 4051 2839 4120 Administrandis,
2876 4051 3213 4106 efï¬ciendis.

2019 4143 2246 4214 Statuit]
2296 4141 2637 4195 Praescribit.

2024 4230 2295 4303 Puritate]
2328 4230 2722 4302 Simplicitate.

1885 4348 1925 4401 Î¹)
2025 4322 2386 4392 Conspicitur]
2426 4321 2858 4376 Consideratur.

2025 4413 2170 4478 Quae]
2227 4411 2647 4466 Providentiam
2679 4414 2734 4463 et
2765 4410 2966 4463 fatum.

2022 4506 2157 4558 Nam
2212 4499 2582 4571 providentia]
2642 4498 2920 4553 Describit
2986 4496 3143 4567 prius
3203 4488 3642 4564 providentiam,

1953 4593 2160 4647 deinde
2195 4597 2249 4645 et
2280 4591 2480 4644 fatum.

2025 4684 2224 4737 Fatum
2275 4695 2398 4734 vero
2447 4675 2730 4748 inhzrens]
2801 4678 2876 4730 Ex
2925 4671 3224 4744 Chrysippi
3277 4668 3450 4726 Stoici
3507 4684 3635 4720 sen-

1953 4771 2157 4840 tentia,
2186 4770 2364 4823 fatum
2415 4772 2498 4820 est
2547 4766 2897 4836 sempiterna
2924 4763 3188 4833 quaedam
3233 4764 3288 4814 et
3334 4758 3645 4814 indeclina-

1953 4858 2082 4912 bilis
2114 4857 2287 4910 series
2322 4871 2535 4920 rerum,
2579 4860 2635 4908 et
2665 4859 2864 4907 catena
2892 4852 3124 4905 volvens
3153 4849 3458 4918 semetipsa
3499 4863 3643 4915 sese,

1954 4954 2009 5003 et
2033 4947 2332 5016 implicaus
2377 4961 2479 5016 per
2508 4949 2750 4997 mternos
2798 4938 3225 5010 consequentiae
3280 4937 3530 5002 ordines,
3563 4952 3630 4989 ex

1954 5037 2160 5108 quibus
2188 5041 2320 5106 apta
2341 5048 2711 5102 conuexaque
2732 5034 2831 5083 est.
2870 5031 2948 5084 De
2977 5029 3124 5082 facto
3156 5027 3256 5098 qui
3284 5027 3450 5096 plura
3481 5039 3645 5077 nosse

1953 5125 2130 5196 cupit,
2191 5126 2340 5193 legat
2391 5124 2458 5176 M.
2492 5121 2741 5176 Tullium
2774 5125 2829 5171 et
2879 5117 3192 5172 Marcilium
3238 5115 3492 5170 Ficinum
3526 5113 3646 5166 Pla-

1953 5214 2232 5280 tonicum,
2277 5213 2595 5266 Landinum
2653 5210 2711 5262 in
2767 5213 2924 5263 sexto
2983 5207 3246 5262 IEnoidos
3286 5205 3644 5258 Commenta-

1953 5303 2062 5369 rio,
2089 5303 2331 5356 Gellium
2365 5301 2508 5355 libro
2541 5304 2718 5365 sexto,
2751 5303 2808 5352 et
2843 5297 3146 5352 Eusebium
3179 5295 3322 5348 libro
3364 5295 3519 5344 sexto
3552 5289 3644 5342 de-

1956 5392 2382 5462 Prteparatione
2415 5389 2760 5458 evangelica.

2025 5481 2375 5536 Providentia
2423 5477 2670 5549 namque]
2737 5477 2998 5531 Ostendit
3053 5473 3193 5545 quid
3241 5469 3466 5524 intersit
3498 5469 3644 5524 inter

1955 5569 2373 5642 providentiam
2407 5573 2461 5622 et
2487 5569 2690 5622 fatum.
3165 5615 3170 5618 .

2028 5660 2154 5726 Qum
2175 5659 2297 5716 licet
2327 5659 2544 5714 diversa
2564 5660 2691 5726 sint,
2732 5659 2964 5711 alterum
3005 5656 3199 5707 (amem
3247 5651 3445 5722 pendet
3476 5667 3543 5706 ex
3571 5652 3643 5704 al-
