4054 6184
411 254 548 304 102ἱὸ

1148 248 1495 302 ΑΡΡΕΝΙΠΧ
1541 247 1632 302 AD
1678 246 1927 301 LIBROS
1968 247 2060 301 DE
2099 245 2624 304 CONSOLATIONE
2666 245 3176 303 PHILOSOPIIIIE.

3769 250 3883 299 M36

405 378 534 451 tero]
569 380 740 433 Docet
770 393 884 448 quo
913 377 1260 447 participant
1291 393 1356 430 ea
1387 392 1512 446 quae
1545 377 1714 430 modo
1740 376 1963 430 diversa
1984 391 2108 431 esse
2146 378 2192 431 Α
2283 376 2553 426 Scribendi
2583 380 2722 426 recte
2743 389 2924 438 sapere
2947 378 3026 424 est
3055 379 3107 424 et
3136 376 3452 439 principium
3481 383 3531 426 et
3557 379 3689 427 fons.

408 467 696 523 censebat

477 555 735 622 Quaedam
779 554 921 623 vero]
953 553 1048 608 Ait
1087 553 1353 624 quasdam
1385 554 1610 608 tametsi
1656 553 1864 609 divina:
1906 554 2104 626 provi-

405 645 615 701 dentia:
641 645 897 714 subjecta
930 645 1064 708 sint,
1096 642 1323 697 fatalem
1360 649 1554 698 tamen
1573 643 1777 698 seriem
1810 660 2101 713 superare.

475 737 614 790 Nam
664 738 724 787 ut
751 731 979 803 orbium]
1019 731 1410 786 Pulcherrima
1450 732 1677 786 orbium
1723 733 2105 787 similitudine

405 820 572 874 docet
600 819 714 871 alia
739 817 1052 888 majoribus
1092 817 1192 869 fati
1233 817 1472 871 nexibus
1518 817 1824 888 implicari,
1857 817 1969 871 alia
2002 818 2106 871 mi-

406 907 662 977 noribus,
706 905 985 961 nonnulla
1033 921 1163 959 vero
1215 905 1446 961 fatalem
1480 906 1816 978 supergredi
1867 907 2105 960 necessi-

409 1001 606 1051 tatem.

477 1085 749 1156 Ertimus]
787 1087 1082 1139 Extremus
1114 1083 1286 1139 orbis.

476 1173 590 1245 Illi]
626 1177 862 1228 Puncto.

477 1263 719 1334 Cogitur]
748 1263 1194 1332 Constringizur.

482 1354 676 1422 Tanto]
711 1353 965 1407 Subaudi
999 1354 1196 1419 Magis.

477 1443 656 1508 Igitur
699 1443 800 1510 uti]
847 1441 1126 1511 Graphica
1184 1440 1564 1510 comparatio.
1602 1439 2104 1503 Quemadmodum

408 1531 635 1600 (inquit)
681 1531 1042 1584 ratiocinatio
1089 1535 1172 1583 est
1213 1530 1282 1583 ad
1330 1531 1706 1595 intellectum,
1753 1535 1809 1582 et
1857 1529 1915 1582 id
1949 1531 2103 1600 quod

407 1620 686 1690 gignitur,
721 1620 790 1673 ad
839 1620 898 1672 id
929 1619 1084 1689 quod
1127 1624 1232 1685 est,
1264 1623 1320 1672 et
1350 1624 1573 1688 tempus
1615 1618 1688 1671 ad
1721 1618 2102 1673 aeternitatem

407 1714 464 1762 et
491 1709 736 1761 circulus
769 1708 839 1761 ad
871 1715 1150 1776 punctum
1191 1705 1448 1760 medium
1483 1722 1494 1759 :
1531 1707 1610 1760 ita
1641 1706 1869 1760 mobilis
1899 1707 2000 1761 fati
2029 1725 2106 1762 se-

406 1794 516 1849 ries
543 1799 628 1848 est
654 1795 726 1849 ad
759 1795 1024 1849 stabilem
1076 1799 1132 1848 et
1158 1794 1518 1848 immobilem
1567 1794 1947 1864 providentia:
1974 1796 2105 1849 sim-

407 1881 746 1953 plicitatem.

476 1975 561 2026 Ea
589 1972 774 2041 series]
809 1973 1100 2036 Quatenus
1128 1971 1227 2026 fati
1267 1972 1352 2025 vis
1378 1989 1435 2026 se
1467 1972 1711 2042 explicet
1739 1971 2002 2026 ostendit.

481 2061 940 2132 lndeclinabilem]
980 2061 1396 2116 Inevitabilem.

474 2150 772 2222 Fluituras]
822 2150 1240 2204 Fluctuaturas.

476 2238 587 2302 Quo
632 2239 718 2310 ﬁt]
790 2239 1182 2294 Pulcherrima
1234 2238 1554 2306 conclusio,
1618 2242 1673 2292 et
1731 2238 2105 2310 Philosophia

407 2343 542 2382 sane
577 2343 752 2397 quam
784 2328 978 2397 digna.

478 2417 607 2480 Quae
636 2431 756 2469 vero
785 2417 1020 2485 inquies]
1051 2416 1308 2471 Occurrit
1339 2416 1521 2471 tacita:
1552 2416 1887 2486 objectioni,
1930 2433 2106 2488 quam

413 2502 593 2558 Boetii
629 2503 812 2556 verbis
852 2503 1100 2574 subjicit,
1134 2509 1192 2558 et
1217 2505 1465 2559 ostendit
1496 2507 1660 2575 longe
1709 2506 1877 2559 aliter
1923 2507 2104 2560 Deum

407 2596 581 2660 atque
627 2592 896 2645 mortales
937 2592 1211 2663 judicare,
1269 2594 1481 2664 Deique
1508 2593 1726 2662 judicia
1774 2611 1895 2647 esse
1944 2595 2105 2665 abys-

410 2696 537 2733 sum
570 2681 832 2747 multam,
885 2687 939 2736 et
985 2682 1247 2737 sensibus
1290 2683 1500 2739 nostris
1545 2683 2104 2754 cogitationibusque

415 2769 780 2823 inaccessam.

479 2857 641 2929 Num]
681 2858 970 2929 Nunquid.

477 2946 713 3018 Degunt]
748 2947 970 3000 Vivunt.

478 3036 816 3105 Censueri-nt]
852 3035 1327 3092 Existimaverint.

483 3125 590 3193 Uti]
622 3125 1138 3188 Quemadmodum.

482 3213 831 3285 Temperiem]
863 3216 1259 3284 Temperatam
1291 3216 1779 3272 constitutionem.

478 3305 619 3357 Num
650 3305 789 3357 enim
828 3304 1115 3374 dissimile]
1169 3306 1618 3362 Pulcherrimam
1667 3309 1834 3362 offert
1863 3324 2097 3378 compa-

407 3393 708 3444 rationem.

478 3481 528 3532 A
560 3477 767 3550 scienti]
792 3481 926 3533 Deo.

482 3568 821 3637 Ignorantes]
866 3567 1152 3622 Homines.

485 3657 852 3724 Pestringam]
885 3656 1158 3727 Colligam
1191 3661 1246 3711 et
1276 3656 1524 3712 breviter
1551 3659 1918 3730 complectar.

480 3744 676 3816 [Equi]
712 3745 1038 3816 rEquitatis,
1069 3745 1388 3801 imitatione
1421 3748 1664 3802 Maronis

479 3835 749 3904 Lucanus]
810 3835 877 3888 M.
936 3838 1168 3888 Anneus
1215 3837 1473 3890 Lucanus
1522 3837 1752 3893 natione
1793 3841 2094 3910 Hispanus,

408 3921 592 3992 patria
622 3922 1001 3977 Cordubensis
1030 3923 1158 3980 fuit.
1213 3925 1451 3995 Scripsit
1497 3943 1642 3996 opus
1683 3928 1750 3982 de
1782 3929 1934 3984 bello
1983 3931 2098 3984 Cae-

408 4012 547 4065 saris
607 4018 662 4066 et
692 4012 951 4083 Pompeii
1006 4013 1098 4068 cui
1147 4013 1347 4069 titulus
1394 4015 1702 4083 Pharsalia,
1753 4017 2095 4085 Saturnalia,

409 4101 692 4156 Silvarum
741 4102 916 4156 libros
950 4102 1163 4167 decem,
1211 4106 1548 4173 tragoediam
1599 4107 1874 4172 Medeam,
1923 4124 2096 4177 quam

408 4207 522 4244 non
565 4190 827 4258 absolvit,
876 4191 945 4246 de
990 4192 1257 4246 lncendio
1286 4195 1467 4264 Trojaz
1516 4211 1646 4248 cum
1686 4196 1896 4250 Priami
1940 4198 2095 4251 cala-

410 4279 626 4344 mitate,
671 4279 984 4349 Orpheum,
1047 4280 1269 4334 fabulas
1316 4282 1640 4352 complures
1709 4291 1766 4338 et
1811 4285 2097 4356 epistolas.

410 4366 478 4417 Ex
539 4363 699 4419 libris
752 4367 1060 4420 Pharsalia).
1116 4372 1228 4422 tres
1287 4368 1502 4438 primos
1561 4370 1894 4425 emendavit
1966 4388 2097 4426 cum

408 4470 578 4507 uxore
622 4455 983 4524 Argentaria,
1029 4455 1285 4526 reliquos
1324 4457 1708 4527 imperfectos,
1757 4465 1926 4530 atque
1978 4461 2099 4514 ine-

405 4543 708 4597 mendatos
739 4544 973 4614 reliquit
1012 4550 1244 4615 propter
1283 4545 1753 4617 intempestivum
1802 4548 2101 4603 interitum

405 4647 438 4684 a
464 4633 688 4686 Nerone
718 4633 1078 4704 imperatum.
1131 4635 1335 4688 Versus
1382 4636 1506 4706 ejus
1538 4641 1670 4690 sunt
1703 4638 1761 4691 in
1787 4639 1886 4692 lib.
1922 4639 2098 4694 Phar-

406 4719 560 4774 saliaa
591 4721 778 4790 primo
815 4737 827 4775 :

499 4843 603 4912 ljec
632 4843 919 4912 quidquam
945 4845 1062 4906 jam
1094 4846 1226 4912 ferre
1253 4850 1441 4912 potest,
1469 4848 1703 4912 Caesarve
1732 4851 1978 4912 priorem,

504 4905 847 4980 (Pompeiusve
885 4905 1062 4970 paran
1093 4923 1103 4956 :
1141 4905 1474 4980 quis-justius
1501 4910 1686 4980 induat
1711 4905 1880 4980 arma,

500 4967 830 5034 _S_cire_nefas,
867 4967 1060 5034 magno
1083 4967 1340 5034 seiudi'ce
1367 4973 1589 5034 quisque
1614 4977 1809 5031 tuetur,

500 5030 698 5078 Victrix
728 5044 886 5079 causa
915 5031 1015 5080 diis
1044 5030 1259 5095 placuit,
1289 5030 1546 5083 sed'victa
1569 5035 1770 5084 Catoni.

405 5130 473 5185 M.
507 5129 722 5182 Tullius
748 5128 807 5183 in
849 5130 1110 5185 oratione
1135 5148 1236 5201 pro
1269 5132 1476 5196 Quinto
1506 5134 1729 5204 Ligario
1765 5151 1776 5188 :
1814 5137 1992 5190 Causa
2025 5143 2102 5190 ta-

407 5234 538 5272 men
570 5218 764 5284 dubia,
797 5219 950 5288 quod
979 5225 1102 5273 erat
1131 5221 1345 5290 aliquid
1381 5223 1441 5276 in
1475 5228 1716 5294 utraque
1750 5229 1912 5293 parte
1945 5224 2099 5294 quod

407 5308 638 5376 probari
691 5313 898 5378 posset.
947 5309 1107 5362 Nunc
1168 5309 1371 5362 melior
1420 5315 1571 5365 certe
1621 5311 1933 5380 judicanda
1995 5316 2098 5377 est,

407 5412 580 5466 quam
617 5398 789 5450 etiam
823 5397 900 5451 dii
934 5397 1295 5465 adjuverunt.

478 5485 794 5539 Familiaris
819 5483 1027 5557 noster]
1059 5486 1185 5539 Veri
1215 5485 1368 5539 enim
1400 5493 1581 5556 poetae
1617 5490 1686 5543 de
1721 5490 2100 5561 Philosophia:

410 5571 634 5628 familia
663 5579 822 5627 sunt.
864 5575 1023 5629 Unde
1051 5575 1130 5630 ait
1155 5573 1416 5630 Horatius
1447 5591 1460 5630 :

2285 459 2437 514 Citra
2462 458 2628 527 spem]
2650 459 2864 511 Praetor
2907 472 3067 527 spem
3107 462 3164 511 et
3202 458 3683 527 exspectationem
3726 467 3879 517 tuam.

2286 548 2391 603 Sed
2421 551 2494 601 sit
2523 546 2756 617 aliquis]
2804 545 3065 600 Ostendit
3104 546 3286 600 varias
3327 552 3383 600 et
3421 547 3675 603 diversas
3705 551 3884 605 divina

2214 638 2662 709 dispensationis
2683 638 2955 692 rationes.

2283 729 2518 794 Quidam
2551 745 2635 782 me
2674 744 2885 796 quoque
2918 728 3286 800 excellentior]
3319 729 3646 800 Theologus
3669 729 3882 794 Graacus,

2213 834 2397 889 eoque
2425 817 2794 889 philosophia
2824 817 3209 887 praestantior.
3247 819 3387 872 Nam
3420 819 3579 889 quod
3617 819 3769 872 aiunt
3817 819 3881 872 in-

2211 905 2381 973 docti,
2406 907 2770 960 excellentior
2800 922 2913 975 me,
2953 906 3010 959 id
3051 912 3154 972 est,
3184 923 3287 976 per
3319 924 3432 974 me,
3481 908 3653 978 plane
3703 909 3880 961 ridicu-

2210 996 2331 1050 lum
2363 1000 2463 1050 est.
2495 996 2744 1065 Subjecit
2766 999 2957 1050 autem
2990 997 3249 1050 Graecum
3279 997 3562 1067 theologi,
3589 1013 3755 1066 quem
3781 1013 3872 1050 non

2214 1084 2412 1139 dubito
2454 1085 2602 1137 inter
2623 1085 2976 1139 Christianos
3007 1091 3374 1155 praestantem
3404 1087 3606 1152 fuisse,
3642 1103 3872 1140 versum:

2353 1169 2568 1246 ’Avd‘pd;
2597 1174 2732 1245 ἱεροῦ
2764 1181 2915 1244 σῶμα
2948 1171 3196 1244 δυνάμεις
3225 1171 3592 1245 οἰκοδομοῦσι.

2215 1263 2279 1315 ln
2328 1277 2440 1332 quo
2491 1261 3060 1316 animadvertendum
3107 1282 3127 1313 ε
3176 1263 3234 1315 in
3290 1262 3540 1317 dictione
3591 1266 3724 1336 ἱεροῦ
3769 1280 3875 1333 pro-

2213 1350 2342 1404 duci
2373 1351 2443 1405 ob
2469 1351 2747 1421 liquidam
2788 1355 3144 1421 sequentem,
3192 1357 3254 1405 ut
3308 1353 3459 1422 apud
3511 1354 3808 1405 Homerum
3836 1359 3877 1405 et

2215 1439 2469 1494 Persium
2501 1439 2651 1511 μέλος
2681 1438 2866 1510 prima
2896 1441 3111 1510 syllaba
3144 1441 3352 1511 legitur
3398 1447 3652 1507 extenta,
3686 1442 3874 1494 tametsi

2213 1529 2446 1599 quidam
2477 1532 2700 1582 mutent
2731 1547 2751 1580 ε
2781 1529 2840 1582 in
2879 1549 2932 1596 η,
2966 1530 3224 1599 legentes
3259 1531 3427 1602 ἱηροὺ.
3469 1531 3670 1584 Latine
3719 1530 3788 1583 sic
3813 1547 3877 1582 so-

2215 1623 2314 1673 nat
2342 1620 2410 1673 ad
2443 1619 2678 1672 verbum
2710 1619 2854 1672 facta
2893 1619 3288 1690 interpretatio
3322 1636 3333 1672 :
3378 1619 3491 1672 Viri
3527 1619 3679 1674 sacri
3708 1636 3878 1690 corpus

2214 1707 2449 1761 virtutes
2487 1708 2854 1762 azdiiicavere.
2906 1710 3112 1762 Versus
3145 1715 3336 1762 autem
3386 1709 3538 1763 hunc
3589 1710 3652 1763 in
3681 1710 3877 1762 modum

2214 1797 2370 1850 reddi
2393 1801 2582 1868 potest
2612 1814 2624 1850 :

2275 1886 2416 1934 Sacri
2437 1886 2668 1934 hominis
2693 1899 2884 1948 corpus
2907 1887 3129 1935 virtutes
3155 1886 3501 1936 aediﬁcarunt.

2285 1965 2472 2036 Mista]
2509 1967 2719 2020 Partim
2747 1983 3039 2037 prospera,
3077 1967 3285 2037 partim
3317 1968 3573 2022 adversa.

2283 2058 2361 2110 Ne
2390 2058 2550 2123 longa
2593 2058 2858 2121 felicitate
2909 2057 3213 2125 luwurient]
3249 2057 3393 2110 Nam
3421 2063 3483 2111 ut
3513 2058 3599 2111 ait
3631 2058 3875 2112 Ovidius:

2307 2145 2608 2208 Luxuriant
2626 2145 2789 2192 animi
2813 2144 2970 2192 rebus
3001 2144 3145 2207 pleru
3157 2159 3310 2208 mque
3340 2145 3613 2200 secundis,

2366 2207 2470 2254 Nec
2494 2207 2645 2256 facile
2675 2211 2752 2255 est
2777 2220 2924 2270 aequa
2959 2207 3238 2256 commoda
3268 2212 3442 2256 mente
3469 2209 3597 2270 pati.

2283 2289 2435 2343 Alios
2466 2287 2620 2341 duris
2651 2290 2858 2355 agitari
2889 2286 3050 2358 sinit]
3096 2288 3347 2357 Baptista
3376 2290 3717 2343 Mantuanus
3761 2289 3879 2341 libro

2211 2375 2494 2431 Silvarum
2528 2377 2776 2450 secundo
2812 2392 2824 2430 :

2429 2472 2602 2521 Rebus
2632 2471 2864 2536 adversis
2893 2473 3088 2536 agitata
3122 2471 3287 2536 virtus

2398 2535 2609 2590 Crescit,
2647 2541 2696 2582 et
2724 2535 2888 2582 robur
2917 2534 3148 2583 cruciata
3179 2534 3340 2596 longo

2430 2597 2601 2660 Sumit
2627 2597 2826 2660 attritu,
2861 2597 3154 2660 meliusque
3181 2601 3319 2645 terso

2523 2659 2776 2707 Candicat
2805 2673 2914 2708 ore.

2431 2722 2606 2769 Otium
2639 2721 2763 2770 clari
2794 2722 3007 2783 fugiunt
3040 2721 3284 2770 honores.

2429 2784 2640 2847 Nobiles
2676 2783 2821 2833 ducit
2849 2785 2998 2832 labor
3029 2785 3094 2832 ad
3127 2784 3440 2847 triumphos.

2429 2846 2602 2894 Sudor
2627 2847 2862 2908 insignes
2889 2847 2984 2894 iter
3005 2847 3068 2894 ad
3101 2846 3322 2895 coronas

2552 2909 2810 2957 Monstrat
2839 2913 3096 2972 apertum.

2145 2977 2185 3032 ο
2285 3007 2574 3076 Tristibus]
2606 3007 2889 3062 Adversis.

2280 3095 2520 3168 Probris]
2557 3096 2732 3150 Vitiis.

2282 3183 2569 3255 Emercitii]
2595 3183 2850 3237 Subaudi
2883 3198 3070 3237 causa.

2282 3275 2419 3326 Nam
2436 3275 2497 3325 ut
2521 3273 2710 3340 probis
2737 3277 2900 3340 atque
2930 3269 3210 3342 improbis]
3238 3271 3474 3324 Pulchre
3510 3271 3589 3323 ait
3612 3269 3878 3339 improbos

2207 3376 2325 3414 non
2353 3362 2540 3414 solum
2578 3378 2608 3414 a
2639 3360 2834 3430 probis
2867 3360 3211 3426 discordare,
3257 3361 3350 3412 sed
3386 3359 3535 3412 inter
3570 3373 3630 3412 se
3677 3371 3877 3428 quoque

2208 3449 2426 3502 nullam
2478 3449 2687 3502 habere
2745 3450 3201 3502 convenientiam
3250 3465 3262 3502 :
3310 3453 3369 3501 at
3406 3464 3535 3501 cum
3587 3446 3878 3515 semetipsis

2207 3536 2554 3602 discordare,
2579 3538 2729 3591 vitiis
2757 3539 3167 3593 conscientiam
3198 3538 3674 3608 discerpentibus,

2348 3626 2616 3699 Ἄργαλέον
2641 3624 2688 3678 δ’
2716 3626 2804 3698 ἐμέ
2831 3635 2994 3679 ταῦτα
3026 3631 3148 3680 θεῶν
3179 3630 3246 3688 ὡς
3279 3628 3427 3678 πάντ’
3449 3624 3722 3700 ἀγορεύειν.

2209 3717 2432 3770 Grmcus
2457 3733 2650 3770 versus
2695 3718 2958 3771 heroicus
3001 3722 3085 3771 est
3131 3718 3209 3785 (ni
3257 3717 3443 3785 fallor)
3498 3715 3740 3779 Homeri,
3785 3711 3872 3781 qui

2208 3806 2278 3860 ad
2307 3806 2542 3860 verbum
2589 3805 2998 3875 interpretatus
3045 3806 3122 3860 sic
3162 3811 3370 3860 sonat:
3424 3805 3666 3859 Diilicile
3707 3807 3872 3855 autem

2208 3900 2291 3949 est
2336 3911 2426 3947 me
2492 3911 2756 3949 sermone
2814 3895 3120 3965 explicare,
3198 3895 3680 3966 quemadmodum
3750 3892 3880 3944 Deus

2208 3984 2403 4037 omnia
2460 3989 2638 4055 regat,
2695 3990 2749 4037 et
2798 4001 2899 4038 sua
2942 3984 3303 4054 providentia
3347 3983 3635 4053 disponat.
3699 3982 3876 4031 Versus

2208 4074 2406 4129 Latino
2428 4090 2688 4127 sermone
2719 4075 2796 4127 sic
2823 4074 2983 4128 reddi
3017 4077 3203 4143 potest
3234 4092 3250 4126 :

2365 4162 2582 4210 Difﬁcile
2612 4165 2691 4210 est
2710 4162 2784 4209 sic
2808 4161 2922 4210 haec
2947 4175 3030 4212 me
3061 4162 3234 4211 dicere
3264 4164 3456 4210 cuncta
3486 4161 3720 4209 deorum.

2142 4260 2185 4313 1)
2284 4244 2558 4314 Proditor]
2595 4243 2921 4311 Productor,
2957 4244 3235 4298 conditor.

2283 4331 2520 4404 Haustu]
2594 4333 2920 4402 Metaphora
2977 4333 3045 4386 ab
3094 4333 3204 4387 iter
3254 4331 3592 4386 facientibus
3653 4333 3872 4398 sumpta.

2210 4423 2309 4494 qui
2357 4424 2562 4477 haustu
2606 4423 2721 4476 vini
2769 4428 2998 4493 accepto
3033 4424 3248 4489 refecti,
3289 4429 3538 4494 pergunt
3582 4423 3640 4475 in
3697 4421 3873 4474 itinere

2209 4511 2494 4567 instituto.

2778 4602 2845 4655 IN
2889 4602 3174 4656 METRUM
3217 4601 3314 4657 Vll

2281 4691 2524 4744 Carmen
2551 4689 2655 4744 hoc
2685 4690 3194 4760 ejusdem‘generis
3227 4696 3312 4744 est
3339 4705 3470 4743 cum
3503 4691 3704 4760 quinto
3733 4686 3872 4757 primi

2209 4779 2532 4834 voluminis.
2572 4781 2780 4834 Probat
2811 4797 2877 4834 eo
2899 4780 3265 4851 Phil050phia
3295 4780 3352 4834 id
3385 4783 3536 4849 quod
3571 4780 3739 4849 paulo
3769 4781 3874 4828 ante

2209 4869 2369 4934 dixit,
2397 4869 2593 4922 omnia
2613 4868 2872 4923 videlicet
2894 4869 3046 4923 mala
3080 4871 3259 4923 Deum
3291 4869 3555 4922 omnium
3590 4867 3874 4936 principem

2209 4963 2363 5012 extra
2394 4957 2720 5028 reipublicm
2774 4975 2890 5011 suae
2921 4959 3196 5011 terminos
3236 4959 3557 5019 eliminare,
3607 4963 3661 5008 et
3709 4953 3877 5007 omnia

2209 5046 2268 5100 in
2299 5046 2487 5100 oflicio
2515 5047 2828 5112 continere,
2875 5063 2938 5100 ac
2974 5063 3064 5099 res
3095 5063 3296 5100 omnes
3326 5046 3547 5115 alioqui
3587 5042 3871 5099 temerariis

2208 5135 2457 5189 motibus
2482 5136 2828 5201 fluitaturas,
2862 5137 3080 5206 optimo
3111 5141 3569 5206 temperamento
3615 5145 3869 5188 coercere.

2211 5223 2420 5277 Hevide
2452 5240 2624 5294 supra
2653 5225 2914 5279 eamdem
2947 5225 3369 5295 propemodum
3401 5226 3699 5279 materiam
3731 5222 3782 5275 in
3808 5218 3875 5271 ul-

2210 5313 2351 5366 timo
2384 5313 2620 5367 secundi
2654 5315 2956 5368 voluminis
2985 5314 3256 5368 carmine.

2281 5401 2444 5472 Celsi]
2486 5402 2782 5456 Altissimi.

2279 5492 2435 5559 Jura]
2460 5489 2801 5543 Potentiam.

2285 5578 2574 5654 Tonantis]
2609 5578 2726 5632 Dei.
