4054 6184
151 279 286 329 1057

216 406 391 480 Pura]
423 406 946 463 Perturbationibus
965 410 1022 462 et
1052 406 1198 462 vitiis
1226 411 1487 478 purgata.

217 496 420 565 Soters]
477 497 832 567 Ingeniosus,
888 496 1204 569 perspicax,
1265 503 1430 553 acuta
1491 498 1845 569 contempla-

143 587 300 641 tione
334 592 518 643 utens.

221 675 466 748 Cernere]
504 677 723 731 Videre.

215 763 804 837 Culmina]:Sublimes
831 771 1042 836 partes.

213 855 360 925 Illic]
395 857 456 909 In
490 855 651 909 coelo.

219 946 467 1000 Veterem
494 945 701 1014 pacem]
733 945 1046 1015 Antiquam
1076 944 1461 1000 concordiam.

214 1033 464 1108 Phaibes]
487 1035 674 1088 Lunae.

213 1123 427 1196 Arcem]
452 1125 715 1186 Currum,
746 1122 1092 1177 vehiculum.

214 1214 440 1268 Summo
468 1212 686 1283 vertice]
731 1212 900 1283 Apud
949 1211 1152 1282 polum
1202 1208 1733 1282 septentrionalem,
1776 1209 1846 1264 de

144 1319 260 1373 quo
299 1307 470 1372 poeta
497 1320 510 1356 :

303 1393 399 1441 Hic
424 1397 600 1441 vertex
631 1391 786 1440 nobis
817 1405 1021 1454 semper
1049 1391 1310 1449 sublimis,
1345 1395 1398 1439 at
1426 1388 1575 1454 illum

268 1454 382 1504 Sub
411 1455 627 1518 pedibus
677 1455 805 1518 Styx
824 1449 1119 1521 atra'videt,
1144 1466 1433 1516 manesque
1463 1449 1730 1516 profundi.

211 1555 462 1624 Rapidus
493 1553 725 1625 meatus]
761 1553 987 1607 Veloces
1011 1557 1218 1608 motus.

215 1645 374 1716 Ursa]
402 1644 589 1699 Greece
635 1646 874 1717 "Apzrog.
911 1643 1153 1713 Higinus
1189 1641 1386 1695 scribit
1414 1641 1664 1712 eftigiem
1691 1641 1843 1694 Ursae

1428 275 1811 331 MURMELLII
1852 273 2384 331 COMMENTARIA.

3532 284 3666 335 1058

1884 412 1931 463 Α
1961 412 2095 462 sunt
2114 407 2495 478 perfectiores.

2027 495 2304 568 Discepta]
2339 497 2626 567 Separata.

2025 588 2134 640 Suo
2168 584 2347 658 fonte]
2379 590 2423 639 A
2447 588 2562 640 Deo
2594 587 2874 658 principio
2909 604 3033 642 suo.

2015 675 2303 746 Fatiscent]
2343 676 2749 730 Dissolvantur.

2028 766 2146 820 Non
2176 766 2356 829 aliter]
2396 766 2516 818 Non
2541 767 2652 819 alio
2688 766 2878 820 modo.

2029 854 2297 922 Ite/luant]
2333 854 2732 908 Revertantur.

2029 942 2232 1011 Causae]
2264 943 2349 996 Ad
2374 959 2602 996 causam
2624 944 2892 1013 primam.

2026 1029 2172 1101 Esse]
2206 1031 2536 1098 Essentiam,
2581 1032 2668 1086 Sic
2699 1039 2752 1086 et
2781 1049 2956 1102 supra
3012 1034 3161 1087 libro
3208 1035 3376 1088 tertio
3409 1034 3651 1090 cecinit:

2171 1137 2433 1200 Repetunt
2457 1138 2694 1200 prOprios
2726 1151 2934 1200 quoque
2964 1152 3226 1199 recursus,

2169 1199 2464 1261 Redituque
2495 1214 2590 1248 suo
2622 1200 2829 1262 singula
2857 1199 3112 1262 gaudent,

2171 1261 2274 1309 Nec
2302 1267 2481 1310 manet
2510 1262 2604 1309 ulli
2628 1261 2850 1310 traditus
2871 1261 3032 1323 iordo,

2171 1324 2282 1388 lﬁisi
2306 1325 2448 1388 quod
2479 1323 2823 1386 ﬁuijunxerit
2857 1330 3050 1388 ortum,

2173 1385 2528 1449 Stabilemque
2554 1385 2635 1434 sui
2663 1387 2842 1435 fecerit
2867 1385 3067 1437 orbem.

1953 1482 2234 1536 Marsilius
2269 1484 2489 1537 Ficinus
2522 1485 2580 1538 in
2613 1487 3062 1553 Commentario,
3087 1487 3344 1540 oratione
3379 1487 3652 1551 secunda,

1953 1572 2137 1641 capite
2153 1573 2339 1641 primo
2359 1589 2371 1625 :
2394 1576 2718 1626 Trinitatem
2731 1577 3082 1642 Pythagorici
3089 1576 3403 1644 philosophi
3419 1578 3654 1629 omnium

1954 1675 2263 1714 mensuram
2294 1675 2404 1714 esse
2458 1662 2762 1725 voluerunt,
2795 1663 2857 1716 ob
2919 1679 3034 1716 eam
3081 1663 3332 1718 arbitror
3367 1667 3651 1730 rationem,

138 1734 320 1789 stellis
352 1735 677 1804 ﬁguratam,
703 1749 819 1787 non
836 1732 1119 1787 'occidere.
1143 1735 1354 1800 Negant
1375 1730 1610 1801 (inquit)
1635 1730 1834 1785 Oceani

2030 1750 2090 1802 9d
2119 1752 2256 1802 Deus
2289 1753 2526 1803 ternaiio
2557 1766 2775 1804 numero
2827 1767 2910 1804 res
2941 1752 3228 1818 gubernat,
3273 1756 3435 1820 atque
3483 1754 3650 1807 etiam

140 1837 366 1876 umorem
391 1821 450 1874 id
478 1824 734 1890 recipere,
763 1835 881 1874 cum
902 1821 1114 1888 reliqua
1134 1817 1319 1872 sidera
1347 1833 1404 1871 eo
1438 1819 1760 1886 perveniant
1779 1819 1836 1869 in

140 1927 411 1980 occasum,
443 1911 589 1980 quod
638 1911 832 1978 Tethys
863 1911 1098 1963 Junonis
1135 1911 1207 1962 sit
1252 1910 1466 1973 nutrice,
1511 1909 1597 1960 cui
1626 1907 1837 1959 Calisto

140 2001 518 2060 succubuerat,
549 2005 610 2053 ut
637 2001 836 2069 pellem.
871 1999 1028 2053 Idem
1057 1997 1230 2052 etiam
1252 1996 1413 2051 docet
1432 1994 1662 2050 Ovidius
1690 1995 1836 2048 libro

141 2091 395 2144 secundo
429 2089 804 2158 Metamorph.
840 2088 970 2141 Ideo
999 2092 1192 2141 autem
1227 2102 1425 2140 revera
1457 2100 1577 2138 non
1609 2083 1836 2143 occidit,

142 2180 277 2251 quia
317 2195 450 2233 cum
481 2171 654 2248 supra
688 2195 788 2231 nos
825 2177 897 2230 sit
925 2177 1093 2248 polus
1125 2176 1383 2243 arcticus,
1417 2190 1641 2245 semper
1671 2189 1703 2227 a
1741 2189 1838 2227 no—

141 2269 229 2324 bis
260 2269 502 2324 vidctur.
539 2268 627 2324 Sic
656 2268 844 2321 Maro:

263 2357 451 2407 Arctos
483 2356 676 2406 Oceani
710 2358 1004 2405 metuentes
1035 2367 1246 2418 (equore
1275 2353 1428 2416 tingi.

214 2442 426 2497 Oceano
456 2441 663 2506 tingere
681 2435 953 2510 ﬂammas]
983 2436 1267 2491 Occidere.

207 2527 538 2600 Astrigeris]
582 2527 938 2582 Coelestibus.

217 2620 467 2690 Vicibus]
494 2621 602 2672 Per
626 2618 793 2672 vices.

213 2707 436 2781 Sidam]
471 2709 744 2763 Deorsum
767 2707 1024 2776 vergant,
1065 2701 1480 2774 deprimantur.

214 2797 417 2852 Iisdem
432 2795 627 2868 causis]
656 2797 733 2850 Ex
768 2795 966 2850 eadem
995 2791 1193 2848 mundi
1231 2787 1553 2845 concordia.

213 2887 432 2956 Spirat]
454 2885 736 2958 Spirando
766 2883 994 2939 emittit.

211 2974 470 3047 Florifer]
509 2976 697 3029 Flores
723 2974 934 3027 ferens.

159 3097 170 3106 --
211 3066 434 3130 Ann-us]
484 3064 585 3119 Hic
624 3063 924 3135 aequaliter
953 3061 1013 3116 in
1043 3063 1292 3132 quatuor
1319 3057 1590 3113 dividitur
1623 3059 1836 3126 partes,

136 3155 299 3225 juxta
327 3153 473 3208 illud
503 3154 795 3225 poeticum
821 3167 832 3206 :

264 3243 714 3304 Temporibusque
739 3252 917 3303 parem
946 3237 1167 3287 diversis
1198 3239 1426 3299 quatuor
1455 3247 1676 3284 annum.

139 3343 285 3396 Sunt
334 3345 526 3395 autem
585 3356 702 3406 ver,
780 3341 964 3403 aestas,
998 3340 1330 3402 autumnus,
1389 3334 1592 3388 hiems.
1658 3333 1838 3402 thue

140 3429 460 3484 Macrobius
489 3430 568 3483 ait
615 3430 761 3482 libro
803 3426 1083 3497 septimo:
1133 3427 1240 3481 Ver
1289 3425 1436 3477 Deus
1469 3424 1706 3477 omnium
1755 3421 1841 3487 fa-

142 3522 384 3575 bricator
408 3518 647 3574 calidum
668 3519 801 3584 fecit
852 3521 902 3570 et
933 3517 1275 3576 humectum;
1305 3515 1449 3567 sicca
1484 3517 1562 3566 est
1601 3515 1762 3566 aestas
1793 3514 1844 3563 et

139 3611 347 3674 calida,
374 3614 668 3663 autumnus
697 3609 870 3662 siccus
900 3604 1166 3674 frigidus,
1187 3603 1354 3657 hiems
1385 3601 1612 3655 humida
1629 3601 1845 3670 pariter
1897 3653 1901 3656 _

140 3704 187 3752 et
215 3699 438 3766 frigida
460 3702 557 3752 est.

209 3790 412 3852 Pomis]
451 3786 684 3842 Ovidius
725 3785 869 3839 libro
927 3783 996 3837 de
1046 3781 1320 3837 Remedio
1352 3780 1562 3835 amoris
1608 3779 1837 3850 primo:

265 3899 431 3946 Poma
451 3894 542 3943 dat
573 3896 880 3950 autumnus,
908 3889 1140 3937 formosa
1162 3890 1241 3935 est
1259 3886 1516 3950 messibus
1545 3889 1716 3934 testas.

327 3959 431 4007 Ver
461 3956 661 4019 praebet
691 3948 874 4012 ﬂores,
897 3952 1020 4015 igne
1049 3951 1256 4000 levatur
1283 3948 1469 3996 hiems.

215 4055 450 4128 Gravis]
480 4057 710 4120 Plenus,
737 4051 1056 4117 abundans,

209 4145 457 4215 Deﬂuus]
492 4146 766 4198 Deorsum
797 4141 1001 4195 fluens.

213 4239 343 4292 Hac
401 4229 710 4302 temperies]
743 4228 1053 4285 Moderatio
1086 4229 1140 4282 et
1170 4223 1489 4281 concordia.

217 4329 404 4383 Vitam
435 4323 630 4394 spirat]
678 4320 844 4375 Vivit.

213 4413 440 4485 Eadem]
471 4410 816 4482 Temperies.

214 4503 446 4572 Condit]
478 4499 802 4555 Abscondit.

207 4591 394 4664 Obitu]
434 4593 666 4657 Occasu,
695 4593 898 4644 morte.

209 4681 479 4754 Mergens]
506 4682 783 4737 Obruens.

201 4773 487 4836 Conditor]
519 4773 768 4825 Creator.

209 4861 399 4934 Equi]
429 4859 750 4931 quuitatis.

210 4949 479 5023 Concitat]
508 4951 778 5022 Imperat,
803 4947 970 5018 cogit.

213 5042 328 5111 Ire]
357 5040 584 5094 Moveri.

209 5128 400 5201 Sistit]
434 5129 592 5183 Stare
616 5127 800 5198 jubet.

216 5219 539 5288 Retrahens]
564 5218 647 5271 Ad
678 5233 737 5270 se
764 5231 985 5270 vocans.

221 5308 406 5380 Vaga]
441 5306 683 5362 Mobilia.

217 5398 450 5467 Firmat]
483 5396 720 5452 Stabilit.

219 5489 364 5559 Itus]
401 5487 600 5540 Motus.

226 5574 459 5647 Iterum]
505 5576 776 5628 Rursum.

225 5670 286 5723 In
318 5666 474 5720 orbes
525 5659 715 5734 nemos]
764 5661 946 5716 Motus
972 5656 1298 5721 circulares,
1335 5653 1436 5725 qui
1473 5649 1639 5706 rectis
1677 5649 1847 5719 longe

1943 1853 2028 1892 res
2060 1841 2192 1906 ipsae
2241 1842 2473 1894 ternario
2522 1855 2742 1894 numero
2776 1843 3159 1895 terminantur.
3222 1840 3360 1896 Hinc
3404 1843 3652 1900 Maronis

1943 1926 2086 1982 illud
2117 1944 2129 1981 :

2193 2016 2419 2064 Numero
2451 2018 2588 2065 Deus
2615 2017 2815 2080 impare
2841 2017 3054 2080 gaudet.

1945 2096 2160 2166 Nempe
2190 2112 2449 2150 summus
2482 2098 2574 2150 ille
2615 2103 2812 2150 auctor
2855 2099 3042 2167 primo
3075 2098 3303 2168 singula
3334 2105 3508 2165 creat,
3555 2117 3642 2155 se-

1945 2184 2130 2238 cundo
2161 2185 2330 2255 capit,
2366 2186 2534 2239 tertio
2557 2185 2795 2256 perlicit.
2829 2187 3068 2256 Singula
3093 2203 3323 2257 quoque
3353 2189 3650 2258 imprimis

1947 2274 2016 2328 ab
2048 2275 2144 2327 illo
2187 2275 2426 2345 perenni
2479 2275 2634 2328 fonte
2686 2273 2950 2342 etﬂuunt,
3005 2277 3143 2330 dum
3164 2284 3512 2342 nascuntur;
3548 2279 3649 2331 de-

1945 2363 2076 2416 inde
2108 2363 2167 2415 in
2192 2364 2459 2417 eumdem
2492 2362 2766 2432 reﬂuunt,
2801 2365 2937 2418 dum
2971 2381 3130 2418 suam
3167 2365 3321 2418 illam
3368 2366 3651 2435 originem

1944 2455 2250 2521 repetunt;
2281 2456 2573 2522 postremo
2606 2452 3002 2522 perﬁciuntur,
3036 2458 3343 2523 postquam
3390 2453 3447 2506 in
3481 2470 3650 2508 suum

1944 2539 2296 2610 principium
2330 2541 2640 2595 redierunt.

2535 2649 2604 2700 IN
2638 2647 2913 2703 PROSAM
2945 2648 3058 2703 VII.

2020 2756 2095 2808 Ex
2125 2755 2193 2808 iis
2225 2770 2352 2824 qua:
2393 2770 2564 2832 supra
2597 2754 2984 2808 eruditissime
3016 2771 3147 2809 cum
3188 2756 3256 2810 de
3295 2756 3485 2810 divina
3515 2772 3651 2826 pro-

1947 2842 2220 2908 videntia,
2244 2846 2368 2896 tum
2415 2843 2483 2896 de
2518 2842 2676 2896 fatali
2712 2843 2858 2896 serie
2887 2843 3172 2911 disseruit,
3209 2844 3504 2914 pulchram
3547 2859 3651 2898 nec

1950 2931 2143 2986 minus
2190 2947 2382 2984 veram
2454 2930 2686 2984 deducit
2754 2931 3091 2999 illationem,
3145 2933 3340 2986 aiens:
3399 2932 3649 2985 Tametsi

1881 3026 1921 3080 Ο
1952 3021 2123 3090 vulgo
2157 3019 2321 3073 aliter
2355 3019 2637 3086 videatur,
2675 3035 2906 3074 omnem
2938 3020 3173 3090 quidem
3205 3020 3498 3074 fortunam
3529 3036 3651 3074 esse

1948 3109 2182 3176 bonam,
2211 3124 2339 3162 cum
2371 3110 2456 3162 vel
2484 3109 2638 3180 justa
2660 3108 2753 3177 sit,
2777 3109 2864 3161 vel
2899 3108 3071 3162 utilis.
3109 3109 3357 3163 Proinde
3398 3108 3517 3164 viro
3545 3125 3637 3162 sa-

1947 3199 2131 3270 pienti
2162 3215 2279 3252 non
2309 3215 2430 3252 esse
2451 3200 2698 3268 graviter
2725 3199 3050 3265 ferendum,
3080 3199 3130 3252 si
3155 3199 3215 3252 in
3235 3198 3486 3253 fortunae
3522 3215 3638 3252 cer-

1949 3294 2142 3343 tamen
2195 3288 2527 3351 adducatur,
2591 3304 2703 3359 quo
2767 3289 2890 3358 ejus
2920 3288 3224 3344 exercitata
3253 3290 3432 3343 virtus
3461 3289 3649 3359 magis

1951 3395 2013 3432 ac
2043 3377 2226 3448 magis
2251 3377 2546 3442 enitescat,

2023 3466 2147 3535 Qui]
2178 3465 2500 3530 Quomodo.

2021 3553 2194 3625 Νῐωα]
2229 3555 2497 3622 Firmata,
2533 3557 2870 3623 sustentata,
2903 3555 3153 3610 suffulta.

2021 3644 2407 3713 Inopinabilcs]
2461 3643 2846 3712 Incredibiles,
2926 3661 2957 3698 a
3012 3645 3168 3716 vulgi
3227 3642 3500 3714 Opinione
3557 3660 3649 3697 se-

1955 3739 2162 3787 motas.

2024 3822 2194 3875 Paulo
2224 3819 2370 3890 ante]
2401 3821 2574 3874 Prosa
2604 3825 2808 3891 quarta
2838 3826 2893 3875 et
2951 3826 3105 3875 sexta
3134 3820 3306 3892 hujus
3356 3821 3505 3876 libri.

2027 3909 2152 3979 Qui]
2187 3910 2318 3974 Cur,
2348 3909 2654 3979 quomodo.

2029 3997 2114 4070 Ut]
2142 3999 2462 4064 Quomodo,
2496 3999 2661 4053 sicut.

2025 4090 2211 4145 Nonne
2264 4091 2439 4156 igitur
2488 4088 2680 4142 bonum
2735 4085 2935 4157 censes]
2991 4086 3365 4156 Syllogismus
3409 4092 3466 4141 et
3495 4089 3648 4141 tertii

1954 4178 2157 4248 primae
2183 4176 2385 4246 ﬁgura:
2441 4175 2616 4230 modi.
2667 4175 2953 4245 Quidquid
3005 4175 3252 4244 prodest,
3297 4176 3514 4229 bonum
3542 4181 3645 4230 est.

1956 4268 2208 4321 Fortuna
2237 4271 2429 4320 autem
2471 4281 2736 4320 exercens
2791 4269 2888 4319 aut
2913 4263 3226 4334 corrigens,
3259 4264 3506 4334 prodest.
3559 4265 3651 4318 Est

1883 4347 1925 4400 Ι)
1957 4355 2139 4427 igitur
2165 4355 2332 4409 bona.

2021 4445 2091 4499 H
2097 4447 2179 4512 13c]
2211 4444 2482 4510 Fortuna,
2518 4458 2648 4513 qua:
2677 4441 2765 4495 vel
2795 4445 3014 4496 exercet
3034 4441 3122 4494 vel
3153 4439 3407 4511 corrigit.

2023 4532 2380 4603 lnopinabile]
2408 4531 2745 4588 Incredibile
2778 4537 2834 4586 et
2863 4531 3118 4586 alienum
3150 4531 3222 4584 ab
3249 4530 3521 4600 opinione
3554 4546 3642 4584 sa-

1952 4624 2236 4695 pientum.

2022 4713 2200 4778 Quare
2244 4711 2447 4780 inquit]
2483 4712 2559 4764 Ex
2602 4710 2724 4780 jam
2773 4709 2936 4763 dictis
2992 4709 3186 4774 infert,
3243 4708 3363 4761 viro
3402 4707 3648 4778 sapienti

1949 4798 2189 4854 minime
2220 4799 2551 4864 dolendum,
2597 4814 2726 4852 cum
2765 4798 3034 4851 adversus
3057 4813 3317 4868 asperam
3356 4797 3649 4851 fortunam

1949 4894 2170 4942 certare
2200 4887 2443 4957 cogitur,
2465 4887 2544 4940 sic
2574 4885 2730 4940 enim
2761 4885 2942 4940 virtus
2975 4890 3031 4939 et
3064 4885 3360 4955 probatur,
3386 4891 3441 4940 et
3465 4887 3648 4956 magis

1951 4977 2233 5031 elucescit.
2269 4976 2426 5030 Unde
2458 4975 2730 5030 Ovidius:

2080 5067 2209 5124 Quae
2239 5064 2381 5120 latet,
2415 5064 2574 5127 inque
2594 5063 2748 5112 bonis
2782 5066 2952 5127 cessat
2975 5076 3081 5112 non
3106 5065 3318 5127 cognita
3348 5063 3522 5119 rebus,

2169 5129 2398 5190 Apparet
2421 5125 2609 5184 virtus,
2645 5126 2992 5188 arguiturque
3027 5125 3197 5175 malis}

1950 5211 2019 5263 Et
2038 5208 2208 5264 Silius
2237 5207 2463 5261 Italicus
2490 5205 2636 5260 libro
2666 5211 2870 5277 quarto
2906 5207 2972 5261 de
3008 5207 3310 5262 Romanis:

2513 5295 2671 5343 Juvat
2703 5294 2778 5343 ire
2804 5295 3014 5358 periclis

2076 5359 2153 5408 Ad
2185 5359 2362 5412 decus.
2400 5360 2452 5406 et
2480 5356 2666 5406 dextra
2707 5354 3108 5406 memorandum
3163 5354 3387 5403 condere
3431 5364 3648 5412 nomen,

2079 5423 2242 5481 Quale
2271 5420 2416 5470 dedit
2445 5432 2722 5482 nunquam
2752 5420 2910 5470 rebus
2935 5420 3150 5469 fortuna
3178 5413 3442 5464 secundis.

1954 5505 2169 5559 Rursus
2198 5503 2258 5555 in
2281 5502 2482 5556 eodem
2509 5518 2522 5555 :

2109 5590 2644 5653 Explorantiadversa
2667 5590 2828 5646 viros,
2861 5597 3281 5653 perqueLaspera
3315 5583 3448 5634 duro

2109 5645 2322 5703 Nititur.
2359 5652 2425 5702 ad
2456 5653 2669 5704 laudem
2693 5645 3131 5703 virtus'interrita
3149 5645 3306 5696 clivo.
