4054 6184
435 178 569 231 1059

497 310 693 367 Gloriae
722 311 949 378 propria
976 306 996 379 ]
1044 308 1280 361 Faustus
1308 306 1653 360 Andrelinus
1676 323 1687 359 :

549 399 724 447 Fortia
748 397 981 445 diiﬁciles
1014 396 1314 458 superantia
1335 399 1546 457 pectora
1576 409 1744 450 casus.

644 460 845 523 Inclyta
879 464 1147 522 perpetuae
1180 458 1394 506 nomina
1418 458 1589 506 laudis
1618 458 1834 506 habent.

505 542 698 597 Virtus
724 539 966 611 vocatur]
1010 540 1169 593 Unde
1204 540 1381 593 virtus
1422 539 1708 609 appellata
1738 539 1810 592 sit
1844 538 2111 605 ostendit,

426 631 576 700 quod
616 629 734 683 suis
763 629 977 683 scilicet
1006 628 1220 681 viribus
1266 628 1470 695 nitens,
1526 644 1638 681 non
1670 632 1972 698 superetur
2016 628 2113 681 ad-

423 719 620 773 versis.
674 720 741 773 M.
796 718 989 772 Cicero
1050 717 1194 770 libro
1244 717 1693 771 Tusculanarum
1724 718 2114 781 Quaastionum

422 808 670 862 secundo
695 824 707 859 :
741 808 1037 875 Appellata
1068 811 1145 860 est
1165 810 1304 859 enim
1326 822 1392 860 ea:
1416 810 1531 860 viro
1558 812 1751 861 virtus.
1791 810 1910 863 Viri
1938 812 2114 861 autem

414 899 647 966 propria
687 899 917 950 maxime
958 900 1034 949 est
1060 895 1347 961 fortitudo,
1392 898 1542 965 cujus
1587 912 1811 949 munera
1854 896 1959 950 duo
1999 912 2112 949 ma-

419 990 575 1039 xima
601 990 749 1055 sunt,
794 988 981 1039 mortis
1013 984 1318 1053 dolorisque
1348 988 1685 1053 contemptio.
1736 986 2000 1039 Utendum
2038 991 2115 1039 est

420 1078 596 1141 igitur
626 1077 726 1140 his,
758 1078 806 1130 si
834 1077 1059 1128 virtutis
1089 1080 1371 1142 compotes,
1416 1076 1499 1128 vel
1527 1078 1706 1142 potius
1741 1078 1790 1128 si
1824 1078 1933 1128 viri
1961 1076 2113 1128 volu-

420 1180 537 1219 mus
586 1180 715 1232 esse,
746 1166 1003 1233 quoniam
1041 1180 1074 1215 a
1102 1166 1237 1216 viris
1288 1166 1463 1217 virtus
1493 1180 1681 1217 nomen
1721 1169 1796 1218 est
1841 1170 2109 1218 mutuuta.

422 1254 742 1308 Lactantius
790 1254 934 1307 libro
964 1253 1031 1307 de
1061 1253 1345 1322 Opiticio:
1388 1255 1502 1321 Vir,
1543 1253 1755 1324 inquit,
1802 1257 2114 1308 nominatus

419 1349 517 1410 est,
551 1344 694 1413 quod
734 1347 790 1396 in
819 1360 875 1397 eo
919 1345 1097 1411 major
1127 1346 1207 1397 vis
1241 1350 1317 1397 est
1348 1359 1513 1411 quam
1544 1346 1601 1396 in
1631 1346 1856 1409 femina.
1893 1346 1960 1397 Et
1990 1346 2113 1397 hinc

419 1435 592 1487 virtus
622 1449 812 1487 nomen
838 1437 1062 1502 accepit.

986 1541 1055 1593 IN
1104 1540 1392 1593 METRUM
1431 1540 1543 1594 Vll.

491 1629 689 1683 Trium
733 1629 1178 1682 fortissimorum
1228 1629 1501 1697 exemplis
1533 1627 1800 1695 ostendit,
1841 1644 1956 1681 non
2008 1626 2115 1680 nisi

418 1734 520 1788 per
552 1716 807 1771 difﬁcilia
841 1721 897 1771 et
930 1717 1105 1769 ardua
1134 1716 1242 1769 iter
1296 1732 1418 1769 esse
1469 1716 1540 1770 ad
1590 1716 1859 1769 virtutem
1905 1721 1959 1769 et
1991 1717 2119 1786 glo-

420 1807 585 1860 riam.
635 1807 761 1859 Non
810 1806 989 1875 igitur
1046 1806 1483 1859 detractandum
1525 1810 1609 1859 est
1652 1810 1958 1873 certamen,
2004 1821 2120 1858 non

420 1895 769 1950 recusandus
818 1894 997 1957 labor,
1056 1911 1168 1964 quo
1213 1894 1439 1948 virtutis
1495 1900 1549 1947 et
1600 1894 1897 1964 sapientia}
1958 1894 2121 1947 nobis

418 1983 660 2039 materia
693 1984 1039 2053 suggeritur,
1071 1984 1235 2053 juxta
1265 1984 1519 2054 poeticos
1549 1984 1679 2037 illos
1704 2000 1902 2037 versus
1931 2000 1942 2037 :

605 2073 1032 2142 Quisquis‘enim
1056 2072 1217 2142 duros
1248 2087 1400 2121 casus
1431 2074 1659 2142 ivirtutis
1691 2086 1870 2142 amore

606 2134 814 2193 Vieerit,
844 2134 1035 2183 illisibi
1067 2136 1383 2197 laudemque
1414 2135 1677 2197 decusque
1709 2135 1931 2197 parabit.

601 2198 666 2246 At
696 2198 784 2259 qui
817 2197 1092 2251 desidiam.
1117 2198 1407 2260 luxumque
1443 2202 1691 2260 sequetur
1720 2199 1961 2254 inertem,

604 2260 735 2307 Dum
766 2259 900 2321 fugit
925 2262 1193 2322 oppositos
1212 2259 1423 2308 incauta
1448 2259 1624 2308 mente
1658 2262 1879 2317 labores,

602 2322 809 2387 Turpis,
842 2323 1097 2383 inopsque
1123 2324 1281 2371 simul
1324 2323 1621 2371 miserabile
1648 2324 1891 2385 transigit
1925 2333 2114 2370 mvum.

488 2404 579 2455 Bis
601 2400 808 2471 quinis]
843 2404 1067 2456 Decem.

493 2491 660 2558 Ultor]
698 2490 927 2555 Vindex,
959 2493 1155 2560 raptor
1196 2491 1438 2543 Helenae.

488 2577 730 2648 Atrides]
774 2582 1129 2648 Agamemon
1173 2578 1329 2631 Atrei
1355 2579 1525 2632 illius.
1560 2578 1822 2632 Horatius
1853 2578 1911 2632 in
1940 2578 2112 2649 Epist.

852 2669 1038 2715 Nestor
1063 2681 1380 2730 componere
1412 2668 1528 2716 lites

604 2730 746 2778 Inter
776 2730 991 2778 Peliden
1018 2730 1230 2779 festinat
1258 2735 1309 2779 et
1339 2731 1475 2779 inter
1500 2730 1753 2789 Atridem.

492 2810 761 2879 Phrygiae]
796 2812 997 2880 Trojze.

487 2900 702 2969 Ruinis]
738 2900 988 2953 Excidio.

522 2988 757 3060 Fratris]
792 2989 1047 3043 Menelai.

487 3079 729 3133 Amissos
758 3122 763 3147 ξ
792 3079 1078 3147 thalamos]
1133 3080 1398 3149 Ereptam
1456 3079 1761 3150 conjugem
1807 3078 2108 3145 Helenam,

416 3169 727 3222 mulierum
761 3169 930 3237 longe
959 3169 1430 3237 pulcherrimam.

493 3255 700 3327 Piavit]
734 3257 1018 3327 Purgavit.
1056 3258 1245 3310 Maro:

634 3346 694 3392 Et
716 3345 925 3406 culpam
957 3346 1272 3393 miserorum
1301 3349 1469 3394 morte
1501 3346 1740 3408 piabunt.

415 3424 623 3477 Sensus
664 3430 770 3489 est,
805 3426 1050 3492 Raptum
1084 3427 1305 3478 Helenm
1340 3442 1511 3495 quem
1568 3427 1905 3480 libidinosus
1956 3425 2111 3481 Paris

414 3512 784 3583 perpetravit,
820 3516 1218 3582 Agamemnon
1246 3514 1467 3567 vindice
1500 3514 1650 3567 bello
1682 3520 1737 3568 et
1767 3516 1947 3585 Trojoe
1978 3516 2110 3570 sub-

415 3602 675 3656 versione
725 3603 1011 3673 purgavit.
1061 3604 1279 3658 Scelera
1315 3602 1468 3657 enim
1512 3603 1762 3658 vindicta
1790 3608 2113 3674 purgantur

416 3692 910 3762 emoliunturquc.

484 3782 597 3848 Ille]
647 3783 1064 3851 Agamemnon.
1104 3782 1202 3836 Hic
1233 3782 1305 3837 ad
1332 3782 1549 3836 bellum
1594 3782 1903 3853 Trojauum
1934 3784 2111 3854 proti-

414 3869 651 3936 ciscens,
691 3886 821 3923 cum
867 3871 1017 3940 apud
1049 3871 1314 3925 Aulidem
1348 3871 1596 3942 reliquos
1630 3872 1860 3927 Grazciaa
1892 3873 2109 3942 princi-

412 3976 513 4030 pes
559 3964 928 4029 exspectaret,
978 3960 1313 4031 imprudens
1370 3961 1561 4015 Dianm
1616 3978 1841 4016 cervam
1880 3963 2106 4017 occidit.

412 4048 596 4113 Quare
625 4049 729 4103 dea
771 4050 935 4116 irata,
982 4050 1040 4103 in
1072 4055 1291 4105 tantam
1323 4055 1719 4121 tempestatem
1770 4069 1927 4107 mare
1959 4052 2108 4106 exci-

412 4139 571 4205 tavit,
614 4142 677 4192 ut
719 4140 1046 4194 Graecorum
1077 4140 1270 4194 classis
1321 4141 1454 4195 inde
1486 4142 1774 4197 discedere
1824 4160 1937 4195 non
1984 4159 2109 4211 pos-

1174 176 1521 230 APPENDIX
1562 176 1653 228 AD
1698 142 1943 230 LIBROS
1985 175 2075 230 DE
2118 174 2639 230 CONSOLATIO'NE
2682 174 3180 229 PHILOSOPleE.

2154 310 2197 362 A

3764 184 3876 233 1060

2412 308 2623 373 Hexque
2676 311 2879 368 patrem
2930 307 3075 373 vicit,
3105 310 3421 373 castumque
3461 306 3643 373 datura
3670 322 3880 373 cruorem

2412 370 2680 418 Flentibus
2708 374 2831 419 ante
2857 383 2999 418 aram
3023 369 3169 419 stetit
3192 369 3460 432 Iphigenia
3488 370 3749 420 ministris.

2291 487 2563 556 Faderat]
2597 488 2824 542 Foedera
2858 487 3004 543 facto
3034 487 3235 542 incidit
3265 491 3320 542 et
3354 490 3579 542 mactat.

2294 574 2464 646 Notae]
2490 575 2823 645 Iphigeniae.

2295 664 2541 733 Itachus]
2579 666 2819 736 Ulysses.

2298 754 2541 826 Sodales]
2570 755 2777 808 Socios.
2808 752 3138 823 Propertius
3170 770 3181 807 :

2414 884 2671 933 Paulatim
2703 884 2901 933 sociam
2927 884 3189 946 jacturam
3221 881 3364 933 ﬂevit
3392 884 3627 947 Ulysses.

2296 1001 2491 1069 Ferus]
2526 1003 2924 1068 Truculentus,
2978 1001 3045 1055 ab
3076 1001 3430 1055 humanitate
3463 1000 3642 1053 nimis
3687 1000 3884 1055 alienus.

2296 1091 2513 1162 Mersit]
2542 1091 2856 1161 Absorpsit,
2890 1090 3229 1144 recondidit.

2294 1178 2677 1251 Polyphemus]
2707 1182 2805 1234 Hic
2826 1180 2937 1234 fuit
2970 1180 3222 1250 Neptuni
3254 1180 3406 1233 ﬁlius
3438 1196 3507 1233 ex
3539 1180 3691 1234 Thoa
3728 1180 3885 1235 Phorci

2223 1268 2360 1334 tilia,
2394 1270 2462 1322 ad
2485 1285 2658 1339 quem
2681 1286 2809 1322 cum
2837 1271 3057 1340 Uiysses
3090 1272 3148 1323 iu
3174 1271 3447 1324 Sicilliam
3479 1271 3762 1340 profectus
3788 1288 3887 1323 cum

2225 1358 2529 1413 duodecim
2580 1359 2885 1413 comitibus
2917 1360 3289 1429 pervenisset,
3340 1365 3455 1413 tres
3507 1360 3675 1413 cados
3724 1361 3884 1429 optimi

2223 1447 2341 1500 vini
2369 1464 2561 1501 secum
2582 1454 2837 1518 portans,
2862 1448 3178 1501 admiratus
3201 1454 3285 1503 est
3310 1449 3784 1518 magnitudinem,
3802 1450 3887 1502 for-

2159 1568 2199 1621 B
2234 1553 2502 1607 mamque
2528 1537 2779 1590 hominis
2816 1537 3047 1591 unicum
3080 1538 3308 1591 oculum
3341 1538 3399 1591 in
3433 1540 3621 1592 fronte
3645 1538 3885 1601 habentis,

2230 1626 2329 1697 qui
2365 1627 2519 1679 solus
2559 1626 2664 1680 sub
2697 1632 2858 1679 antro
2890 1627 3125 1679 tollebat
3164 1627 3433 1696 lapidem,
3468 1627 3698 1696 qualem
3727 1628 3886 1696 viginti

2230 1715 2402 1768 boum
2426 1714 2566 1785 juga
2594 1715 2681 1768 vix
2738 1731 2966 1769 movere
2998 1716 3333 1785 potuissent.
3384 1716 3467 1768 Ab
3500 1732 3570 1769 eo
3620 1716 3782 1785 igitur
3809 1718 3887 1767 sci-

2229 1804 2459 1859 scitatus
2490 1807 2575 1858 est
2607 1805 2829 1875 Ulysses
2862 1805 3014 1874 quod
3039 1822 3219 1875 genus
3248 1806 3581 1871 hominum,
3621 1806 3713 1875 qui
3740 1822 3887 1859 mores

2229 1899 2434 1962 essent,
2472 1898 2529 1948 et
2558 1911 2660 1965 per
2714 1896 2909 1948 Jovem
2966 1895 3280 1948 obsecravit
3337 1900 3401 1948 ut
3432 1895 3636 1947 liceret
3667 1894 3765 1947 sibi
3800 1900 3887 1946 tute

2228 1984 2404 2038 abire.
2441 1984 2539 2038 Ille
2561 1999 2693 2037 vero
2716 1984 2957 2053 superbe
2975 1984 3350 2053 respondens,
3375 2000 3489 2037 non
3510 1985 3716 2037 timere
3734 1984 3887 2037 Jovem

2229 2073 2390 2137 dixit,
2441 2072 2697 2143 duosque
2750 2089 2814 2125 ex
2845 2074 3149 2127 comitibus
3194 2074 3405 2143 Ulyssis
3463 2073 3887 2143 apprehendens.

2226 2162 2339 2215 ritu
2387 2162 2505 2215 fere
2537 2161 2870 2215 immaniter
2900 2162 3209 2227 devoravit,
3262 2162 3624 2232 totidemque
3659 2162 3888 2233 postridie

2227 2251 2545 2320 absumpsit
2595 2252 2779 2320 prima
2826 2252 2987 2303 luce:
3050 2251 3202 2303 idem
3262 2252 3433 2303 etiam
3491 2252 3714 2321 vesperi
3768 2252 3885 2303 fecit.

2224 2341 2609 2403 Quamobrem
2663 2341 2882 2409 Ulysses
2916 2338 3021 2392 sibi
3047 2340 3166 2409 jam
3199 2344 3249 2393 et
3282 2340 3518 2410 reliquis
3567 2341 3787 2405 timens,
3817 2356 3888 2392 ca-

2226 2428 2364 2481 dum
2396 2429 2597 2497 optimi
2646 2428 2782 2489 vini,
2844 2429 2996 2497 quod
3058 2444 3250 2482 secum
3310 2429 3519 2483 tulerat
3572 2430 3885 2499 Polyphemo

2226 2516 2469 2578 obtulit,
2505 2522 2560 2569 et
2610 2521 2673 2569 ut
2721 2517 2830 2569 sibi
2867 2533 2933 2569 ac
2982 2517 3201 2571 czeteris
3252 2522 3529 2587 parceret,
3585 2519 3883 2571 obsecravit.

2225 2606 2385 2670 Quod
2427 2606 2658 2679 Cyclops
2707 2621 2765 2659 se
2808 2607 3091 2660 facturum
3140 2607 3424 2677 promisit,
3474 2608 3517 2661 si
3573 2625 3761 2661 rursus
3804 2607 3883 2659 sibi

2223 2696 2420 2749 vinum
2459 2696 2707 2749 olierret.
2764 2695 2963 2749 Oblato
3016 2696 3206 2766 itaque
3266 2698 3432 2751 tertio
3487 2699 3698 2766 poculo
3730 2704 3885 2750 mente

2224 2784 2521 2849 alienatus,
2580 2784 2639 2837 in
2695 2785 2886 2837 medio
2944 2790 3107 2838 antro
3139 2784 3391 2838 immane
3438 2803 3650 2855 corpus
3702 2788 3884 2840 dormi-

2154 2870 2193 2924 C
2221 2878 2381 2927 turus
2408 2874 2681 2927 extendit.
2718 2874 2874 2926 Hunc
2928 2874 3105 2944 igitur
3148 2874 3369 2944 Ulysses
3419 2876 3550 2929 vino
3610 2891 3883 2945 somnoque

2223 2965 2511 3033 sepultum
2572 2962 3047 3031 animadvertens,
3109 2963 3366 3016 immisso
3426 2965 3484 3018 in
3546 2968 3767 3019 oculum
3798 2965 3883 3016 telo

2223 3052 2541 3105 excaecavit.
2567 3052 2674 3105 Sed
2708 3067 3018 3120 exsurgens
3049 3052 3278 3105 tandem
3332 3052 3590 3123 Cyclops,
3627 3071 3749 3108 cum
3778 3070 3882 3123 ape-

2222 3140 2335 3194 rire
2362 3140 2510 3194 antri
2541 3140 2751 3194 ostium
2771 3141 3041 3210 gregibus
3063 3150 3383 3211 cogeretur,
3410 3143 3719 3197 immanem
3754 3142 3879 3196 exin-

2220 3230 2289 3283 de
2340 3230 2586 3299 lapidem
2622 3231 2857 3296 amovit,
2904 3236 3299 3285 verumtamen
3359 3240 3633 3286 exeuntes
3666 3232 3881 3303 pecudes

2222 3319 2487 3373 manibus
2518 3320 2805 3389 palpabat.
2842 3320 2997 3384 Quod
3029 3336 3157 3373 cum
3196 3321 3417 3391 Ulysses
3448 3339 3577 3376 cum
3610 3322 3879 3376 comitibus

2222 3409 2738 3471 animadvertisset,
2771 3408 2961 3462 induti
2991 3410 3274 3480 pecudum
3299 3412 3495 3481 pelles,
3529 3413 3755 3482 Cyclops
3788 3426 3880 3464 ma-

2222 3514 2329 3551 nus
2354 3498 2624 3567 effugere.
2657 3499 2805 3567 Lege
2841 3500 3151 3552 Homerum
3182 3500 3328 3553 libro
3355 3501 3617 3571 Odyssea:
3650 3517 3807 3555 nono.

2292 3586 2587 3655 Herculem]
2643 3586 2909 3640 Hercules
2938 3587 3087 3640 Jovis
3139 3592 3194 3641 et
3236 3589 3522 3643 Alcmenae
3577 3590 3726 3643 ﬁlius
3774 3588 3875 3652 fuit,

2222 3673 2319 3744 qui
2352 3674 2556 3728 robore
2584 3690 2646 3728 ac
2700 3674 3041 3729 fortitudine
3090 3677 3311 3730 caeteris
3359 3678 3696 3732 hominibus
3740 3691 3880 3747 supra

2222 3780 2396 3834 quam
2420 3763 2688 3817 credibile
2718 3768 2825 3825 est,
2860 3764 3143 3834 prmstitit.
3200 3767 3376 3836 Hujus
3408 3768 3579 3821 varia:
3624 3785 3711 3822 res
3737 3771 3879 3838 gesta:

2222 3853 2532 3907 traduntur
2564 3868 2597 3906 a
2628 3853 2875 3908 Diodoro
2908 3854 3118 3923 Siculo,
3150 3856 3371 3923 Ovidio,
3405 3856 3619 3911 Seneca
3658 3857 3877 3929 Tragico,

2222 3943 2452 3997 Nicolao
2486 3944 2714 3997 Perotto
2745 3942 2805 3995 in
2844 3944 3242 4015 Cornucopim,
3276 3949 3330 3999 et
3356 3946 3595 4001 caeteris.

2292 4034 2429 4085 Duri
2454 4031 2683 4101 labores]
2730 4032 2987 4086 Herculei
3032 4032 3256 4088 labores
3285 4036 3718 4105 proverbialiter
3758 4034 3877 4089 cele-

2221 4120 2482 4188 brantur,
2528 4122 2596 4175 de
2628 4137 2741 4191 quo
2774 4127 2965 4175 noster
2995 4124 3259 4178 Erasmus
3290 4124 3515 4179 abunde
3563 4126 3875 4197 Adagiorum

412 4231 512 4281 set.
560 4228 701 4283 Cum
734 4232 925 4283 autem
972 4231 1145 4283 etiam
1199 4235 1354 4300 peste
1413 4230 1760 4299 laborarent,
1815 4210 2108 4287 consultus
2149 4210 2464 4285 DChiliade
2495 4211 3015 4300 tertia,_p1i0verbi0
3062 4213 3271 4283 Primo-

411 4318 663 4387 Calchas,
706 4319 1042 4390 respondit:
1098 4322 1289 4374 Diana:
1334 4323 1476 4375 iram
1525 4323 1949 4389 Agamemnonio
1980 4338 2106 4377 san-

410 4410 572 4473 guine
619 4423 729 4461 esse
754 4408 1108 4476 placandam.
1161 4409 1414 4464 Tandem
1454 4410 1634 4480 igitur
1663 4413 2109 4482 Agamemnonis

411 4512 645 4566 quoque
677 4513 958 4551 consensu
990 4498 1231 4552 adducta
1276 4499 1599 4570 Iphigenia,
1632 4505 1689 4554 et
1732 4505 1976 4555 mactata
2005 4506 2106 4556 est.

413 4586 609 4655 Virgil.
646 4586 910 4640 Aiueidos
940 4586 1085 4640 libro
1118 4588 1398 4641 secundo:

598 4674 869 4739 Sanguine
905 4674 1152 4739 placastis
1184 4680 1369 4724 ventos
1392 4679 1444 4724 et
1476 4676 1681 4739 virgine
1712 4691 1864 4738 cresa,

598 4737 728 4784 Cum
755 4737 983 4799 primum
1018 4738 1201 4787 Iliacas
1232 4739 1401 4787 Danai
1436 4753 1537 4789 ven
1551 4737 1663 4789 istis
1694 4740 1758 4789 ad
1786 4755 1921 4790 oras.

411 4816 529 4872 Alii
556 4818 792 4871 tradunt
831 4819 1191 4889 Iphigeniam
1224 4838 1254 4874 a
1277 4820 1457 4874 Diana
1478 4821 1650 4875 fuisse
1676 4822 1955 4878 sacerdoti
1981 4822 2109 4877 sub-

408 4910 653 4976 reptam,
675 4922 738 4959 ac
767 4907 922 4962 illius
952 4909 1075 4962 loco
1106 4926 1329 4963 cervam
1363 4911 1738 4981 suppositam.

490 4997 677 5050 Graiae
704 4996 885 5065 classi]
919 4998 1244 5054 Graecorum
1277 5000 1535 5056 navibus.

483 5086 748 5155 Redemit]
785 5086 951 5141 Emit.

488 5177 713 5245 Ventos]
746 5176 997 5232 Subaudi
1024 5194 1331 5249 prosperos.

480 5265 699 5337 Cruore]
735 5267 1025 5337 Sanguine
1052 5267 1185 5321 tilias
1220 5285 1356 5322 sum.

478 5354 669 5425 Exuit]
710 5355 1001 5425 Deposuit.

477 5444 715 5513 Patrem]
749 5447 1051 5499 Paternum
1082 5444 1377 5514 pietatem.
1411 5446 1499 5499 Sic
1534 5447 1699 5501 Naso.

624 5550 907 5614 Postquam
939 5553 1187 5615 pietatem
1213 5550 1422 5614 publica
1450 5565 1609 5601 causa

2290 4296 2608 4369 Centauros]
2645 4298 2709 4353 Hi
2766 4298 2999 4353 fuerunt
3028 4301 3281 4354 Thessali
3324 4318 3391 4355 ex
3434 4303 3703 4358 anteriori
3748 4306 3877 4374 parte

2218 4387 2346 4453 viri,
2388 4405 2455 4441 ex
2514 4388 2817 4457 posteriori
2850 4390 3003 4459 equi.
3037 4389 3307 4445 Hercules
3351 4393 3589 4461 optabat
3620 4411 3712 4448 eos
3740 4410 3765 4447 e
3790 4394 3876 4446 Pe-

2217 4476 2306 4530 leo
2334 4480 2532 4530 monte
2552 4476 2858 4547 depellere,
2892 4477 2992 4531 sed
3031 4476 3155 4549 ipse
3186 4480 3346 4549 prior
3373 4480 3651 4551 iujustum
3697 4482 3876 4537 bellum

2218 4565 2447 4619 nolebat
2488 4566 2722 4622 inferre.
2785 4567 3012 4621 Curavit
3062 4568 3241 4638 igitur
3288 4586 3318 4623 a
3381 4570 3562 4626 Pholo
3619 4576 3876 4641 susceptus

2217 4655 2486 4725 hospitio,
2522 4660 2583 4709 ut
2622 4656 3081 4725 praestantissimi
3127 4657 3243 4712 vini
3299 4659 3470 4713 cadus
3526 4666 3873 4731 promeretur.

2218 4744 2401 4799 Odore
2454 4744 2616 4799 tracti
2658 4745 2949 4811 Centauri,
3008 4747 3209 4801 vinum
3269 4764 3471 4820 rapere
3524 4752 3871 4805 tentaverunt.

2216 4834 2482 4889 Hercules
2520 4836 2875 4891 occasionem
2923 4840 3143 4905 nactus,
3195 4854 3391 4893 omnes
3442 4844 3540 4895 aut
3595 4838 3873 4903 interemit,

2216 4927 2314 4978 aut
2339 4923 2472 4977 inde
2499 4924 2735 4994 fugavit.

2285 5014 2547 5083 Spolium]
2582 5014 2816 5081 Pellem,
2850 5032 2964 5086 qua
2992 5031 3097 5086 pro
3130 5020 3288 5071 scuto
3316 5023 3569 5073 ususest.

2287 5099 2472 5171 Leoni]
2526 5101 2725 5155 Vastus
2773 5101 2865 5156 hic
2897 5106 2952 5156 et
2983 5103 3253 5158 immanis
3292 5106 3378 5159 leo
3426 5106 3553 5173 fuit,
3588 5110 3643 5161 et
3685 5106 3776 5178 qui
3802 5118 3873 5158 ar-

2214 5188 2323 5245 mis
2354 5188 2578 5242 domari
2605 5206 2721 5244 non
2743 5196 2980 5261 poterat.
3006 5194 3273 5247 Hercules
3296 5194 3595 5249 observato
3618 5196 3870 5266 spelunca:

2215 5278 2393 5345 aditu,
2454 5280 2846 5348 egredientem
2892 5283 3344 5352 comprehendit,
3387 5288 3443 5339 et
3508 5282 3865 5356 strangulavit.

2282 5368 2456 5425 Fiwit]
2488 5368 2751 5438 Trajecit.

2282 5454 2480 5527 Certis]
2512 5458 2958 5513 Inevitabilibus.

2291 5547 2557 5619 Volucres]
2590 5548 3030 5620 Stymphalides.
3060 5549 3442 5609 Claudianus:
