4054 6184
160 167 294 259 ωε,

350 342 819 468 ἓέἲιέιὶἒωδκοηίο
840 344 1044 393 cinctus
1067 344 1459 408 Stymphalidas
1488 359 1615 395 arcu

159 506 436 559 Hercules
476 506 896 577 Stymphalides
946 523 1074 561 aves
1098 507 1166 561 ab
1196 506 1334 578 ipsis
1368 507 1617 562 nubibus
1635 507 1861 579 sagittis

158 594 351 666 petiit,
399 600 741 666 enectasque
785 596 1007 667 dejecit.
1065 598 1235 651 Erant
1278 602 1470 651 autem
1516 615 1645 653 aves
1679 614 1863 669 aqua-

158 685 293 739 ticaa
328 685 387 738 in
431 685 768 756 Stymphalo
799 686 1007 756 palude
1039 686 1315 754 Arcadia,
1362 692 1533 741 tantae
1578 688 1863 758 magnitu-

160 774 340 841 dinis,
370 779 436 828 ut
460 776 596 828 solis
624 776 816 829 radios
851 775 1194 830 obumbrare
1227 776 1575 831 dicerentur.

232 862 421 935 Poma]
459 866 726 919 Hercules
764 866 917 920 mala
948 882 1120 920 aurea
1151 883 1219 921 ex
1266 867 1446 922 hortis
1481 867 1859 937 Hesperidum

158 954 317 1021 tulit,
353 954 617 1021 dracone,
677 955 775 1025 qui
831 971 896 1011 ea
936 955 1027 1009 die
1075 960 1364 1028 noctuque
1404 956 1643 1029 pervigil
1673 962 1859 1011 custo-

158 1042 374 1110 diebat,
411 1043 779 1114 interempto.

233 1134 505 1202 Cernentz']
531 1133 820 1203 Vigilanti.

230 1223 416 1287 Lava]
451 1222 693 1276 Sinistra
716 1238 909 1275 manu.

238 1310 551 1379 Cerberum]
604 1311 876 1364 Hurcules
912 1310 1150 1365 audiens
1185 1311 1500 1365 Pirithoum
1532 1328 1565 1365 a
1621 1311 1863 1365 Cerbero

162 1400 434 1454 infernali
466 1415 603 1453 cane
669 1400 1031 1468 exstinctum,
1086 1406 1140 1454 et
1185 1402 1399 1455 Thesea
1446 1401 1598 1471 apud
1647 1400 1862 1453 inferos

163 1490 485 1555 detentum,
519 1504 586 1542 eo
645 1489 993 1559 properavit,
1058 1494 1112 1542 et
1164 1493 1327 1560 capto
1359 1490 1627 1556 Cerbero,
1675 1488 1861 1558 tripli-

164 1580 337 1650 cique
380 1578 559 1649 (quod
614 1577 727 1632 tria
783 1579 969 1649 capita
1015 1579 1271 1649 haberet)
1323 1586 1521 1634 catena
1579 1578 1858 1645 devincto,

158 1670 377 1723 Thesea
397 1667 679 1721 liberavit.

238 1760 429 1812 Victor
475 1755 784 1829 immitem]
820 1758 1153 1812 Diomedem
1200 1757 1455 1811 Thraciae
1513 1772 1729 1827 regem,
1762 1754 1861 1826 qui

162 1863 347 1918 equos
378 1863 510 1900 suos
541 1846 893 1900 advenarum
933 1863 1100 1901 carne
1133 1847 1399 1917 pascebat
1424 1846 1662 1900 occidit:
1699 1861 1859 1899 cum-

162 1953 273 2008 que
302 1936 582 2007 jumentis
628 1936 1037 1990 comedendum
1068 1936 1293 2005 objecit.

230 2025 461 2097 Hydra]
502 2027 577 2080 De
612 2026 718 2079 hac
747 2026 995 2079 diximus
1028 2041 1237 2095 supra:
1274 2030 1328 2079 et
1350 2024 1734 2080 Claudianus:

258 2134 375 2181 Non
405 2133 590 2181 cadere
620 2133 825 2194 Antaeo,
852 2146 961 2181 non
996 2146 1227 2182 crescere
1256 2132 1454 2195 profuit
1480 2131 1690 2194 Hydrte.

227 2229 455 2302 Fronte]
488 2233 630 2285 Cum
692 2230 962 2285 Hercules
1001 2234 1058 2285 et
1087 2231 1367 2285 Achelous
1426 2234 1663 2300 propter
1698 2230 1865 2298 Deja-

159 2321 355 2375 niram
403 2324 706 2388 certarent,
756 2321 1151 2391 Achelousque
1212 2336 1269 2373 se
1314 2320 1374 2373 in
1426 2319 1611 2372 varias
1652 2316 1865 2371 formas

159 2414 596 2477 transmutaret,
660 2410 891 2464 tandem
947 2426 1077 2463 cum
1136 2409 1197 2462 in
1250 2414 1481 2463 taurum
1537 2408 1747 2461 frustra
1806 2421 1865 2459 se

162 2499 649 2565 transformasset,
732 2498 908 2552 victus
963 2498 1261 2563 Achelous,
1328 2497 1625 2566 alteroque
1686 2509 1865 2548 cornu

162 2590 489 2656 mutilatus,
512 2589 734 2659 pudore
777 2605 835 2641 se
866 2588 924 2641 in
959 2604 1127 2641 suum
1159 2587 1399 2642 ﬂuvium
1441 2585 1703 2657 conjecit.
1740 2584 1862 2638 Sta-

161 2679 274 2733 tius
308 2679 458 2734 libro
502 2678 818 2733 Thebaidos
850 2682 1085 2748 quarto:

418 2786 482 2834 Et
511 2784 761 2834 Hercules
796 2786 1038 2847 turpatus
1063 2783 1326 2846 gymnade
1350 2781 1530 2847 vultus

287 2849 493 2905 Amnis,
540 2849 713 2896 adhuc
749 2842 1001 2895 imis'vix
1050 2842 1291 2895 truncam
1350 2844 1588 2893 attollere
1636 2842 1863 2891 frontem

287 2913 472 2959 Ausus
502 2912 670 2973 aquis,
701 2909 993 2972 glaucoque
1017 2914 1175 2971 caput
1228 2908 1534 2973 submersus
1560 2906 1614 2954 in
1647 2910 1799 2955 antro

286 2976 493 3032 Mueret,
526 2970 836 3022 anhelantes
867 2970 1164 3034 aegrescunt
1188 2971 1401 3034 pulvere
1436 2970 1580 3032 ripae.

233 3079 513 3149 Antaeum]
575 3078 675 3133 Hic
722 3076 975 3148 Neptuni
1028 3074 1179 3129 ﬁlius
1235 3091 1303 3128 ex
1349 3077 1501 3127 terra
1548 3074 1860 3143 susceptus,

161 3170 463 3240 sexaginta
507 3168 717 3222 cubitis
778 3166 1045 3232 adolevit,
1076 3170 1142 3220 ut
1200 3168 1397 3218 auctor
1443 3166 1527 3216 est
1578 3163 1864 3231 Pherecy-

160 3260 280 3313 des.
312 3259 377 3311 ld
406 3258 507 3311 diu
537 3257 868 3311 fabulosum
899 3256 1082 3309 visum
1114 3257 1216 3321 est,
1252 3258 1559 3322 antequam
1594 3266 1862 3321 suprema

164 3349 289 3417 ejus
331 3364 459 3401 ossa
492 3346 822 3417 Olympiam
851 3345 1024 3399 allata
1053 3344 1330 3397 miraculo
1378 3341 1550 3394 fidem
1579 3340 1861 3393 fecissent.

168 3437 511 3491 Plutarchus
542 3437 624 3490 ait
669 3437 1057 3490 Romanorum
1092 3434 1296 3488 ducem
1341 3429 1662 3485 Sertorium
1709 3427 1862 3498 apud

164 3526 489 3594 Tigennam
544 3524 820 3594 oppidum
872 3523 1082 3593 Libym,
1123 3522 1329 3575 effosso
1376 3520 1656 3589 sepulcro,
1709 3516 1866 3587 quod

162 3614 370 3667 incolm
427 3614 618 3667 Antaei
646 3611 1002 3679 dictitabant,
1055 3611 1374 3664 humanum
1417 3608 1656 3661 cadaver
1685 3605 1864 3659 inusi-

163 3708 303 3756 tatae
361 3703 531 3756 molis
564 3702 869 3757 invenisse.
930 3704 1163 3754 Antaeus
1216 3701 1300 3769 (ut
1346 3697 1680 3751 fabulantur
1711 3695 1866 3765 (pro-

1472 213 1859 268 MUHMELLII
1901 214 2423 270 COMMENTAHIA.

3532 225 3667 279 1062

1898 351 1944 402 A
1972 353 2204 415 stratus,
2247 366 2279 402 a
2311 355 2460 404 terra
2514 356 2696 405 matre
2750 352 2901 405 vires
2951 354 3282 424 accipiebat,
3330 361 3384 409 et
3431 357 3665 427 quidem

1968 439 2235 507 majores.
2294 440 2369 492 Ea
2416 455 2475 492 re
2509 441 2752 510 cognita,
2787 458 2819 493 a
2869 448 3021 496 terra
3053 445 3327 498 abstinuit
3374 448 3664 515 Hercules,

1974 533 2029 581 et
2060 529 2300 581 sublime
2325 529 2563 582 domuit.
2616 531 2889 585 Describit
2921 532 3029 585 hoc
3058 539 3345 587 certamen
3377 537 3669 606 eleganter

1968 617 2228 671 Lucanus
2259 617 2405 671 libro
2440 620 2749 672 Pharsaliae
2782 627 3007 690 quarto.

2041 706 2236 777 Cacus]
2268 707 2365 760 Hic
2396 708 2713 761 secundum
2764 709 3035 763 Fabulam
3088 711 3324 765 Vulcani
3356 712 3507 766 tilius
3537 714 3664 781 fuit,

1970 811 2066 849 ore
2102 797 2292 865 ignem
2324 813 2385 849 ac
2438 798 2658 850 fumum
2692 814 2944 864 vomens,
2980 801 3076 869 qui
3113 800 3297 854 vicina
3332 804 3525 855 omnia
3563 821 3663 872 po-

1970 886 2291 955 pulabatur.
2365 886 2581 939 Veritas
2636 893 2825 940 tamen
2884 889 3196 943 secundum
3247 891 3567 961 philologos
3619 898 3673 947 et

1971 974 2271 1027 historicos
2321 975 2428 1027 hoc
2480 975 2671 1039 habet,
2728 976 2877 1029 hunc
2908 977 3081 1031 fuisse
3112 980 3360 1033 Evandri
3383 982 3673 1051 nequissi-

1973 1080 2131 1117 mum
2165 1080 2392 1117 servum
2422 1081 2484 1117 ac
2514 1065 2719 1119 furem.
2754 1066 2898 1119 Sunt
2937 1067 3033 1136 qui
3070 1068 3268 1122 dicunt
3315 1085 3466 1137 eum,
3502 1087 3668 1125 occu-

1972 1158 2105 1223 pato
2133 1153 2278 1206 circa
2335 1154 2683 1208 Vulturnum
2741 1159 2796 1207 et
2854 1157 3227 1226 Campaniam
3269 1174 3471 1228 regno,
3532 1161 3670 1214 dum

1972 1247 2178 1296 tractat
2210 1244 2380 1296 etiam
2418 1261 2482 1296 ea
2514 1261 2639 1313 quas
2674 1252 3069 1299 concesserant
3118 1248 3176 1299 in
3211 1249 3455 1303 Evandri
3500 1255 3667 1303 Arca-

1973 1331 2110 1384 dum
2144 1333 2293 1401 regis
2319 1334 2470 1402 jura,
2515 1333 2653 1386 duce
2692 1335 2947 1398 Hercule,
2985 1335 3083 1405 qui
3114 1340 3235 1389 tum
3270 1337 3414 1391 forte
3454 1339 3667 1406 aderat,

1972 1436 2309 1490 oppressum
2342 1421 2536 1475 fuisse.
2564 1424 2641 1475 De
2670 1424 2775 1475 hoc
2808 1425 3076 1492 Virgilius
3108 1425 3254 1479 libro
3282 1432 3497 1481 octavo.

2042 1511 2272 1580 Setiger]
2313 1514 2483 1579 Aper.
2537 1513 2979 1581 Erymantheum
3026 1531 3229 1584 aprum
3279 1516 3467 1571 vivum
3520 1518 3673 1587 cepit

1973 1601 2236 1652 Hercules
2292 1604 2437 1665 astu,
2499 1601 2652 1669 quod
2696 1607 2893 1654 narrat
2966 1603 3266 1672 Polj'enus.
3330 1608 3673 1661 Versabatur

1972 1688 2204 1759 (inquit)
2239 1689 2653 1759 Erymantheus
2703 1705 2839 1757 aper
2870 1689 2927 1742 in
2978 1695 3225 1760 quadam
3267 1696 3410 1747 valle
3444 1696 3673 1750 nivibus

1971 1779 2239 1848 oppleta:
2294 1778 2446 1848 quod
2474 1776 2572 1830 ubi
2603 1778 3007 1832 animadvertit
3052 1783 3317 1835 Hercules
3349 1800 3411 1837 ex
3447 1802 3512 1838 eo
3552 1787 3669 1838 val-

1972 1868 2041 1921 lis
2100 1867 2425 1937 supercilio,
2486 1883 2599 1936 qua
2660 1868 2848 1937 major
2904 1869 3124 1923 nivium
3179 1871 3262 1925 vis
3302 1878 3439 1940 erat,
3492 1874 3672 1929 feram

1969 1956 2134 2026 jactis
2166 1957 2453 2025 lapidibus
2483 1957 2835 2010 incessebat:
2874 1957 2951 2011 ita
2983 1959 3221 2027 irritata,
3281 1962 3418 2015 dum
3452 1963 3510 2016 in
3543 1965 3673 2018 Her-

1973 2047 2159 2099 culem
2192 2050 2430 2099 conatur
2460 2044 2702 2114 irruere,
2755 2046 3015 2100 incidens
3060 2049 3119 2101 in
3172 2049 3532 2105 altitudinem
3578 2054 3670 2106 ni-

1973 2135 2153 2201 vium,
2196 2135 2575 2203 demersaquc
2631 2136 2786 2187 nullo
2836 2137 3067 2206 negotio
3117 2138 3186 2191 ab
3234 2141 3473 2194 Hercule
3506 2148 3668 2212 capta

1975 2230 2075 2292 est,
2124 2240 2295 2295 quam
2350 2228 2512 2291 tergo
2550 2223 2879 2292 impositam
2915 2226 3173 2295 Mycenas
3232 2228 3452 2306 detulit,
3510 2236 3565 2283 et
3612 2231 3671 2284 in

1974 2313 2164 2367 media
2186 2313 2459 2365 concione
2491 2312 2728 2380 dimisit,
2768 2330 2897 2366 cum
2950 2331 3174 2368 summa
3206 2317 3465 2371 omnium
3501 2320 3672 2389 trepi-

1976 2403 2203 2457 datione
2228 2406 2313 2469 (ut
2343 2400 2491 2454 canit
2528 2401 2883 2471 Apollonius)
2920 2408 2973 2456 et
3004 2404 3063 2456 in
3110 2406 3312 2473 primis
3349 2408 3668 2477 Eurysthei,

1976 2491 2075 2562 qui
2098 2508 2155 2543 se
2183 2491 2491 2560 conjecisse
2523 2489 2728 2542 dicitur
2749 2490 2810 2542 in
2843 2507 2937 2544 vas
2969 2508 3218 2548 aeneum.

2050 2582 2279 2635 Ultimus
2337 2579 2817 2645 cm!um]llercules
2874 2598 2976 2651 pro
3025 2584 3249 2637 Atlante
3308 2586 3513 2639 coelum
3564 2586 3671 2639 hu-

1978 2669 2151 2723 meris
2179 2667 2517 2721 sustinuisse
2548 2666 2774 2721 dicitur.
2821 2668 3167 2723 Claudianus
3193 2686 3205 2724 :

2563 2793 2629 2840 Te
2660 2793 2920 2841 maximus
2951 2794 3094 2843 Atlas

2192 2854 2424 2912 Horruit,
2452 2855 2699 2917 imposito
2727 2869 2846 2903 cum
2872 2870 3167 2919 premerere
3203 2857 3343 2920 polo.

1974 2974 2058 3028 Ad
2110 2973 2399 3027 Atlantem
2444 2973 2727 3043 profectus
2759 2978 2840 3026 est
2893 2975 3178 3042 Hercules,
3222 2993 3351 3029 cum
3384 2977 3674 3032 didii-isset

1975 3082 2006 3118 a
2041 3065 2222 3118 Nereo
2253 3080 2309 3116 se
2356 3062 2523 3115 malis
2556 3062 2930 3131 Hesperidum
2962 3064 3134 3133 potiri
3184 3081 3299 3117 non
3336 3082 3499 3134 posse
3550 3070 3671 3121 sine

1974 3153 2127 3207 illius
2159 3169 2286 3223 ope.
2331 3151 2441 3206 Sed
2497 3152 2727 3205 interim
2785 3152 2923 3206 dum
2966 3153 3119 3206 Atlas
3172 3155 3395 3208 Herculi
3440 3172 3673 3226 operam

1976 3247 2161 3310 navat,
2221 3242 2343 3312 ipse
2404 3241 2611 3294 omium
2642 3240 2852 3294 subiit:
2896 3258 3142 3312 cumque
3186 3244 3304 3313 jam
3338 3252 3673 3315 recepturus

1976 3334 2134 3389 Atlas
2162 3347 2280 3385 non
2310 3330 2622 3396 videretur,
2677 3330 2931 3383 Herculis
2980 3337 3104 3385 astu
3135 3332 3326 3386 elusus
3365 3340 3467 3387 est.
3494 3335 3677 3405 Impe-

1976 3427 2104 3490 trat,
2160 3426 2219 3475 ut
2276 3422 2371 3474 ille
2427 3420 2623 3473 tandiu
2673 3420 2811 3473 coelo
2879 3421 3161 3486 succedat,
3221 3438 3334 3491 quo
3378 3422 3671 3477 all‘erendo

1976 3511 2136 3567 oneri
2169 3509 2467 3581 pulvillum
2499 3509 2604 3562 sibi
2666 3513 2845 3578 aptet,
2871 3514 3041 3580 atque
3075 3510 3153 3564 ita
3183 3512 3455 3583 correptis
3487 3513 3673 3583 malis,

1977 3619 2103 3673 quae
2128 3598 2290 3653 humi
2314 3597 2600 3667 jacebant,
2634 3598 2907 3668 evestigio
2936 3598 3113 3652 victor
3143 3599 3304 3653 abiit.

2050 3688 2320 3757 Pretium]
2344 3686 2673 3741 Praemium.

3268 3795 3634 3803 —-———————~

1506 3852 1790 3926 LIBER
1867 3844 2318 3934 QUINTUS.

1780 3984 2057 3998 *υ-

662 4040 732 4093 IN
768 4038 1051 4093 PROSAM
1088 4035 1377 4091 PRIMAM.

237 4130 504 4185 Proximo
537 4129 830 4183 volumine
861 4126 1129 4181 disseruit
1166 4122 1533 4194 Philosophia
1561 4123 1711 4176 solos
1745 4120 1868 4192 qui-

164 4220 298 4274 dem
338 4220 523 4273 bonos
544 4223 803 4289 potentes
848 4233 991 4283 esse,
1026 4215 1208 4269 malos
1233 4217 1424 4268 autem
1455 4227 1655 4266 omnes
1684 4210 1866 4265 imbe-

1979 4030 2124 4085 tiam
2150 4045 2265 4082 non
2294 4028 2698 4098 promeruerit.
2726 4028 2867 4081 Toto
2902 4028 3078 4098 igitur
3130 4031 3237 4083 hoc
3263 4031 3407 4085 libro
3441 4032 3509 4085 de
3543 4048 3670 4084 casu

1975 4119 2275 4188 liberoque
2324 4117 2573 4169 hominis
2619 4115 2856 4169 arbitrio
2896 4117 3235 4187 disputatur.
3281 4120 3538 4173 Primum
3571 4136 3669 4174 au-

1979 4213 2095 4261 tem
2120 4207 2257 4278 quid
2294 4205 2366 4260 sit
2395 4222 2557 4259 casus
2582 4205 2909 4276 exponitur,
2942 4205 3113 4276 idque
3143 4208 3295 4260 hunc
3317 4208 3374 4261 in
3406 4210 3670 4263 modum:

164 4311 347 4376 cilles,
382 4310 598 4363 malum
657 4308 796 4361 item
845 4306 990 4360 nihil
1041 4320 1199 4359 esse:
1232 4319 1363 4357 cum
1395 4301 1600 4373 optimi
1629 4299 1866 4355 maximi
1908 4330 1948 4382 Ι)
1980 4298 2151 4351 Casus
2203 4301 2289 4350 est
2336 4294 2667 4365 inopinatus
2719 4310 2785 4349 ex
2834 4296 3254 4350 conﬂuentibus
3287 4297 3469 4351 causis
3505 4298 3675 4351 inhis

163 4400 316 4469 regis
344 4397 727 4468 providentia,
762 4400 818 4449 et
870 4394 1055 4449 fatalis
1086 4392 1441 4447 necessitatis
1473 4392 1618 4445 serie
1670 4392 1731 4445 in
1759 4390 1863 4444 bo-

164 4505 303 4543 num
330 4490 415 4558 (ut
445 4487 503 4539 in
534 4487 708 4539 ﬁnem
741 4484 933 4551 suum)
965 4484 1157 4537 omnia
1188 4482 1533 4552 dirigantur.
1568 4481 1645 4535 Ex
1668 4496 1781 4550 quo
1801 4479 1865 4532 ﬁt

165 4578 322 4649 quod
357 4576 461 4643 (uti
494 4575 686 4629 Boetio
715 4589 1019 4644 perperam
1040 4572 1353 4639 videbatur)
1378 4571 1545 4625 bonis
1568 4584 1865 4639 nunquam

163 4670 317 4722 mala
357 4665 633 4730 accidant,
669 4664 823 4730 quod
854 4662 1166 4716 adversitas
1227 4661 1305 4714 eis
1335 4658 1701 4730 potissimum
1750 4657 1862 4713 vir-

162 4757 305 4810 tutis
335 4754 663 4809 exercenda:
693 4752 934 4807 materia
961 4755 1045 4805 est
1075 4751 1237 4821 juxta
1270 4750 1612 4804 Ovidianum
1638 4765 1650 4804 :

292 4862 509 4911 Scilicet
538 4860 770 4909 adversis
800 4859 1033 4922 probitas
1067 4859 1298 4922 exercita
1319 4857 1494 4922 rebus,

351 4924 623 4973 Materiam
648 4923 784 4971 tristi
802 4920 1048 4985 tempore
1089 4920 1261 4969 laudis
1288 4920 1467 4969 habet.

162 5024 378 5077 Verum
407 5039 536 5077 cum
571 5038 744 5093 supra
799 5022 1014 5075 dictum
1067 5020 1140 5074 sit
1194 5020 1375 5073 fatum
1428 5014 1870 5088 abiimmobilis

162 5112 540 5184 providentiae
580 5110 825 5165 exordiis
878 5108 1175 5178 proiicisci,
1220 5114 1277 5162 et
1324 5108 1403 5161 ita
1447 5107 1599 5177 ipsas
1640 5122 1870 5176 quoque

164 5204 369 5257 fatales
401 5202 785 5256 connexiones
811 5199 1134 5253 immobiles
1160 5214 1281 5252 esse
1314 5201 1600 5267 oportere,
1633 5195 1873 5249 dubium

168 5294 253 5359 tit,
298 5291 590 5363 quomodo
621 5296 770 5343 stare
823 5289 1005 5359 possit
1050 5286 1291 5342 humani
1342 5286 1575 5340 libertas
1627 5284 1870 5352 arbitrii,

169 5399 303 5437 cum
334 5379 654 5434 inevitabili
693 5378 897 5433 divinae
916 5376 1326 5447 Pprovidentize
1372 5375 1588 5445 fatique
1633 5372 1873 5427 necessi-

173 5477 309 5527 tate.
346 5472 582 5525 Frustra
624 5484 853 5540 quoque
877 5466 1028 5521 credi
1058 5466 1301 5533 videtur,
1350 5480 1543 5519 casum
1578 5462 1873 5534 quidpiam

172 5575 332 5616 esse:
388 5573 520 5613 cum
570 5556 717 5612 nihil
746 5555 945 5611 cadere
993 5552 1196 5626 possit,
1243 5552 1400 5624 quod
1431 5551 1533 5607 Dei
1570 5548 1875 5622 providen-

1980 4403 2105 4457 qure
2140 4385 2211 4439 ob
2242 4384 2397 4439 aliud
2421 4389 2699 4455 geruntur
2730 4389 2986 4440 eventus.

2049 4475 2154 4531 Sed
2185 4475 2330 4545 quod
2357 4479 2415 4528 tu
2445 4475 2649 4529 dudum
2684 4479 2747 4529 de
2775 4476 3121 4529 Providentia
3169 4476 3386 4542 dixisti,
3421 4492 3478 4530 re
3507 4492 3675 4547 erpe-

1977 4565 2111 4634 rior]
2145 4567 2227 4619 Ita
2256 4569 2342 4619 est
2372 4566 2562 4635 legere
2612 4565 2671 4617 in
2703 4564 2992 4619 codicibus
3024 4565 3291 4635 antiquis.
3341 4568 3435 4618 Est
3484 4572 3674 4620 autem

1979 4671 2200 4708 sensus.
2239 4654 2347 4708 Sed
2394 4653 2657 4724 experior
2686 4670 2765 4719 re,
2826 4654 2881 4708 id
2942 4659 3041 4721 est,
3085 4654 3435 4725 experientia
3477 4671 3677 4710 verum

1979 4760 2259 4814 cognosco
2298 4743 2355 4795 id
2398 4742 2545 4812 quod
2580 4747 2637 4795 tu
2675 4742 2872 4795 dixisti
2905 4742 3121 4795 dudum
3170 4742 3238 4796 de
3288 4743 3673 4814 Providentia,

1980 4836 2118 4902 puta
2148 4832 2323 4885 talem
2360 4846 2478 4883 esse
2515 4831 2839 4897 materiam,
2875 4834 2937 4883 ut
2966 4846 3079 4883 una
3138 4830 3493 4887 dubitatione
3543 4850 3677 4887 suc-

1981 4922 2093 4975 cisa
2137 4920 2587 4974 innumerabiles
2619 4919 2764 4984 aliae,
2796 4920 2948 4973 velut
2995 4919 3190 4990 hydrze
3236 4923 3422 4991 capita
3452 4939 3674 4977 succre-

1984 5015 2160 5064 scant.
2199 5012 2262 5063 In
2290 5009 2414 5062 aliis
2444 5008 2886 5079 exemplaribus,
2924 5008 3124 5062 additis
3154 5011 3517 5079 quibusdam,
3556 5013 3678 5065 haec

1983 5102 2275 5169 leguntur.
2317 5099 2423 5154 Sed
2457 5099 2605 5168 quod
2640 5104 2703 5152 tu
2759 5098 2975 5151 dudum
3005 5097 3073 5151 de
3128 5100 3489 5154 Providentia
3529 5117 3678 5171 qua:—

1985 5190 2228 5243 stionem
2254 5187 2513 5259 pluribus
2546 5186 2672 5240 aliis
2699 5186 3051 5258 implicatam
3084 5204 3205 5242 esse
3244 5189 3456 5253 dixisti,
3490 5205 3549 5241 re
3581 5204 3672 5241 ex-

1985 5278 2198 5349 perior.

2055 5364 2204 5437 Hazc]
2236 5368 2321 5419 An
2353 5381 2512 5419 casus
2543 5364 2758 5436 aliquid
2785 5365 2875 5434 sit,
2906 5366 3111 5437 etquid
3142 5366 3229 5419 sit.

2062 5452 2324 5525 Tramite]
2354 5455 2636 5523 Methodo,
2665 5454 2757 5511 via
2786 5455 3210 5527 compendiosa.

2058 5544 2312 5616 Decerne]
2343 5544 2555 5601 Statue.
