4054 6184
448 238 582 295 1063

1187 235 1536 290 APPENDIX
1574 236 1666 288 AD
1708 233 1953 291 LIBROS
1995 235 2083 288 DE
2122 233 2638 292 CONSOLATIONE
2677 233 3187 291 PHILOSOPHUS.

3765 245 3778 293 l
3788 244 3874 300 064

506 369 664 427 Nihil
708 384 772 423 ea:
831 369 1002 422 nihilo
1041 368 1291 436 existere]
1345 369 1486 420 Puta
1537 367 1881 421 naturaliter
1929 371 1984 421 et
2024 382 2131 438 per
2167 371 2213 422 A
2242 370 2428 434 miam,
2458 384 2619 433 quam
2651 367 2891 437 undique
2933 367 3346 433 circumdantes,
3378 372 3580 437 regioni
3607 385 3778 426 nomen
3810 376 3875 426 in-

433 475 632 515 causas
678 456 1071 527 particulares.
1104 457 1242 510 Nam
1298 457 1446 509 Deus
1487 456 1826 510 universalis
1875 457 2131 510 omnium

444 565 612 604 causa
637 563 705 600 ex
735 545 915 600 nihilo
941 545 1220 599 mundum
1260 545 1487 599 creavit.

513 640 580 689 De
606 639 861 706 operante
886 634 1186 704 principio]
1222 634 1296 687 De
1327 649 1495 688 causa
1523 632 1808 686 ellicicnti.

501 722 818 793 Rationum]
857 725 1210 776 Formarum.

505 818 568 870 In
600 811 873 886 Physicis]
905 813 1072 867 Libro
1102 812 1471 882 Physicorum
1503 811 1772 864 secundo.

932 920 1000 973 IN
1034 920 1323 974 METRUM
1353 920 1640 986 PRIMUM,

505 1031 618 1084 Hoc
665 1029 914 1098 elegiaco
975 1028 1213 1098 pulchra
1254 1027 1503 1096 quadam
1557 1025 1936 1080 similitudine
1967 1025 2132 1078 docet

432 1117 819 1188 Philosophia,
853 1132 1048 1170 casum
1079 1132 1198 1169 non
1230 1131 1350 1168 esse
1398 1115 1466 1168 de
1515 1114 1718 1179 nihilo,
1747 1114 1975 1167 tametsi
2016 1129 2131 1166 non

433 1209 504 1261 sit
536 1208 604 1262 de
637 1207 860 1276 agentis
917 1204 1256 1258 intentione.
1308 1203 1798 1268 Quemadmodum
1853 1202 2032 1267 enim,
2084 1202 2130 1254 si

351 1288 354 1289 ν
433 1297 680 1351 duorum
703 1295 1010 1349 ﬂuminum
1043 1294 1597 1363 cursusjungantur,
1626 1308 1794 1345 naves
1825 1308 2052 1362 quoque
2075 1297 2131 1345 et

431 1386 619 1440 trunci
648 1385 707 1438 in
737 1383 974 1440 diversis
1007 1383 1191 1436 adhuc
1235 1382 1408 1436 alveis
1457 1383 1525 1435 ab
1576 1398 1724 1452 aqua
1753 1381 1981 1450 recepti,
2037 1396 2130 1433 ne-

433 1475 694 1531 cessitate
724 1474 1031 1527 tluviorum
1063 1472 1124 1526 in
1155 1488 1336 1526 unum
1368 1471 1602 1525 tandem
1621 1471 1846 1524 alveum
1870 1469 2123 1523 defluen-

430 1566 578 1619 tium
601 1565 1058 1635 conjunguntur,
1111 1563 1240 1615 licet
1280 1563 1386 1615 hoc
1416 1565 1625 1630 praeter
1660 1576 1820 1629 spem
1853 1559 2124 1612 intentio-

431 1671 683 1724 nemque
719 1653 1068 1707 accidatzita
1112 1656 1167 1704 et
1223 1666 1403 1714 casus,
1463 1648 1569 1702 etsi
1626 1665 1740 1701 non
1793 1664 1855 1702 ex
1904 1648 2126 1718 agentis
2166 1668 2204 1720 Β

431 1745 623 1798 animo
655 1743 738 1808 ﬁt,
763 1758 890 1793 suas
911 1744 1102 1793 tamen
1124 1738 1441 1809 peculiares
1464 1753 1662 1790 causas
1686 1737 1877 1790 habet.

503 1835 670 1900 Rupis
719 1829 1074 1896 Achemeniw]
1128 1827 1330 1881 Montis
1386 1826 1673 1881 Armeniae
1723 1830 1820 1879 aut
1860 1825 2120 1880 Parthiae.

430 1921 814 1976 Achemenem
848 1918 1187 1973 Parthorum
1219 1931 1413 1986 regem
1442 1915 1754 1985 Porphyrio
1777 1915 1957 1968 voluit
1979 1932 2119 1981 esse,

431 2017 490 2066 et
528 2027 592 2065 ex
623 2006 1144 2063 Achemenidarum
1191 2004 1466 2075 progenie
1507 2004 1790 2058 derivatos
1821 2005 2122 2056 Persarum

433 2115 598 2170 reges
647 2097 964 2152 Herodotus
1013 2094 1258 2164 scripsit.
1338 2093 1475 2146 llinc
1522 2091 1907 2146 Achemenins
1948 2091 2125 2146 Persi-

431 2206 550 2256 cus,
584 2187 907 2254 Parthicus,
937 2186 1022 2238 vel
1049 2183 1374 2237 Armenius.
1413 2183 1670 2234 Lucanus
1699 2199 1711 2236 :

556 2296 746 2343 Passus
775 2291 1106 2342 Achemeniis
1133 2290 1288 2350 longe
1313 2288 1591 2337 decurrere
1621 2289 1841 2350 campis.

501 2391 774 2460 Scapulis]
807 2390 962 2445 Saxis
992 2385 1478 2458 prominentibus.

505 2480 628 2550 Ubi]
663 2480 814 2534 Ordo
851 2483 952 2544 est,
993 2477 1096 2531 Ubi
1131 2492 1326 2546 pugna
1354 2476 1524 2545 fugax
1553 2490 1720 2529 versa
1754 2474 1878 2544 ﬁgit
1907 2474 2124 2543 spicula

430 2569 758 2641 pectoribus
797 2571 1160 2638 sequentum.
1193 2565 1403 2618 Sensus
1435 2567 1538 2625 est,
1587 2565 1629 2620 E
1665 2568 1857 2616 monte
1890 2563 2123 2633 majoris

429 2658 738 2726 Armenias,
773 2657 863 2711 cui
890 2654 1072 2726 juncti
1112 2658 1244 2707 sunt
1282 2652 1495 2718 Parthi,
1543 2653 1662 2723 qui,
1715 2656 1856 2706 teste
1913 2653 2120 2721 Trogo,

430 2747 693 2804 cominus
737 2747 796 2801 in
846 2746 966 2800 acie
1015 2743 1287 2815 praeliari,
1341 2748 1439 2797 aut
1497 2743 1752 2797 obsessas
1794 2757 2122 2812 expugnare

429 2839 598 2894 urbes
635 2837 931 2892 nesciunt:
965 2837 1225 2905 pugnant
1269 2833 1464 2903 itaque
1511 2837 1612 2886 aut
1655 2831 2124 2902 procurrentibus

429 2929 609 3000 equis,
644 2932 744 2981 aut
788 2930 949 2996 terga
978 2923 1265 2986 dantibus,
1321 2938 1470 2994 saepe
1505 2921 1678 2975 etiam
1713 2922 1907 2991 fugam
1941 2919 2123 2973 simu-
2164 2954 2203 3008 Ο

429 3017 572 3083 lant,
607 3022 669 3070 ut
708 3014 1058 3070 incautiores
1122 3013 1422 3067 adversum
1473 3011 1708 3065 vulnera
1757 3009 2124 3081 insequentes

427 3107 714 3162 habeant:
749 3105 1090 3175 plerumque
1121 3102 1182 3156 in
1212 3102 1336 3172 ipso
1369 3101 1568 3155 ardore
1609 3099 1936 3154 certaminis
1983 3116 2125 3169 prie-

433 3197 508 3249 lia
541 3196 837 3259 deserunt,
883 3210 946 3246 ac
977 3192 1148 3262 paulo
1205 3195 1335 3261 post
1363 3206 1618 3261 pugnam
1649 3206 1717 3244 ex
1765 3190 1903 3260 fuga
1958 3203 2124 3259 repe-

430 3289 576 3340 tunt.
613 3283 772 3338 Unde
802 3287 1007 3353 poeta:

554 3371 930 3431 Fidentemque
961 3368 1085 3430 fuga
1107 3367 1373 3424 Parthum,
1410 3369 1680 3430 versisque
1704 3366 1906 3429 sagittis
1926 3365 1953 3414 ?

433 3472 552 3525 Uno
583 3469 903 3537 eodemque
957 3467 1112 3520 fonte
1164 3466 1346 3534 Tigris
1386 3471 1442 3519 et
1474 3466 1788 3535 Euphrates
1836 3464 2121 3518 oriuntur.

501 3561 692 3625 Pugna
727 3555 922 3626 fugam]
957 3557 1100 3608 Gens
1149 3554 1490 3608 Parthorum
1537 3554 1807 3624 fugiendo
1841 3569 2122 3624 pugnans.

503 3646 704 3714 Tigris]
755 3646 853 3699 Hic
907 3662 938 3698 a
967 3643 1254 3698 celeritate
1303 3647 1358 3696 et
1405 3658 1574 3696 cursu
1613 3649 1974 3712 nuncupatus
2021 3646 2121 3697 est.

427 3737 569 3790 Nam
609 3735 793 3804 Tigris
839 3733 1131 3788 Medorum
1162 3733 1361 3802 lingua
1393 3733 1481 3802 (ut
1511 3731 1740 3788 Solinus
1769 3731 1983 3802 aliique
2003 3737 2125 3786 tra-

425 3825 589 3892 dunt)
624 3825 892 3894 sagittam
942 3822 1245 3893 signiﬁcat,
1271 3821 1650 3892 omniumque
1683 3822 1990 3875 ﬂuviorum
2028 3838 2122 3875 ve-

426 3913 780 3968 locissimum
829 3912 979 3966 canit
1030 3911 1356 3981 Dionysius.
1416 3910 1528 3964 Alii
1585 3915 1782 3965 tamen
1841 3927 1874 3964 a
1914 3910 2125 3980 tigride

427 4002 662 4058 animali
692 4002 909 4056 dictum
943 4001 1143 4054 volunt
1193 3999 1429 4069 Tigrim.
1488 3999 1660 4053 Divus
1701 3999 2120 4070 Hieronymus:

429 4094 627 4160 Tigris,
659 4091 866 4161 inquit,
907 4092 1104 4158 ﬂuvius
1150 4089 1214 4143 de
1237 4088 1506 4160 paradiso
1547 4087 1730 4142 exiens
1768 4089 1939 4156 juxta
1979 4090 2125 4143 Scri-

419 4187 600 4250 ptura:
627 4180 812 4247 ﬁdem,
859 4193 1200 4248 pergensque
1226 4183 1415 4232 contra
1443 4177 1722 4245 Assyrios,
1758 4182 1807 4230 et
1837 4185 1958 4246 post
1987 4179 2124 4232 mul-

425 4275 503 4324 tos
535 4271 796 4323 circuitus
840 4268 928 4338 (ut
960 4269 1074 4321 vult
1122 4265 1411 4336 Josephus)
1455 4271 1513 4320 in
1541 4282 1692 4320 mare
1734 4267 1989 4321 Rubrum
2033 4268 2115 4333 ef-
2159 4261 2204 4316 D

422 4360 608 4426 ﬂuens.
662 4360 894 4414 Vocatur
943 4360 1120 4410 autem
1182 4357 1275 4410 hoc
1328 4358 1540 4410 nomine
1582 4358 1809 4427 propter
1862 4358 2119 4410 velocita-

425 4452 549 4514 tem,
572 4447 755 4501 instar
785 4446 964 4499 bestia
1002 4445 1176 4499 nimia
1203 4447 1524 4514 pernicitate
1554 4447 1839 4500 currentis.
1875 4447 1989 4500 Hoc
2019 4462 2121 4500 no-

423 4551 579 4600 men,
613 4541 753 4590 teste
811 4534 1106 4589 Francisco
1159 4533 1308 4600 Pico,
1342 4534 1478 4588 facit
1520 4534 1836 4604 genitivum
1879 4535 2119 4606 Tigrios,

421 4625 692 4694 Tigritos,
727 4623 1009 4693 Tigridos,
1043 4627 1098 4676 et
1129 4624 1311 4677 Attice
1341 4628 1584 4697 Τίγρεως.

494 4713 822 4783 Euphrates]
853 4715 1069 4768 Nomen
1103 4713 1346 4784 sumpsit
1375 4728 1444 4767 ex
1470 4729 1535 4767 eo
1564 4713 1717 4784 quod
1743 4713 1895 4767 bona
1924 4714 2118 4768 ferret.

425 4803 504 4856 De
558 4802 670 4856 hoc
728 4801 1141 4872 Hieronymus:
1193 4803 1510 4872 Euphrates
1566 4805 1763 4870 ﬂuvius
1820 4805 2116 4873 Mesopota-

421 4893 564 4957 miae,
611 4891 670 4943 in
725 4889 988 4958 paradiso
1019 4891 1400 4944 oriens.Porro
1432 4890 1733 4944 Sallustius
1764 4893 1962 4944 auctor
2004 4906 2120 4944 cer-

422 4978 682 5033 tissimus
711 4978 912 5031 asserit
952 4983 1068 5032 tam
1107 4977 1289 5048 Tigris
1352 4994 1524 5049 quam
1581 4977 1882 5048 Euphratis
1932 4978 1991 5032 in
2019 4981 2119 5032 Ar-

423 5068 617 5124 menia
679 5067 860 5121 fontes
892 5067 1295 5123 demonstrari.
1330 5069 1410 5122 Ex
1447 5084 1560 5139 quo
1612 5067 2120 5122 animadvertimus

420 5157 588 5211 aliter
618 5156 687 5211 de
718 5155 985 5226 paradiso
1032 5161 1087 5210 et
1112 5156 1449 5212 ﬂuminibus
1489 5156 1610 5225 ejus
1653 5155 2116 5225 intelligendum.

423 5247 702 5301 Diodorus
742 5247 964 5300 Siculus
1011 5246 1158 5299 libro
1206 5245 1414 5299 tertio:
1469 5246 1592 5299 Post
1639 5245 1825 5301 Nilum
1886 5246 2026 5297 enim
2071 5249 2120 5298 et

421 5334 667 5405 Gangem
704 5339 933 5405 ﬂumina
983 5337 1147 5389 totius
1195 5335 1342 5388 Asiae
1391 5335 1678 5400 nobiliora,
1721 5333 2027 5401 Euphrates
2057 5348 2118 5387 ac

426 5425 600 5492 Tigris
631 5442 698 5479 ece
720 5422 992 5480 Armenia:
1023 5422 1293 5477 montibus
1318 5424 1494 5487 fontes
1522 5423 1738 5476 habent.
1772 5425 1990 5477 Distant
2017 5438 2117 5476 au-

422 5517 526 5566 tem
567 5515 634 5567 ab
666 5517 895 5568 invicem
943 5513 1141 5568 stadiis
1188 5512 1336 5564 mille
1389 5515 1439 5564 et
1472 5514 1802 5579 quingentis,
1846 5513 2117 5580 delatique

419 5615 520 5670 per
560 5603 802 5658 Mediam
843 5608 894 5659 et
953 5605 1266 5671 Paretanos,
1327 5600 1654 5657 descendunt
1701 5604 1758 5656 in
1807 5602 2117 5672 Mesopota-

2241 457 2524 511 diderunt.
2577 457 2778 511 Deinde
2843 473 2944 526 per
2991 456 3344 524 Babyloniam
3385 460 3619 525 ﬂuentes,
3668 462 3721 512 in
3759 476 3876 515 mare

2243 547 2485 601 Rubrum
2515 547 2854 612 deferuntur.
2897 545 3099 601 Strabo
3129 546 3228 600 lib.
3281 546 3644 616 Geographize
3675 563 3754 601 11:
3785 551 3879 604 Cre-

2240 639 2344 689 scit
2368 638 2612 689 Amanus
2647 637 2876 689 multum
2908 637 2966 689 in
3014 637 3186 688 latum
3232 640 3281 688 et
3311 636 3503 699 altum,
3549 640 3595 689 et
3624 638 3876 705 multifidus

2242 730 2338 778 est.
2366 727 2500 778 Pars
2532 725 2830 778 australior
2858 729 2935 778 est
2988 726 3219 790 Taurus,
3253 726 3347 791 qui
3377 726 3686 778 Armeniam
3714 726 3877 780 dister-

2240 817 2476 867 minata
2519 816 2926 882 Mesopotamia.
2958 816 3096 867 Hinc
3140 815 3314 880 ﬂuunt
3346 815 3529 881 Tigris
3575 819 3623 866 et
3668 816 3876 882 Euphra-

2243 907 2337 968 tes,
2384 905 2480 970 qui
2518 904 2959 971 Mesopotamiam
3007 903 3370 962 circumdant.
3425 909 3476 956 et
3525 903 3668 970 apud
3694 905 3878 971 Babylo-

2239 994 2358 1045 nios
2387 990 2613 1045 invicem
2656 992 2939 1045 cohaerent.
2971 992 3171 1045 Deinde
3201 995 3256 1044 in
3286 1007 3435 1044 mare
3480 993 3736 1045 Persicum
3760 997 3878 1046 emit-

2243 1085 2381 1146 tunt,
2429 1097 2658 1150 quorum
2704 1083 3011 1150 Euphrates
3055 1082 3232 1150 major
3277 1087 3372 1145 est,
3416 1086 3469 1135 et
3522 1082 3645 1150 plus
3690 1086 3878 1149 regionis

2238 1173 2473 1237 ﬂeat-uaso
2519 1171 2667 1224 alveo
2704 1174 3000 1238 percurrit.
3051 1173 3237 1224 Fontes
3273 1171 3432 1222 habet
3473 1172 3529 1222 in
3559 1176 3706 1238 parte
3751 1175 3880 1224 Tauri

2240 1259 2460 1326 boreali,
2498 1261 2619 1327 ﬂuit
2659 1259 2732 1311 ad
2766 1259 3085 1313 occidentem
3119 1275 3217 1328 per
3245 1260 3561 1312 Armeniam
3591 1258 3720 1328 (qua:
3745 1262 3880 1328 major

2240 1350 2572 1418 appellatur)
2604 1364 2773 1420 usque
2806 1351 2863 1402 in
2894 1350 3208 1402 Armeniam
3239 1351 3522 1415 minorem,
3559 1349 3878 1416 quamadrr-

2243 1441 2342 1491 tris
2387 1439 2564 1506 habet,
2601 1455 2634 1490 a
2684 1440 2926 1492 sinistris
2970 1454 3094 1492 vero
3143 1440 3423 1492 Lisanam.
3469 1437 3670 1491 Deinde
3707 1437 3770 1490 ad
3807 1454 3878 1490 au-

2239 1533 2412 1580 strum
2449 1528 2626 1586 ﬂemus
2669 1530 2914 1595 conﬁniis
2951 1528 3210 1596 jungitur
3253 1526 3652 1595 Cappadocum,
3697 1542 3795 1594 qua:
3829 1527 3881 1577 ad

2241 1617 2491 1670 dextram
2515 1619 2796 1685 relinquit,
2835 1617 2908 1669 ad
2937 1620 3219 1670 sinistram
3243 1618 3660 1681 Comagenorum
3680 1619 3879 1683 conﬁnia,

2237 1723 2564 1775 rursumque
2596 1722 2629 1759 a
2665 1708 2959 1772 Sieinsina,
2991 1709 3153 1759 etiam
3194 1705 3446 1774 Sophina
3479 1706 3698 1773 majoris
3734 1706 3879 1757 Arme-

2235 1799 2340 1849 n’ice
2366 1797 2439 1848 ad
2467 1799 2748 1849 sinistram
2790 1797 2998 1862 relicta,
3030 1795 3389 1864 progreditur
3417 1796 3472 1846 in
3503 1795 3730 1862 Syriam,
3760 1799 3878 1860 atque

2235 1888 2430 1939 iterum
2465 1889 2668 1953 ﬂexum
2697 1887 2866 1938 alium
2910 1884 3059 1953 capit
3098 1887 3154 1937 in
3207 1885 3623 1951 Babylonios,et
3661 1885 3878 1936 Persicum

2235 1979 2434 2028 sinum.
2475 1977 2658 2043 Tigris
2707 1991 2773 2028 ese
2829 1974 3007 2028 eodem
3058 1978 3232 2027 monte
3268 1975 3576 2028 Seleuciam
3617 1973 3797 2036 illatus,
3827 1971 3878 2022 uel

2234 2066 2568 2133 Euphratem
2591 2065 2816 2129 accedit,
2842 2064 3029 2128 ibique
3045 2065 3213 2130 efﬁcit
3236 2062 3677 2131 Mesowtamiam
3698 2078 3708 2114 :
3731 2061 3878 2114 diinde

2235 2157 2292 2208 in
2328 2153 2570 2207 eumdem
2611 2155 2790 2206 sinum
2817 2155 3009 2206 intrat.
3039 2153 3339 2220 Euphratis
3377 2169 3442 2206 ac
3489 2151 3718 2217 Tigridis
3743 2153 3876 2216 fontes

2231 2245 2374 2296 inter
2403 2258 2455 2296 se
2481 2242 2689 2296 distant
2728 2243 2801 2295 ad
2845 2243 3031 2296 stadia
3073 2241 3178 2295 duo
3199 2240 3380 2294 millia
3417 2247 3468 2294 et
3507 2243 3874 2308 quinquaginta.

2234 2333 2513 2385 Hactenus
2544 2331 2766 2386 Strabo.

2310 2425 2418 2475 Uno
2465 2421 2630 2493 fonte]
2697 2420 2964 2474 Fontibus
3012 2420 3182 2474 unius
3236 2425 3290 2473 et
3340 2419 3600 2490 ejusdem
3648 2418 3876 2473 Armeniae

2235 2510 2467 2577 montis,
2503 2510 2594 2563 cui
2620 2514 2760 2563 teste
2796 2509 3072 2563 Strabone
3104 2525 3318 2563 nomen
3351 2513 3438 2562 est
3467 2511 3665 2562 Tauro.

2306 2597 2625 2669 Abjunctis]
2646 2599 2953 2667 Separatis.

2308 2689 2451 2753 Quos
2475 2686 2680 2759 tamen]
2717 2688 2868 2742 Ordo
2905 2692 3007 2754 est,
3057 2688 3208 2751 Quos
3253 2703 3428 2758 vagos
3481 2704 3638 2742 casus
3670 2686 3875 2746 declivia,

2235 2775 2290 2830 id
2323 2781 2408 2829 est
2445 2776 2793 2830 declivitates
2819 2781 3008 2841 terrae,
3046 2775 3286 2829 subaudi
3335 2781 3548 2845 tegunt,
3584 2780 3636 2830 et
3673 2792 3793 2846 quos
3815 2791 3878 2827 ca-

2237 2882 2330 2920 sus
2360 2883 2533 2937 vagos
2559 2866 2782 2920 defluus
2813 2867 2951 2920 ordo
2983 2865 3224 2935 gurgitis
3254 2865 3404 2935 lapsi
3430 2866 3594 2936 regit.

2834 2957 2905 3009 IN
2942 2954 3217 3009 PROSAM
3253 2955 3321 3009 Il.

2308 3045 2542 3100 Dubitat
2597 3045 2702 3100 hoc
2723 3045 2847 3099 loco
2876 3045 3104 3098 Boetius
3147 3043 3606 3116 sciscitaturqne,
3639 3044 3766 3096 sitne
3792 3041 3876 3093 ulla

2234 3133 2476 3190 humani
2503 3133 2737 3188 libertas
2768 3133 3009 3200 arbitrii,
3049 3149 3118 3186 an
3155 3133 3308 3202 ipsos
3343 3149 3578 3204 quoque
3608 3132 3874 3184 animarum

2237 3229 2428 3279 motus
2468 3224 2654 3278 fatalis
2695 3224 3000 3278 necessitas
3030 3221 3408 3292 constringat.
3448 3220 3874 3290 CuiPhilosophia

2237 3313 2567 3384 respondet,
2627 3313 2786 3367 omni
2833 3312 3094 3365 rationali
3127 3311 3686 3365 naturazlibertatem
3723 3309 3874 3362 adesse

2237 3403 2482 3468 arbitrii,
2535 3402 2633 3457 sed
2684 3402 2948 3472 supernis
3006 3400 3328 3471 divinisque
3381 3400 3699 3454 substantiis
3738 3398 3874 3466 majo-

2236 3508 2378 3559 rem,
2411 3490 2614 3546 deinde
2643 3492 2868 3545 tametsi
2903 3507 3016 3544 non
3054 3491 3360 3560 aequalem,
3386 3493 3578 3544 tamen
3611 3489 3874 3560 proximam

2233 3582 2505 3637 humanis
2534 3581 2742 3637 animis
2769 3581 2908 3652 sein
2942 3580 3258 3634 divinitatis
3281 3585 3510 3634 contem
3518 3581 3750 3651 platione
3767 3592 3876 3630 con-

2236 3671 2625 3726 servantibus:
2674 3670 2864 3725 minus
2910 3687 3043 3724 vero
3091 3669 3302 3724 liberas
3357 3687 3455 3724 eas
3507 3685 3642 3734 esse,
3686 3683 3794 3721 cum
3825 3664 3874 3718 ad

2235 3776 2476 3832 corpora
2517 3760 2873 3826 dilabuntur,
2923 3759 3227 3830 minusque
3275 3759 3476 3825 etiam,
3533 3775 3656 3814 cum
3686 3754 3875 3810 terrenis

2236 3850 2472 3905 artubus
2525 3849 2883 3921 colligantur.
2945 3849 3536 3904 Animadvertendum
3589 3853 3761 3902 autem
3799 3846 3876 3899 hoc

2235 3944 2418 3994 totum
2478 3956 2546 3994 ex
2596 3939 2843 3993 Platonis
2893 3938 3163 4010 opinione
3216 3939 3458 4008 dictum,
3525 3937 3679 4010 quasi
3717 3934 3877 3990 anime

2235 4028 2366 4097 sint,
2400 4034 2708 4099 antequam
2752 4028 3085 4100 corporibus
3125 4027 3572 4099 conjungantur.
3604 4029 3876 4083 Extremam

2233 4133 2368 4172 vero
2417 4119 2744 4173 servitutem
2801 4135 2922 4172 esse
2976 4117 3112 4172 dicit
3187 4134 3389 4171 earum
3438 4133 3571 4190 quas
3622 4112 3876 4170 sceleribus

2233 4206 2572 4278 mancipatee
2603 4207 2897 4278 propriam
2919 4207 3215 4262 amiserint
3243 4206 3593 4264 libertatem.

2302 4296 2565 4368 Inscitiw]
2591 4296 2956 4367 lgnorantiae.

2306 4386 2589 4456 Caligant]
2613 4386 3019 4454 Obscurantur,
3053 4385 3480 4442 tenebrcscunt.

2378 4473 2530 4528 Ila'tvt’
2557 4473 2715 4549 ἐφορᾱ
2745 4481 2831 4527 καί
2861 4477 3008 4528 πάντ’
3036 4473 3298 4527 ἐπακούει.

2231 4565 2517 4619 Homerici
2563 4581 2758 4620 versus
2805 4582 2936 4637 pars
2993 4570 3078 4620 est
3106 4565 3392 4637 posterior
3437 4583 3505 4621 ex
3540 4565 3730 4620 Iliados
3761 4560 3874 4617 libro

2229 4653 2418 4724 tertio,
2452 4655 2509 4709 id
2543 4659 2648 4722 est,
2683 4654 2880 4709 omnia
2909 4655 3082 4722 videt,
3117 4660 3172 4710 et
3205 4656 3400 4711 omnia
3431 4654 3686 4712 inaudit:

2412 4761 2611 4825 Aspicit
2645 4761 2840 4820 omnia,
2872 4765 2924 4812 et
2953 4762 3132 4811 omnia
3165 4763 3393 4813 inaudit.

2831 4861 2901 4915 ΙΝ
2934 4861 3218 4918 METRUM
3248 4863 3317 4916 ΙΙ.

2244 4987 2258 5000 ·
2303 4968 2544 5022 Carmen
2576 4968 2682 5022 hoc
2727 4968 2985 5038 ejusdem
3036 4969 3260 5040 generis
3301 4973 3386 5024 est
3432 4985 3564 5023 cum
3603 4962 3874 5039 penultimo

2231 5056 2418 5128 quarti
2486 5057 2813 5111 voluminis.
2872 5057 3109 5113 Praefert
3163 5073 3230 5113 eo
3291 5058 3658 5128 Philosophia
3705 5051 3873 5109 divina!

2229 5145 2602 5217 providentim
2660 5146 3151 5218 perspicacitatem
3201 5147 3333 5202 solis
3391 5147 3651 5214 claritati,
3699 5145 3875 5211 dequo

2230 5238 2538 5292 Homerus:

2353 5324 2439 5373 Sol
2470 5325 2560 5387 qui
2591 5329 2780 5374 cuncta
2799 5325 2957 5383 videt,
2982 5326 3174 5389 quique
3200 5328 3380 5375 omnia
3407 5326 3663 5375 maximus
3685 5319 3824 5371 audit.

2229 5425 2328 5479 Hic
2377 5424 2533 5478 enim
2579 5425 2805 5479 tametsi
2853 5426 3102 5481 maximo
3127 5427 3431 5497 splendore
3459 5424 3694 5481 miriﬁce
3728 5416 3872 5475 reful-

2228 5516 2378 5584 geat,
2426 5516 2710 5566 terrarum
2744 5517 2938 5569 tamen
2969 5515 3172 5570 intima
3195 5521 3494 5587 penetrare
3522 5512 3728 5585 nequit.
3761 5510 3872 5562 Prov

2224 5601 2490 5660 videntiae
2521 5617 2655 5661 vero
2685 5604 2883 5660 lumen
2923 5603 3274 5664 immensum
3313 5609 3511 5663 cuncta
3538 5619 3650 5662 non
3678 5592 3872 5669 inspicit
