4054 6184
197 298 335 351 1065

1471 303 1857 361 MURMELLII
1896 306 2416 365 COMMENTARIA.

3539 316 3679 375 1066

178 430 390 493 solum,
423 429 520 482 sed
542 429 715 483 etiam
744 429 1101 499 penitissima
1132 447 1375 502 quaque
1408 448 1609 488 eorum
1648 437 1868 507 perspi-
1904 440 1949 491 A
2050 438 2272 509 Jugari]
2299 440 2599 509 Conjungi.

178 517 274 571 cit.
313 518 507 588 Neque
548 516 598 571 ei
625 518 741 573 ulla
772 518 856 573 vel
880 518 1058 573 noctis
1089 519 1293 591 caligo,
1322 523 1406 575 vel
1439 528 1635 577 terrra
1693 527 1875 582 moles

184 605 464 660 obsistere
493 607 659 660 valet.

254 696 533 765 Phoebum]
564 696 769 750 Solem.

252 784 521 856 MelIi/lui]
557 785 715 839 Melle
746 786 997 841 ﬂuentis.

250 874 435 944 Canit]
458 874 721 928 Carmine
764 875 975 945 laudat,
1014 893 1143 931 cum
1175 880 1353 935 aliubi
1412 889 1535 939 tum
1569 886 1630 939 in
1667 885 1875 941 Iliados

178 962 378 1029 tertio,
429 967 493 1017 ut
527 969 583 1017 et
611 965 782 1035 paulo
813 969 942 1020 ante
991 966 1208 1023 dictum
1243 974 1361 1026 est:
1391 974 1455 1027 Et
1502 978 1585 1041 tu,
1633 976 1739 1043 sol,
1774 975 1875 1047 qui

175 1051 448 1105 universa
477 1057 534 1106 et
571 1053 726 1107 vides
765 1059 822 1109 et
856 1056 1035 1113 audis.
1088 1058 1224 1114 Vide
1262 1061 1513 1117 Plinium
1536 1064 1680 1119 libro
1708 1065 1876 1120 Natu-

174 1140 317 1194 ralis
340 1140 593 1195 Historia
626 1159 687 1207 ll,
720 1159 841 1214 cap.
875 1148 926 1199 6.

247 1231 620 1301 Perrumpere]
656 1232 978 1288 Penetrare.

244 1321 451 1375 Cuncta
496 1322 685 1390 tuenti]
733 1322 939 1377 Omnia
992 1324 1261 1381 intuenti.
1319 1329 1506 1383 Prisca
1555 1330 1767 1400 Sibylla
1814 1332 1872 1387 in

170 1408 268 1463 lib.
303 1410 510 1464 Justini
540 1411 870 1483 philosophi
902 1416 957 1467 et
992 1414 1290 1487 martyris,
1328 1418 1640 1490 interprete
1699 1422 1871 1476 Fran-

172 1498 327 1552 cisco
360 1499 489 1553 Pico
516 1514 527 1553 :

241 1616 391 1684 tinus
414 1616 555 1664 enim
586 1616 723 1684 Deus
748 1620 844 1675 est,
878 1617 1022 1684 solus
1049 1632 1155 1684 non
1180 1620 1370 1684 editus,
1403 1622 1607 1684 ingens,

236 1678 432 1749 ania
460 1679 811 1749 conspiciens,
840 1692 947 1727 non
973 1681 1159 1749 visilis,
1198 1678 1556 1749 induperator,

237 1740 407 1797 Quem
457 1731 713 1789 moritura
742 1731 863 1790 caro
898 1743 1034 1804 potis
1055 1731 1864 1811 est'comprendere'nunquam.
1909 1731 1948 1785 Β

772 1841 842 1894 ΙΝ
874 1841 1156 1896 PROSAM
1199 1845 1287 1897 Ill.

246 1948 360 2000 Hac
377 1962 545 2016 prosa
564 1946 997 2003 dubitabundus
1039 1949 1266 2005 Boetius
1298 1951 1367 2005 de
1397 1950 1580 2007 libero
1610 1953 1865 2008 hominis

172 2035 414 2089 arbitrio
436 2041 493 2089 et
546 2036 644 2090 Dei
702 2037 1061 2106 prascientia
1110 2040 1357 2105 disserit,
1392 2057 1518 2111 qua
1550 2058 1663 2113 quo
1696 2043 1866 2097 modo

171 2124 348 2179 simul
378 2124 599 2195 possint
641 2126 976 2196 consistere,
1022 2132 1084 2181 ut
1105 2129 1270 2183 alteri
1311 2130 1553 2184 alterum
1587 2147 1703 2185 non
1750 2132 1869 2185 ofti-

168 2215 301 2280 ciat,
338 2214 576 2269 minime
614 2216 783 2270 videt.
820 2217 961 2271 Nam
991 2221 1217 2288 recepta
1257 2218 1461 2273 divinae
1494 2220 1867 2290 prascientia

168 2303 527 2369 necessitate,
565 2304 760 2358 omnia
803 2305 946 2358 serie
976 2306 1227 2376 quadam
1259 2307 1542 2363 indeﬂexa
1586 2310 1869 2364 constrin-

166 2392 223 2459 gi
257 2392 562 2462 tenerique
581 2391 866 2447 videntur.
906 2395 1068 2457 Quod
1103 2395 1149 2448 si
1180 2396 1259 2449 ita
1280 2402 1447 2464 esset,
1482 2398 1693 2453 frustra
1734 2415 1868 2469 spe-

163 2485 365 2535 rarent
393 2481 678 2548 homines,
719 2486 818 2537 aut
848 2483 1310 2553 deprecarentur,
1354 2503 1483 2556 qua
1530 2488 1743 2542 futura
1770 2504 1868 2542 ne-

164 2570 451 2623 cessitatis
476 2571 701 2641 legibus
740 2572 1030 2643 implicata
1079 2574 1290 2629 mutari
1321 2574 1549 2647 alioque
1610 2577 1866 2631 converti

165 2659 497 2729 nequirent.

238 2748 355 2801 Aut
399 2747 540 2817 quid
580 2749 674 2803 hoc
716 2751 886 2817 refert
927 2753 1186 2805 vaticinio
1218 2754 1311 2807 illo
1358 2753 1594 2809 ridiculo
1628 2752 1866 2829 Tiresia]

170 2837 384 2891 Sensus
426 2841 528 2905 est,
555 2842 654 2892 aut
679 2838 839 2909 quid,
863 2840 1027 2910 quasi
1056 2840 1227 2907 dicat,
1275 2842 1421 2896 nihil
1453 2844 1562 2897 hoc
1590 2842 1763 2897 distat
1793 2843 1862 2897 ab

167 2925 267 2979 illo
298 2926 545 2980 ridiculo
577 2927 808 2981 Tiresia
838 2928 1128 2995 vaticinio,
1161 2930 1315 3001 quod
1373 2935 1457 2986 est
1497 2931 1649 3003 apud
1696 2932 1870 2987 Hora-

164 3015 311 3070 tium
344 3015 494 3070 libro
525 3016 865 3071 Sermonum
892 3018 1141 3073 secundo
1179 3034 1193 3072 :

292 3121 654 3196 ngaertiad‘e,
688 3122 944 3195 quidquid
980 3124 1175 3196 dicam,
1198 3129 1289 3196 aut
1310 3126 1424 3196 erit,
1462 3129 1554 3196 aut.
1586 3138 1696 3175 non
1729 3137 1740 3175 :

292 3186 543 3235 Divinare
572 3186 768 3235 etenim
794 3200 1020 3249 magnus
1047 3187 1178 3236 mihi
1205 3187 1370 3237 donat
1398 3188 1603 3251 Apollo.

164 3284 412 3338 Tiresias
452 3283 775 3351 Thebanus,
808 3300 939 3338 cum
986 3285 1131 3339 forte
1163 3285 1305 3339 duos
1335 3301 1553 3357 angues
1602 3291 1869 3342 coeuntes

165 3374 561 3445 percussisset,
622 3374 683 3427 in
713 3374 989 3428 feminam
1041 3374 1151 3429 fuit
1179 3391 1507 3441 conversus,
1554 3392 1617 3429 ac
1650 3380 1869 3446 septem

167 3479 351 3517 annos
374 3462 431 3516 in
464 3479 531 3517 eo
561 3479 699 3517 sexu
736 3464 963 3519 durasse
986 3464 1190 3519 fertur.
1226 3466 1559 3536 Rursusque
1590 3482 1719 3520 cum
1753 3483 1871 3519 eos-

166 3553 302 3607 dem
365 3556 660 3622 serpentes
722 3552 1089 3620 verberasset,
1151 3553 1211 3607 in
1276 3554 1592 3625 pristinum
1668 3572 1866 3609 sexum

167 3656 434 3695 reversus
454 3644 558 3694 est.
592 3640 755 3704 Quod
783 3641 1017 3711 quidem
1048 3657 1119 3695 ne
1142 3642 1268 3712 quis
1290 3644 1525 3697 omnino
1546 3644 1869 3697 fabulosum

166 3734 357 3800 putet,
392 3730 547 3799 legat
594 3734 653 3783 et
702 3729 955 3783 Plinium
980 3730 1043 3783 in
1073 3730 1317 3800 septimo
1348 3731 1633 3786 Naturalis
1676 3732 1869 3786 Histo—

168 3820 295 3883 ria,
326 3823 386 3873 et
426 3818 619 3872 divum
672 3819 1057 3887 Augustinum
1114 3819 1184 3873 de
1231 3820 1515 3891 conjugiis
1573 3822 1778 3874 veteris
1808 3838 1871 3874 ac

169 3924 360 3974 nova,
389 3908 549 3977 legis,
584 3907 682 3977 qui
710 3912 972 3961 asserunt
1003 3907 1346 3978 quibusdam
1373 3909 1431 3962 id
1450 3908 1735 3963 accidisse.
1758 3910 1873 3963 Ca-

168 4004 364 4053 terum
402 3997 663 4063 Tiresias,
724 3996 792 4050 ab
829 3998 964 4051 Jove
992 4000 1329 4068 Junoneque
1390 3998 1870 4053 contendentibus

168 4087 360 4140 utrius
393 4085 578 4155 major
615 4084 676 4138 in
704 4084 862 4139 coitu
888 4085 1163 4155 voluptas
1190 4086 1281 4154 sit,
1316 4086 1492 4140 maris
1516 4102 1587 4140 an
1616 4085 1868 4154 femina,

162 4176 347 4248 judex
365 4175 598 4241 electus,
625 4174 907 4244 majorem
937 4190 1056 4229 esse
1081 4174 1314 4230 femina
1338 4176 1691 4246 voluptatem
1717 4175 1869 4229 afﬁr-

167 4266 370 4320 mavit.
429 4264 550 4327 Qua
595 4264 877 4319 sententia
914 4266 1059 4319 Juno
1136 4265 1300 4333 irata,
1349 4266 1512 4321 illum
1545 4265 1868 4321 obcacavit.

170 4355 401 4427 Jupiter
424 4369 557 4408 vero
595 4370 700 4424 pro
732 4353 910 4408 oculis
934 4354 1215 4424 ademptis
1228 4354 1301 4422 ei,

303 4442 448 4491 Scire
474 4442 653 4492 futura
675 4443 837 4502 dedit,
860 4456 1179 4506 panamque
1212 4444 1408 4493 levavit
1431 4443 1651 4492 honore.

177 4532 562 4587 Callimachus
590 4536 662 4601 etl
686 4532 1014 4603 Propertius
1046 4548 1113 4587 eo
1165 4532 1363 4587 dicunt
1410 4533 1758 4587 obcaecatum
1790 4532 1877 4587 Ti-

178 4619 411 4686 resiam,
447 4620 603 4691 quod
643 4620 871 4675 Pallada
898 4621 1111 4676 nudato
1143 4636 1381 4691 corpore
1410 4637 1468 4674 se
1518 4620 1878 4675 levantemin

181 4710 348 4781 aquis
389 4710 713 4779 aspexisset.
769 4710 908 4765 Hinc
965 4710 1356 4782 proverbium,
1394 4709 1709 4783 Tuph’tspo;
1740 4716 1881 4782 Τιρε-

183 4802 326 4862 σίου,
362 4799 581 4853 Cacior
607 4799 843 4866 Tiresia,
874 4799 941 4854 de
964 4815 1030 4854 eo
1051 4800 1150 4871 qui
1182 4816 1355 4870 supra
1376 4800 1613 4854 modum
1634 4798 1877 4853 cacutit.

257 4890 352 4944 Uti
368 4889 533 4959 paulo
572 4894 695 4943 ante
719 4888 1005 4959 cantabas]
1040 4889 1304 4943 Carmine
1328 4892 1485 4944 sexto
1510 4889 1700 4960 quarti
1719 4886 1873 4943 libri.

2058 528 2163 581 Sed
2188 526 2358 598 mens]
2402 529 2740 598 Ignorantia
2785 530 2963 582 animi
3004 532 3184 584 nostri
3226 531 3489 603 imputat,
3523 538 3677 606 quod

1984 631 2179 669 rerum
2220 616 2515 671 veritatem
2547 617 2865 688 perspicere
2897 635 3011 673 non
3047 620 3318 677 valemus.

2056 703 2279 777 Obruta]
2304 706 2601 776 Oppressa.

2056 796 2216 851 Cacis
2246 794 2522 865 membris]
2567 796 2815 867 Corpore
2864 798 3167 870 caliginem
3214 800 3676 876 oblivionemque

1985 883 2177 938 animo
2201 884 2491 938 inferenti.

2055 970 2331 1044 Luminis]
2365 975 2701 1029 Intellectus.

2052 1063 2200 1135 Igne]
2226 1064 2451 1133 Vigore.

2057 1153 2257 1206 Tenues
2281 1153 2474 1223 nereus]
2496 1152 2738 1208 Subtiles
2762 1152 3211 1223 conjunctiones.

2052 1240 2159 1295 Sed
2188 1240 2299 1311 cur]
2336 1241 2690 1295 Platonicum
2725 1242 2833 1295 hoc
2856 1247 2957 1296 est.
2996 1245 3060 1297 In
3091 1244 3319 1314 dialogo
3356 1246 3509 1299 enim
3542 1249 3672 1302 Pla-

1982 1328 2135 1381 tonis
2191 1329 2260 1383 de
2308 1328 2533 1395 virtute,
2609 1330 2708 1400 qui
2748 1332 2953 1385 Menon
3012 1332 3357 1400 inscribitur,
3402 1334 3675 1403 ;Socrates

1982 1417 2277 1471 Menonem
2299 1417 2571 1489 Aristippi
2604 1424 2658 1471 et
2679 1420 2935 1489 Georgia
2954 1422 3273 1476 auditorem
3296 1423 3364 1477 ad
3382 1423 3437 1476 id
3459 1426 3674 1493 perdu-

1981 1504 2077 1573 cit,
2106 1506 2633 1577 quodimpossibile
2666 1514 2751 1563 est
2781 1526 2885 1563 nos
2916 1510 3311 1580 investigando
3345 1512 3565 1583 aliquid
3590 1530 3673 1567 co-

1982 1609 2290 1664 gnoscere;
2347 1599 2446 1649 aut
2478 1597 2525 1649 si
2556 1597 2948 1666 investigando
2993 1600 3353 1669 assequimur
3378 1603 3670 1671 cognosci-

1980 1698 2247 1753 musque,
2281 1683 2427 1738 illud
2457 1686 2597 1739 alias
2620 1687 3011 1755 cognovimus.
3047 1689 3316 1757 Itaqueid
3334 1706 3673 1759 cognoscere

1981 1788 2094 1825 non
2133 1772 2287 1826 aliud
2307 1788 2427 1827 esse
2459 1789 2631 1843 quam
2663 1774 2954 1827 reminisci
2984 1779 3038 1827 et
3059 1775 3119 1828 in
3159 1777 3497 1831 memoriam
3520 1794 3675 1831 revo-

1979 1876 2124 1914 care.
2169 1861 2281 1926 Quo
2313 1863 2454 1915 enim
2491 1865 2708 1915 tramite
2734 1862 2941 1933 (inquit
2972 1863 3202 1932 Menon)
3231 1866 3603 1932 investigabis,
3645 1883 3673 1920 o

1980 1948 2242 2017 Socrates,
2278 1950 2421 2014 quod
2450 1950 2667 2018 quidem
2701 1950 2836 2017 quid
2873 1954 2945 2004 sit
2972 1952 3193 2005 Omnino
3232 1954 3474 2021 ignoras,
3512 1954 3674 2023 quale

1980 2036 2082 2090 tibi
2107 2052 2430 2106 proponens,
2462 2038 2522 2091 id
2561 2036 2708 2105 quod
2736 2041 2955 2103 ignoras
2982 2041 3226 2104 inquires
3246 2058 3266 2103 ;
3294 2047 3391 2095 aut
3422 2046 3585 2096 etiam
3624 2046 3672 2095 si

1978 2127 2038 2178 in
2088 2126 2228 2179 illud
2273 2127 2504 2192 incidas,
2555 2143 2789 2195 quonam
2832 2127 2986 2197 signo
3030 2129 3090 2181 id
3138 2122 3281 2193 quod
3322 2132 3670 2198 z‘gnoraveras

1978 2214 2119 2267 illud
2162 2230 2270 2269 esse
2316 2214 2611 2282 agnosces?
2660 2216 2762 2269 Cui
2816 2219 3095 2283 Socrates,
3142 2218 3389 2285 Intelligo
3434 2220 3668 2289 (inquit)

1978 2303 2115 2370 quid
2133 2305 2285 2369 velis,
2317 2321 2345 2358 ο
2374 2306 2592 2369 Menon;
2622 2309 2679 2359 at
2706 2309 2762 2357 tu
2785 2305 3246 2359 animadvertisne
3275 2322 3440 2375 quam
3467 2310 3671 2375 litigio-

1976 2405 2093 2445 sam
2142 2395 2659 2458 argumentationem
2689 2396 2747 2447 in
2778 2393 3014 2447 medium
3044 2394 3354 2463 addamisti,
3393 2397 3535 2463 quod
3564 2400 3671 2451 sci-

1978 2480 2100 2534 licet
2131 2480 2282 2535 homo
2314 2497 2484 2550 neque
2514 2482 2659 2549 quod
2694 2484 2883 2549 noscit,
2916 2499 3089 2551 neque
3119 2484 3263 2551 quod
3301 2487 3537 2552 ignorat,
3586 2489 3670 2539 in-

1979 2572 2149 2639 quirit
2178 2587 2189 2624 :
2224 2586 2348 2624 nam
2374 2572 2425 2624 si
2464 2574 2656 2637 noscit,
2702 2573 2856 2625 nulla
2894 2574 3245 2641 inquisitione
3274 2589 3407 2641 opus
3448 2579 3545 2641 est,
3579 2576 3675 2629 sed

1974 2675 2145 2727 neque
2173 2659 2316 2727 quod
2358 2664 2543 2730 nescit,
2598 2660 2657 2713 id
2690 2662 3000 2727 investigat.
3036 2664 3155 2718 Non
3186 2665 3326 2717 enim
3358 2667 3505 2717 novit
3536 2664 3673 2733 quid

1979 2752 2206 2817 quaerat.
2239 2749 2415 2813 Quare
2447 2749 2663 2802 tandem
2703 2750 2924 2817 colligit,
2966 2752 3106 2804 nihil
3147 2752 3529 2819 investigando
3576 2767 3671 2806 nos

1979 2838 2180 2891 discere
2215 2851 2388 2905 posse,
2437 2839 2548 2891 nisi
2592 2852 2711 2905 qua
2756 2842 2916 2892 antea
2958 2841 3238 2908 scivimus,
3284 2843 3443 2897 etiam
3490 2841 3670 2895 eodem

1976 2926 2151 2981 modo.

1908 3029 1948 3085 α
2047 3018 2275 3070 Mentem
2305 3014 2497 3086 altam]
2524 3014 2803 3070 Divinam.

2049 3100 2320 3174 Cerneret]
2346 3104 2866 3173 Contemplaretur.

2048 3194 2338 3266 Summam]
2374 3194 2759 3248 Universalem
2783 3192 3257 3263 propositionem.

2049 3282 2299 3352 Singula]
2334 3281 2674 3353 Singularia.

2048 3373 2249 3425 Neutro
2280 3377 2358 3426 est
2389 3371 2601 3439 habitu]
2637 3369 2862 3423 Boetius
2903 3386 3034 3424 cum
3084 3369 3269 3441 magis
3318 3370 3389 3424 sit
3425 3371 3670 3424 Platoni-

1979 3458 2278 3528 cus'quam
2335 3458 2745 3523 Aristotelicus,
2812 3458 3067 3511 medium
3098 3462 3289 3512 tamen
3355 3474 3411 3511 se
3453 3459 3672 3528 prabet

1980 3546 2130 3600 inter
2153 3551 2463 3617 utrumque
2484 3546 2913 3615 philosophum,
2950 3551 3006 3600 et
3054 3563 3251 3601 eorum
3304 3548 3672 3601 concordiam

1980 3652 2037 3688 se
2071 3636 2412 3689 traditurum
2446 3636 2754 3705 aliquando
2778 3635 3062 3705 pollicitus
3079 3641 3165 3688 est
3197 3656 3208 3690 :
3244 3637 3395 3706 quod
3428 3653 3501 3690 an
3523 3653 3671 3705 pra-

1981 3724 2186 3778 stiterit
2214 3727 2364 3778 Deus
2387 3725 2561 3777 novit.
2593 3724 2910 3777 Aristotelis
2939 3725 3219 3778 sententia
3260 3730 3361 3791 est,
3404 3724 3551 3779 nihil
3588 3725 3673 3779 in-

1981 3814 2269 3867 commodi
2310 3813 2583 3878 accidere,
2616 3812 2807 3882 aliquo
2868 3813 3041 3866 modo
3102 3814 3265 3883 scire,
3331 3814 3480 3885 quod
3546 3814 3673 3885 quis

1982 3901 2163 3967 discit,
2199 3906 2255 3953 et
2303 3900 2491 3970 aliquo
2527 3900 2698 3953 modo
2738 3900 3026 3970 ignorare.
3080 3902 3222 3955 Nam
3252 3902 3395 3956 nihil
3440 3903 3674 3958 absurdi

1981 3994 2083 4055 est,
2118 3990 2163 4041 si
2186 3989 2289 4041 scit
2320 3988 2765 4059 quodammodo,
2816 3992 2882 4042 ut
2914 3990 2974 4043 in
3008 3991 3335 4056 universali,
3373 3992 3523 4062 quod
3571 4009 3672 4063 pe-

1981 4077 2270 4131 culiariter
2299 4080 2353 4130 et
2375 4077 2604 4146 proprie
2640 4076 2823 4130 discit.
2855 4078 2961 4131 Sed
2995 4078 3042 4131 si
3080 4079 3186 4132 hoc
3207 4079 3402 4142 modo,
3426 4084 3492 4134 ut
3526 4096 3674 4150 qua—

1982 4173 2147 4221 tenus
2179 4166 2362 4233 discit,
2394 4166 2471 4219 sic
2493 4171 2548 4219 et
2588 4165 2710 4231 scit,
2750 4164 3157 4220 inconveniens
3195 4171 3297 4221 est.
3350 4168 3464 4222 Scit
3495 4167 3675 4237 igitur

1983 4258 2041 4311 in
2060 4255 2367 4311 universali
2398 4255 2549 4325 quod
2582 4254 2809 4325 ignorat
2842 4255 2901 4309 in
2931 4255 3287 4326 particulari,
3318 4262 3372 4311 et
3415 4256 3579 4311 discit
3612 4256 3674 4311 in

1912 4382 1954 4435 D
1983 4345 2312 4417 particulari
2341 4346 2491 4415 quod
2514 4344 2617 4397 scit
2647 4344 2705 4397 in
2728 4345 3051 4399 universali.

2058 4434 2319 4506 Consulit]
2343 4436 2403 4487 In
2430 4433 2733 4488 consilium
2764 4434 3014 4489 adhibet.

2056 4523 2203 4595 Alte]
2240 4524 2304 4576 In
2337 4522 2529 4576 divina
2550 4526 2758 4577 mente.

2066 4614 2220 4681 Visa]
2260 4614 2575 4681 Perspecta.

2058 4700 2395 4770 Retractans]
2433 4701 2841 4755 Reminiscens.

2062 4787 2292 4859 Oblitus]
2310 4789 2597 4843 Oblivioni
2626 4789 2874 4843 traditas.
2905 4787 3129 4842 Passive
3164 4787 3323 4843 dixit.
3360 4789 3452 4844 Sic
3477 4790 3628 4844 Maro
3664 4808 3676 4844 :

2116 4881 2265 4929 Nunc
2295 4878 2460 4928 oblita
2494 4878 2623 4926 mihi
2653 4882 2730 4927 tot
2760 4878 3013 4927 carmina.

2062 4971 2281 5025 Addere
2299 4969 2503 5038 partes]
2534 4968 2785 5023 Adonius
2816 4984 3029 5037 versus,
3071 4967 3290 5023 caeteris
3319 4969 3382 5024 in
3414 4968 3685 5024 carminis

1994 5059 2108 5114 ﬁne
2142 5059 2448 5130 subjectus.

2580 5146 2650 5200 IN
2693 5145 2967 5200 PROSAM
3007 5147 3096 5203 IV.

780 4979 851 5032 IN
894 4978 1192 5033 METRUM
1232 4980 1320 5033 IV.

252 5068 500 5123 Carmen
545 5072 629 5121 est
679 5068 939 5138 ejusdem
980 5067 1205 5139 generis
1258 5084 1389 5121 cum
1419 5067 1701 5139 proximo,
1766 5082 1880 5137 quo

182 5157 493 5212 Severinus
521 5157 974 5213 admirabundus
998 5158 1371 5228 obstupescit,
1410 5173 1638 5211 causam
1673 5155 1889 5210 deside-

183 5262 340 5313 rans,
367 5262 470 5299 cur
493 5262 559 5299 ea
591 5246 704 5301 duo
734 5262 887 5313 vera,
923 5247 1166 5302 alterum
1199 5247 1268 5300 de
1298 5246 1491 5301 divina
1505 5244 1885 5317 prascientia,

186 5336 437 5389 alterum
470 5335 540 5390 de
573 5335 797 5390 arbitrii
827 5336 1007 5389 nostri
1037 5336 1320 5404 libertate,
1348 5335 1657 5407 separatim
1705 5349 1886 5388 secre-

188 5422 411 5495 timque
432 5440 731 5494 perpensa,
757 5424 932 5479 fidem
962 5425 1266 5480 admittant
1291 5426 1523 5493 ;eadem
1536 5427 1728 5479 autem
1750 5438 1891 5477 con-

183 5510 387 5581 juncta
412 5512 651 5567 miuime
678 5513 843 5568 nobis
858 5514 1144 5569 coharere
1176 5514 1497 5569 videantur.

264 5600 537 5672 Carptim]
560 5602 900 5672 Separatim.

555 5702 833 5769 PATROL.
876 5701 1094 5771 LXIII.

2072 5236 2247 5291 Diluit
2277 5252 2342 5289 ea
2372 5235 2743 5304 Philosophia
2770 5252 2893 5305 qua
2922 5236 3226 5291 Severinus
3253 5232 3688 5291 haesitabundus

1998 5326 2227 5396 objecit,
2285 5327 2341 5378 et
2393 5324 2724 5394 singulatim
2782 5324 3171 5394 objectionum
3229 5325 3404 5378 nodos
3458 5321 3688 5387 enodat,

2002 5408 2305 5470 ostendens
2336 5414 2437 5469 Dei
2458 5413 2878 5483 prascientiam
2914 5419 2970 5468 et
3006 5413 3247 5468 humani
3272 5410 3493 5465 arbitrii
3524 5409 3693 5464 liber-

2001 5510 2178 5560 tatem
2211 5504 2381 5557 simul
2404 5503 2732 5558 consistere.
2760 5504 2931 5556 Divus
2962 5500 3417 5570 Hieronymusin
3445 5498 3693 5553 Jovinia-

2004 5611 2147 5652 num
2190 5593 2375 5666 capite
2430 5593 2724 5665 trigesimo
2782 5592 3073 5648 secundo:
3120 5590 3309 5645 Liberi
3354 5589 3577 5645 arbitrii
3603 5604 3698 5645 nos

3261 5694 3345 5753 34
