4054 6184
499 320 637 371 1067

478 456 721 509 condidit
754 458 910 517 Deus,
952 470 1043 507 nec
1074 456 1147 507 ad
1176 458 1421 523 virtutes,
1450 472 1542 509 nec
1573 458 1646 509 ad
1683 457 1819 509 vitia
1854 460 2166 510 necessitate

479 546 763 599 trahimur.
801 544 1067 612 Alioquin
1114 543 1210 595 ubi
1251 547 1535 597 necessitas
1584 550 1679 610 est,
1721 561 1813 597 nec
1859 545 2158 611 damnatio,

470 649 562 685 nec
607 648 799 685 corona
831 638 926 685 est.
979 634 1130 685 Sicut
1167 634 1226 684 in
1276 633 1424 686 bonis
1477 633 1724 700 operibus
1770 635 2041 701 perfector
2086 640 2163 687 est

470 726 607 776 Deus
636 722 760 791 (non
804 728 882 774 est
907 724 1047 774 enim
1076 722 1319 781 volentis.
1354 737 1522 785 neque
1552 726 1839 787 currentis,
1874 722 1967 774 sed
1997 726 2161 775 mise-

468 815 638 863 rentis
671 815 720 863 et
758 810 1074 876 adjuvantis
1106 813 1198 863 Dei
1226 812 1392 879 [Rom
1426 809 1496 879 ix]
1533 811 1546 876 )
1581 815 1639 861 ut
1665 813 1946 877 pervenire
1981 809 2163 864 valea-

469 915 590 953 mus
633 900 707 951 ad
750 899 963 963 calcem,
1011 902 1086 951 sic
1140 901 1194 950 in
1244 900 1402 951 malis
1458 903 1620 965 atque
1674 903 1905 965 peccatis
1956 902 2162 951 semina

466 994 655 1041 nostra
684 992 809 1041 sunt
840 990 1129 1049 incentiva,
1161 992 1209 1039 et
1236 989 1497 1055 perfectio
1538 987 1764 1050 diaboli,
1807 1002 1923 1039 cum
1960 986 2163 1039 viderit

466 1092 561 1130 nos
626 1092 787 1144 super
852 1076 1270 1140 fundamentum
1345 1076 1548 1130 Christi
1622 1076 1891 1143 aediﬁcare
1954 1076 2158 1139 fenum,

466 1166 637 1232 ligna,
672 1165 932 1232 stipulam
974 1164 1026 1232 (Ι
1065 1165 1307 1217 Corinth.
1360 1164 1463 1233 ιιι),
1512 1168 1636 1217 tunc
1681 1166 1938 1231 supponit
1984 1167 2162 1217 incen-

465 1254 635 1307 dium.

537 1342 689 1407 Quod
718 1344 799 1395 ita
830 1340 1065 1412 demum]
1102 1342 1265 1404 Quod
1312 1342 1537 1395 Boetius
1582 1341 1826 1394 liberum
1859 1340 2158 1394 arbitrium

464 1446 568 1500 per
585 1430 1007 1483 Providentiam
1031 1431 1191 1483 nobis
1211 1430 1419 1483 auferri
1443 1430 1854 1497 suspicabatur,
1877 1430 2157 1499 ejusmodi

464 1520 684 1572 ratione
715 1518 935 1587 colligit
968 1536 980 1572 :
1017 1520 1303 1589 Quidquid
1320 1525 1403 1572 est
1422 1520 1701 1585 futurum,
1730 1521 2157 1573 autnecessario

465 1613 550 1661 est
578 1609 856 1674 futurum,
880 1620 978 1661 aut
999 1610 1413 1677 contingenter.
1435 1609 1489 1661 Si
1520 1608 1859 1672 necessario,
1891 1608 2043 1677 perit
2088 1609 2155 1661 li-

463 1696 653 1749 bertas
684 1697 926 1749 arbitrii.
976 1696 1031 1749 Si
1058 1698 1478 1765 contingenter,
1511 1697 1609 1766 qui
1638 1700 1822 1765 potest
1850 1712 1971 1749 esse
2002 1714 2154 1767 prae-

464 1788 720 1853 scientia,
751 1804 882 1839 cum
909 1788 977 1840 de
1009 1787 1474 1855 contingentibus
1506 1802 1622 1839 non
1655 1787 1725 1839 sit
1770 1786 2025 1855 scientia,
2060 1788 2153 1841 sed

463 1877 645 1947 magis
679 1876 1052 1945 conjectura?
1088 1874 1342 1929 Primum
1364 1875 1539 1944 igitur
1568 1876 1769 1945 incipit
1792 1876 2160 1946 Philosophia

463 1965 763 2018 ostendere
778 1964 1198 2033 praescientiam
1214 1963 1419 2015 futuris
1440 1963 1609 2015 rebus
1632 1964 2025 2017 necessitatem
2045 1981 2159 2018 non

463 2052 785 2121 imponere,
811 2052 1016 2105 deinde
1048 2052 1330 2122 probatde
1358 2053 1821 2122 contingentibus
1848 2058 1905 2107 et
1926 2053 2158 2107 incertis

464 2146 675 2194 certam
712 2143 865 2211 apud
891 2144 1074 2195 Deum
1098 2158 1217 2195 esse
1249 2157 1413 2210 posse
1454 2142 1894 2211 praescientiam.

536 2233 724 2298 ()uazro
757 2231 917 2298 enim]
970 2232 1081 2283 Hoc
1135 2231 1258 2284 loco
1303 2230 1674 2299 Philosophia
1718 2235 1914 2284 tuetur
1966 2230 2158 2299 aliquo

464 2318 637 2370 modo
666 2319 943 2370 rationem
973 2334 1098 2370 eam
1130 2334 1301 2387 quam
1335 2334 1505 2387 supra
1536 2320 1760 2371 Boetius
1790 2318 2026 2372 omnino
2050 2318 2156 2371 im-

462 2406 745 2474 probavit,
782 2421 896 2457 non
919 2422 985 2457 eo
1017 2406 1210 2458 futura
1240 2407 1468 2459 evenire
1500 2408 1646 2476 quod
1673 2410 1818 2460 Deus
1850 2423 1916 2459 ea
1946 2407 2159 2476 praevi—

464 2495 568 2560 dit,
602 2495 695 2547 sed
721 2494 856 2564 quia
884 2497 1077 2547 futura
1108 2498 1260 2561 sunt,
1286 2497 1461 2548 Deum
1486 2496 1834 2564 praevidisse.
1858 2498 1983 2548 Haec
2010 2497 2156 2549 ratio

463 2583 615 2637 bona
647 2590 729 2637 est
760 2584 820 2637 in
850 2600 917 2637 eo
949 2585 1103 2653 quod
1132 2584 1376 2636 liberum
1424 2584 1725 2637 arbitrium
1758 2602 1790 2637 a
1820 2585 2157 2638 necessitate

461 2671 711 2725 vindicat
738 2692 751 2737 ;
784 2688 985 2725 verum
1008 2673 1065 2725 in
1081 2672 1187 2725 hoc
1209 2671 1367 2737 falsa,
1393 2672 1548 2741 quod
1566 2672 1761 2726 futura.
1782 2673 2155 2742 praescientiaa

463 2774 690 2813 causam
724 2760 904 2830 ponit.

536 2854 662 2918 Quae
692 2852 825 2917 quia
852 2846 1269 2919 prarscientiam]
1319 2849 1529 2901 Sensus
1555 2848 1670 2916 fest,
1721 2848 1924 2911 Qumro
1971 2865 2040 2903 ex
2076 2855 2152 2916 te,

460 2938 749 3003 Severine,
772 2953 873 2990 cur
897 2937 1056 2990 illam
1077 2937 1416 2989 solventium
1447 2937 1732 2989 rationem
1758 2938 1949 2990 minus
1977 2938 2156 2991 efﬁca-

1221 280 1565 373 APPENDIX
1606 320 1697 371 AI)
1740 318 1982 375 LIBROS
2024 320 2117 374 nn
2156 320 2692 377 CONSOLATIONE
2733 321 3243 379 enuosoenun.

3801 334 3910 387 1068

2206 462 2245 511 Α
2279 458 2556 510 Boetianm
2590 458 2935 511 dubitationi
2978 476 3036 510 se
3069 460 3332 529 accingit,
3367 477 3493 531 quae
3535 467 3630 519 est.
3660 480 3724 517 an
3752 466 3813 518 de
3837 467 3909 519 in-

2273 546 2441 599 certis
2464 547 2581 599 ulla
2612 546 2788 615 possit
2823 561 2945 599 esse
2979 548 3361 616 praascientia,
3385 566 3515 603 cum
3543 551 3760 606 scientia
3794 556 3909 609 nihil

2272 634 2381 687 nisi
2408 638 2626 686 certum
2666 635 3205 704 comprehendatur.
3243 637 3486 691 Proinde
3518 638 3564 691 si
3609 639 3802 693 incerta
3826 657 3909 710 pro

2272 722 2437 775 certis
2472 723 2915 792 praevideantur,
2964 722 3017 776 id
3050 739 3169 776 non
3212 740 3331 777 esse
3378 726 3791 795 praescientiam,
3832 731 3907 784 sed

2269 810 2559 879 opinionis
2588 811 2892 880 caliginem
2941 816 3124 882 putat.
3164 812 3394 867 Diluens
3421 820 3611 869 autem
3639 816 3747 869 haec
3776 817 3908 886 obje-

2269 904 2376 964 cta,
2413 900 2778 969 Philosophia
2801 900 2939 953 dicit
2965 901 3134 969 hujus
3155 902 3365 955 erroris
3390 919 3617 957 causam
3646 919 3755 957 esse
3784 906 3904 975 quod

2272 988 2575 1056 opinamur
2626 987 2817 1041 omnia
2850 1004 2977 1057 quae
3008 995 3446 1058 cognoscuntur,
3500 995 3693 1062 suapte
3720 998 3903 1060 natura,

2268 1091 2383 1129 non
2425 1076 2477 1127 vi
2546 1081 2644 1128 aut
2674 1075 2941 1129 facultate
2988 1078 3476 1146 cognoscentium,
3529 1080 3905 1149 comprehendi,

2269 1164 2423 1234 quod
2457 1164 2661 1217 falsum
2711 1168 2813 1217 est.
2859 1164 2915 1218 Si
2956 1165 3111 1218 enim
3141 1166 3390 1235 cognitio
3436 1168 3523 1221 rei
3564 1168 3780 1238 quidem
3806 1186 3902 1239 qua

2268 1253 2650 1322 cognoscitur,
2684 1268 2801 1306 non
2846 1258 3038 1307 autem
3077 1255 3471 1323 cognoscentis
3518 1256 3816 1310 facultatem
3841 1273 3905 1309 se-

2269 1346 2562 1411 queretur,
2587 1357 2675 1393 res
2706 1341 2777 1394 ab
2798 1341 3063 1395 omnibus
3078 1358 3190 1395 uno
3210 1343 3530 1414 eodemque
3552 1345 3714 1398 modo
3743 1360 3906 1415 cogno-

2268 1435 2578 1495 scerentur,
2608 1445 2793 1499 neque
2820 1430 2965 1485 foret
2994 1429 3198 1484 divina
3231 1431 3615 1503 humanaeque
3636 1432 3904 1503 intelligen-

2267 1517 2361 1571 tia:
2393 1519 2700 1572 discrimen
2725 1519 2927 1585 ullum,
2960 1519 3113 1590 quod
3144 1535 3319 1590 quam
3352 1522 3422 1574 sit
3448 1521 3653 1575 falsum
3684 1522 3795 1592 quis
3820 1538 3902 1575 non

2271 1607 2425 1660 videt
2444 1606 2472 1659 ‘l

2338 1692 2457 1764 Ille]
2490 1694 2671 1748 Visus.

2340 1782 2591 1854 Eminus]
2632 1784 2669 1835 E
2702 1783 3037 1853 longinquo.

2337 1871 2525 1940 Jactis]
2554 1871 2803 1924 Emissis.
2840 1872 2951 1924 Hoc
2980 1872 3105 1924 loco
3141 1872 3391 1925 Platonis
3413 1872 3734 1942 opinionem
3763 1872 3901 1943 sequi-

2268 1962 2381 2025 tur,
2423 1960 2513 2012 cui
2545 1961 2817 2013 reclamat
2845 1960 3172 2014 Aristoteles
3204 1977 3217 2014 :
3256 1976 3429 2031 quem
3464 1962 3900 2031 impudentissima

2267 2048 2744 2117 theologistarum
2775 2049 2944 2102 turba
2982 2054 3180 2102 contra
3209 2054 3469 2103 veterum
3513 2050 3899 2119 eorumdemque

2267 2137 2730 2190 doctissimorum
2762 2138 3165 2207 theologorum
3212 2139 3559 2191 sententiam
3590 2139 3724 2191 nihil
3767 2138 3898 2190 verita

2268 2230 2353 2278 est
2389 2226 2447 2279 in
2474 2227 2677 2279 ccelum
2714 2225 2984 2295 recipere.
3033 2225 3139 2279 Sed
3182 2242 3355 2295 supra
3385 2227 3496 2280 hoc
3540 2227 3671 2281 alibi
3697 2240 3897 2279 commo-

2267 2314 2413 2367 dius.
2459 2314 2631 2368 Stoici
2661 2330 2855 2367 causas
2886 2330 3003 2367 esse
3043 2313 3272 2369 videndi
3314 2314 3533 2382 dicunt,
3564 2314 3824 2369 radiorum
3846 2330 3893 2365 ex

2268 2404 2448 2456 oculis
2487 2403 2545 2455 in
2577 2419 2643 2456 ea
2668 2418 2794 2472 qum
2822 2402 2996 2456 videri
3022 2408 3242 2472 queunt
3271 2402 3655 2465 emissionem,
3688 2403 3895 2471 aerisque

2265 2492 2434 2545 simul
2455 2492 2852 2544 intentionem.
2886 2492 3238 2544 Democritus
3267 2498 3322 2544 et
3348 2492 3627 2562 Epicurus
3643 2491 3894 2559 opinantur

2266 2597 2368 2651 per
2380 2581 2697 2651 imaginum
2711 2581 2955 2633 insertus
2967 2580 3240 2633 visualem
3254 2581 3577 2650 potentiam
3592 2580 3828 2643 accidere,
3840 2594 3897 2630 ra-

2267 2670 2505 2740 diosque
2547 2670 2823 2739 quosdam
2848 2669 2918 2722 ab
2956 2668 3132 2721 oculis
3162 2673 3401 2734 exertos,
3430 2670 3601 2723 simul
3630 2674 3781 2739 atque
3805 2668 3896 2719 sub-

2259 2758 2428 2827 jectae
2461 2758 2543 2811 rei
2576 2757 2908 2823 institerint,
2941 2772 3137 2810 rursus
3157 2757 3215 2810 in
3242 2758 3481 2811 eosdem
3513 2757 3687 2811 redire
3712 2757 3894 2809 inserta-

2264 2848 2448 2917 rique.
2492 2846 2820 2900 Aristoteles
2851 2847 3175 2900 acutissimo
3193 2845 3276 2898 vir
3304 2847 3567 2915 ingenio,
3596 2845 3687 2900 sed
3712 2845 3891 2899 Platone

2264 2935 2520 3000 inferior,
2554 2935 2844 2989 existimat
2876 2934 3154 2987 visionem
3193 2933 3315 2986 fieri
3351 2934 3440 2988 rei
3473 2934 3700 2987 visibilis
3734 2932 3892 3002 specie-

2200 1734 2240 1787 B

459 3041 583 3078 cem
616 3030 801 3095 putes,
835 3041 908 3077 an
942 3026 1070 3079 ideo
1102 3026 1253 3095 quod
1280 3026 1698 3094 praescientiam
1732 3026 1938 3079 futuris
1982 3027 2150 3080 rebus
2190 3028 2229 3083 C
2263 3040 2391 3076 rum
2440 3024 2589 3076 intra
2649 3024 2840 3076 oculos
2894 3027 3144 3091 receptu.
3184 3022 3556 3092 Empedocles
3612 3019 3890 3090 imaginibus

458 3130 687 3167 causam
717 3115 1070 3168 necessitatis
1103 3131 1224 3167 esse
1265 3131 1381 3167 non
1426 3115 1716 3168 existimes
1749 3132 1761 3168 :
1811 3132 2009 3169 verum
2050 3132 2151 3185 age

458 3204 625 3256 modo
658 3204 703 3254 si
762 3202 1082 3256 necessario
1140 3219 1227 3255 res
1284 3204 1507 3255 futuras
1544 3205 1740 3267 sentis,
1781 3206 1933 3258 unde
1973 3205 2151 3258 trahis

458 3291 621 3343 istius
645 3308 869 3343 causam
904 3291 1277 3358 necessitatis,
1312 3292 1419 3343 nisi
1440 3308 1502 3344 ex
1527 3293 1931 3361 prmscientia?
1970 3293 2025 3345 Si
2048 3293 2151 3361 igi-

460 3381 552 3429 tur
578 3378 682 3429 tibi
728 3378 1192 3430 demonstravero
1237 3379 1384 3431 hanc
1421 3382 1840 3447 praenotionem
1898 3380 2146 3432 divinam

460 3480 573 3516 non
618 3464 917 3532 imponere
986 3466 1194 3517 futuris
1238 3466 1652 3532 necessitatem,
1702 3468 1865 3535 {quod
1919 3474 1975 3520 et
2027 3473 2147 3520 tute

459 3553 631 3621 paulo
665 3557 795 3604 ante
826 3553 1116 3619 fatebaris,
1135 3553 1277 3605 nihil
1306 3552 1415 3605 erit
1444 3569 1557 3622 quo
1586 3554 1831 3607 liberum
1847 3555 2146 3609 arbitrium

454 3640 721 3711 impediri
753 3647 931 3710 putes.

528 3734 801 3795 Quantum
833 3731 906 3783 ad
936 3732 1029 3783 hoc
1068 3728 1279 3801 attinet]
1312 3731 1368 3783 Id
1400 3735 1481 3783 est
1536 3731 1605 3784 ad
1651 3732 1797 3784 hanc
1828 3732 2145 3785 conclusio-

455 3836 610 3885 nem,
645 3836 771 3889 quzn
792 3820 885 3887 ait;
914 3820 1333 3889 praescientiam
1376 3836 1499 3874 esse
1534 3822 1882 3875 necessitatis
1924 3822 2145 3875 futuro-

455 3922 585 3959 rum
615 3924 863 3961 causam.

522 3997 629 4049 Sed
656 4001 1025 4065 praescientia,
1061 4000 1295 4065 inquies]
1329 3998 1533 4051 Tacitae
1557 3999 1845 4069 questioni
1876 4001 2139 4067 occurrit,

451 4085 509 4138 Si
548 4086 693 4138 forte
732 4086 1033 4139 Severinus
1059 4086 1356 4155 objecisset
1386 4088 1540 4141 hunc
1569 4088 1629 4140 in
1671 4090 1904 4141 modum
1938 4106 1950 4142 :
2014 4091 2141 4143 Esto

446 4178 512 4227 ut
539 4175 694 4227 nulla
711 4176 781 4227 sit
813 4175 1019 4227 futuris
1054 4191 1115 4227 ex
1165 4176 1523 4244 prmscientia
1572 4178 1895 4242 necessitas,
1936 4183 2019 4231 est
2057 4182 2140 4231 ta-

448 4278 581 4315 men
615 4264 842 4332 signum
884 4280 951 4316 ea
1005 4265 1325 4317 necessario
1369 4281 1487 4318 esse
1520 4266 1728 4318 futura.
1780 4265 1918 4319 Iluic
1958 4267 2141 4319 Philo-

447 4352 647 4420 sophia
695 4352 772 4403 sic
815 4352 1139 4420 respondet.
1206 4352 1333 4404 Pari
1388 4354 1611 4405 ratione
1660 4354 1831 4407 etiam
1885 4354 1931 4406 si
1982 4355 2140 4409 nulla

444 4439 590 4492 foret
614 4439 914 4508 praenotio,
948 4440 1301 4492 necessarius
1329 4440 1507 4493 futuri
1554 4446 1838 4495 constaret
1881 4448 2132 4495 eventus.

446 4529 619 4595 Cujus
645 4528 724 4580 rei
756 4529 901 4581 ratio
933 4529 1053 4579 haec
1086 4533 1188 4581 est.
1222 4528 1461 4597 Signum
1503 4546 1619 4583 non
1647 4531 1820 4583 efficit
1859 4547 1980 4584 rem
2011 4548 2136 4585 eam

443 4618 604 4683 cujus
636 4621 719 4667 est
750 4616 1000 4683 signum,
1032 4617 1125 4668 sed
1159 4621 1382 4669 tantum
1402 4617 1542 4687 quid
1573 4618 1644 4671 sit
1671 4620 1937 4673 ostendit.
1970 4620 2137 4674 Verbi

443 4704 623 4770 gratia
658 4720 669 4755 :
711 4705 931 4757 Hedera
952 4710 1080 4757 ante
1111 4720 1432 4773 cauponam
1478 4722 1752 4776 suspensa
1783 4709 1980 4762 vinum
2033 4726 2134 4763 ve-

441 4792 569 4843 nale
599 4792 902 4859 signitieat,
938 4809 1053 4845 non
1081 4794 1255 4846 efﬁcit
1287 4798 1349 4846 ut
1371 4794 1426 4847 id
1456 4796 1563 4848 sibi
1592 4797 1789 4849 venale
1831 4798 2129 4851 habeatur.

512 4880 680 4942 Quasi
711 4880 849 4946 vero]
885 4882 1089 4933 Sensus
1122 4887 1226 4946 est,
1252 4882 1373 4934 Non
1397 4882 1724 4937 laboramus
1758 4901 1830 4938 an
1853 4890 2131 4939 eventura

440 4964 555 5017 sint
585 4982 713 5035 quae
742 4966 1135 5034 prmsciuntur,
1174 4969 1271 5022 sed
1304 4986 1373 5022 an
1406 4976 1605 5040 suapte
1655 4977 1863 5026 natura
1892 4977 1955 5025 ut
2003 4990 2129 5027 eve-

438 5055 601 5108 niant
630 5056 979 5108 necessitatis
1002 5057 1216 5127 aliquid
1248 5059 1558 5127 patiantur.

507 5144 613 5199 Sed
640 5145 753 5209 hoc,
786 5146 1020 5213 inquies]
1049 5146 1226 5199 Solvit
1256 5164 1381 5200 eam
1431 5147 1846 5203 dubitationem
1887 5150 2131 5205 Philoso-

434 5233 569 5302 phia
592 5249 765 5303 quam
800 5234 1101 5288 Severinus
1137 5251 1309 5304 supra
1346 5237 1430 5288 his
1456 5238 1644 5290 verbis
1703 5239 2019 5307 proposuit.
2070 5240 2126 5292 Si

434 5322 573 5390 quid
606 5323 684 5375 ita
705 5324 966 5375 futurum
1003 5328 1105 5387 est,
1153 5329 1216 5375 ut
1267 5326 1387 5392 ejus
1419 5331 1607 5379 certus
1656 5342 1718 5379 ac
1776 5328 2127 5380 necessarius

430 5426 543 5462 non
568 5411 639 5463 sit
665 5418 923 5473 eventus,
957 5412 1013 5464 id
1038 5415 1371 5463 eventurum
1406 5429 1525 5466 esse
1556 5416 1810 5483 prmsciri
1842 5417 1941 5486 qui
1961 5422 2124 5486 pote-

431 5498 507 5549 rit
525 5499 551 5549 *ἰ

506 5586 671 5652 Cujus
687 5591 886 5641 erroris
907 5586 1088 5659 causa]
1112 5589 1271 5642 Nunc
1288 5588 1659 5657 Philosophia
1672 5592 1941 5647 tollendae
1956 5592 2121 5646 alteri

2181 4328 2224 4381 D

2263 3113 2454 3165 radios
2472 3112 2805 3178 immiscuit,
2820 3112 2994 3182 idque
3006 3112 3357 3181 conjunctim
3371 3111 3644 3183 imaginis
3659 3110 3816 3163 radios
3831 3123 3890 3158 va

2261 3201 2426 3254 cavit.
2466 3200 2822 3271 Hipparchus
2848 3205 3109 3254 autumat
3142 3200 3210 3253 ab
3242 3204 3492 3270 utroque
3522 3201 3677 3254 oculo
3715 3199 3775 3251 ad
3799 3210 3888 3249 cor-

2260 3308 2465 3362 porum
2512 3293 2861 3344 lineamenta
2892 3295 3272 3361 exporrectos,
3320 3291 3566 3360 perinde
3613 3296 3760 3360 atque
3798 3300 3887 3340 ma-

2259 3395 2441 3432 nuum
2489 3379 2723 3432 admotu
2752 3394 2992 3447 corpora
3040 3394 3267 3432 summa
3308 3383 3687 3448 pertrectante
3730 3389 3884 3445 appre-

2256 3468 2592 3521 hensionem
2617 3483 2819 3520 eorum
2845 3466 2913 3520 ad
2940 3466 3215 3521 visualem
3245 3467 3360 3520 vim
3391 3468 3627 3521 referre.
3652 3467 3787 3519 Plato
3810 3476 3883 3532 per

2256 3557 2698 3611 corradiantiam
2730 3556 2915 3609 visum
2938 3556 3064 3610 fieri
3087 3556 3391 3624 existimat,
3418 3557 3632 3611 lumine
3658 3555 3721 3608 ab
3749 3550 3883 3606 oculis

2258 3646 2492 3716 quidem
2510 3650 2700 3699 exerto
2717 3645 2786 3699 ad
2805 3645 3166 3715 aliquantum
3198 3645 3493 3699 intervalli
3513 3661 3613 3716 per
3638 3645 3881 3713 cognatum

2257 3735 2364 3787 sibi
2404 3750 2594 3787 aerem
2635 3733 2926 3801 effluente,
2972 3750 3007 3787 a
3034 3733 3367 3804 corporibus
3398 3750 3533 3788 vero
3563 3733 3708 3786 illato
3734 3740 3881 3783 occur-

2257 3828 2417 3877 sante
2440 3822 3569 3893 illi,acremqueintermediumdiﬂ‘usnm
3590 3820 3878 3885 amolitnqne

2255 3913 2477 3966 facilem
2499 3929 2628 3966 cum
2646 3912 2848 3966 visuali
2867 3912 2999 3982 igne
3030 3912 3385 3967 intendente.
3411 3913 3541 3968 Haac
3561 3912 3704 3967 enim
3724 3906 3880 3962 dicitur

2254 4002 2633 4055 corradiantia
2673 4002 2977 4055 Platonica.

2324 4089 2446 4161 Hic]
2480 4091 2701 4143 Tactus.

2324 4178 2474 4247 Orbi]
2516 4178 2753 4248 Corpori
2784 4178 3052 4232 rotundo.
3844 4256 3850 4263 ἡ

2324 4268 2711 4334 Intelligentia]
2769 4267 3093 4321 Intellectus
3135 4265 3509 4335 incorporeus
3543 4270 3598 4319 et
3624 4280 3654 4317 a
3694 4263 3877 4315 materia

2252 4356 2560 4425 sejunctas.
2616 4355 2899 4425 Exemplis
2936 4354 3184 4408 ostendit
3212 4354 3275 4407 in
3304 4353 3687 4424 cognoscendo
3730 4344 3877 4402 omni!

2252 4450 2454 4514 suapte
2487 4444 2678 4513 potius
2700 4444 2966 4498 facultate
2997 4458 3173 4514 quam
3204 4459 3405 4497 eorum
3437 4460 3563 4515 qua:
3589 4448 3875 4510 cognoscun-

2248 4538 2343 4587 tur
2383 4532 2483 4587 uti.

2831 4673 2901 4726 1N
2942 4671 3229 4726 METRUM
3272 4671 3331 4725 V.

2320 4798 2429 4849 Hoc
2472 4796 2721 4849 carmine
2766 4796 3065 4865 Glyconico
3117 4794 3332 4849 Stoicos
3377 4792 3587 4847 erroris
3618 4791 3724 4860 jam
3771 4779 3867 4837 didi

2242 4884 2636 4950 seminatores,
2662 4889 2801 4954 puta
2823 4884 2977 4955 quod
3002 4900 3092 4939 res
3115 4900 3182 4937 ex
3205 4899 3305 4937 sua
3326 4882 3520 4952 potius
3542 4882 3863 4943 naturaqmlln

2240 4975 2706 5041 cognoscentium
2763 4974 3027 5027 facultate
3086 4971 3663 5042 comprehendantur,
3712 4959 3867 5016 acriter

2238 5061 2470 5115 incessit
2500 5062 2892 5132 Philosophia,
2928 5078 3246 5132 eorumque
3281 5060 3612 5131 opinionem
3644 5052 3860 5109 confutat-

2246 5151 2481 5204 Aiebant
2502 5151 2541 5203 ii
2561 5152 2947 5221 cognitionem
2961 5151 3145 5205 solum
3162 5152 3231 5204 ab
3253 5149 3600 5203 exteriorum
3621 5146 3862 5211 corporum

2238 5239 2712 5293 similitudinibus
2736 5240 2926 5292 animo
2942 5238 3232 5309 impressis
3249 5237 3466 5308 perﬁci.
3492 5232 3645 5299 Quod
3658 5231 3699 5283 si
3716 5235 3860 5279 verum

2236 5326 2402 5393 foret,
2434 5344 2593 5383 mens
2623 5334 2916 5398 pateretur
2946 5328 3015 5381 ab
3048 5329 3296 5382 externis
3329 5325 3514 5389 rebus,
3548 5321 3637 5375 sed
3674 5319 3726 5371 in
3759 5324 3861 5398 σοιν

2235 5416 2382 5470 fesso
2403 5422 2486 5470 est
2517 5396 2667 5487 apud
2690 5433 2889 5471 omnes
2922 5417 3023 5487 qui
3051 5423 3201 5470 recte
3231 5414 3714 5486 philosophantur,
3738 5396 3859 5491 Μεθ’

2234 5505 2445 5559 lectum
2474 5506 2608 5575 Iesse
2648 5506 2916 5572 activum,
2964 5510 3351 5575 mentemque,
3394 5504 3615 5574 quando
3641 5488 3857 5556 intelligit

2234 5610 2423 5664 agere,
2453 5610 2571 5649 non
2593 5595 2730 5663 pati.
