4054 6184
175 330 316 384 1069

1445 333 1835 389 MURMELLII
1871 331 2395 427 COMMENTARIA.

3542 335 3677 392 1070

244 462 513 531 Porticus]
545 461 764 516 Stoicos
783 462 1084 532 signiﬁcat,
1107 464 1176 518 de
1198 465 1404 535 quibus
1426 466 1486 521 in
1508 467 1694 537 primo
1714 483 1863 521 com-
1900 467 1945 519 A
1976 467 2062 519 vel
2094 467 2382 536 spondeis,
2416 468 2501 520 vel
2520 467 2774 532 alternis,
2815 473 2872 522 et
2903 473 3106 538 quarto
3138 470 3283 539 pede
3315 473 3543 524 tantum
3569 471 3676 526 da-

178 551 468 604 mentario
497 551 760 605 diximus.

243 637 537 710 Obscuros]
588 642 659 693 Ex
705 657 953 711 quorum
983 642 1168 697 verbis
1220 643 1528 715 implicatis
1568 645 1661 699 vix
1687 649 1873 717 potest

171 727 372 798 colligi
412 730 714 783 sententia.

251 817 383 886 Qui]
415 816 606 870 Stoici.

248 906 475 974 Sensus]
503 905 832 961 Sensiones.

242 995 620 1062 Ecorporibus
659 998 894 1067 extimis]
935 998 1007 1050 Ex
1040 997 1210 1051 rebus
1240 999 1640 1053 exterioribus.
1683 1000 1874 1054 Licen-

169 1087 260 1136 ter
287 1088 482 1136 autem
515 1081 805 1151 produxit,
830 1100 959 1154 quae
991 1085 1349 1156 corripienda
1371 1092 1473 1140 est.
1509 1088 1619 1140 Sed
1652 1089 1875 1142 videtur

166 1177 396 1224 veteres
422 1171 698 1238 imitatus,
730 1173 828 1240 qui
853 1173 1122 1228 dixerunt
1151 1191 1358 1242 corpus
1385 1179 1442 1229 et
1469 1192 1690 1246 corpor,
1730 1176 1876 1232 sicut

168 1259 350 1313 decus
380 1265 435 1312 et
461 1259 649 1325 decor,
677 1261 836 1329 algus
869 1266 925 1315 et
956 1263 1133 1332 algor,
1169 1263 1349 1334 frigus
1379 1269 1436 1318 et
1461 1265 1660 1334 frigor.

251 1347 339 1420 Ut]
368 1348 887 1412 Quemadmodum.

246 1438 557 1506 Quondam]
589 1438 933 1507 Aliquando.

238 1527 513 1594 quuore]
552 1528 616 1580 In
649 1527 908 1597 planitie,
942 1528 1266 1598 superﬁcie,
1290 1530 1462 1599 plano
1493 1531 1700 1600 spatio.

249 1613 435 1684 Notis]
491 1615 680 1668 Prima
733 1621 1039 1685 contracta,
1084 1617 1140 1671 id
1173 1622 1258 1672 est
1288 1619 1466 1688 signis
1495 1635 1610 1690 qua
1638 1635 1877 1691 corpora

170 1704 531 1758 extrinsecus
561 1704 923 1774 imprimunt.

246 1795 316 1847 In
343 1791 534 1865 vicem]
563 1793 651 1847 Ad
674 1793 1130 1849 similitudinem.

250 1882 435 1950 Notio]
469 1881 753 1952 Cognitio.

251 1971 382 2034 Quae
409 1971 514 2039 vis]
547 1972 828 2026 Potentia.
859 1972 1166 2027 Sciendum
1192 1972 1302 2026 tria
1321 1987 1442 2027 esse
1472 1988 1684 2042 genera
1715 1973 1880 2027 intel-

173 2059 514 2124 lectionum,
541 2075 788 2129 quorum
810 2061 1064 2130 primum
1084 2061 1290 2115 dicitur
1312 2061 1659 2130 simplicium
1682 2077 1880 2131 appre-

171 2148 421 2202 hensio:
452 2148 585 2202 hinc
606 2153 688 2202 est
720 2149 874 2219 quod
905 2149 1002 2216 ait,
1037 2149 1276 2220 Singula
1305 2150 1600 2220 prospicit,
1635 2150 1744 2203 hoc
1773 2154 1878 2219 est,

178 2237 520 2306 singulatim
556 2243 612 2290 et
641 2237 903 2292 secretim
926 2254 1046 2292 rem
1080 2254 1549 2309 unamquamque
1573 2243 1628 2292 et
1657 2238 1876 2308 simpli-

172 2325 322 2378 citer
379 2325 669 2395 intelligit.
719 2325 1066 2391 Secundum,
1119 2327 1456 2396 compositio
1515 2331 1615 2381 aut
1653 2327 1875 2393 divisio,

171 2413 335 2466 unde
366 2419 452 2467 est
477 2429 488 2466 :
525 2418 638 2467 Aut
655 2429 784 2484 quae
806 2415 1034 2485 cognita
1061 2415 1262 2470 dividit
1287 2417 1315 2468 ?
1345 2416 1482 2480 Quae
1508 2414 1686 2469 divisa
1702 2416 1877 2470 recol-

168 2501 308 2570 ligit
324 2500 352 2554 ?
375 2500 647 2568 Tertium,
668 2501 1047 2568 ratiocinatio,
1068 2519 1182 2572 qua
1203 2519 1270 2556 ex
1291 2502 1436 2556 notis
1453 2519 1518 2557 ea
1531 2519 1660 2574 qua:
1681 2503 1878 2573 ignota

169 2594 347 2644 erant
371 2606 384 2643 :
419 2591 798 2660 assequimur.
833 2591 976 2646 Hinc
999 2591 1135 2646 dicit
1157 2593 1302 2646 Tum
1331 2607 1452 2646 sese
1476 2591 1728 2646 referens
1745 2591 1873 2660 sibi,

171 2679 342 2732 Veris
373 2677 515 2732 falsa
546 2679 859 2749 redarguit.

248 2766 480 2838 Legens]
512 2768 833 2834 Transiens,
875 2783 1233 2838 percurrens.

247 2857 539 2910 Alternum
565 2857 688 2926 iter]
725 2857 888 2911 Modo
920 2857 1282 2912 ascendendo
1330 2858 1400 2912 ab
1424 2858 1638 2912 inﬁmis
1674 2859 1744 2913 ad
1785 2875 1875 2912 su-

173 2961 404 3016 prema,
437 2945 607 2999 modo
640 2945 1039 3000 descendendo
1069 2963 1100 3000 a
1126 2945 1366 3000 summis
1393 2946 1463 3000 ad
1493 2946 1628 3000 ima.

256 3033 487 3105 Desidit]
526 3034 708 3089 Media
737 3038 992 3101 externa,
1025 3034 1084 3089 id
1116 3039 1203 3089 est
1243 3034 1554 3090 descendit.

255 3122 413 3184 Tum]
450 3123 684 3177 Deinde.

249 3210 534 3283 Referens]
570 3213 886 3279 Reducens,
920 3217 975 3266 et
999 3213 1236 3284 quasiin
1255 3213 1455 3268 orbem
1486 3211 1876 3266 ratiocinando

179 3301 550 3370 recolligens.

250 3389 539 3459 Praecedit]
575 3391 690 3444 Hoc
720 3391 862 3455 loco,
895 3394 960 3444 ut
995 3390 1115 3444 fere
1147 3391 1313 3457 solet,
1348 3391 1648 3444 Platonem
1692 3387 1880 3458 expri-

180 3479 311 3546 mit,
347 3479 449 3549 qui
479 3495 673 3533 rerum
703 3480 921 3548 species
941 3479 1012 3534 ab
1038 3479 1204 3534 initio
1226 3481 1431 3532 animae
1463 3479 1664 3532 insitas
1695 3477 1882 3532 existi-

177 3567 382 3628 mavit,
413 3567 510 3620 sed
540 3568 877 3638 contagione
935 3568 1153 3622 terreni
1181 3567 1435 3637 corporis
1483 3583 1608 3620 eam
1637 3566 1879 3637 sopitam

180 3657 673 3728 degravatamque
703 3674 822 3712 non
853 3673 1043 3726 agere,
1077 3656 1187 3711 nisi
1219 3661 1584 3712 externorum
1609 3671 1880 3710 sensuum

178 3747 451 3818 passione
508 3748 817 3811 excitetur;
869 3746 1172 3802 excitatam
1226 3762 1358 3800 vero
1445 3744 1655 3814 specie,
1709 3758 1882 3814 quam

179 3849 387 3887 sensus
409 3835 654 3888 exterior
683 3834 993 3905 impressit,
1027 3835 1285 3900 evocari;
1321 3839 1378 3889 et.
1409 3835 1712 3903 conjuncta
1755 3847 1882 3901 spe-

181 3922 271 3975 cie
303 3922 533 3974 interna
563 3938 694 3976 cum
743 3939 810 3976 ea
859 3938 1035 3993 quam
1092 3922 1439 3976 extrinsecus
1486 3919 1721 3991 accepit,
1760 3924 1884 3972 tum

179 4009 422 4064 demum
455 4009 795 4080 intelligere.

797 4101 860 4155 IN
913 4099 1192 4154 PROSAM
1220 4101 1282 4152 V.

259 4187 337 4240 Ex
375 4203 441 4240 eo
473 4187 627 4256 quod
659 4203 833 4257 supra
862 4192 1167 4242 tractatum
1200 4191 1304 4253 est,
1350 4185 1738 4256 cognitionem
1769 4201 1888 4238 non

182 4273 272 4327 rei
303 4290 437 4344 quae
482 4275 735 4328 noscitur
763 4281 1050 4342 naturam,
1093 4275 1191 4330 sed
1234 4274 1627 4345 cognoscentis
1657 4273 1771 4326 vim
1801 4273 1888 4326 fa-

1979 557 2128 626 ctylo
2187 563 2408 624 partem
2447 556 2718 608 orationis
2761 556 3017 620 liniente,
3079 557 3285 611 deinde
3316 557 3500 611 tribus
3556 565 3677 613 tro—

1981 645 2172 698 chaeis.
2209 645 2276 697 Et
2327 645 2696 714 Philosophia
2747 645 3015 699 humanae
3069 650 3290 700 naturae
3341 646 3679 716 dignitatem

1981 733 2487 802 praestantiamque
2510 738 2944 799 commemorat,
2969 738 3140 804 atque
3161 734 3458 790 hominem
3481 752 3547 790 ex
3567 737 3680 790 for-

1980 824 2134 874 tuna:
2157 821 2495 875 habitudine
2517 826 2848 892 staturaque
2877 823 2942 876 ad
2965 823 3285 878 caelestium
3308 841 3503 879 rerum
3529 841 3680 879 amo-

1981 925 2104 963 rem
2135 910 2796 982 contemplationemque
2830 912 3146 978 admoneri,
3178 917 3242 966 ut
3291 914 3391 984 qui
3422 930 3490 968 ex
3521 917 3678 968 omni

1983 999 2366 1052 animantium
2396 1014 2605 1068 genere
2628 1000 2780 1054 solus
2801 1001 3088 1071 despectet
3115 1002 3378 1070 humum,
3404 1003 3682 1075 vultuque

1983 1087 2205 1141 sublato
2229 1089 2433 1142 caelum
2467 1093 2772 1158 suspectet.

2054 1177 2180 1230 Alio
2199 1174 2440 1247 extento]
2478 1177 2542 1230 Ut
2574 1182 2870 1246 serpentes
2901 1183 2958 1232 et
2987 1178 3258 1232 animalia
3287 1180 3536 1250 reptilia.

2052 1264 2275 1334 Enatet]
2313 1265 2543 1331 Evolet;
2581 1265 2920 1336 metaphora
2950 1271 3033 1320 est
3064 1267 3375 1323 notissima.

2060 1354 2467 1423 Transmittere]
2505 1355 2788 1410 Transire.
2845 1356 3074 1411 Veteres
3124 1342 3393 1411 dixerunt
3424 1359 3680 1412 tramitto

1983 1457 2091 1512 pro
2124 1443 2471 1496 transmitto.

2056 1531 2272 1602 Prona]
2292 1532 2526 1585 Terram
2550 1549 2746 1586 versus
2778 1533 3069 1588 inclinata.
3105 1535 3339 1588 Ovidius
3365 1552 3378 1588 :

2110 1619 2386 1684 Pronaque
2400 1633 2536 1684 cum
2554 1624 2812 1684 spectent
2829 1622 3078 1684 animalia
3098 1627 3286 1670 cratera
3317 1627 3526 1684 terram,

2112 1682 2180 1746 Qs
2209 1681 2410 1746 homini
2447 1681 2862 1746 sublimededit,
2899 1683 3197 1746 cmlumque
3226 1685 3404 1733 videre

2115 1743 2298 1802 Jussit,
2324 1747 2377 1792 et
2401 1747 2602 1792 erectos
2633 1744 2698 1792 ad
2729 1745 2901 1793 sidera
2930 1743 3339 1795 tollere—vultus.

2063 1825 2131 1878 Μ.
2165 1823 2383 1877 Tullius
2438 1823 2632 1878 Cicero
2662 1823 2808 1878 libro
2864 1825 2933 1878 de
2963 1825 3208 1895 Legibus
3256 1827 3480 1896 primo:
3516 1829 3678 1882 Artes

1987 1912 2410 1966 innumerabiles
2452 1917 2678 1981 repertae
2706 1918 2831 1966 sunt
2862 1913 3077 1968 docente
3106 1920 3328 1980 natura,
3366 1932 3529 1983 quam
3563 1919 3685 1969 imi-

1989 2005 2107 2054 tata
2137 1999 2279 2054 ratio
2307 2005 2406 2070 "res
2439 2001 2512 2054 ad
2547 2003 2717 2055 vitam
2765 2005 3097 2056 necessarias
3136 2005 3356 2057 solerter
3404 2011 3686 2059 consecuta

1989 2094 2084 2143 est.
2120 2091 2305 2158 Ipsum
2321 2094 2499 2143 autem
2526 2091 2791 2144 hominem
2839 2091 2904 2143 de
2933 2091 3117 2144 eadem
3147 2097 3351 2146 natura
3379 2109 3485 2146 non
3514 2095 3684 2147 solum

1987 2177 2258 2230 celeritate
2283 2179 2476 2229 mentis
2498 2177 2733 2237 ornavit,
2767 2177 2862 2230 sed
2889 2181 2938 2230 et
2969 2192 3153 2231 sensus
3187 2184 3448 2245 tanquam
3478 2181 3683 2232 satelli-

1989 2269 2063 2319 tes
2092 2265 2367 2330 attribuit,
2398 2267 2736 2332 ﬁguramque
2766 2270 3005 2333 corporis
3031 2266 3264 2319 habilem
3305 2271 3468 2334 atque
3495 2272 3684 2337 aptam

1985 2355 2200 2422 ingenio
2243 2355 2475 2407 humano
2524 2353 2691 2407 dedit.
2750 2355 2887 2408 Nam
2943 2370 3064 2409 cum
3111 2359 3328 2408 ceteras
3380 2357 3684 2409 animantes

1986 2443 2270 2511 abjecisset
2303 2441 2376 2494 ad
2395 2445 2638 2510 pastum,
2667 2443 2838 2496 solum
2865 2443 3130 2496 hominem
3151 2445 3324 2496 eremit
3353 2442 3428 2496 ad
3457 2444 3686 2512 caelique

1986 2534 2148 2600 quasi
2177 2533 2512 2598 cognationis
2536 2531 2904 2600 domiciliique
2932 2535 3162 2600 pristini
3182 2537 3518 2601 conspectum
3545 2535 3685 2586 exci-

1987 2623 2164 2674 tavit:
2201 2625 2312 2673 tum
2342 2623 2568 2688 speciem
2595 2622 2676 2674 ita
2727 2621 2991 2686 formavit
3021 2623 3153 2688 oris,
3177 2626 3239 2675 ut
3280 2624 3341 2675 in
3377 2637 3440 2675 ea
3467 2624 3686 2690 penitus

1984 2707 2346 2763 reconditores
2376 2708 2679 2774 efﬁngeret.
2715 2708 2884 2762 Silius
2924 2709 3157 2763 Italicus
3187 2709 3335 2762 libro
3361 2725 3429 2762 xv
3455 2748 3467 2762 .

2108 2813 2294 2860 Nonne
2319 2812 2465 2859 vides
2492 2811 2768 2860 hominum
2799 2817 2857 2860 ut
2882 2814 3051 2861 celsos
3081 2813 3146 2862 ad
3187 2814 3360 2862 sidera
3381 2813 3562 2862 vultus

2108 2874 2392 2922 Sustulerit
2419 2875 2576 2934 Deus,
2608 2888 2668 2922 ac
2696 2875 2941 2923 sublimia
2975 2876 3184 2924 ﬁnxerit
3213 2890 3322 2934 ora,

2110 2937 2239 3000 Cum
2258 2936 2504 2998 pecudes,
2530 2937 3109 3000 volucrumquegenus,
3134 2937 3433 3000 formasque
3455 2937 3684 2986 ferarum

2114 2999 2338 3062 segnem
2367 2999 2833 3062 atqueiobscenam
2863 3000 3058 3062 passim
3094 2999 3364 3049 stravisset
3393 3000 3446 3048 in
3473 3000 3684 3048 alvum?

2111 3061 2187 3108 Ad
2219 3061 2402 3109 laudes
2423 3061 2660 3123 genitum
2691 3061 2874 3123 capiat
2895 3062 2938 3109 si
2958 3075 3180 3111 munera
3209 3063 3409 3123 divum,

2114 3122 2256 3172 Felix
2284 3123 2349 3171 ad
2371 3122 2554 3172 laudes
2575 3122 2853 3172 hominum
2879 3138 3065 3186 genus.

1991 3221 2315 3276 Lactantius
2357 3221 2503 3276 libro
2536 3223 2784 3277 secundo
2833 3223 2902 3277 de
2953 3222 3184 3293 Origine
3216 3222 3445 3290 erroris,
3499 3221 3682 3293 capite

1988 3309 2126 3364 item
2158 3311 2409 3364 secundo
2435 3328 2447 3365 :
2476 3314 2643 3366 Juvat
2681 3327 2805 3378 ergo
2833 3313 2978 3366 velut
3008 3315 3066 3366 in
3097 3314 3288 3382 aliqua
3319 3313 3539 3366 sublimi
3561 3326 3683 3380 Spe-

1988 3401 2116 3452 cula
2141 3402 2511 3467 constitutum,
2569 3400 2710 3454 unde
2742 3404 2984 3455 universi
3009 3402 3272 3455 exaudire
3297 3403 3528 3470 possint,
3558 3402 3682 3455 Per-

1989 3491 2203 3542 sianum
2231 3489 2372 3542 illud
2388 3490 2728 3557 proclamare
2748 3506 2760 3543 :

2117 3577 2157 3623 0
2183 3591 2357 3624 curva:
2388 3577 2443 3624 in
2473 3581 2638 3625 terras
2667 3577 2878 3636 animai,
2911 3581 2963 3626 et
2993 3577 3286 3626 caelestium
3323 3578 3526 3626 inanes.

1992 3658 2188 3712 Cozlum
2218 3661 2400 3726 potius
2433 3660 2737 3724 intuemini,
2763 3658 2836 3711 ad
2863 3658 3016 3726 cujus
3042 3659 3406 3726 spectaculum
3425 3673 3514 3712 vos
3537 3659 3685 3712 exci-

1992 3749 2131 3799 tavit
2157 3747 2248 3799 ille
2276 3749 2481 3811 artifex
2513 3762 2668 3799 verus
2693 3750 2851 3800 Deus.
2887 3747 2986 3799 Ille
3003 3747 3152 3799 vobis
3181 3747 3460 3800 sublimem
3479 3748 3688 3800 vultum

1993 3835 2165 3896 dedit,
2198 3849 2288 3886 vos
2314 3837 2373 3886 in
2405 3839 2603 3887 terram
2631 3836 2953 3887 curvamini.
2987 3849 3080 3888 vos
3118 3836 3261 3888 altas
3291 3839 3510 3902 mentes,
3545 3839 3595 3888 et
3616 3835 3689 3888 ad

1993 3928 2202 3991 patrem
2234 3937 2389 3974 suum
2433 3937 2551 3974 cum
2583 3923 2896 3990 corporibus
2926 3925 3040 3976 suis
3065 3929 3288 3990 erectas,
3323 3923 3396 3976 ad
3425 3925 3693 3989 inferiora

1996 4011 2326 4078 deprimitis,
2375 4015 2637 4078 tanquam
2695 4026 2788 4063 vos
2837 4015 3093 4078 pazniteat
3145 4027 3251 4065 non
3308 4011 3690 4079 quadrupedes

1996 4113 2106 4153 esse
2132 4105 2306 4152 natos.
2345 4103 2449 4152 Fas
2480 4114 2584 4152 non
2629 4103 2708 4152 est
2755 4099 2956 4152 caeleste
2985 4101 3193 4153 animat
3221 4115 3341 4153 cum
3383 4102 3606 4153 terrenis
3633 4101 3691 4153 in

1999 4193 2304 4256 terramque
2337 4188 2678 4253 vergentibus
2709 4191 2939 4240 versari.
2991 4188 3132 4253 Quid
3170 4203 3261 4241 vos
3296 4171 3561 4255 bEneﬁciis
3591 4203 3692 4240 cae-

2001 4276 2224 4330 lestibus
2255 4275 2482 4343 orbatis,
2511 4279 2780 4351 pronique
2812 4278 2868 4328 in
2904 4282 3106 4330 terram
3133 4280 3314 4330 vestra
3340 4279 3530 4343 sponte
3556 4289 3693 4342 pro-

185 4363 584 4433 cultatemque
621 4363 804 4434 sequi,
839 4364 1160 4419 ostenditur
1200 4365 1379 4417 Deum
1412 4361 1617 4416 incerti
1648 4365 1886 4416 eventus
1928 4375 1969 4428 1)
1998 4364 2246 4418 cumbitis
2271 4368 2296 4417 ἱ)
2325 4367 2490 4418 Humi
2519 4367 2657 4418 enim
2699 4367 2886 4421 miseri
2920 4365 3263 4430 volutamini,
3297 4379 3412 4417 cum
3444 4363 3694 4416 deorsum

183 4452 387 4505 futura
434 4454 499 4504 ut
533 4456 686 4506 certa
730 4452 1012 4522 praescire,
1061 4452 1292 4506 tametsi
1322 4452 1433 4506 hoc
1461 4452 1714 4505 humana
1746 4449 1890 4503 ratio

185 4539 434 4594 minime
465 4539 767 4611 concipiat.
800 4543 942 4596 Nam
985 4541 1032 4595 si
1071 4541 1463 4611 cognoscentis
1494 4545 1757 4594 naturam
1799 4554 1890 4592 se-

185 4629 414 4699 quitur,
457 4629 773 4683 tenendum
837 4636 923 4684 est
971 4629 1207 4684 diversis
1256 4628 1589 4683 substantiis
1645 4628 1893 4681 diversas

188 4733 314 4772 esse
336 4718 716 4788 cognoscendi
746 4719 1062 4784 facultates,
1095 4733 1340 4789 quarum
1359 4716 1468 4771 alia
1490 4721 1726 4787 praestet
1757 4715 1853 4768 alii
1877 4731 1889 4768 :

187 4807 270 4860 ita
301 4811 367 4860 ut
398 4822 523 4876 quae
557 4807 826 4877 perfectio
857 4806 948 4872 sit,
1003 4807 1307 4861 inferiores
1336 4821 1568 4877 quoque
1603 4805 1662 4858 in
1699 4821 1757 4857 se
1787 4804 1892 4856 ha-

185 4894 348 4960 beat,
374 4895 827 4964 imperfectiores
849 4895 920 4949 ad
942 4910 1068 4949 eam
1091 4912 1218 4965 quae
1237 4894 1601 4965 praestantior
1621 4897 1723 4960 est,
1747 4893 1894 4962 aspi-

193 4999 324 5038 rare
355 4999 476 5036 non
511 4985 742 5053 queant.
771 4984 964 5054 Neque
991 4983 1145 5038 enim
1166 4999 1365 5037 sensus
1387 4987 1444 5037 et
1471 4982 1805 5052 imaginatio
1825 4980 1895 5036 ad

190 5071 441 5126 rationis
469 5071 753 5141 judicium
808 5088 927 5126 sese
959 5073 1244 5139 attollunt,
1279 5087 1468 5142 neque
1523 5071 1668 5124 ratio
1709 5075 1898 5140 potest

191 5161 690 5231 comprehendere
708 5161 910 5215 divina:
926 5159 1320 5231 intelligentia:
1336 5160 1593 5226 modum,
1615 5159 1896 5230 quilonge

192 5254 281 5304 est
311 5249 798 5314 absolutissimus,
831 5255 887 5302 et
915 5250 1110 5303 futura
1139 5249 1305 5304 nobis
1337 5248 1555 5303 incerta
1586 5249 1898 5302 certissima

195 5336 565 5410 praescientia
592 5338 1007 5408 complectitur.

801 5427 869 5481 ΙΝ
899 5427 1183 5481 METRUM
1214 5427 1298 5480 Vl.

268 5516 517 5570 Carmen
572 5520 658 5569 est
727 5515 1162 5571 Archilochium
1211 5515 1556 5585 dactylicum
1631 5516 1898 5567 constans

196 5603 486 5675 dactylico
515 5602 774 5659 bucolico
808 5608 1160 5676 tetrametro,
1209 5605 1269 5661 id
1314 5609 1398 5660 est
1427 5603 1609 5660 tribus
1638 5600 1896 5672 dactylis,

1999 4456 2244 4522 quaeritis
2309 4453 2452 4521 quod
2502 4456 2558 4506 in
2603 4454 2824 4506 sublimi
2868 4469 3106 4521 querere
3161 4453 3469 4506 debuistis?
3521 4451 3694 4504 Divus

1998 4538 2353 4602 Ambrosius,
2389 4539 2534 4592 libro
2586 4540 2971 4592 Hexaemeron
3029 4543 3216 4593 sexto:
3271 4540 3428 4604 Cave,
3459 4553 3487 4590 o
3517 4537 3694 4604 homo,

1997 4628 2264 4697 pecudum
2317 4644 2461 4681 more
2505 4632 2742 4695 curvari,
2778 4645 2902 4682 cave
2932 4644 2996 4681 ne
3049 4631 3107 4682 in
3137 4629 3319 4681 alvum
3350 4633 3398 4680 te
3441 4643 3546 4680 non
3585 4633 3698 4682 tam

2001 4732 2220 4784 corpore
2271 4732 2434 4783 quam
2493 4717 2793 4784 cupiditate
2863 4717 3129 4782 (lc/lectas.
3190 4717 3409 4784 ReSpice
3458 4719 3697 4785 corporis

2004 4804 2086 4857 tui
2106 4808 2360 4871 formam,
2385 4810 2433 4857 et
2453 4806 2679 4872 speciem
2698 4808 3075 4870 congruentem
3092 4805 3221 4857 celsi
3238 4806 3441 4871 vigoris
3464 4818 3693 4857 assume.

2000 4895 2060 4950 Si
2089 4897 2206 4947 sola
2238 4894 2504 4946 animalia
2526 4909 2702 4962 prona
2713 4898 3037 4960 pascantur,
3075 4909 3172 4946 cur
3193 4898 3240 4946 te
3271 4894 3328 4945 in
3351 4892 3552 4946 edendo
3571 4897 3702 4945 ster-

2001 4986 2088 5036 nis
2117 4986 2253 5050 ipse,
2281 4997 2441 5050 quem
2472 4985 2673 5034 natura
2697 4997 2802 5034 non
2830 4982 3026 5034 stravit
3051 4984 3077 5034 ?
3107 4982 3216 5035 Cur
3239 4996 3296 5034 eo
3327 4981 3613 5035 delectaris
3644 4981 3701 5031 in

2005 5085 2107 5138 quo
2136 5076 2347 5124 naturae
2377 5069 2586 5138 injuria
2613 5069 2730 5122 est?
2755 5072 2861 5124 Cur
2889 5074 3063 5123 noctes
3106 5074 3154 5122 et
3185 5070 3300 5123 dies
3332 5071 3446 5124 cibo
3467 5071 3701 5122 intentus

2000 5174 2253 5227 pecorum
2297 5174 2440 5212 more
2476 5165 2686 5212 terrena
2718 5157 3024 5226 depasceris
3051 5161 3076 5210 ?
3127 5159 3233 5214 Cur
3284 5158 3546 5212 illecebris
3585 5169 3700 5206 cor-

1999 5248 2286 5315 poralibus
2315 5247 2528 5300 deditus
2545 5249 2726 5314 ipsum
2755 5251 2799 5300 te
2831 5245 3142 5312 inhonorus,
3175 5247 3302 5299 dum
3338 5246 3514 5298 ventri
3539 5247 3702 5308 atque

2003 5333 2118 5404 ejus
2148 5335 2496 5402 passionibus
2523 5334 2759 5387 deservis
2780 5332 2807 5386 ‘?
2838 5334 2946 5388 Cur
2974 5335 3298 5388 intellectum
3330 5333 3431 5384 tibi
3476 5329 3699 5394 adimis,

2006 5439 2165 5494 quem
2193 5423 2294 5477 tibi
2325 5427 2532 5476 creator
2563 5422 2863 5477 attribuit?
2895 5426 3001 5480 Cur
3033 5428 3078 5477 te
3097 5422 3360 5490 jumentis
3392 5433 3699 5487 comparas,

2005 5528 2040 5565 a
2077 5511 2273 5580 quibus
2310 5517 2358 5564 te
2399 5512 2569 5565 voluit
2618 5515 2754 5566 Deus
2785 5513 3080 5579 segregari.
3115 5510 3335 5562 dicens:
3374 5509 3549 5564 Nolite
3575 5508 3706 5575 ﬁeri

2007 5600 2150 5655 sicut
2179 5614 2346 5669 equus
2376 5605 2425 5654 et
2446 5601 2644 5668 mulus,
2677 5599 2875 5670 quibus
2901 5613 3007 5654 non
3036 5598 3114 5652 est
3142 5597 3440 5652 intellectus
3467 5598 3494 5650 ‘?
3517 5599 3637 5652 Aut
3655 5598 3707 5652 si
