4054 6184
432 320 566 376 10⁸71

875 317 1224 375 APPENDIX
1265 318 1356 372 AD
1398 315 1640 372 LIBROS
1678 316 1766 368 DE
1805 313 2334 370 CONSOLATIONE
2385 314 2900 372 PHILOSOPHIIE.
2946 315 3459 372 COMMENTARIA.

3722 322 3828 376 l0'7‘2

423 456 472 506 te
491 451 728 505 edacitas
748 449 891 515 equi,
916 449 1442 515 intemperantiaque
1464 448 1711 511 delectat,
1745 451 1795 501 et
1811 446 2101 499 adhinnire
2140 449 2183 499 A
2215 450 2307 513 cit,
2341 448 2436 502 sed
2466 450 2572 502 alio
2609 449 2764 501 modo
2807 448 3042 516 quodam
3081 465 3114 501 a
3159 452 3465 502 nostran
3511 452 3828 517 cogitationum

421 540 496 594 ad
522 538 754 604 feminas
781 537 1052 604 voluptati
1070 540 1166 600 est,
1196 536 1414 589 delectet
1433 539 1491 588 in
1515 538 1670 601 freno
1702 536 1958 588 maxillas
1987 540 2106 590 tuas

417 626 708 694 chamoque
736 626 1050 691 constringi.
1096 625 1157 678 Si
1189 624 1506 678 crudelitate
1532 627 1790 693 pasceris,
1823 626 2104 690 ferarum-

414 729 518 783 que
545 715 653 768 hac
677 714 857 768 rabies
887 719 985 780 est,
1027 729 1146 782 quae
1178 717 1405 782 propter
1442 715 1706 767 saevi-tiam
1737 713 2104 779 trucidantur,

411 802 534 857 vide
548 819 614 857 ne
633 805 693 858 in
715 809 767 859 te
784 819 992 874 quoque
1009 803 1348 857 crudelitatis
1377 806 1479 856 tua:
1511 807 1760 857 vertatur
1774 805 2104 856 immanitas.

1017 893 1087 946 IN
1113 891 1386 947 PROSAM
1417 893 1500 946 VI.

484 983 598 1035 Hac
619 979 823 1036 ultima
851 980 1020 1050 hujus
1047 979 1422 1034 eruditissimi
1455 978 1874 1050 cultissimique
1915 978 2106 1048 operis

413 1085 606 1140 prosa,
636 1070 799 1124 docet
849 1086 916 1123 ex
963 1070 1063 1124 Dei
1094 1069 1451 1139 providentia
1503 1069 1754 1123 consiliis
1803 1068 2106 1122 hominum

415 1158 854 1229 actionibusque
899 1158 1042 1212 nihil
1089 1158 1440 1212 necessitatis
1501 1157 1745 1228 imponi,
1794 1157 1969 1228 idque
2019 1157 2106 1211 vel

413 1247 780 1319 potissimum
809 1247 914 1301 hac
968 1248 1208 1302 ratione.
1253 1248 1434 1301 Deum
1464 1249 1746 1300 aeternum
1777 1262 1917 1309 esse,
1965 1261 2103 1299 cun-

413 1340 637 1391 ctorum
666 1336 891 1391 ratione
939 1337 1272 1407 degentium
1328 1351 1633 1390 commune
1672 1340 1757 1389 est
1798 1333 2099 1404 judicium.

412 1426 714 1479 IEternitas
763 1429 956 1479 autem
1006 1430 1087 1479 est
1121 1425 1564 1480 interminabilis
1611 1425 1742 1478 vitae
1784 1427 1900 1478 tota
1932 1423 2103 1478 simul

413 1517 469 1567 et
496 1513 746 1584 perfecta
770 1514 1087 1584 possessio:
1115 1514 1173 1569 in
1197 1531 1310 1584 qua
1329 1514 1565 1584 quidem
1589 1512 1730 1566 nihil
1762 1517 1845 1566 est
1867 1518 2102 1583 printer-

411 1603 578 1669 itum,
611 1603 754 1657 nihil
780 1604 1058 1669 futurum,
1105 1620 1304 1658 verum
1359 1603 1668 1674 praesentia
1700 1605 1834 1656 sunt
1885 1602 2098 1656 omnia.

412 1693 675 1762 Cognitio
704 1709 838 1746 vero
875 1693 961 1763 (ut
988 1693 1160 1762 paulo
1193 1697 1322 1746 ante
1343 1693 1697 1762 disputatum
1728 1692 1833 1761 est)
1862 1692 2100 1745 modum

410 1781 670 1852 sequitur
699 1786 753 1835 et
776 1786 1038 1835 naturam
1071 1780 1464 1852 cognoscentis
1491 1800 1509 1847 ;
1557 1785 1615 1835 at
1644 1781 1848 1835 modus
1892 1796 2099 1850 cogno-

411 1870 604 1924 scendi
650 1870 710 1924 in
740 1872 856 1925 Deo
910 1875 994 1924 est
1039 1875 1160 1924 tum
1193 1875 1460 1939 aeternus,
1494 1874 1618 1924 tum
1670 1868 2098 1940 prtesentarius.

412 1959 621 2015 Omnia
648 1959 830 2030 igitur
859 1963 1133 2030 tanquam
1164 1960 1475 2030 praesentia
1502 1959 1605 2013 scit
1633 1960 1821 2013 Deus:
1855 1960 2007 2014 unde
2047 1964 2102 2013 et

407 2049 768 2118 providentia
808 2049 997 2119 potius
1032 2065 1207 2118 quam
1250 2048 1628 2119 praevidentia
1677 2048 1903 2115 dicitur,
1937 2047 2101 2118 quasi

406 2137 478 2190 ab
509 2139 729 2192 excelso
749 2154 945 2192 rerum
972 2137 1221 2191 culmine
1261 2137 1463 2192 inﬁma
1493 2153 1736 2208 quaeque
1767 2136 2097 2206 prospiciat.

413 2226 522 2281 Sed
557 2243 686 2298 quas
711 2228 1020 2298 praesentia
1043 2228 1333 2295 videntur,
1359 2228 1576 2280 nullam
1609 2226 1677 2281 ab
1705 2226 1795 2280 his
1825 2225 2100 2296 aquibus

406 2315 838 2385 conspiciuntur
903 2316 1295 2369 necessitatem
1381 2315 1686 2386 accipiunt,
1767 2331 1898 2368 cum
1953 2314 2101 2368 nihil

405 2403 598 2470 rebus,
641 2403 780 2457 dum
808 2407 1106 2473 geruntur,
1143 2403 1495 2457 necessitatis
1545 2402 1804 2472 imponat
1834 2402 2096 2457 intuitus.

405 2491 653 2546 Proinde
695 2491 888 2545 divina
922 2492 1281 2561 providentia
1341 2508 1433 2546 res
1472 2491 1712 2558 futuras,
1764 2507 1906 2560 quas
1949 2495 2100 2546 tam-

407 2597 577 2651 quam
615 2585 927 2651 prmsentes
974 2581 1273 2650 conspicit,
1322 2581 1482 2634 nulla
1523 2581 1856 2634 necessitate
1888 2581 2100 2634 astrin-

407 2669 508 2740 git.
551 2670 640 2725 Uti
689 2669 844 2724 enim
881 2686 984 2724 nos
1025 2668 1378 2739 temporario
1425 2670 1533 2723 hoc
1585 2673 1779 2723 nostro
1830 2669 2100 2740 praesenti

405 2758 673 2830 quaedam
717 2759 839 2814 sine
889 2759 1224 2814 necessitate
1269 2759 1551 2827 videmus,
1583 2758 1664 2813 ita
1709 2760 1859 2812 Deus
1905 2758 2100 2813 omnia

404 2847 578 2917 simul
609 2864 713 2903 suo
745 2853 959 2903 aeterno
990 2853 1315 2916 contuetur,
1348 2864 1452 2902 uec
1483 2848 1554 2902 ob
1585 2847 1642 2901 id
1673 2847 1761 2901 vel
1779 2863 1973 2902 rerum
2003 2863 2098 2901 na-

402 2941 594 2992 turam
625 2938 1152 3010 proprietatemque
1181 2941 1383 3001 mutat,
1422 2938 1509 2992 vel
1531 2935 1749 3008 judicia
1778 2937 2092 2991 confundit.

2218 538 2601 591 consuetudine
2650 539 2802 604 longe
2838 539 3053 606 lateque
3083 538 3312 592 diverso.
3347 539 3442 592 Ille
3470 541 3644 608 quippe
3675 557 3760 595 non
3781 559 3833 597 ea:

2217 624 2312 678 hoc
2339 627 2398 679 in
2429 626 2569 680 illud
2617 628 2942 694 cogitatione
2973 630 3208 695 mutata,
3240 626 3336 681 sed
3365 629 3564 681 omnino
3588 629 3831 684 incommu-

2218 714 2462 769 tabiliter
2492 715 2659 782 videt,
2709 717 2790 769 ita
2829 720 2889 770 ut
2943 717 3044 770 illa
3089 715 3308 784 quidem
3369 731 3483 784 quae
3529 720 3834 786 temporaliter

2213 806 2371 875 ﬁunt,
2405 808 2456 858 et
2483 806 2677 870 futura
2706 805 2943 858 nondum
2975 808 3107 871 sint,
3143 810 3193 858 et
3219 808 3507 874 presentia
3531 807 3637 874 jam
3664 812 3772 874 sint,
3796 814 3834 862 et

2214 895 2489 961 praeterita
2499 893 2632 962 jam
2659 908 2766 946 non
2795 896 2904 947 sint
2927 909 2940 946 :
2972 892 3089 961 ipse
3116 909 3242 948 vero
3276 895 3382 949 hac
3411 897 3582 950 omnia
3608 896 3765 950 stabili
3789 913 3836 951 ac

2214 983 2540 1050 sempiterna
2571 984 2918 1051 praescientia
2946 982 3381 1052 comprehendat,
3415 999 3502 1038 nec
3522 985 3667 1039 aliter
3689 987 3835 1051 oculis,

2215 1071 2375 1123 aliter
2405 1075 2594 1125 mente.
2624 1071 2743 1125 Non
2767 1073 2907 1124 enim
2929 1087 2996 1126 ea:
3022 1074 3204 1126 animo
3235 1076 3442 1127 constat
3469 1077 3517 1126 et
3545 1057 3752 1142 corpore.
3769 1089 3838 1128 nec

2214 1159 2377 1212 aliter
2409 1175 2571 1227 nunc,
2613 1161 2774 1214 aliter
2809 1165 2988 1227 antea,
3031 1161 3193 1215 aliter
3234 1166 3455 1230 postea:
3497 1164 3725 1230 quoniam
3757 1177 3836 1216 non

2213 1249 2354 1301 sicut
2374 1253 2582 1314 nostra,
2605 1251 2686 1302 ita
2717 1249 2835 1317 ejus
2873 1264 3083 1319 quoque
3128 1252 3355 1304 scientia
3384 1252 3547 1304 trium
3576 1255 3836 1319 temporum,

2211 1339 2493 1405 prmsentis
2521 1338 2769 1392 videlicet
2797 1343 2846 1392 et
2862 1341 3130 1407 praeteriti
3144 1339 3227 1394 vel
3240 1340 3424 1405 futuri
3440 1342 3684 1393 varietate
3701 1345 3837 1393 muta-

2213 1432 2320 1492 tur,
2355 1426 2507 1495 apud
2535 1443 2690 1496 quem
2710 1443 2817 1481 non
2838 1432 2916 1481 est
2943 1429 3272 1498 immutatio,
3306 1442 3400 1482 nec
3427 1429 3670 1482 momenti
3692 1427 3838 1481 obum-

2213 1515 2409 1569 bratio.
2437 1518 2541 1573 Nec
2566 1520 2708 1570 enim
2741 1517 2860 1583 ejus
2903 1519 3129 1572 intentio
3159 1517 3226 1570 de
3256 1519 3574 1584 cogitatione
3603 1519 3654 1570 in
3675 1519 3839 1583 cogita-

2213 1606 2409 1658 tionem
2440 1608 2661 1672 transit,
2696 1609 2753 1659 in
2774 1607 2928 1674 cujus
2960 1609 3272 1675 incorporeo
3321 1610 3559 1660 contuitu
3598 1604 3744 1658 simul
3766 1604 3838 1656 αάι

2212 1698 2338 1746 sunt
2368 1697 2559 1748 cuncta
2590 1709 2708 1762 quae
2733 1696 2915 1748 novit:
2947 1697 3202 1762 quoniam
3231 1698 3472 1763 tempora
3503 1697 3581 1748 ita
3607 1695 3736 1746 novit
3759 1693 3841 1745 nul-

2213 1782 2284 1837 lis
2305 1785 2418 1836 suis
2450 1784 2834 1852 temporalibus
2857 1784 3182 1850 notionibus,
3215 1782 3656 1854 quemadmodum
3684 1785 3838 1849 tempo-

2210 1871 2355 1925 ralia
2382 1877 2555 1924 movet
2581 1872 2750 1924 nullis
2779 1875 2892 1925 suis
2925 1871 3308 1940 temporalibus
3338 1870 3588 1926 motibus.

2280 1961 2383 2014 Hic
2423 1975 2472 2014 St
2519 1959 2694 2031 dicas]
2746 1959 2972 2031 Repetit
3027 1960 3409 2030 objectionem
3459 1975 3622 2030 supra
3654 1963 3838 2022 motam,

2211 2065 2452 2120 eamque
2482 2050 2652 2104 diluit
2679 2049 2960 2119 ejusmodi
2986 2049 3228 2117 ratione,
3265 2064 3442 2120 quam
3472 2063 3633 2102 nemo
3667 2047 3760 2101 nisi
3785 2046 3842 2099 di-

2210 2139 2476 2192 vinorum
2503 2139 2824 2209 speculator
2853 2138 3154 2208 intelligat.

2280 2230 2409 2281 Duas
2447 2235 2574 2281 sunt
2618 2228 2810 2280 etenim
2856 2222 3214 2296 necessitates]
3267 2224 3611 2279 Dilutionem
3657 2220 3840 2293 objecti,

2210 2319 2331 2370 tum
2365 2316 2550 2382 latius,
2585 2319 2708 2369 tum
2754 2313 2982 2384 planius
3012 2313 3267 2384 exponit,
3301 2313 3600 2367 ostendens
3630 2313 3727 2366 duo
3752 2325 3842 2364 esse

2208 2405 2562 2459 necessitatis
2608 2420 2841 2472 genera,
2893 2403 3133 2458 alteram
3200 2402 3439 2473 quidem
3481 2401 3766 2472 simplicem
3801 2402 3842 2453 et

2211 2495 2550 2562 absolutam,
2588 2494 2826 2548 alteram
2853 2509 2983 2547 vero
3017 2493 3417 2547 necessitatem
3438 2489 3767 2546 conditionis.

2280 2584 2420 2649 Quia
2453 2585 2625 2650 igitur
2651 2580 2843 2652 refert]
2879 2582 2940 2635 Id
2970 2586 3056 2634 est
3084 2581 3341 2636 interest.

2285 2672 2391 2725 Hoc
2411 2671 2637 2740 scilicet]
2677 2669 2933 2724 Subaudi
2961 2668 3154 2736 refert,
3188 2671 3244 2721 et
3279 2667 3451 2722 diluit
3481 2671 3684 2720 motam
3710 2662 3842 2718 dubi-

2207 2759 2502 2813 tationem.

2277 2848 2384 2903 Sed
2418 2850 2470 2903 si
2513 2849 2572 2902 in
2601 2863 2740 2914 mea,
2777 2845 3006 2918 inquies]
3059 2845 3244 2900 Aliam
3290 2845 3457 2900 affert
3501 2842 3842 2915 objectionem.

2209 2953 2382 3007 quam
2406 2952 2510 3008 pro
2546 2937 2796 2992 materiae
2839 2936 3115 3007 qualitate
3168 2939 3253 2989 sat
3299 2933 3593 2989 luculento
3629 2945 3842 2987 sermone

400 3026 574 3081 Divus
614 3027 916 3099 Gregorius
965 3027 1110 3082 libro
1155 3027 1455 3082 Moralium
1485 3041 1558 3082 x:
1601 3029 1857 3081 Praescire
1895 3027 2098 3080 dicitur
2137 3034 2177 3090 ρ,
2207 3024 2391 3078 diluit.

402 3118 500 3185 qui
523 3131 960 3184 unamquamque
1010 3132 1124 3170 rem
1167 3122 1459 3185 antequam
1501 3119 1684 3170 veniat
1730 3116 1895 3182 videt,
1951 3119 2000 3168 et
2036 3115 2097 3167 id

403 3205 548 3272 quod
574 3207 835 3270 futurum
862 3209 939 3258 est
964 3208 1125 3273 prius
1172 3221 1336 3269 quam
1377 3219 1613 3274 presens
1661 3207 1760 3272 fiat
1798 3202 2086 3272 praevidet.

402 3293 678 3356 Quomodo
709 3297 848 3347 Deus
874 3298 953 3347 est
980 3296 1261 3362 praescius,
1291 3295 1418 3346 dum
1467 3293 1642 3357 nulla,
1687 3293 1799 3346 nisi
1845 3307 1963 3360 quae
2008 3293 2096 3358 fu-

405 3386 530 3435 tura
559 3386 704 3448 sunt,
731 3382 1142 3450 praesciantur?
1185 3385 1255 3435 Et
1301 3384 1500 3436 scimus
1536 3383 1668 3450 quia
1706 3385 1812 3434 Deo
1842 3382 2094 3447 futurum

399 3471 543 3523 nihil
590 3474 686 3535 est,
728 3473 851 3522 ante
901 3470 1055 3536 cujus
1087 3471 1263 3523 oculos
1319 3474 1598 3537 praeterita
1644 3485 1750 3523 non
1792 3473 2091 3532 transeunt,

396 3560 592 3624 futura
619 3573 726 3612 non
753 3559 995 3623 veniunt,
1023 3560 1220 3626 quippe
1272 3561 1403 3625 quia
1441 3572 1592 3610 omne
1617 3557 1761 3624 quod
1796 3558 1949 3610 nobis
1983 3558 2096 3622 fuit

399 3651 448 3701 et
478 3649 583 3702 erit
611 3649 670 3701 in
696 3647 813 3716 ejus
843 3651 1128 3716 prospectu
1168 3651 1368 3715 praesto
1398 3650 1493 3711 est,
1529 3650 1578 3700 et
1608 3661 1758 3699 omne
1783 3646 1927 3715 quod
1950 3661 2092 3714 pra:-

398 3752 517 3792 sens
539 3741 617 3791 est
645 3739 782 3791 scire
806 3740 981 3805 potest
1007 3736 1190 3804 potius
1236 3751 1400 3804 quam
1439 3737 1710 3804 praescire.
1740 3738 1810 3788 Et
1848 3738 1978 3803 quia
2009 3751 2092 3804 ea,

398 3841 517 3894 qua
567 3825 720 3879 nobis
756 3827 953 3890 futura
1005 3827 1131 3878 sunt
1159 3824 1325 3890 videt,
1376 3839 1495 3892 quae
1530 3828 1706 3877 tamen
1737 3824 1848 3891 ipsi
1887 3837 2094 3891 semper

393 3918 593 3984 praesto
614 3919 760 3981 sunt,
802 3915 1062 3983 prwscius
1090 3912 1331 3966 dicitur:
1363 3915 1611 3981 quamvis
1630 3927 1974 3980 nequaquam
1998 3914 2090 3978 fu-

400 4006 584 4056 turum
607 4003 893 4072 praevidet,
941 4002 1086 4072 quod
1121 4017 1359 4071 praesens
1389 4002 1554 4057 videt.
1588 4003 1728 4059 Nam
1757 4007 1807 4055 et
1838 4017 2090 4066 quaecun-

399 4109 500 4161 que
526 4098 671 4161 sunt,
718 4109 823 4147 non
871 4094 929 4146 in
976 4094 1276 4146 aeternitate
1324 4093 1441 4160 ejus
1471 4092 1588 4145 ideo
1629 4091 1905 4156 videntur,
1958 4093 2092 4158 quia

395 4186 563 4244 sunt;
597 4181 691 4235 sed
722 4182 838 4235 ideo
881 4185 1025 4248 sunt,
1074 4183 1205 4246 quia
1255 4180 1530 4233 videntur.
1582 4181 1644 4233 In
1677 4179 1769 4232 illo
1812 4181 1951 4231 enim
1997 4193 2090 4232 nec

391 4272 694 4340 praeterita.
740 4285 832 4323 nec
873 4272 1068 4336 futura
1114 4271 1347 4338 reperiri
1374 4272 1595 4336 queunt,
1620 4268 1713 4320 sed
1743 4270 1937 4320 cuncta
1967 4282 2084 4320 mu-

397 4361 594 4413 tabilia
619 4359 1034 4413 immutabiliter
1065 4360 1267 4412 durant
1288 4376 1306 4411 :
1356 4363 1405 4410 et
1452 4373 1570 4424 quae
1599 4360 1654 4410 in
1701 4357 1895 4423 seipsis
1921 4357 2086 4409 simul

396 4453 625 4502 existere
659 4464 763 4502 non
790 4452 1037 4517 possunt,
1070 4448 1155 4500 illi
1185 4448 1348 4500 simul
1386 4448 1567 4499 omnia
1585 4447 1880 4513 assistunt,
1913 4445 2088 4498 nihil-

397 4551 498 4604 que
531 4538 586 4589 in
631 4537 729 4589 illo
765 4537 1030 4604 praeterit,
1074 4534 1218 4602 quod
1268 4535 1467 4586 transit
1509 4534 1641 4599 quia
1681 4534 1739 4585 in
1785 4533 2087 4584 mternitate

397 4625 515 4692 ejus
544 4624 698 4678 modo
747 4624 983 4693 quodam
1023 4621 1550 4690 incomprehensibili
1591 4624 1782 4674 cuncta
1811 4621 2087 4674 volumina

395 4714 709 4766 saeculorum
754 4715 1097 4766 transeuntia
1140 4715 1376 4776 manent,
1432 4714 1706 4763 currentia
1742 4714 1908 4763 stant.
1957 4710 2087 4764 Hmc

395 4815 459 4852 ex
489 4800 761 4870 Grasgorii
791 4800 1096 4854 Moralibus
1134 4799 1373 4869 carptim
1407 4799 1709 4868 desumpta
1730 4797 2082 4866 collegimus,

395 4905 462 4942 eo
489 4889 644 4958 quod
673 4888 742 4942 ad
775 4888 926 4941 hunc
954 4889 1142 4942 locum
1176 4903 1292 4941 non
1323 4887 1470 4957 nihil
1508 4887 1691 4940 facere
1724 4885 2081 4938 videbantur.

464 4980 637 5032 Deum
671 4977 888 5045 quidem
921 4982 1197 5040 aeternum]
1249 4975 1528 5030 Dilierunt
1557 4980 1835 5028 aeternum
1871 4977 1926 5025 et
1954 4989 2082 5043 per-

391 5071 648 5138 petuum.
681 5065 974 5118 IEternum
1020 5065 1173 5119 enim
1219 5065 1426 5119 dicitur
1457 5063 1613 5134 quod
1642 5061 2084 5116 interminabilis

390 5156 521 5210 vitae
547 5154 969 5226 plenitudinem
1021 5155 1192 5208 simul
1223 5153 1624 5223 complectitur
1669 5150 2078 5221 permanendo.

393 5246 764 5316 Perpetuam,
798 5244 950 5316 quod
970 5244 1147 5297 vitam
1170 5243 1358 5296 eundo
1394 5241 1708 5296 continuat.

460 5336 699 5389 Scientia
728 5349 936 5403 quoque
958 5332 1098 5402 ejus]
1131 5331 1266 5385 Divo
1296 5330 1524 5386 Aurelio
1554 5334 1807 5396 auctore,
1834 5328 1981 5382 libro
2012 5327 2080 5381 de

393 5424 626 5478 Civitate
659 5424 762 5478 Dei
794 5423 1115 5487 undecimo,
1166 5419 1347 5489 capite
1377 5418 1654 5488 vigesimo
1683 5417 1908 5489 primo:
1941 5419 2078 5470 Deus

389 5525 494 5564 non
541 5527 685 5566 more
728 5517 910 5566 nostro
949 5511 1031 5564 vel
1080 5508 1224 5577 quod
1265 5509 1516 5574 futurum
1559 5512 1635 5560 est
1667 5509 1957 5576 prospicit,
1997 5505 2080 5558 vel

390 5599 539 5655 buod
561 5614 798 5669 presens
823 5604 901 5654 est
929 5601 1147 5669 aspicit,
1179 5597 1260 5652 vel
1291 5595 1434 5667 quod
1444 5597 1783 5666 prazteritum
1803 5600 1882 5651 est
1909 5597 2078 5664 respi-

2277 3111 2420 3176 Quid
2456 3114 2651 3180 igitur,
2671 3113 2904 3183 inquies]
2938 3113 3154 3166 Rursus
3184 3111 3376 3166 aliam
3393 3109 3655 3182 proponit
3677 3107 3846 3164 dubita-

2203 3201 2443 3268 tionem,
2477 3219 2652 3273 quam
2683 3207 2738 3256 et
2770 3217 2901 3256 mox
2932 3205 3207 3268 removet,
3237 3205 3295 3255 et
3311 3200 3542 3255 refellit.

2276 3293 2402 3357 Quae
2447 3306 2566 3344 cum
2618 3294 2701 3345 ita
2755 3289 2885 3362 sint]
2946 3289 3246 3346 Concludit
3287 3289 3533 3345 humani
3576 3287 3845 3343 libertatem

2205 3380 2425 3435 arbitrii
2455 3379 2776 3450 etidivinam
2798 3379 3213 3450 praescientiam
3230 3378 3402 3434 simul
3430 3379 3748 3434 consistere:
3773 3388 3844 3427 su-

2203 3486 2307 3540 per
2336 3486 2451 3540 qua
2480 3484 2542 3524 re
2570 3469 2741 3523 latius
2771 3469 2898 3538 lege
2943 3471 2999 3522 et
3027 3469 3218 3538 relege
3259 3468 3567 3539 Dialogum
3605 3459 3846 3519 Laurentii

2202 3560 2394 3628 Vallae,
2441 3559 2541 3630 qui
2566 3559 2719 3629 juste
2765 3573 2835 3612 ne
2885 3561 3038 3612 taxet
3093 3556 3434 3612 Severinum
3472 3560 3730 3617 nostrum,
3753 3564 3844 3604 me-

2201 3646 2430 3717 liusque
2468 3662 2536 3700 eo
2586 3646 2734 3699 hanc
2771 3644 3073 3700 materiam
3114 3643 3404 3715 expediat,
3457 3659 3532 3698 an
3575 3638 3846 3713 sophisticis

2201 3735 2415 3789 cavillis
2440 3739 2590 3805 agat,
2622 3738 2678 3788 et
2711 3733 2976 3788 oratoriis
2994 3733 3138 3789 fucis
3160 3733 3414 3788 obducat
3438 3733 3740 3796 veritatem,
3759 3739 3846 3781 non

2201 3829 2285 3879 est
2310 3841 2464 3878 nunc
2494 3839 2638 3878 meae
2666 3823 2953 3877 facultatis
2989 3822 3282 3894 judicare...
3309 3823 3528 3880 Verum
3557 3821 3614 3876 id
3641 3830 3848 3876 censure

2201 3911 2552 3966 doctioribus
2583 3910 2870 3982 relinquo.

2271 3998 2574 4071 Spectator]
2635 4000 2909 4054 Salomon
2963 3997 3409 4053 Proverbiorum
3467 4014 3591 4068 cap.
3650 4010 3748 4050 xv:
3797 3993 3844 4046 In

2198 4091 2345 4143 omni
2390 4089 2499 4143 loco
2534 4089 2674 4143 oculi
2709 4089 2926 4142 Domini
2955 4088 3393 4156 contemplantur
3423 4086 3582 4141 bonos
3609 4089 3657 4138 et
3688 4081 3847 4140 malos,

2197 4178 2581 4249 Hieronymus
2610 4176 2671 4231 in
2703 4177 2949 4247 quadam
2987 4177 3262 4246 epistola:
3297 4177 3555 4232 Omnium
3594 4173 3848 4244 speculato-

2197 4283 2310 4321 rem
2351 4270 2517 4322 Deum
2555 4267 2724 4328 crede,
2767 4271 2818 4320 et
2855 4280 2981 4320 cave
3025 4280 3092 4319 ne
3131 4265 3268 4335 quid
3316 4265 3467 4333 quod
3495 4265 3689 4320 divinis
3713 4258 3848 4315 oculis

2199 4355 2489 4423 indignum
2513 4357 2606 4421 sit,
2643 4358 2739 4409 aut
2759 4357 3016 4423 opereris,
3048 4357 3144 4408 aut
3173 4356 3396 4426 cogites.

2268 4447 2432 4501 Bonis
2463 4443 2716 4516 przmia]
2749 4444 2999 4514 Baptista
3029 4444 3371 4499 Mantuanus
3400 4458 3414 4498 :

2320 4553 2384 4600 Et
2410 4551 2582 4600 scelus
2603 4565 2634 4600 a
2667 4550 2890 4614 superis,
2916 4553 2968 4599 et
2991 4549 3152 4600 habet
3171 4563 3268 4599 sua
3296 4549 3521 4613 praemia
3549 4548 3727 4597 virtus.

2266 4651 2635 4721 Aversamini]
2680 4648 3072 4704 Pulcherrima
3103 4649 3427 4704 adhortatio
3467 4648 3538 4702 ad
3569 4639 3849 4718 pulcherri-

2193 4756 2315 4793 mas
2337 4741 2572 4794 virtutes
2593 4739 2697 4793 sub
2724 4737 2896 4808 hujus
2934 4739 3122 4808 operis
3151 4736 3534 4808 pulcherrimi
3561 4735 3744 4790 ﬁnem.

2263 4829 2476 4884 Judicis
2489 4832 2680 4883 cuncta
2699 4826 2985 4899 cernentis]
3001 4826 3263 4882 Aurelius
3281 4825 3631 4880 Prudentius
3644 4823 3700 4876 in
3720 4820 3851 4889 Hym-

2193 4933 2404 4972 norum
2433 4917 2581 4972 libro
2603 4933 2616 4970 :

2502 5040 2586 5089 Sic
2616 5043 2726 5088 tota
2750 5039 2993 5088 decurrat
3014 5039 3143 5094 dies,

2501 5103 2575 5151 Ne
2602 5102 2784 5165 lingua
2813 5101 3058 5165 mendax,
3092 5103 3184 5165 aut
3209 5112 3420 5161 manus,

2503 5163 2717 5213 Oculive
2747 5168 2963 5227 peccent
2986 5163 3178 5227 lubrici
3205 5177 3218 5210 :

2500 5227 2574 5275 Ne
2599 5226 2760 5275 noxia
2779 5240 2970 5288 corpus
3000 5226 3259 5288 inquinet.

2500 5288 2808 5350 Speculator
2837 5292 2973 5336 astat
3000 5288 3242 5350 desuper,

2500 5349 2601 5406 Qui
2631 5364 2728 5398 nos
2758 5350 2942 5399 diebus
2973 5349 3226 5398 omnibus

2497 5413 2779 5474 Actusque,
2798 5417 3010 5460 nostros
3042 5409 3295 5474 prospicit

2495 5473 2537 5522 Α
2561 5474 2677 5521 luce
2707 5473 2877 5534 prima
2901 5475 2957 5522 in
2985 5473 3286 5534 vesperum.

2495 5536 2588 5583 Hic
2619 5536 2780 5593 testis,
2817 5535 2901 5584 hic
2926 5540 3005 5584 est
3029 5535 3240 5584 arbiter.

2497 5597 2590 5646 Hic
2617 5597 2855 5647 intuetur
2878 5596 3135 5660 quidquid
