4104 6176
387 225 529 280 1073

1655 223 1766 278 AN.
1809 222 2017 280 MANL.
2055 222 2200 279 SEV.
2245 222 2496 280 BOETll.

3740 228 3876 279 1076

377 378 3869 417 ἓ

1002 513 1284 625 AN.
1412 514 1963 681 MANL.
2093 514 2451 625 SEV.
2585 513 3239 624 BOETII

1224 713 1445 835 DE
1528 713 2270 838 UNITATE
2351 712 2559 833 ET
2643 709 3027 835 UNO.

450 901 645 955 Unitas
686 906 769 957 est
808 918 922 973 qua
950 918 1309 973 unaqumque
1352 920 1443 957 res
1490 903 1697 957 dicitur
1741 921 1859 957 esse
1906 918 2061 957 una:
2113 903 2363 955 Aunitas
2394 901 2633 971 sibiipsi,
2666 902 2877 955 creavit
2925 902 3096 955 aliam
3128 901 3407 957 unitatem
3439 918 3566 973 quas
3611 906 3700 956 est
3734 902 3881 956 intra

378 992 492 1045 sive
537 992 689 1045 enim
740 991 812 1045 sit
859 992 1119 1062 simplex,
1179 993 1295 1045 sive
1335 994 1672 1063 composita,
1726 995 1850 1047 sive
1900 992 2068 1063 spiri-

377 1079 567 1145 tualis,
603 1079 717 1131 sive
764 1096 1061 1148 corporea,
1123 1096 1213 1133 res
1259 1081 1477 1134 unitate
1517 1097 1634 1134 una
1672 1086 1777 1148 est,
1809 1097 1913 1134 nec
1959 1097 2069 1150 po-

376 1173 487 1222 test
517 1185 636 1221 esse
669 1185 785 1223 una
835 1169 941 1222 nisi
974 1169 1214 1235 unitate,
1266 1170 1412 1224 sicut
1462 1172 1587 1225 alba
1633 1172 1744 1225 nisi
1783 1173 2067 1239 albedine,

377 1274 480 1310 nec
510 1262 722 1327 quanta
752 1258 862 1311 nisi
892 1259 1227 1329 quantitate.
1267 1260 1383 1313 Non
1404 1262 1589 1314 solum
1624 1267 1815 1315 autem
1849 1261 2069 1315 unitate

376 1362 493 1399 una
524 1351 625 1412 est,
659 1346 756 1400 sed
786 1347 958 1400 etiam
990 1348 1191 1401 tandiu
1238 1354 1321 1401 est
1370 1349 1652 1419 quidquid
1684 1350 1739 1403 id
1781 1351 1932 1419 quod
1964 1355 2066 1417 est,

378 1436 635 1506 quandiu
664 1436 723 1489 in
755 1453 811 1489 se
863 1436 1055 1489 unitas
1104 1441 1207 1490 est.
1269 1438 1411 1491 Cum
1463 1444 1653 1492 autem
1686 1438 1897 1492 desinit
1949 1457 2069 1493 esse

375 1539 580 1589 unum,
611 1523 820 1577 desinit
847 1539 967 1577 esse
998 1524 1057 1577 id
1083 1525 1232 1593 quod
1264 1530 1347 1578 est
1374 1526 1560 1591 ;unde
1600 1532 1682 1580 est
1709 1527 1852 1581 hoc:
1887 1529 2068 1592 Quid-

378 1611 516 1680 quid
561 1616 661 1675 est,
712 1610 841 1664 ideo
893 1615 975 1663 est
1008 1612 1159 1681 quod
1188 1628 1367 1665 unum
1397 1618 1498 1679 est,
1560 1615 1712 1682 quod
1754 1616 1833 1668 sic
1882 1620 2070 1670 osten-

376 1700 548 1752 ditur.
580 1699 759 1753 Omne
791 1699 943 1752 enim
978 1716 1098 1753 esse
1129 1715 1195 1753 ex
1238 1700 1422 1754 forma
1454 1710 1534 1756 est
1563 1702 1619 1754 in
1653 1703 1819 1756 rebus
1844 1705 2068 1772 creatis,

377 1788 475 1839 sed
507 1787 732 1840 nullum
766 1803 887 1840 esse
920 1804 982 1840 ex
1016 1788 1200 1841 forma
1226 1794 1327 1855 est,
1366 1790 1479 1843 nisi
1512 1807 1640 1844 cum
1678 1792 1861 1845 forma
1894 1797 2070 1847 mate-

378 1874 474 1927 riae.
506 1875 667 1927 unita
689 1880 792 1929 est.
824 1877 954 1930 Esse
989 1877 1144 1929 enim
1167 1880 1305 1943 {non
1338 1884 1420 1932 est
1450 1880 1558 1932 nisi
1581 1897 1644 1933 ex
1668 1882 2069 1951 conjunctione

378 1963 575 2016 formae
605 1980 735 2017 cum
766 1965 1025 2018 materia.
1064 1967 1220 2020 Unde
1251 1968 1955 2037 philosophidicuntillud
1978 1973 2070 2025 de-

379 2052 725 2105 scribentes:
778 2054 908 2106 Esse
968 2060 1051 2107 est
1112 2056 1418 2110 existentia
1448 2058 1647 2111 formae
1692 2059 1750 2111 in
1809 2061 2066 2114 materia.

379 2141 520 2194 Cum
552 2145 742 2194 autem
793 2143 975 2195 forma
1009 2145 1261 2197 materiae
1291 2146 1509 2210 unitur,
1555 2162 1620 2199 ex
1666 2147 2068 2216 conjunctione

376 2229 678 2299 utriusque
732 2233 1051 2285 necessario
1099 2234 1317 2303 aliquid
1364 2250 1544 2288 unum
1583 2236 1967 2291 constituitur.
2013 2240 2075 2291 ln

379 2333 493 2387 qua
534 2319 942 2371 constitutione
997 2321 1136 2373 illud
1198 2338 1375 2375 unum
1425 2340 1539 2376 non
1590 2332 1906 2393 permanet,
1966 2327 2073 2380 nisi

379 2406 635 2474 quandiu
668 2406 859 2459 unitas
891 2407 1133 2462 formam
1166 2426 1296 2463 cum
1330 2413 1571 2465 materia
1616 2417 1790 2467 tenet.
1827 2416 1935 2468 Sed
1977 2416 2071 2469 de-

383 2493 620 2546 structio
667 2494 750 2545 rei
793 2511 907 2547 non
958 2503 1043 2549 est
1074 2498 1228 2551 aliud
1274 2515 1447 2568 quam
1486 2503 1769 2570 separatio
1809 2504 2008 2556 forma:
2042 2521 2075 2557 a

380 2581 617 2633 materia
647 2598 658 2646 ;
693 2583 788 2635 sed
824 2585 1108 2652 separatio
1154 2592 1211 2639 et
1241 2587 1424 2640 unitio
1457 2590 1742 2643 contraria
1775 2596 1925 2657 sunt,
1974 2592 2075 2661 igi-

378 2673 472 2721 tur
494 2671 850 2739 separatione
882 2672 929 2725 si
961 2689 1049 2725 res
1082 2674 1414 2741 destruitur,
1450 2678 1703 2746 profecto
1733 2680 1792 2733 in
1820 2697 1920 2733 suo
1954 2697 2073 2735 esse

379 2773 493 2811 non
524 2758 634 2811 nisi
669 2759 885 2813 unitate
929 2768 1316 2817 conservatur.
1371 2766 1560 2821 Unitio
1611 2773 1801 2820 autem
1850 2785 1965 2822 non
2016 2771 2076 2823 ﬁt

381 2847 489 2900 nisi
521 2848 591 2901 ab
622 2848 841 2902 unitate
873 2866 985 2920 qua
1016 2856 1120 2918 est,
1160 2853 1229 2907 ab
1260 2854 1520 2907 unitione
1556 2857 1711 2926 quod
1742 2862 1863 2909 erat
1893 2874 2073 2912 unum

380 2935 721 2991 dissolvitur.
757 2938 950 2992 Soluta
983 2946 1175 2994 autem
1208 2942 1442 3007 unione,
1485 2943 1797 2998 destruitur
1832 2948 2076 3001 essentia

381 3024 522 3092 ejus,
561 3026 712 3095 quod
746 3042 811 3079 ex
843 3042 1042 3081 earum
1079 3030 1344 3084 unitione
1388 3040 1753 3101 provenerat,
1782 3040 1836 3087 et
1864 3036 1928 3089 ﬁt
1956 3053 2075 3090 non

383 3128 584 3166 unum.
615 3114 976 3184 Quapropter
1007 3118 1151 3171 sicut
1185 3119 1403 3173 unitate
1437 3136 1525 3174 res
1555 3122 1620 3175 ad
1659 3138 1779 3176 esse
1824 3124 2073 3188 ducitur,

386 3202 463 3253 sic
504 3206 561 3254 et
588 3202 647 3254 in
688 3202 786 3256 illo
837 3220 956 3257 esse
1014 3206 1349 3260 custoditur.
1402 3210 1587 3263 Unum
1632 3226 1752 3263 esse
1807 3217 1862 3264 et
1895 3230 2074 3267 unum

382 3290 838 3358 inseparabiliter
872 3294 1219 3348 comitantur
1266 3312 1343 3361 se,
1380 3302 1436 3350 et
1466 3298 1731 3352 videntur
1779 3301 1945 3355 simul
1981 3318 2078 3356 na-

380 3382 523 3436 tura.
562 3378 696 3445 quia
734 3379 889 3431 enim
919 3387 1141 3433 creator
1189 3399 1335 3435 unus
1376 3391 1477 3452 est,
1531 3387 1658 3440 ideo
1718 3388 1888 3443 rebus
1936 3408 2076 3460 quas

2178 1006 2323 1044 eam.
2360 990 2465 1044 Sed
2488 991 2621 1060 quia
2644 1005 2814 1043 omne
2836 994 3089 1044 creatum
3114 990 3404 1045 diversum
3428 996 3509 1045 est
3532 1008 3565 1044 a
3586 1007 3704 1061 quo
3727 1008 3883 1044 crea-

2176 1084 2320 1145 tum,
2347 1080 2600 1147 profecto
2629 1084 2816 1132 creata
2840 1079 3030 1133 unitas
3073 1097 3105 1133 a
3127 1086 3355 1134 creante
3379 1080 3619 1133 omnino
3653 1080 3878 1133 diversa

2180 1184 2297 1221 esse
2319 1169 2533 1233 debuit,
2564 1173 2619 1221 et
2640 1168 2801 1237 quasi
2822 1168 3100 1237 opposita.
3130 1168 3235 1223 Sed
3261 1168 3396 1238 quia
3418 1169 3659 1221 creatrix
3684 1168 3872 1221 unitas

2177 1273 2293 1310 non
2325 1258 2497 1311 habet
2517 1255 2868 1326 principium
2898 1272 3080 1326 neque
3115 1256 3311 1321 ﬁnem,
3347 1272 3449 1310 nec
3486 1258 3871 1325 permutatio-

2179 1362 2331 1411 nem,
2384 1362 2487 1399 nec
2537 1343 2943 1407 diversitatem,
2990 1345 3116 1399 ideo
3161 1348 3363 1399 creata:
3416 1346 3629 1398 unitati
3673 1344 3881 1399 accidit

2180 1434 2591 1505 multiplicitas,
2636 1434 2950 1495 diversitas,
3012 1437 3069 1487 et
3122 1433 3492 1500 mutabilitas,
3556 1434 3641 1487 ita
3702 1438 3768 1485 ut
3828 1434 3884 1487 in

2178 1525 2426 1595 quadam
2462 1523 2701 1577 materia
2725 1524 2797 1576 sit
2827 1523 3041 1575 habens
3068 1522 3436 1593 principium,
3459 1528 3522 1575 ut
3543 1524 3603 1575 in
3634 1539 3881 1592 genera-

2177 1615 2270 1679 tis,
2305 1617 2359 1666 et
2386 1614 2581 1677 tinem,
2634 1611 2695 1665 in
2726 1612 2975 1681 quodam
3026 1627 3158 1664 vero
3193 1616 3251 1665 ut
3306 1612 3366 1663 in
3408 1612 3613 1664 creatis
3656 1612 3884 1680 princi-

2179 1704 2340 1773 pium
2374 1707 2429 1755 et
2466 1701 2663 1768 tinem,
2712 1702 2845 1770 quia
2880 1700 2939 1753 in
2971 1700 3314 1770 quibusdam
3346 1700 3598 1768 subjacet
3640 1715 3881 1769 permu-

2178 1792 2381 1845 tationi
2411 1796 2469 1844 et
2516 1789 2888 1861 corruptioni.
2945 1792 3007 1842 ln
3041 1789 3386 1859 quibusdam
3429 1790 3581 1842 enim
3621 1787 3887 1841 'materia

2180 1886 2264 1935 est
2295 1880 2543 1945 subtilis,
2592 1881 2849 1949 simplex,
2913 1883 3134 1932 remota
3164 1894 3197 1931 a
3230 1878 3631 1931 contrarietate
3672 1884 3731 1931 et
3790 1893 3881 1929 se-

2180 1970 2497 2040 paratione,
2539 1968 2833 2039 perﬁcitur
2881 1973 3070 2021 autem
3104 1968 3156 2020 ei
3200 1967 3387 2020 unitas
3428 1971 3482 2019 et
3513 1966 3706 2019 unitur
3740 1982 3887 2019 cum

2178 2076 2243 2113 ea
2274 2059 2417 2111 sicut
2443 2059 2563 2111 hazc
2601 2062 2657 2110 et
2688 2058 2803 2112 illa.
2838 2056 2991 2111 Sicut
3023 2072 3135 2109 non
3166 2055 3442 2110 divisibile
3467 2057 3524 2108 in
3554 2060 3696 2121 actu,
3731 2056 3890 2108 sicut

2181 2148 2240 2201 in
2269 2146 2591 2201 cmlestibus
2622 2145 2976 2215 corporibus,
3009 2145 3067 2197 in
3106 2144 3446 2215 quibusdam
3479 2144 3661 2197 unitas
3690 2160 3722 2196 a
3762 2159 3890 2196 ma-

2184 2237 2327 2289 teria
2354 2234 2752 2305 inseparabilis
2780 2240 2881 2299 est,
2918 2239 2969 2287 et
3014 2233 3142 2286 ideo
3176 2240 3371 2285 carent
3402 2234 3530 2295 fine,
3578 2233 3708 2301 quia
3738 2248 3890 2301 per-

2183 2330 2355 2394 petua
2394 2330 2545 2378 sunt.
2598 2325 2659 2376 In
2711 2322 2923 2393 quibus
2983 2338 3113 2375 vero
3166 2323 3405 2375 materia
3457 2322 3623 2374 fuerit
3666 2321 3884 2390 spissa,

2183 2414 2387 2467 debilis
2418 2429 2531 2466 non
2578 2412 2918 2481 adsequatur
2958 2412 3038 2463 eis
3072 2411 3281 2475 unitas,
3317 2410 3412 2463 sed
3464 2409 3807 2463 debilitatur
3838 2412 3893 2463 in

2185 2502 2436 2557 uniendo
2467 2517 2665 2555 eorum
2698 2500 3028 2566 essentiam,
3074 2505 3129 2552 et
3159 2500 3232 2552 ob
3261 2499 3369 2551 hoc
3414 2498 3734 2551 dissolvitur
3800 2515 3887 2551 es-

2183 2592 2367 2645 sentia
2397 2606 2620 2655 eorum,
2649 2589 2784 2660 quia
2814 2605 2930 2642 non
2961 2590 3240 2641 retinetur
3269 2588 3338 2641 ab
3366 2588 3583 2641 unitate
3629 2588 3785 2639 sicut.
3824 2588 3883 2640 iu

2184 2681 2469 2751 generatis
2497 2694 2626 2749 quae
2657 2678 2868 2731 habent
2926 2676 3272 2747 principium
3314 2679 3371 2729 et
3404 2675 3595 2729 tinem.
3646 2676 3885 2738 Quanto

2183 2770 2335 2823 enim
2367 2784 2727 2838 unaquaeque
2769 2767 2955 2821 unitas
2986 2765 3364 2836 propinquior
3389 2766 3560 2819 fuerit
3588 2766 3798 2834 prima:
3834 2772 3888 2820 et

2184 2876 2328 2913 verm
2377 2857 2604 2923 unitati,
2647 2862 2803 2909 tanto
2856 2855 3095 2908 materia
3147 2855 3393 2907 formata
3434 2870 3535 2924 per
3577 2856 3731 2907 illam
3765 2856 3885 2908 erit

2185 2947 2366 3016 magis
2394 2963 2507 2999 una
2540 2951 2595 2999 et
2625 2945 2898 3014 simplex;
2949 2949 3003 2995 et
3031 2959 3062 2997 e
3105 2959 3399 3010 converso,
3432 2948 3641 3011 quanto
3678 2958 3878 2996 remo-

2183 3036 2293 3089 tior
2322 3035 2495 3088 fuerit
2527 3050 2557 3086 a
2588 3034 2775 3103 prima
2805 3032 3044 3097 unitate,
3076 3036 3234 3084 tanto
3274 3031 3379 3084 erit
3421 3031 3795 3099 multiplicior
3832 3036 3885 3085 et

2184 3123 2571 3193 compositior,
2607 3128 2663 3174 et
2692 3121 2765 3174 ob
2798 3121 2907 3174 hoc
2942 3120 3131 3174 unitas
3162 3135 3290 3189 quas
3313 3119 3472 3173 duxit
3502 3120 3569 3173 ad
3598 3136 3719 3172 esse
3751 3136 3883 3173 ma-
3918 3178 3919 3191 χ

2183 3213 2386 3266 teriam
2430 3211 2828 3280 intelligentia
2873 3215 2959 3263 est
3003 3210 3184 3277 magis
3240 3225 3371 3275 una,
3419 3214 3475 3261 et
3520 3209 3780 3278 simplex,
3828 3214 3883 3261 et

2187 3315 2303 3352 non
2333 3299 2652 3368 multiplex,
2700 3314 2803 3351 nec
2860 3296 3158 3350 divisibilis
3209 3294 3623 3349 essentialiter:
3678 3297 3777 3349 sed
3836 3298 3877 3349 si

2185 3386 2475 3440 divisibilis
2507 3388 2610 3451 est,
2646 3387 2751 3439 hoc
2772 3386 3059 3456 siquidem
3094 3384 3517 3437 accidentaliter
3539 3392 3640 3449 est,
3666 3390 3724 3437 et
3746 3386 3879 3439 ideo

382 3464 635 3516 condidit
652 3464 835 3516 hocin
850 3482 1089 3519 munere
1109 3469 1282 3535 dedit,
1300 3474 1732 3541 utunaquaeque
1746 3479 2078 3532 essetetiam
2119 3481 2158 3534 C
2189 3476 2309 3529 haec
2336 3476 2525 3529 unitas
2556 3474 2885 3544 simplicior,
2920 3480 2977 3527 et
2994 3473 3176 3542 magis
3206 3489 3321 3525 una
3353 3478 3439 3526 est
3460 3473 3725 3526 omnibus
3757 3475 3881 3527 uni-

380 3567 514 3604 una.
540 3556 617 3605 Ac
648 3567 750 3622 per
778 3552 888 3605 hoc
916 3569 981 3606 ex
1013 3571 1125 3624 quo
1149 3572 1239 3609 res
1277 3558 1449 3611 habet
1479 3576 1621 3627 esse,
1655 3577 1768 3614 una
1802 3569 1885 3617 est
1910 3581 1921 3617 :
1946 3566 2075 3620 ideo

380 3644 567 3692 motus
598 3639 1047 3696 substantiarum
1078 3649 1160 3696 est
1182 3645 1255 3698 ad
1286 3662 1486 3712 unum,
1511 3654 1565 3701 et
1604 3656 1841 3720 propter
1869 3669 2072 3719 unum,

382 3733 437 3781 et
470 3727 610 3781 nihil
653 3745 853 3783 eorum
912 3747 1041 3800 qua:
1090 3738 1224 3786 sunt
1271 3738 1490 3804 appetit
1546 3753 1685 3804 esse,
1748 3740 1843 3792 sed
1881 3742 2077 3796 omnia

382 3818 527 3869 sicut
556 3823 854 3887 appetunt.
893 3821 1109 3874 Habere
1140 3826 1332 3875 autem
1366 3840 1485 3879 esse
1520 3842 1634 3879 non
1678 3835 1918 3896 possunt
1964 3831 2075 3885 nisi

382 3921 580 3970 unum,
613 3906 739 3959 ideo
779 3908 972 3960 omnia
1004 3909 1073 3962 ad
1105 3927 1282 3963 unum
1304 3913 1565 3967 tendunt.
1595 3915 1785 3969 Unitas
1815 3918 1968 3972 enim
1992 3924 2076 3973 est

382 4009 511 4063 qua:
545 3994 668 4047 unit
718 3995 913 4049 omnia
960 4002 1016 4050 et
1046 4002 1200 4052 tenet
1231 4002 1424 4053 omnia
1464 4002 1669 4056 diffusa
1695 4003 1756 4057 in
1808 4007 2075 4062 omnibus

382 4099 505 4152 quae
536 4088 686 4137 sunt.
740 4084 1103 4155 Quapropter
1135 4089 1269 4157 quia
1323 4092 1561 4143 materia
1592 4108 1709 4145 non
1763 4093 1933 4148 habet
1954 4112 2074 4150 esse

384 4170 489 4222 nisi
525 4186 625 4239 per
656 4172 929 4226 unionem
962 4175 1051 4226 sui
1097 4191 1227 4228 cum
1261 4177 1466 4243 forma,
1500 4178 1685 4232 forma
1733 4184 1927 4235 autem
1958 4199 2076 4238 non

381 4263 537 4311 tenet
575 4260 855 4313 unitatem
900 4277 1029 4315 cum
1067 4265 1329 4327 materia,
1382 4266 1493 4318 nisi
1545 4268 1734 4320 unitas
1791 4269 1884 4333 sit,
1946 4271 2073 4325 ideo

382 4348 619 4400 materia
647 4354 776 4418 eget
798 4350 1015 4403 unitate
1044 4352 1112 4403 ad
1138 4352 1452 4406 uniendum
1484 4371 1563 4419 se,
1584 4361 1640 4409 et
1657 4356 1723 4409 de
1751 4363 1952 4411 natura
1974 4377 2076 4415 sua

383 4436 553 4490 habet
600 4439 989 4508 multiplicari,
1035 4439 1209 4493 dividi
1255 4446 1312 4494 et
1340 4444 1551 4513 spargi.
1600 4446 1795 4499 Unitas
1826 4463 1956 4500 vero
1984 4465 2073 4503 re-

381 4524 542 4592 tinet,
580 4526 705 4580 unit
732 4531 787 4580 et
818 4528 1056 4597 colligit,
1080 4545 1143 4581 ac
1172 4546 1277 4599 per
1308 4531 1429 4584 hmo
1460 4549 1532 4585 ne
1568 4534 1808 4587 materia
1848 4536 2074 4591 divida—

382 4617 473 4664 tur
494 4618 550 4667 et
580 4620 901 4685 spargatur,
932 4633 1160 4672 necesse
1192 4624 1278 4672 est
1308 4624 1371 4673 ut
1393 4620 1463 4674 ab
1488 4620 1703 4674 unitate
1734 4623 2069 4678 retineatur.

382 4701 671 4771 Quidquid
719 4710 909 4758 autem
958 4721 1062 4775 per
1105 4723 1163 4760 se
1212 4724 1329 4761 non
1382 4710 1596 4770 unitur,
1630 4726 1732 4779 per
1781 4728 1840 4765 se
1874 4714 2072 4784 utique

2186 3564 2393 3617 tatibus
2426 3580 2551 3633 qua»,
2592 3564 2808 3616 ducunt
2839 3563 2907 3615 ad
2956 3577 3077 3615 esse
3124 3568 3357 3614 caeteras
3401 3561 3771 3628 substantias,
3810 3580 3878 3616 eo

2187 3654 2341 3725 quod
2372 3653 2699 3706 immediate
2734 3652 2986 3705 adhaeret
3033 3650 3237 3721 primae
3272 3651 3477 3703 unitati
3509 3666 3635 3721 quae
3662 3653 3875 3704 creavit

2187 3758 2331 3796 eam.
2388 3741 2492 3795 Sed
2526 3740 2661 3810 quia
2719 3739 2906 3793 uuitas
2963 3738 3274 3792 subsistens
3306 3740 3366 3791 in
3398 3739 3638 3792 materia
3674 3740 3878 3793 intelli-

2187 3829 2393 3898 gentiae
2426 3831 2509 3879 est
2566 3827 2752 3879 unitas
2806 3824 3208 3895 simplicitatis,
3240 3824 3367 3879 ideo
3403 3828 3721 3879 necessario
3750 3826 3873 3880 uni-

2186 3922 2269 3970 tas
2309 3916 2622 3969 subsistens
2662 3915 2717 3967 in
2754 3914 2993 3967 materia
3027 3913 3251 3971 animae,
3282 3912 3416 3982 quia
3436 3912 3583 3964 infra
3615 3928 3741 3966 eam
3772 3918 3873 3977 est,

2185 4004 2383 4055 crescit
2412 4006 2466 4055 et
2514 4003 2944 4072 multiplicatur,
2988 4006 3043 4054 et
3089 4001 3293 4054 accidit
3322 4002 3374 4054 ei
3415 4002 3655 4054 mutatio
3693 4007 3752 4055 et
3792 4002 3872 4054 di-

2185 4092 2444 4159 versitas,
2476 4096 2533 4144 et
2563 4090 2641 4144 sic
2681 4089 2956 4160 paulatim
2987 4089 3383 4143 descendendo
3416 4106 3447 4142 a
3470 4090 3753 4159 superiori
3776 4106 3873 4159 per

2185 4196 2365 4235 unum
2388 4180 2629 4250 gradum
2657 4180 2908 4233 materiae
2935 4177 3173 4231 inferior
3196 4178 3384 4232 unitas
3404 4184 3649 4247 augetur
3664 4184 3719 4231 et
3741 4179 3874 4231 mul-

2184 4270 2473 4339 tiplicatur
2529 4285 2827 4340 quousque
2888 4268 3254 4338 pervenietur
3313 4268 3381 4321 ad
3412 4270 3715 4321 materiam
3750 4283 3869 4337 quae

2185 4358 2427 4412 sustinet
2482 4358 2881 4428 quantitatem,
2947 4357 3179 4423 scilicet,
3247 4356 3629 4410 substantiam
3682 4357 3865 4425 hujus,

2186 4463 2314 4517 quae
2347 4448 2481 4517 quia
2509 4464 2541 4499 a
2561 4447 2747 4517 prima
2780 4445 2997 4499 unitate
3028 4444 3409 4498 remotissima
3433 4452 3536 4508 est,
3573 4450 3629 4497 et
3646 4450 3869 4514 propter

2185 4536 2611 4605 spissitudinem
2667 4534 3044 4588 crassitudine
3098 4549 3201 4587 sua
3243 4534 3509 4603 opposita
3541 4533 3866 4587 substantiae

2184 4624 2465 4693 superiori
2498 4640 2626 4693 quas
2680 4630 2764 4676 est
2794 4623 3019 4676 subtilis
3050 4628 3107 4676 et
3149 4622 3410 4691 simplex,
3462 4622 3737 4694 quoniam
3779 4622 3867 4675 illa

2184 4720 2269 4766 est
2315 4714 2636 4782 subjectum
2684 4711 2954 4781 principii
2986 4717 3040 4764 et
3073 4710 3216 4763 initii
3253 4711 3506 4764 unitatis.
3558 4712 3709 4764 Finis
3742 4726 3865 4763 vero

383 4790 691 4858 spargitur,
722 4793 857 4861 quia
888 4795 1074 4847 omnis
1103 4811 1229 4865 qua:
1260 4797 1393 4850 facit
1420 4798 1673 4868 aliquam
1697 4816 1819 4853 rem
1852 4807 2068 4856 contra-
2108 4822 2150 4875 D
2184 4802 2430 4855 multum
2455 4802 2627 4855 distat
2653 4818 2683 4854 a
2704 4801 3006 4870 principio,
3041 4800 3315 4869 quoniam
3361 4799 3493 4852 linis
3524 4816 3642 4852 non
3673 4804 3754 4853 est
3782 4798 3866 4852 di-

380 4875 525 4929 riam
555 4880 764 4946 agenti,
789 4881 923 4935 facit
949 4886 1287 4937 contrariam
1312 4886 1468 4939 facta)
1502 4888 1601 4940 rei.
1640 4888 2075 4945 Contrariorum

381 4964 535 5017 enim
568 4969 837 5021 contrarii
870 4976 1003 5024 sunt
1026 4973 1291 5028 effectus:
1322 4976 1456 5045 quia
1480 4975 1667 5029 unitas
1704 4977 1837 5031 facit
1869 4995 2071 5047 unum,

380 5055 635 5124 profecto
674 5059 914 5112 materia
943 5060 1078 5114 facit
1105 5062 1464 5131 divisionem,
1510 5081 1573 5118 ac
1610 5081 1715 5134 per
1753 5067 1861 5121 hoc
1884 5068 2071 5121 unitas

380 5159 481 5212 per
514 5162 571 5197 se
601 5147 814 5200 retinet
836 5149 1158 5205 materiam.
1182 5152 1291 5207 Sed
1322 5154 1597 5225 quidquid
1624 5172 1727 5224 per
1756 5173 1813 5209 se
1840 5158 2065 5222 retinet,

377 5248 489 5285 non
526 5239 712 5304 potest
732 5236 915 5292 facere
946 5240 1381 5309 separationem.
1418 5245 1625 5298 Forma
1652 5261 1787 5315 ergo
1825 5247 2071 5301 existens

378 5321 436 5371 in
469 5324 705 5377 materia
729 5330 814 5378 est
842 5343 971 5396 qua:
1004 5328 1227 5396 perlicit
1266 5335 1322 5383 et
1352 5333 1596 5387 custodit
1625 5334 1927 5387 essentiam
1970 5352 2068 5388 cu-

302 5454 309 5493 ,
373 5407 609 5474 juslibet
636 5413 742 5467 rei.
789 5414 985 5468 Unitas
1033 5421 1117 5468 est
1149 5416 1499 5472 descendens
1531 5437 1563 5473 a
1619 5423 1806 5491 prima
1850 5423 2068 5477 unitate

379 5509 507 5563 quae
533 5500 743 5554 creavit
769 5518 917 5557 eam.
950 5503 1139 5559 Prima
1171 5506 1325 5560 enim
1348 5511 1403 5561 et
1428 5523 1545 5563 una
1577 5511 1783 5572 unitas,
1817 5528 1946 5583 quae
1984 5515 2066 5567 est

2184 4896 2303 4943 ctus
2330 4890 2438 4942 nisi
2471 4890 2722 4943 defectus
2755 4889 2977 4941 virtutis
2999 4887 3265 4957 principii
3295 4893 3351 4940 et
3382 4887 3682 4954 terminus,
3716 4887 3860 4941 unde

2183 4979 2498 5031 secundum
2526 4979 2861 5031 descensum
2895 4977 3127 5029 unitatis
3158 4996 3190 5029 a
3217 4976 3511 5045 superiore
3538 4977 3607 5029 ad
3639 4975 3865 5030 inferius

2182 5070 2245 5121 tit
2273 5068 2657 5136 degeneratio,
2690 5066 2805 5118 sive
2830 5065 3209 5134 simplicitatis
3232 5071 3290 5117 et
3323 5066 3728 5119 minorationis
3753 5080 3861 5117 sua:

2180 5156 2419 5220 virtutis,
2454 5158 2520 5209 ad
2552 5153 2988 5208 similitudinem
3015 5170 3180 5224 aqua;
3210 5170 3337 5224 quae
3359 5154 3417 5206 in
3443 5161 3577 5207 ortu
3616 5172 3715 5207 suo
3743 5152 3861 5205 sub-

2181 5245 2295 5297 tilis
2340 5248 2396 5297 et
2450 5245 2596 5296 clara
2629 5246 2895 5308 nascitur,
2932 5242 3030 5295 sed
3062 5244 3336 5312 paulatim
3381 5243 3653 5296 deorsum
3690 5245 3863 5296 ﬂuens

2178 5332 2233 5384 iu
2265 5332 2565 5402 paludibus
2597 5339 2652 5386 et
2677 5332 2893 5401 stagnis
2932 5332 3271 5402 inspissatur
3303 5338 3360 5385 et
3385 5332 3753 5385 obscuratur:
3786 5331 3861 5381 sic

2178 5423 2454 5490 paulatim
2489 5422 2737 5474 variatur.
2769 5420 2954 5473 unitas
2988 5427 3223 5490 propter
3254 5420 3584 5475 varietatem
3617 5419 3858 5473 materiae

2178 5527 2303 5582 quae
2339 5510 2580 5563 sustinet
2626 5524 2794 5576 eam;
2832 5524 2967 5562 nam
3010 5509 3145 5579 quia
3198 5508 3421 5579 aliquid
3471 5513 3559 5563 est
3589 5508 3852 5571 materiae,
