4048 6176
196 206 337 263 107⁵7

1434 206 1638 262 LIBER
1678 205 1769 260 DE
1810 204 2110 263 UNITATE
2148 206 2240 262 ET
2282 207 2438 263 UNO.

3556 206 3689 258 1078

186 343 492 413 spirituale
541 346 597 397 et
643 341 859 412 aliquid
897 343 1208 411 corporale,
1259 346 1343 395 est
1377 341 1595 412 aliquid
1630 342 1751 412 ejus
1783 357 1885 411 pu-
1923 341 1969 393 A
1996 357 2198 409 unum,
2233 346 2297 397 ut
2331 345 2515 411 Deus;
2544 341 2697 396 aliud
2730 342 3077 412 simplicium
3126 339 3453 410 cognitione
3486 355 3687 407 unum,

187 448 323 487 rum
354 438 413 487 et
459 431 715 485 lucidum
745 434 800 483 et
832 428 1050 500 aliquid
1098 431 1221 500 ejus
1262 430 1507 500 spissum
1568 434 1621 483 et
1677 430 1883 483 obscu—

187 536 343 586 rum,
376 524 434 574 et
463 521 572 574 hoc
596 522 831 589 propter
861 519 1260 589 quantitatem,
1311 520 1433 588 ejus
1472 522 1658 589 partes
1682 519 1741 571 in
1780 519 1882 572 ali-

186 608 400 680 quibus
446 612 579 661 sunt
609 606 871 671 rariores,
916 610 983 660 ut
1023 606 1083 661 in
1112 622 1274 673 aere;
1326 606 1388 660 in
1419 606 1706 677 aliquibus
1750 623 1882 660 vero

184 697 522 761 strictiores,
556 699 617 748 ut
645 695 705 748 in
736 694 943 765 lapide.
998 695 1133 749 Ideo
1164 710 1530 766 unaqumque
1572 712 1661 749 res
1696 702 1884 749 mate-

181 784 309 851 rim,
352 784 667 839 secundum
716 783 961 853 gradum
1009 799 1125 837 sum
1182 784 1588 853 elongationis,
1623 799 1653 836 a
1698 782 1886 852 prima

186 873 429 929 unitatis
456 872 681 943 origine
711 872 917 941 recipit
947 871 1250 937 unitatem,
1291 888 1416 941 quae
1444 871 1674 941 dignior
1707 877 1789 925 est
1820 889 1883 925 ex

182 979 291 1016 sua
330 960 687 1032 aptitudine:
740 960 874 1014 inde
921 964 1004 1013 est
1036 960 1190 1030 quod
1239 959 1499 1013 videmus
1530 965 1719 1029 partes
1740 960 1885 1029 ignis

179 1051 363 1105 nimis
397 1050 604 1115 unitas,
658 1050 945 1119 simplices
976 1052 1032 1102 et
1070 1050 1319 1119 mquales
1367 1048 1531 1112 adeo,
1592 1049 1743 1118 quod
1776 1049 1885 1101 for-

182 1156 282 1193 ma
311 1139 435 1208 ejus
463 1138 687 1191 videtur
716 1154 852 1201 una,
887 1152 1005 1190 non
1033 1136 1248 1190 habens
1279 1136 1338 1189 in
1371 1152 1429 1190 se
1471 1136 1880 1190 diversitatem.

182 1230 385 1281 Partes
414 1242 547 1281 vero
577 1226 721 1279 aeris
765 1230 822 1279 et
855 1241 1018 1295 aqum
1062 1226 1385 1279 invenimus
1418 1224 1596 1292 magis
1641 1225 1878 1278 diversi-

180 1316 380 1368 ticatas
411 1318 469 1367 et
495 1319 805 1383 separatas,
838 1313 980 1367 adeo
1016 1313 1169 1382 quod
1200 1318 1389 1383 partes
1422 1329 1620 1365 eorum
1652 1319 1708 1365 et
1749 1300 1899 1365 uni:

181 1408 333 1456 tates
354 1402 599 1457 discerni
642 1405 895 1471 possunt.
940 1403 1002 1454 In
1034 1402 1188 1455 duris
1228 1406 1418 1455 autem
1451 1401 1782 1471 corporibus
1828 1406 1885 1453 et

180 1490 381 1560 spissis
401 1490 637 1544 unitatis
654 1490 776 1559 jam
807 1491 987 1560 major
1018 1490 1310 1544 diversitas
1341 1496 1395 1543 et
1426 1489 1737 1543 obscuritas
1778 1494 1877 1542 est.

178 1579 331 1643 Quia
358 1579 538 1648 igitur
559 1578 798 1631 materia
827 1578 886 1631 in
936 1579 1219 1648 supremis
1269 1578 1512 1632 formata
1551 1584 1634 1630 est
1665 1578 1880 1630 intelli-

177 1667 396 1736 gentiae
441 1667 644 1729 forma,
706 1673 761 1720 et
814 1665 1003 1719 forma
1044 1666 1339 1719 rationalis
1402 1666 1628 1731 animm,
1678 1665 1884 1719 deinde

176 1760 381 1823 postea
404 1756 589 1808 forma
628 1755 837 1807 animae
878 1754 1184 1819 sensibilis,
1223 1754 1429 1807 deinde
1460 1754 1641 1807 forma
1677 1754 1885 1807 animm

178 1842 540 1911 vegetabilis,
574 1842 779 1896 deinde
805 1841 991 1895 forma
1013 1847 1253 1906 naturm,
1289 1842 1355 1894 ad
1392 1843 1658 1896 ultimum
1690 1848 1881 1895 autem

176 1931 317 1985 linis
343 1937 430 1985 est
457 1932 640 1984 forma
680 1930 954 2000 corporis,
1001 1931 1088 1983 hic
1126 1946 1241 1983 non
1281 1930 1485 1983 accidit
1530 1947 1593 1983 ex
1640 1929 1882 1983 diversi-

174 2025 295 2073 tate
318 2020 543 2073 virtutis
563 2019 806 2089 agentis,
839 2020 933 2072 sed
965 2035 1032 2072 ex
1057 2019 1380 2089 aptitudine
1407 2018 1661 2071 materim
1712 2018 1883 2070 susci-

175 2109 410 2178 pientis.
447 2110 647 2161 Forma
676 2106 834 2160 enim
866 2112 951 2160 est
991 2108 1153 2176 quasi
1188 2107 1404 2171 lumen,
1455 2123 1520 2159 eo
1552 2106 1703 2175 quod
1737 2106 1882 2159 sicut

175 2213 283 2266 per
330 2198 520 2250 lumen
553 2212 643 2249 res
676 2196 919 2261 videtur,
977 2196 1055 2247 sic
1086 2210 1188 2264 per
1236 2196 1481 2247 formam
1543 2195 1792 2263 cognitio
1826 2199 1882 2247 et

174 2285 796 2350 scientiareihabetur,
821 2299 935 2337 non
953 2300 1056 2353 per
1076 2285 1375 2336 materiam
1398 2300 1410 2347 ;
1438 2283 1534 2336 sed
1560 2284 1663 2335 hoc
1684 2284 1881 2336 lumen

174 2374 233 2428 in
294 2374 642 2444 quibusdam
687 2378 771 2425 est
803 2372 1028 2436 clarius,
1086 2372 1143 2425 in
1177 2372 1519 2441 quibusdam
1561 2371 1876 2438 obscurius,

169 2466 353 2533 prout
400 2461 640 2515 materia
692 2460 782 2513 cui
831 2459 1153 2514 infunditur
1204 2460 1389 2512 forma
1433 2464 1515 2512 est
1571 2459 1775 2512 clarior
1825 2464 1880 2512 et

174 2551 505 2607 obscurior.
562 2550 682 2613 Quo
743 2549 895 2602 enim
943 2548 1182 2601 materia
1240 2546 1414 2601 fuerit
1452 2546 1769 2613 sublimior,
1816 2547 1880 2601 ﬁt

178 2640 453 2694 subtilior
495 2643 552 2693 et
601 2642 935 2708 penetratur
973 2641 1094 2690 tota
1140 2652 1171 2688 a
1217 2636 1457 2701 lumine,
1492 2640 1545 2690 et
1576 2636 1703 2689 ideo
1750 2635 1879 2689 sub-

174 2732 396 2787 stantia
427 2730 546 2799 ipsa
577 2729 891 2798 sapientior
920 2733 974 2780 et
1004 2727 1327 2796 perfectior,
1361 2727 1506 2780 sicut
1543 2726 1874 2797 intelligen-

171 2822 256 2874 tia
291 2824 351 2872 et
386 2818 680 2872 rationalis
724 2817 934 2870 anima.
970 2817 1039 2870 Et
1069 2832 1097 2868 e
1158 2831 1426 2869 converso
1485 2832 1599 2885 quo
1638 2816 1873 2869 materia

1928 1617 1964 1670 Β

169 2908 357 2963 fuerit
380 2908 640 2970 inferior,
696 2906 756 2959 tit
781 2905 1039 2975 spissior,
1082 2909 1138 2957 et
1169 2902 1487 2963 obscurior,
1533 2909 1589 2956 et
1641 2920 1757 2957 non
1799 2906 1877 2958 ita
1915 2897 1955 2950 C

170 3000 517 3067 penetratur
546 2994 845 3060 alumine,
889 3009 1002 3063 quo
1036 2993 1275 3046 materia
1328 2993 1511 3060 magis
1561 2992 1874 3060 descendit,

169 3085 461 3154 sicutjam
488 3099 662 3153 supra
683 3083 897 3137 dictum
929 3087 1035 3151 est,
1063 3081 1491 3152 constringitur,
1517 3086 1573 3133 et
1600 3081 1878 3149 spissatur

167 3178 225 3227 et
259 3173 719 3241 corpulentatur,
755 3176 812 3224 et
840 3176 1028 3240 partes
1061 3171 1183 3240 ejus
1214 3170 1419 3223 medim
1446 3169 1754 3240 prohibent
1788 3170 1874 3222 ul-

168 3263 349 3316 timas
381 3262 626 3331 perfecte
657 3256 945 3330 penetrari
976 3276 1009 3312 a
1041 3259 1279 3312 lumine.
1314 3260 1438 3313 Non
1466 3258 1620 3312 enim
1647 3263 1730 3311 est
1750 3274 1877 3327 pos-

164 3350 343 3404 sibile
388 3353 451 3402 ut
496 3350 721 3401 tantum
772 3347 1005 3402 luminis
1032 3352 1297 3417 penetret
1327 3347 1655 3415 secundam,
1686 3363 1875 3417 quan-

161 3444 300 3493 tum
332 3437 603 3506 primam,
635 3452 739 3490 nec
767 3436 837 3489 ad
870 3436 1096 3489 tertiam
1128 3440 1353 3489 tantum
1398 3436 1632 3488 luminis
1672 3451 1876 3505 perve-

163 3530 299 3583 niat
342 3532 625 3596 quantum
674 3525 743 3579 ad
792 3512 1063 3591 mediam,
1112 3529 1169 3578 et
1227 3525 1306 3577 sic
1365 3525 1642 3593 paulatim
1691 3525 1876 3579 donec

166 3614 545 3681 pervenietur
577 3629 755 3683 usque
784 3614 856 3666 ad
884 3617 1107 3682 partem
1136 3612 1390 3665 materiae
1422 3612 1703 3665 intimam.
1739 3614 1874 3675 Qum

160 3706 314 3776 quia
341 3702 722 3756 remotissima
764 3706 849 3754 est
880 3717 913 3753 a
941 3700 1095 3753 fonte
1128 3700 1385 3768 luminis,
1418 3701 1616 3754 lumen
1665 3700 1871 3754 debili-

159 3800 329 3848 tatur
358 3793 419 3845 in
449 3791 566 3857 illa,
600 3805 702 3843 nec
732 3796 924 3843 tamen
947 3789 1074 3851 hoc,
1103 3789 1247 3841 sicut
1268 3789 1481 3842 dictum
1509 3794 1611 3855 est,
1636 3795 1873 3859 propter

158 3884 371 3936 lumen
400 3881 456 3933 in
485 3896 565 3942 se,
598 3878 695 3932 sed
746 3882 984 3947 propter
1012 3878 1256 3930 multam
1287 3877 1640 3931 debilitatem
1688 3883 1745 3931 et
1774 3878 1871 3931 ob-

157 3970 503 4026 scuritatem
562 3967 818 4021 materiae
872 3967 931 4019 in
992 3983 1069 4019 se.
1118 3966 1615 4029 Quemadmodum
1674 3968 1869 4020 lumen

156 4061 329 4125 solis,
361 4074 490 4111 cum
520 4057 867 4110 admiscetur
915 4057 1217 4108 tenebroso
1266 4056 1405 4120 aeri,
1439 4071 1557 4107 non
1590 4060 1674 4107 est
1717 4055 1867 4107 illius

156 4147 396 4202 virtutis
427 4147 587 4215 cujus
618 4151 701 4198 est
748 4144 1056 4197 admistum
1102 4144 1252 4196 claro
1283 4143 1435 4209 aeri;
1468 4144 1555 4194 vel
1589 4144 1862 4212 quemad-

158 4237 407 4291 modum
437 4249 662 4301 pannus
714 4232 876 4286 albus
927 4230 1297 4285 tenuissimus
1345 4246 1473 4284 cum
1528 4230 1785 4284 induitur
1835 4250 1867 4286 a

154 4339 411 4394 corpore
459 4323 624 4392 nigro
668 4322 986 4375 occultatur
1019 4320 1227 4373 candor
1260 4320 1381 4388 ejus
1412 4326 1645 4389 propter
1677 4321 1866 4374 abun-

154 4416 425 4468 dantiam
458 4410 813 4480 nigredinis;
867 4410 954 4462 vel
999 4409 1487 4479 quemadmodum
1529 4410 1576 4461 si
1616 4415 1730 4461 tres
1783 4410 1868 4463 vel

154 4506 364 4573 plures
394 4503 658 4555 fenestrae
712 4501 904 4553 vitreae
934 4514 1050 4552 una
1096 4503 1225 4568 post
1272 4498 1443 4550 aliam
1487 4503 1632 4550 recte
1668 4504 1868 4552 contra

154 4590 396 4646 radium
436 4590 570 4643 solis
622 4590 1000 4658 disponantur
1044 4587 1102 4639 in
1142 4586 1365 4650 ordine,
1412 4591 1633 4639 constat
1682 4587 1866 4656 siqui-

152 4681 293 4734 dem
314 4678 469 4747 quod
491 4676 739 4729 secunda
762 4677 951 4728 minus
984 4675 1186 4743 recipit
1210 4674 1441 4727 luminis
1461 4691 1634 4743 quam
1659 4678 1865 4745 prima,

153 4776 217 4823 et
250 4767 428 4821 tertia
453 4765 645 4817 minus
679 4780 853 4834 quam
886 4764 1129 4816 secunda
1156 4779 1168 4826 ;
1201 4769 1257 4815 et
1299 4762 1376 4815 sic
1410 4779 1588 4831 usque
1624 4764 1694 4817 ad
1734 4763 1866 4817 ulti-

156 4872 321 4911 mam
375 4854 436 4908 tit
468 4853 719 4905 defectus
772 4852 1005 4905 luminis
1053 4868 1165 4903 non
1200 4855 1431 4920 pr0pter
1462 4852 1660 4905 lumen
1687 4852 1745 4904 in
1786 4868 1865 4917 se,

151 4945 259 4998 sed
294 4946 534 5014 propter
565 4941 995 5009 elongationem
1027 4940 1292 4993 fenestrm
1321 4939 1508 4993 vitreae
1535 4957 1567 4992 a
1610 4941 1826 4993 lumine
1852 4958 1865 4995 :

150 5037 239 5088 ita
275 5036 338 5084 ut
372 5031 569 5083 lumen
608 5030 806 5082 formae
838 5029 1072 5081 unitatis
1100 5029 1253 5098 quod
1286 5028 1536 5082 infusum
1580 5034 1665 5082 est
1698 5034 1869 5083 mate-

150 5124 265 5176 rim
296 5119 697 5173 descendendo
730 5118 831 5171 iiat
862 5118 1047 5171 debile
1071 5126 1127 5170 et
1158 5117 1484 5179 obscurum,
1510 5118 1590 5170 ita
1618 5120 1867 5187 primum

148 5213 287 5281 ejus
318 5208 566 5261 multum
594 5207 875 5276 discrepet
898 5222 928 5259 a
960 5206 1167 5272 medio,
1195 5212 1252 5259 et
1270 5206 1525 5259 medium
1549 5208 1617 5259 ab
1642 5208 1864 5273 ultimo,

150 5306 212 5353 et
248 5301 492 5366 propter
553 5296 697 5347 hanc
758 5294 1145 5349 diversitatem
1202 5295 1399 5349 formae
1462 5296 1715 5361 unitatis,
1753 5313 1867 5350 non

151 5402 282 5441 uno
314 5384 509 5445 modo,
544 5384 642 5436 sed
691 5383 973 5452 pluribus,
1027 5383 1233 5436 dicitur
1277 5383 1494 5453 aliquid
1545 5384 1615 5435 ab
1648 5384 1865 5439 unitate

150 5488 372 5531 unum.
412 5472 597 5526 Unum
650 5470 808 5527 enim
850 5471 1007 5525 aliud
1066 5476 1150 5524 est
1193 5471 1453 5523 essentim
1500 5468 1864 5537 simplicitate

1996 436 2059 483 ut
2089 432 2324 499 angelus
2344 436 2397 484 et
2421 432 2630 497 anima,
2659 448 2904 503 quorum
2926 430 3382 498 unumquodque
3405 433 3489 481 est
3508 445 3683 482 unum

1996 521 2399 589 conjunctione
2434 522 2685 574 materiae
2716 526 2772 575 et
2819 521 3035 573 formm.
3068 518 3236 571 Aliud
3280 522 3363 569 est
3401 517 3689 569 continui-

1994 612 2109 661 tate
2140 625 2342 674 unum,
2379 614 2439 661 ut
2465 610 2632 662 arbor
2653 614 2707 662 et
2741 613 2919 678 petra.
2954 607 3120 661 Aliud
3153 612 3239 658 est
3278 604 3689 673 compositione

1998 713 2196 763 unum,
2242 704 2303 750 ut
2332 715 2395 751 ex
2438 698 2631 750 multis
2671 696 2882 750 tabulis
2931 713 3043 748 una
3084 711 3233 759 arca,
3270 695 3356 747 vel
3392 710 3459 746 ex
3492 694 3687 746 multis

1995 785 2307 855 parietibus
2328 802 2443 838 una
2473 786 2696 838 domus.
2730 785 2853 837 Alia
2903 785 3172 837 dicuntur
3206 798 3384 835 unum
3418 798 3689 851 aggrega-

1994 876 2167 937 tione,
2232 881 2297 927 ut
2352 874 2619 944 populus,
2679 890 2834 942 grex,
2896 871 3190 941 congeries
3250 872 3531 939 lapidum,
3602 872 3691 924 vel

1994 979 2225 1016 acervus
2274 963 2466 1015 tritici.
2520 962 2639 1015 Alia
2671 960 2939 1013 dicuntur
2984 958 3378 1028 propositione
3412 975 3592 1011 unum
3628 964 3691 1012 ut

1994 1059 2179 1105 rector
2213 1052 2391 1115 navis,
2424 1055 2480 1103 et
2509 1052 2859 1117 gubernator
2905 1048 3146 1101 civitatis
3184 1047 3454 1100 dicuntur
3484 1064 3689 1115 unum,

1995 1139 2368 1193 similitudine
2415 1137 2603 1191 officii.
2658 1137 2781 1190 Alia
2832 1136 3101 1189 dicuntur
3142 1152 3323 1187 unum
3379 1135 3689 1203 accidente,

1994 1233 2051 1279 ut
2086 1229 2305 1280 diversa
2325 1227 2576 1295 subjecta
2596 1226 2848 1293 ejusdem
2883 1224 3175 1294 qualitatis
3206 1225 3474 1277 dicuntur
3494 1240 3675 1277 unum

1993 1317 2052 1368 in
2084 1333 2149 1369 ea
2180 1316 2475 1386 qualitate,
2513 1316 2657 1368 sicut
2702 1315 2795 1367 nix
2827 1319 2881 1367 et
2903 1330 3119 1382 cygnus
3153 1330 3333 1366 unum
3368 1318 3500 1366 sunt
3531 1314 3686 1367 albe-

1993 1405 2150 1458 diue.
2189 1405 2311 1457 Alia
2342 1404 2611 1457 dicuntur
2654 1419 2832 1455 unum
2866 1418 3130 1467 numero,
3182 1406 3243 1454 ut
3275 1402 3495 1454 diversa
3542 1402 3684 1454 acci-

1994 1494 2188 1546 dentia
2245 1509 2375 1562 quae
2420 1492 2605 1544 eidem
2666 1492 2922 1561 subjecto
2958 1492 3153 1543 insunt
3213 1490 3484 1543 dicuntur
3506 1506 3689 1543 unum

1993 1597 2256 1645 numero,
2290 1581 2347 1633 1d
2387 1581 2554 1632 estin
2602 1579 2980 1644 numerando,
3028 1584 3090 1632 ut
3138 1579 3241 1631 hoc
3282 1580 3465 1643 dulce,
3502 1580 3689 1632 ethoc

1995 1671 2309 1737 cerulcum,
2356 1670 2438 1722 vel
2475 1669 2583 1721 hoc
2622 1669 2882 1737 longum,
2934 1668 3019 1720 vel
3067 1667 3171 1720 hoc
3204 1668 3401 1720 latum.
3435 1667 3561 1720 Alia
3609 1668 3689 1721 di-

1993 1763 2198 1811 cuntur
2225 1774 2406 1811 unum
2448 1757 2688 1818 ratione,
2727 1757 2822 1810 sed
2867 1757 2974 1809 hoc
3025 1756 3249 1808 duobus
3300 1756 3504 1815 modis.
3553 1755 3691 1825 quia

1996 1846 2209 1898 ratione
2258 1846 2552 1909 consortii,
2596 1851 2659 1898 ut
2715 1862 2829 1907 ens,
2874 1845 3197 1898 intellectus
3231 1848 3285 1896 et
3317 1859 3426 1909 res,
3472 1844 3689 1913 aliquid

1993 1940 2047 1986 et
2076 1935 2415 1986 vocabulum
2448 1950 2631 1987 unum
2665 1949 2884 2002 genus;
2921 1934 3007 1986 vel
3042 1932 3260 1984 ratione
3284 1932 3455 1984 unius
3501 1948 3687 1985 sacra-

1992 2022 2189 2086 menti,
2230 2027 2291 2075 ut
2323 2023 2570 2092 spiritus,
2624 2038 2771 2091 aqua
2817 2026 2872 2074 et
2920 2020 3151 2089 sanguis
3183 2020 3451 2073 dicuntur
3482 2037 3684 2074 unum.

1992 2111 2112 2163 Alia
2138 2111 2403 2163 dicuntur
2436 2116 2640 2162 natura
2683 2126 2881 2175 unum,
2917 2115 2979 2161 ut
3008 2108 3442 2177 participatione
3475 2108 3688 2178 speciei

1989 2200 2180 2268 plures
2211 2199 2475 2251 homines
2522 2215 2686 2252 unus.
2734 2198 2859 2251 Alia
2911 2198 3180 2249 dicuntur
3228 2212 3409 2249 unum
3451 2198 3687 2250 natione

1989 2290 2071 2339 vel
2101 2288 2315 2357 lingua,
2351 2294 2414 2339 ut
2444 2287 2610 2339 multi
2655 2286 2921 2340 homines
2951 2285 3220 2339 dicuntur
3254 2301 3369 2337 una
3405 2302 3546 2354 gens
3596 2286 3686 2339 vel

1987 2392 2102 2429 una
2134 2377 2333 2428 tribus.
2384 2375 2507 2428 Alia
2537 2376 2805 2429 dicuntur
2836 2390 3018 2428 unum
3050 2389 3227 2440 more,
3261 2374 3359 2427 sed
3390 2374 3499 2426 hoc
3540 2375 3684 2427 duo-

1987 2465 2093 2519 bus
2141 2465 2341 2529 modis,
2389 2464 2469 2517 vel
2529 2464 2664 2534 quia
2715 2464 3025 2515 secundum
3074 2478 3413 2515 consensum
3460 2462 3686 2515 virtutis

1987 2558 2042 2605 et
2089 2554 2431 2619 dilectionis,
2486 2559 2547 2605 ut
2586 2552 2974 2606 multitudinis
3019 2552 3373 2605 credentium
3422 2556 3545 2605 erat
3591 2568 3688 2605 cor

1989 2657 2163 2694 unum
2195 2646 2249 2694 et
2292 2642 2503 2695 anima.
2552 2642 2646 2693 Vel
2686 2640 3003 2694 secundum
3051 2656 3394 2693 consensum
3427 2640 3683 2708 ejusdem

1987 2730 2106 2781 vitii
2152 2730 2342 2798 plures
2374 2729 2636 2782 homines
2666 2730 2935 2782 dicuntur
2967 2745 3167 2791 unum,
3199 2732 3259 2781 ut
3301 2729 3401 2797 qui
3436 2728 3688 2781 adhaeret

1988 2818 2270 2871 meretrici
2302 2834 2483 2871 unum
2513 2833 2719 2888 corpus
2749 2818 3009 2871 efficitur.
3056 2818 3145 2869 Sic
3178 2816 3372 2869 omnia
3402 2818 3686 2869 unitatem

1988 2912 2289 2975 appetunt,
2346 2912 2407 2959 ut
2449 2906 2622 2959 etiam
2671 2923 2737 2960 ea
2780 2908 2961 2959 multa
3011 2910 3143 2958 sunt
3188 2921 3315 2975 qum
3365 2919 3544 2957 unum
3574 2904 3686 2958 dici

1986 2997 2202 3049 volunt.
2258 2996 2623 3064 Quaecunque
2681 2994 2834 3047 enim
2884 2999 3015 3047 sunt
3063 2994 3215 3047 idem
3261 2994 3416 3062 quod
3450 2998 3581 3046 sunt
3622 2997 3686 3047 ut

1986 3100 2118 3137 vera
2152 3084 2368 3137 unitate
2400 3099 2519 3137 esse
2552 3084 2837 3147 nituntur,
2872 3088 2934 3135 ut
2966 3100 3093 3135 eam
3125 3082 3451 3135 simulando
3488 3082 3682 3135 nitun-

1985 3179 2097 3226 tur.
2145 3172 2438 3243 Quidquid
2484 3173 2639 3225 enim
2696 3174 2783 3225 vel
2834 3178 2917 3225 est
2966 3188 3166 3235 unum,
3226 3172 3314 3223 vel
3360 3175 3441 3223 est
3491 3171 3678 3239 plura.

1988 3265 2286 3317 Pluralitas
2321 3268 2514 3315 autem
2550 3278 2665 3315 non
2697 3267 2779 3315 est
2811 3261 2916 3314 nisi
2959 3278 3023 3313 ex
3055 3261 3460 3329 aggregatione
3492 3259 3680 3312 unita-

1984 3356 2146 3417 tum;
2180 3368 2303 3421 qum
2340 3351 2585 3404 unitates
2613 3350 2660 3404 si
2706 3354 2839 3403 sunt
2877 3351 3235 3419 disgregatm,
3288 3349 3506 3402 faciunt
3538 3348 3683 3402 mul-

1984 3441 2325 3507 titudinem;
2389 3441 2477 3493 sin
2511 3456 2644 3493 vero
2704 3440 2917 3493 fuerint
2974 3439 3263 3491 continuae
3312 3437 3371 3489 in
3418 3436 3676 3501 materia,

1983 3530 2200 3583 faciunt
2262 3529 2744 3598 magnitudinem.
2822 3530 3179 3597 Quapropter
3235 3526 3386 3578 inter
3434 3524 3681 3578 unitates

1984 3618 2316 3687 quantitatis
2348 3619 2604 3671 discretae
2636 3623 2692 3670 et
2730 3617 2979 3669 unitates
3025 3615 3361 3685 quantitatis
3394 3613 3681 3665 continuae

1983 3706 2344 3759 subsistentis
2389 3706 2447 3757 in
2482 3705 2722 3757 materia
2766 3704 2907 3757 nihil
2942 3704 3197 3769 interest,
3252 3702 3387 3772 quia
3416 3702 3528 3753 illm
3572 3702 3680 3753 dis-

1982 3799 2232 3862 gregatm
2261 3797 2391 3845 sunt
2423 3796 2479 3846 et
2504 3792 2617 3843 illm
2636 3792 2941 3844 continuae.
2979 3790 3324 3845 Continuum
3350 3805 3530 3857 genus
3563 3805 3678 3841 non

1982 3886 2067 3934 est
2114 3881 2221 3933 nisi
2273 3896 2340 3933 ex
2402 3880 2666 3944 discreto,
2715 3880 2850 3948 quia
2903 3879 3225 3932 intellectus
3283 3877 3677 3930 continuitatis

1980 3985 2096 4022 non
2123 3973 2204 4021 est
2236 3967 2293 4020 in
2324 3968 2619 4031 continuo,
2655 3967 2767 4019 nisi
2797 3967 3155 4019 continuatio
3190 3967 3671 4033 disgregatorum.

1979 4062 2049 4111 At
2078 4063 2310 4127 propter
2340 4057 2445 4109 hoc
2466 4071 2697 4108 necesse
2725 4060 2811 4107 est
2831 4064 2892 4107 ut
2924 4055 3195 4107 continua
3240 4054 3529 4122 quantitas
3560 4069 3676 4104 non

1981 4146 2239 4198 adveniat
2288 4145 2346 4197 in
2397 4143 2712 4197 substantia
2769 4141 2878 4195 nisi
2925 4158 2993 4195 ex
3044 4141 3376 4193 unitatibns.
3435 4141 3673 4203 Quando

1980 4234 2136 4288 enim
2165 4242 2385 4303 partem
2409 4232 2744 4302 quantitatis
2775 4232 3108 4300 signaveris,
3142 4246 3368 4282 necesse
3400 4234 3484 4282 est
3514 4235 3575 4281 ut
3602 4229 3673 4280 sit

1979 4340 2157 4377 unum
2190 4324 2271 4375 vel
2308 4324 2490 4391 plura.
2517 4322 2624 4375 Sed
2658 4320 2845 4374 omnis
2876 4320 3172 4389 pluralitas
3206 4320 3292 4388 (ut
3315 4319 3530 4371 dictum
3564 4319 3669 4385 est)

1976 4425 2039 4461 ex
2090 4409 2404 4462 unitatibus
2447 4415 2547 4462 est.
2595 4408 2747 4461 Unde
2779 4413 2974 4475 aperte
3024 4407 3192 4459 datur
3223 4405 3467 4473 intelligi
3514 4404 3672 4473 quod

1977 4498 2234 4551 discretm
2267 4503 2319 4549 et
2366 4497 2652 4549 continuae
2714 4495 3045 4565 quantitatis
3096 4493 3251 4546 radix
3304 4508 3419 4544 una
3470 4496 3571 4557 est,
3600 4508 3666 4543 eo

1978 4586 2131 4656 quod
2171 4586 2484 4654 composita
2510 4591 2644 4637 sunt
2678 4601 2743 4637 ex
2784 4600 2897 4636 una
2948 4600 3025 4647 re,
3081 4587 3136 4635 et
3188 4581 3558 4633 resolvuntur
3601 4580 3671 4633 ad

1978 4691 2176 4728 unum.
2216 4676 2277 4727 Et
2308 4675 2480 4727 etiam
2514 4676 2648 4742 quia
2690 4672 2945 4740 corporis
2978 4676 3164 4738 partes
3196 4686 3309 4739 quo
3343 4670 3521 4737 magis
3549 4671 3673 4723 fue-

1978 4766 2091 4815 rint
2119 4764 2225 4816 sibi
2257 4762 2578 4831 conjunetae
2626 4764 2680 4813 et
2729 4759 3069 4819 constrictae,
3105 4760 3292 4828 ipsum
3327 4775 3532 4827 corpus
3566 4759 3673 4811 erit

1977 4852 2215 4920 spissius
2246 4857 2300 4902 et
2333 4850 2512 4919 magis
2535 4854 2837 4919 quantum,
2891 4855 2949 4900 ut
2978 4848 3221 4916 lapidis:
3259 4854 3316 4900 et
3347 4864 3376 4899 e
3398 4863 3670 4901 converso

1977 4958 2090 5011 quo
2118 4940 2301 5005 magis
2330 4939 2540 4991 fuerint
2573 4944 2759 5007 partes
2806 4937 3063 5005 corporis
3111 4937 3399 4989 dissolutae
3431 4941 3487 4991 et
3520 4938 3667 5002 latae,

1976 5029 2163 5098 ipsum
2214 5030 2319 5081 erit
2375 5028 2637 5081 subtilius
2668 5032 2725 5078 et
2755 5027 2933 5079 levius
2966 5031 3019 5078 et
3060 5026 3248 5078 minus
3280 5032 3580 5096 quantum,
3612 5030 3673 5077 ut

1976 5134 2091 5169 aer.
2130 5119 2335 5170 Verum
2382 5124 2465 5169 est
2509 5116 2685 5184 igitur
2718 5115 2869 5185 quod
2924 5116 3195 5167 continua
3243 5116 3530 5184 quantitas
3556 5130 3668 5164 non

1976 5207 2128 5258 venit
2158 5207 2213 5259 in
2265 5205 2660 5270 substantiam,
2719 5204 2827 5255 nisi
2878 5221 2945 5257 ex
2994 5204 3394 5274 conjunctione
3430 5206 3486 5252 et
3528 5217 3668 5252 con-

1975 5295 2284 5349 structione
2336 5296 2618 5347 unitatum
2672 5293 2731 5346 in
2780 5294 2895 5345 illa.
2963 5293 3153 5346 [initas
3200 5292 3373 5359 igitur
3429 5292 3511 5340 est
3558 5305 3672 5357 qua

1976 5400 2334 5454 unaquaeque
2363 5399 2451 5436 res
2487 5400 2599 5436 una
2628 5388 2731 5449 est,
2766 5387 2820 5436 et
2851 5389 2935 5435 est
2964 5384 3018 5435 id
3050 5380 3203 5450 quod
3229 5384 3328 5430 est.
