4104 6176
438 253 575 309 1079

1727 253 1845 310 ΑΝ.
1891 252 2100 312 ΜΑΝι.
2141 252 2304 312 SEV.
2349 254 2604 313 BOETII.

3752 267 3865 323 i080

435 384 3862 418 1“

1074 494 1357 609 AN.
1475 494 2021 608 MANL.
2146 498 2505 608 SEV.
2627 499 3281 612 BOETII

1439 668 1661 792 DE
1738 669 2917 797 ARITHMETICA

1892 858 2150 946 LIBRI
2214 859 2451 948 DUO.

1095 1031 1479 1087 ΡΒᾸΞῈΑΤΙΟ.

506 1119 570 1171 In
599 1117 798 1172 dandis
822 1120 1257 1189 accipiendisque
1285 1122 1618 1189 muneribus,
1654 1123 1734 1175 ita
1762 1125 1904 1176 recte
1934 1123 2124 1190 ofﬁcia,

431 1209 706 1276 praecipue
741 1211 884 1262 inter
913 1225 996 1263 eos
1031 1213 1126 1278 qui
1163 1226 1274 1264 sese
1303 1213 1726 1280 magnifaciunt,
1761 1215 2126 1278 xstimantur,

435 1297 488 1348 si
520 1295 730 1364 liquido
762 1300 1044 1367 constabit,
1093 1315 1186 1354 nec
1236 1300 1304 1353 ab
1341 1300 1434 1354 hoc
1478 1301 1634 1354 aliud
1671 1301 1815 1368 quod
1845 1301 2127 1354 liberalius

435 1387 657 1454 afferret
683 1389 980 1455 inventum,
1013 1405 1105 1443 nec
1145 1389 1212 1442 ab
1251 1391 1342 1444 illo
1366 1405 1630 1458 unquam,
1663 1390 1808 1458 quod
1828 1390 2127 1458 jucundius

437 1474 800 1530 benevolentia
847 1480 1286 1547 complecteretur
1312 1484 1606 1548 acceptum.
1655 1480 1783 1532 Haec
1815 1481 1930 1547 ipse
1957 1482 2129 1533 consi-

435 1561 654 1632 derans,
689 1567 855 1620 attuli
884 1583 987 1621 non
1018 1572 1221 1635 ignava
1250 1583 1409 1637 opum
1436 1568 1700 1637 pondera,
1728 1567 1932 1632 quibus
1955 1568 2030 1621 ad
2044 1569 2130 1634 fa-

432 1655 586 1707 cinus
616 1655 759 1709 nihil
777 1658 1098 1711 instructius
1129 1662 1226 1724 est,
1259 1672 1377 1711 cum
1407 1657 1644 1710 habendi
1668 1659 1792 1710 sitis
1819 1657 2124 1711 incanduit.

433 1737 526 1791 Ad
555 1741 804 1793 meritum
827 1740 969 1794 nihil
997 1742 1184 1808 vilius,
1217 1757 1335 1795 cum
1365 1757 1426 1795 ea
1449 1741 1558 1796 sibi
1584 1744 1757 1795 victor
1778 1744 1992 1795 animus
2015 1743 2126 1795 cal-

433 1830 553 1880 cata
584 1828 832 1896 subjecit,
866 1829 960 1882 sed
984 1845 1046 1883 ea
1073 1844 1193 1894 qua
1229 1845 1297 1883 ex
1333 1832 1650 1884 Graecarum
1676 1831 1952 1897 opulentia
1978 1831 2126 1884 litte-

431 1930 640 1982 rarum,
674 1919 730 1970 in
758 1919 1011 1972 Romanx
1034 1920 1293 1972 orationis
1316 1920 1631 1974 thesaurum
1652 1922 1870 1988 sumpta
1883 1921 2128 1973 convexi-

433 2018 566 2058 mus.
590 2006 684 2058 lta
713 2007 852 2059 enim
871 2011 974 2060 mei
995 2023 1205 2075 quoque
1229 2010 1405 2077 operis
1429 2011 1567 2063 mihi
1585 2012 1734 2064 ratio
1764 2009 2049 2076 constabit,
2082 2011 2131 2063 si

435 2107 552 2160 qua
582 2109 648 2147 ex
668 2097 951 2163 sapientiae
984 2097 1247 2151 doctrinis
1279 2099 1462 2164 clicui,
1495 2101 1889 2168 sapientissimi
1915 2098 2127 2167 judicio

434 2184 858 2251 comprobantur.
895 2186 1057 2240 Vides
1104 2189 1278 2254 igitur
1306 2193 1365 2241 ut
1397 2193 1506 2241 tam
1536 2190 1723 2254 magni
1767 2188 1966 2243 laboris
1996 2187 2127 2256 θίγε-

435 2274 574 2336 ctus,
611 2277 763 2326 tuum
794 2278 1008 2327 tantum
1041 2281 1307 2344 exspectet
1336 2292 1581 2344 examen,
1614 2292 1708 2331 nec
1736 2279 1794 2330 in
1819 2290 1980 2330 aures
1999 2289 2131 2343 pro-

435 2359 555 2412 dire
581 2363 848 2428 publicas,
874 2365 984 2416 nisi
998 2363 1164 2418 doctae
1185 2369 1461 2420 sententiae
1482 2367 1869 2435 astipulatione
1891 2368 2125 2419 nitatur.

435 2448 498 2499 In
530 2463 632 2510 quo
688 2450 830 2502 nihil
859 2453 1059 2504 mirum
1089 2452 1270 2505 videri
1314 2454 1486 2516 debet,
1537 2470 1656 2507 cum
1708 2454 1769 2507 id
1813 2467 1946 2522 opus
1986 2452 2130 2520 quod

435 2536 716 2601 sapientiae
746 2539 967 2593 inventa
1018 2542 1382 2607 persequitur,
1415 2557 1520 2595 non
1559 2545 1800 2596 auctoris
1830 2541 1925 2596 sed
1954 2542 2128 2594 alieno

436 2623 696 2677 incumbit
715 2625 965 2679 arbitrio.
996 2625 1125 2681 Suis
1157 2631 1361 2698 quippe
1384 2633 1755 2685 instrumentis
1785 2646 1870 2684 res
1899 2631 2130 2684 rationis

437 2711 788 2780 expenditur,
823 2730 939 2768 cum
965 2716 1236 2785 judicium
1255 2721 1467 2785 cogitur
1495 2720 1679 2773 subire
1693 2719 2003 2790 prudentis.
2028 2717 2132 2773 Sed

438 2800 562 2854 huic
594 2806 926 2872 munusculo,
967 2821 1074 2860 non
1102 2807 1284 2861 eadem
1309 2824 1426 2873 quae
1459 2811 1663 2863 cxteris
1696 2811 1978 2863 imminent
1999 2810 2132 2863 arti-

439 2889 536 2944 bus
567 2894 903 2948 munimenta
946 2899 1229 2950 constituo.
1282 2899 1464 2966 Neque
1511 2901 1653 2952 enim
1699 2900 1816 2965 fere
1869 2899 2003 2966 ulla,
2055 2901 2132 2952 sic

439 2983 645 3034 cunctis
673 2982 921 3037 absoluta
948 2986 1220 3053 partibus,
1274 2989 1478 3041 nullius
1521 2988 1735 3054 indiga,
1769 2992 1882 3042 suis
1921 2992 2132 3041 tantum

440 3074 518 3121 est
545 3070 772 3124 scientia
801 3075 935 3127 nixa
976 3076 1276 3143 prasidiis,
1322 3081 1384 3130 ut
1435 3093 1539 3131 non
1569 3082 1882 3132 exterarum
1926 3093 2136 3147 quoque

440 3159 645 3212 artium
675 3161 994 3229 adjumenta
1026 3163 1314 3219 desideret.
1343 3168 1478 3222 Nam
1524 3169 1583 3219 in
1630 3166 1932 3234 efﬁgiandis
1979 3182 2131 3221 mar-

437 3261 582 3301 more
609 3251 826 3316 statuis,
859 3252 1002 3305 alius
1027 3254 1336 3307 excidendx
1357 3256 1515 3309 molis
1547 3256 1700 3309 labor
1728 3260 1824 3318 est,
1874 3258 1987 3310 alia
2017 3258 2132 3322 for-

441 3339 653 3392 mandae
683 3341 942 3407 imaginis
987 3344 1150 3394 ratio.
1205 3344 1311 3398 Nec
1357 3343 1596 3410 ejusdem
1644 3344 1875 3407 artificis
1920 3360 2134 3411 manus,

442 3428 601 3493 politi
629 3429 808 3496 operis
847 3428 993 3480 nitor
1046 3433 1335 3495 exspectat.
1376 3432 1456 3483 Ac
1498 3431 1848 3500 depingendae
1885 3434 2136 3487 manibus

444 3514 641 3567 tabulae
670 3517 961 3568 commissae
999 3516 1306 3582 fabrorum,
1342 3533 1489 3572 cdere
1515 3524 1722 3573 rustica
1769 3521 2138 3576 observatione

2159 1034 2206 1087 A
2231 1035 2372 1089 enim
2402 1035 2498 1088 hoc
2521 1034 2795 1104 judicium
2830 1035 3019 1091 multis
3076 1036 3286 1092 artibus
3322 1036 3585 1107 probetur
3629 1038 3874 1107 excultum,

2237 1138 2342 1178 uno
2373 1129 2550 1178 tamen
2589 1127 2897 1180 cumulatur
2937 1129 3206 1181 examine.
3256 1129 3558 1196 Experiare
3586 1128 3746 1194 igitur
3786 1129 3880 1182 licet

2237 1217 2500 1280 quantum
2528 1213 2682 1267 nobis
2725 1216 2782 1267 in
2816 1215 2909 1268 hoc
2960 1215 3141 1269 studio
3171 1217 3343 1282 longis
3375 1219 3582 1270 tractus
3621 1219 3734 1270 otiis
3763 1217 3880 1270 labor

2236 1301 2515 1370 adjecerit.
2559 1303 2648 1356 An
2679 1319 2862 1357 rerum
2891 1305 3176 1359 subtilium
3205 1307 3370 1372 fugas
3399 1306 3700 1359 exercitata
3726 1309 3879 1360 mentis

2233 1391 2487 1445 velocitas
2513 1393 2976 1461 comprehendat?
2999 1394 3190 1448 Utrum
3205 1394 3409 1463 jejuna:
3426 1397 3620 1448 macies
3643 1397 3878 1460 orationis,

2235 1479 2310 1533 ad
2339 1495 2401 1533 ea
2429 1496 2546 1548 quae
2574 1486 2700 1534 sunt
2722 1483 3089 1548 caligantibus
3133 1483 3400 1552 impedita
3432 1485 3723 1546 sententiis,
3752 1499 3878 1552 expc.

2233 1567 2436 1622 dienda
2464 1571 2749 1637 sufﬁciat?
2794 1571 2910 1636 Qua
2941 1573 2999 1624 in
3027 1586 3084 1624 re
3120 1571 3260 1624 mihi
3299 1572 3467 1624 alieni
3497 1585 3700 1639 quoque
3712 1569 3877 1640 judicii

2237 1658 2388 1711 lucra
2428 1663 2768 1728 quaeruntur,
2805 1674 2921 1712 cum
2953 1664 3030 1725 tu,
3065 1664 3422 1728 utrarumque
3443 1661 3794 1728 peritissimus
3818 1661 3880 1712 lit-

2236 1752 2494 1813 terarum,
2521 1749 2698 1816 possis
2719 1748 2900 1803 Graiae
2925 1751 3188 1803 orationis
3224 1748 3560 1818 expertibus,
3586 1755 3821 1816 quantum
3837 1747 3884 1800 de

2233 1836 2387 1890 nobis
2440 1837 2696 1905 judicare
2746 1837 3006 1904 audeant,
3066 1838 3183 1891 sola
3232 1841 3444 1892 tantum
3491 1840 3881 1907 pronuntiatione

2230 1925 2596 1994 praescribere.
2631 1925 2706 1980 At
2734 1941 2839 1979 non
2867 1927 3091 1980 alterius
3124 1926 3386 1980 obnoxius
3417 1928 3701 1988 institutis,
3729 1927 3880 1978 arctis-

2235 2016 2375 2068 sima
2402 2017 2707 2083 memelipse
2745 2016 3122 2069 translationis
3163 2017 3274 2084 lege
3298 2017 3626 2082 constringo,
3667 2014 3752 2068 sed
3775 2029 3883 2082 pau-

2237 2104 2406 2157 lulum
2438 2103 2659 2157 liberius
2690 2108 2971 2171 evagatus,
3008 2105 3182 2157 alieno
3204 2106 3412 2171 itineri,
3441 2119 3551 2157 non
3579 2105 3803 2171 vestigiis
3820 2105 3882 2154 in-

2236 2194 2385 2246 sisto.
2421 2193 2556 2248 Nam
2577 2197 2626 2246 et
2655 2209 2717 2246 ea
2743 2208 2860 2257 qua:
2877 2193 2943 2246 de
2978 2195 3217 2247 numeris
3247 2208 3280 2246 a
3307 2195 3634 2249 Nicomacho
3674 2191 3884 2258 diffusius

2236 2280 2522 2348 disputata
2543 2284 2690 2347 sunt,
2713 2281 2994 2335 moderata
3016 2281 3281 2336 brevitate
3301 2282 3511 2347 collegi.
3536 2283 3604 2335 Et
3621 2296 3729 2348 qua
3750 2285 3886 2333 trans-

2239 2384 2400 2424 cursa
2453 2371 2686 2424 velocius
2747 2373 3120 2437 angustiorem
3175 2371 3550 2438 intelligentiae
3600 2368 3886 2438 prxstabant

2240 2457 2472 2523 aditum,
2508 2458 2766 2512 mediocri
2795 2458 3096 2527 adjectione
3137 2461 3397 2526 reseravi,
3439 2463 3501 2511 ut
3541 2457 3811 2523 aliquando
3833 2454 3888 2507 ad

2238 2547 2566 2600 evidentiam
2591 2562 2793 2612 rerum,
2825 2549 3026 2601 nostris
3057 2549 3219 2601 etiam
3245 2548 3508 2612 formulis
3539 2563 3600 2601 ac
3622 2547 3886 2612 descriptio-

2239 2635 2397 2688 nibus
2428 2639 2717 2689 uteremur.
2767 2635 2920 2701 Quod
2959 2636 3110 2690 nobis
3150 2639 3369 2705 quantis
3399 2637 3611 2704 vigiliis
3641 2651 3697 2690 ac
3736 2633 3888 2690 sudore

2241 2726 2560 2792 constiterit,
2609 2725 2774 2790 facile
2817 2726 3028 2779 sobrius
3065 2726 3225 2779 lector
3256 2731 3532 2795 agnoscet.
3586 2727 3707 2782 Cum
3751 2725 3887 2790 igitur

2243 2817 2478 2880 quatuor
2521 2815 2815 2867 matheseos
2846 2813 3285 2884 disciplinarum,
3333 2814 3398 2868 de
3423 2814 3772 2878 arithmetica,
3799 2825 3888 2880 qua

2242 2907 2320 2956 est
2348 2905 2549 2971 prima,
2579 2904 3003 2972 praescriberem,
3057 2909 3116 2957 tu
3146 2908 3357 2958 tantum.
3404 2904 3610 2973 dignus
3638 2920 3690 2958 eo
3715 2916 3888 2956 munere

2241 2992 2514 3058 videbare,
2548 3007 2710 3061 eoque
2747 2995 2921 3060 magis
2951 2995 3009 3047 in
3040 2998 3219 3047 errato
3267 3008 3399 3062 opus
3440 3010 3554 3048 esse
3580 2991 3887 3059 intelligebam

2245 3083 2381 3136 Nam
2411 3083 2513 3134 etsi
2533 3080 2684 3150 apud
2725 3085 2773 3134 te
2817 3082 3004 3149 facilis
3032 3085 3214 3137 venire
3255 3083 3396 3136 locus
3446 3086 3598 3150 esset,
3643 3077 3888 3150 aliquando

2246 3173 2422 3223 tamen
2452 3171 2629 3238 ipsam
2660 3171 3001 3236 formidabat
3018 3173 3342 3238 facilitatem
3375 3176 3627 3242 suspecta
3656 3171 3886 3224 securitas.

2245 3257 2584 3311 Arbitrabar
2625 3261 2766 3313 enim
2807 3260 2950 3314 nihil
3010 3265 3173 3314 tantae
3221 3263 3542 3315 reverentiae
3593 3261 3802 3314 oblatum
3835 3256 3890 3308 iri

2245 3350 2507 3416 oportere,
2536 3347 2681 3416 quod
2707 3363 2813 3401 non
2844 3349 3180 3403 elaboratum
3209 3351 3445 3417 ingenio,
3481 3351 3766 3420 perfectum
3803 3348 3888 3399 stu-

2248 3435 2358 3502 dio,
2391 3435 2614 3504 dignum
2643 3442 2908 3504 postremo
2939 3441 3088 3491 tanto
3117 3438 3224 3491 otio
3270 3437 3571 3492 videretur.
3607 3438 3716 3494 Non
3755 3435 3889 3501 igitur

2247 3525 2461 3590 ambigo
2484 3527 2617 3594 quin
2647 3540 2748 3595 pro
2787 3531 2884 3579 tua
2911 3528 2970 3580 in
3002 3541 3083 3579 me
3114 3526 3481 3580 benevolentia
3511 3537 3818 3595 supervacua
3833 3535 3891 3572 re-

445 3601 725 3670 decerptae,
759 3603 994 3657 colorum
1020 3605 1139 3669 fuci
1167 3610 1522 3660 mercatorum
1572 3610 1792 3662 solertia
1820 3614 2132 3681 perquisit-i,
2175 3634 2215 3688 ρ
2245 3627 2404 3679 seces,
2443 3613 2657 3667 hiantia
2708 3614 2981 3683 suppleas,
3032 3617 3216 3668 errata
3251 3614 3637 3683 reprehendas,
3673 3607 3891 3666 commode

447 3692 611 3745 lintea
633 3694 870 3760 operosis
887 3692 1164 3747 elaborata
1187 3697 1463 3764 textrinis,
1485 3699 1838 3766 multiplicem
1855 3704 2141 3756 materiam

446 3785 728 3849 prxstant.
765 3783 949 3837 Nonne
978 3783 1122 3838 idem
1172 3800 1381 3854 quoque
1422 3788 1481 3840 in
1515 3787 1772 3843 bellorum
1820 3792 2022 3844 visitur
2053 3795 2137 3845 in-

446 3871 759 3923 strumentis
782 3873 810 3923 ?
857 3872 963 3925 Hic
1011 3873 1224 3941 spicula
1263 3877 1483 3941 sagittis
1513 3880 1749 3945 exacuit,
1801 3879 1888 3932 illi
1919 3880 2140 3936 validus

446 3959 645 4013 thorax
672 3963 838 4027 nigra
877 3963 1043 4027 gemit
1081 3962 1294 4015 incude.
1349 3965 1455 4017 Ast
1511 3967 1654 4020 alius
1704 3967 1866 4020 crudi
1892 3969 2140 4024 umbonis

445 4051 700 4116 tegmina,
733 4052 950 4118 proprii
979 4050 1179 4104 laboris
1205 4051 1325 4105 orbi
1375 4055 1653 4121 inﬁgenda
1701 4062 1990 4124 mercatur,
2028 4064 2140 4114 tam

443 4139 625 4192 multis
664 4139 878 4194 artibus
912 4156 1004 4196 ars
1037 4157 1147 4195 una
1197 4145 1500 4211 perﬁcitur.
1557 4145 1662 4199 Ast
1708 4149 1883 4201 nostri
1930 4146 2134 4203 laboris

445 4227 706 4281 absolutio
738 4229 890 4296 longe
920 4229 997 4283 ad
1019 4233 1326 4296 faciliorem
1371 4235 1544 4288 currit
1573 4240 1840 4291 eventum.
1887 4239 1966 4291 Tu
1998 4240 2139 4291 enim

443 4317 586 4370 solus
616 4332 834 4371 manum
891 4333 1138 4388 supremo
1185 4324 1336 4390 operi
1361 4324 1620 4392 impones,
1657 4326 1716 4378 in
1748 4340 1851 4393 quo
1905 4326 2047 4379 nihil
2075 4325 2139 4379 de

445 4405 842 4461 decernentium
864 4422 1071 4462 necesse
1109 4413 1187 4463 est
1217 4410 1464 4464 laborare
1503 4427 1782 4467 consensu.
1836 4413 2140 4479 Quamlibet

2251 3702 2421 3768 dicta,
2452 3705 2596 3756 mira
2627 3703 2800 3757 animi
2825 3704 3111 3758 alacritate
3138 3706 3426 3772 suscipias.
3467 3704 3594 3770 qu
3623 3716 3700 3756 res
3719 3696 3893 3766 impulit

2247 3793 2465 3860 pigram
2495 3793 2709 3847 consilii
2737 3808 2960 3848 moram.
2997 3795 3207 3849 Nimios
3233 3795 3375 3847 enim
3403 3794 3547 3847 mihi
3573 3793 3772 3857 fructus
3792 3786 3890 3856 pta-

2251 3884 2429 3934 citura
2452 3885 2754 3936 restituent.
2787 3885 2927 3939 Novi
2958 3884 3163 3950 quippe
3187 3888 3391 3950 quanto
3421 3882 3716 3936 studiosius
3748 3881 3892 3930 nostra

2251 3984 2414 4036 quam
2435 3975 2744 4023 caeterorum
2777 3972 2912 4024 bona
2944 3970 3268 4038 diligamus.
3308 3973 3465 4026 Recte
3493 3985 3616 4039 ergo
3653 3969 3795 4039 quasi
3818 3978 3892 4016 au-

2249 4072 2364 4111 reos
2393 4058 2574 4112 Cereri
2600 4059 2822 4125 culmos,
2854 4063 2904 4113 et
2932 4063 3174 4114 maturos
3204 4061 3411 4114 Baccho
3441 4061 3710 4129 palmites,
3751 4056 3816 4109 sic
3839 4048 3894 4104 ad

2251 4151 2299 4199 te
2328 4145 2644 4200 rudimenta
2684 4149 2812 4200 novi
2863 4151 3039 4216 operis
3091 4151 3394 4203 transmisi.
3460 4152 3543 4203 Tu
3588 4151 3780 4201 tantum
3812 4155 3890 4210 pa-

2250 4239 2406 4289 terna
2447 4237 2632 4302 gratia
2674 4240 2920 4291 nostrum
2962 4239 3229 4307 provehas
3275 4253 3498 4305 munus,
3547 4241 3621 4292 ita
3651 4241 3696 4290 et
3732 4230 3892 4288 laboris

2248 4325 2354 4378 mei
2381 4326 2659 4393 primitias
2715 4324 3022 4380 doctissimo
3074 4326 3287 4396 judicio
3342 4327 3692 4393 consecrabis,
3733 4327 3775 4376 et
3815 4333 3894 4373 non

2249 4401 2456 4482 majore
2484 4414 2786 4468 censebitur
2815 4418 3000 4470 auctor
3019 4417 3207 4470 merito
3238 4432 3404 4486 quam
3418 4417 3694 4487 probator.

1749 4662 2118 4758 LIBER
2207 4663 2699 4760 PRIMUS.

1016 4829 1239 4883 CAPUT
1276 4829 1567 4885 PRIMUM.

973 4919 1180 4973 Divisio
1209 4919 1619 4974 mathematicae.

518 5006 672 5059 Inter
721 5020 920 5059 omnes
963 5007 1164 5076 priscae
1214 5007 1564 5062 auctoritatis
1592 5007 1745 5063 viros
1782 5007 1904 5080 qui,
1937 5010 2141 5081 Pytha-

450 5111 589 5166 gora
621 5095 787 5160 duce,
827 5095 1058 5165 puriore
1095 5095 1306 5151 mentis
1353 5096 1577 5152 ratione
1619 5096 1946 5167 viguerunt,
2003 5114 2138 5153 con~

449 5188 596 5238 stare
636 5184 999 5239 manifestum
1030 5189 1115 5239 est
1135 5185 1288 5239 haud
1307 5201 1657 5257 quemquam
1679 5185 1738 5240 in
1760 5187 2142 5258 philosophia

453 5273 766 5343 disciplinis
797 5274 864 5327 ad
897 5273 1193 5328 cumulum
1226 5274 1588 5343 perfectionis
1619 5275 1877 5342 evadere,
1909 5274 2018 5329 nisi
2053 5276 2143 5330 cui

452 5361 577 5415 talis
610 5363 934 5431 prudentia:
964 5362 1229 5417 nobilitas
1258 5364 1510 5432 quodam
1548 5365 1710 5434 quasi
1743 5365 2036 5436 quadrivio
2055 5382 2145 5420 ve-

454 5448 712 5518 stigatur,
748 5451 896 5519 quod
924 5453 1094 5505 lrecte
1126 5450 1420 5505 solertiam
1451 5451 1730 5506 intuentis
1771 5469 1888 5508 non
1927 5453 2140 5508 latebit.

456 5535 550 5590 Est
576 5537 729 5593 enim
770 5538 1049 5610 sapientia
1091 5554 1284 5594 rerum
1323 5555 1453 5611 quae
1481 5544 1613 5596 sunt
1645 5541 1849 5614 suique
1879 5541 2145 5598 immuta-

2250 4833 2427 4888 bilem
2457 4833 2830 4888 substantiam
2861 4833 3180 4888 sortiuntur
3203 4834 3640 4904 comprehensio
3669 4827 3892 4885 veritatis.

2253 4923 2381 4977 Esse
2421 4928 2614 4977 autem
2661 4923 2757 4977 illa
2806 4922 3067 4988 dicimus,
3124 4939 3250 4994 quas
3299 4939 3402 4976 nec
3457 4921 3762 4976 intentione
3803 4930 3892 4970 cre-

2250 5016 2433 5076 scunt,
2468 5027 2570 5064 nec
2596 5012 2939 5064 retractione
2988 5012 3354 5079 minuuntur,
3393 5027 3496 5066 nec
3526 5008 3889 5065 variationibus

2250 5103 2670 5170 permutantur,
2702 5101 2794 5153 sed
2821 5100 2879 5154 in
2902 5101 3134 5170 propria
3155 5117 3382 5170 semper
3398 5101 3475 5169 vi,
3503 5117 3618 5155 sua:
3641 5115 3696 5152 se
3720 5101 3895 5150 natura

2252 5187 2519 5241 subsidiis
2549 5188 2679 5241 nixa
2706 5189 3053 5242 custodiunt.
3083 5190 3210 5242 Haec
3241 5194 3435 5244 autem
3461 5194 3594 5242 sunt
3622 5185 3893 5258 qualitates,

2253 5277 2620 5346 quantitates,
2654 5277 2869 5343 formae,
2915 5277 3359 5348 magnitudines,
3392 5279 3712 5347 parvitates,
3739 5282 3893 5339 mqua-

2251 5366 2462 5432 litates,
2514 5365 2900 5430 habitudines,
2936 5372 3112 5432 actus,
3163 5365 3580 5434 dispositiones,
3626 5365 3758 5425 loca,
3787 5364 3894 5411 tem-

2255 5470 2413 5525 pora,
2438 5459 2492 5507 et
2523 5454 2801 5524 quidquid
2827 5455 3141 5507 adunatum
3165 5453 3588 5523 quodammodo
3605 5445 3894 5518 corporibus

2253 5543 2564 5598 invenitur.
2597 5544 2730 5608 Quae
2761 5542 2886 5613 ipsa
2918 5542 3154 5614 quidem
3184 5545 3390 5598 natura
3416 5542 3742 5612 incorporea
3767 5535 3889 5595 sunt.
