4048 6176
138 281 264 336 1081

1440 277 1532 334 DE
1574 276 2045 336 ARITHMETICA
2085 278 2215 334 LIB.
2259 279 2304 333 Ι.

3490 283 3621 338 1082

130 421 184 471 et
210 413 590 470 immutabilis
621 411 949 468 substantiae
965 413 1185 468 ratione
1211 412 1475 485 vigentia,
1509 414 1815 484 participa-
1854 417 1900 470 A
1931 414 2011 468 ait
2038 414 2221 482 Plato)
2253 412 2447 468 multis
2477 413 2657 468 oculis
2684 414 3075 486 corporalibus
3096 415 3300 470 salvari
3329 417 3621 472 constitui-

131 507 284 561 tione
323 521 456 559 vero
487 505 743 574 corporis
791 507 1214 574 permutantur,
1249 507 1306 556 et
1334 507 1487 557 tactu
1532 503 1820 557 variabilis

131 598 239 664 rei,
270 596 331 649 in
351 593 1124 648 vertibileminconstantiam
1146 597 1461 646 transeunt.
1489 594 1618 646 HERC
1647 592 1822 662 igitur

134 685 431 756 (quoniam
449 682 736 736 utdictum
760 687 862 747 est,
885 687 1088 736 natura
1116 681 1540 735 immutabilem
1564 681 1821 735 substan-

130 773 271 827 tiam
306 773 535 842 vimque
554 770 750 824 sortita
773 770 928 840 sunt)
958 786 1086 824 vere
1117 771 1465 841 proprieque
1485 786 1606 824 esse
1629 769 1823 824 dicun-

133 868 246 916 tur.
281 863 494 916 Horum
524 859 722 930 igitur,
764 860 823 914 id
853 864 955 924 est,
991 875 1119 930 quae
1149 863 1281 913 sunt
1300 859 1554 929 proprie,
1579 875 1822 930 quasque

132 966 238 1004 suo
255 950 487 1003 nomine
506 949 763 1002 essentia;
777 948 1169 1015 nominantur,
1197 947 1514 1015 scientiam,
1542 947 1824 1019 sapientia

130 1039 460 1110 proﬁtetur.
492 1037 760 1091 Essentiaz
801 1042 990 1090 autem
1021 1037 1267 1106 gemiuaa
1289 1041 1478 1107 partes
1510 1041 1663 1100 sunt,
1711 1053 1828 1091 una

134 1127 428 1193 continua,
471 1129 526 1179 et
578 1126 693 1179 suis
741 1125 997 1195 partibus
1025 1126 1242 1195 juncta,
1275 1141 1379 1180 nec
1435 1125 1568 1179 ullis
1616 1126 1828 1180 ﬁnibus

135 1215 463 1282 distributa,
496 1220 560 1268 ut
585 1219 670 1268 est
700 1215 882 1281 arbor,
915 1214 1080 1284 lapis,
1113 1219 1168 1269 et
1206 1214 1398 1269 omnia
1427 1215 1626 1269 mundi
1658 1216 1828 1285 hujus

133 1321 396 1374 corpora,
428 1321 556 1374 quas
575 1303 806 1374 proprie
842 1302 1267 1373 magnitudines
1295 1305 1678 1374 appellantur.
1705 1304 1828 1357 Alia

135 1410 267 1447 vero
296 1394 582 1463 disjuncta
615 1410 645 1445 a
675 1410 755 1458 se,
789 1398 843 1446 et
873 1393 1254 1446 determinata
1285 1393 1560 1463 partibus,
1590 1397 1644 1446 et
1665 1392 1829 1462 quasi

135 1484 444 1536 acervatim
469 1483 528 1536 in
557 1498 734 1536 unum
765 1482 995 1535 redacta
1020 1482 1346 1548 concilium,
1373 1487 1434 1535 ut
1459 1497 1616 1551 grex,
1647 1498 1830 1551 popu-

133 1573 244 1636 lus,
269 1573 498 1636 chorus,
525 1587 776 1638 acervus,
811 1574 865 1624 et
892 1570 1173 1641 quidquid
1207 1586 1408 1624 eorum
1441 1586 1688 1640 quorum
1712 1586 1832 1639 par-

134 1667 220 1714 tes
251 1661 502 1729 propriis
527 1660 981 1713 extremitatibus
1008 1659 1410 1723 terminantur,
1432 1660 1574 1713 etab
1598 1659 1828 1712 alterius

135 1748 249 1802 line
283 1750 540 1802 discretae
575 1753 723 1802 sunt.
777 1749 889 1815 His,
921 1748 1221 1820 proprium
1264 1764 1474 1802 nomen
1510 1752 1594 1801 est
1643 1748 1834 1802 multi-

136 1839 296 1893 tudo.
333 1840 544 1892 Rursus
571 1838 956 1891 multitudinis
980 1838 1088 1891 alia
1110 1841 1245 1891 sunt
1271 1852 1374 1906 per
1406 1853 1484 1905 se,
1517 1841 1582 1890 ut
1612 1840 1725 1890 tres
1748 1837 1836 1890 vel

138 1934 408 1999 quatuor,
435 1927 519 1980 vel
552 1931 905 1996 tetragonus,
936 1927 1022 1979 vel
1042 1926 1287 1996 quilibet
1317 1941 1608 1988 numerus,
1638 1924 1838 1996 qui,ut

136 2018 229 2083 sit,
262 2017 424 2070 nullo
457 2016 692 2084 indiget.
729 2015 851 2068 Alia
880 2031 1013 2068 vero
1046 2031 1148 2083 per
1179 2017 1365 2084 seipsa
1396 2031 1510 2068 non
1552 2018 1834 2080 constant,

141 2107 235 2160 sed
264 2109 330 2160 ad
366 2105 638 2175 quiddam
662 2104 811 2158 aliud
834 2104 1165 2157 referuntur
1198 2109 1261 2156 ut
1293 2104 1554 2172 duplum,
1587 2108 1647 2156 ut
1672 2102 1839 2156 dimi-

139 2196 322 2258 dium,
346 2200 411 2247 ut
440 2195 898 2264 sesquialterum,
935 2194 1022 2245 vel
1048 2193 1519 2261 'sesquitertium,
1562 2198 1618 2245 et
1668 2192 1834 2260 quid-
1872 2230 1876 2232 -

140 2283 283 2353 quid
315 2282 425 2336 tale
456 2288 562 2349 est,
605 2282 756 2351 quod
791 2281 900 2333 nisi
933 2281 1178 2333 relatum
1211 2280 1284 2333 sit
1331 2280 1398 2333 ad
1437 2280 1612 2345 aliud,
1649 2278 1838 2348 ipsum

139 2388 265 2426 esse
296 2387 410 2424 non
452 2370 650 2440 possit.
681 2369 1083 2440 Magnitudinis
1113 2384 1266 2435 vero,
1305 2369 1412 2421 alia
1439 2375 1572 2421 sunt
1601 2384 1838 2421 manen-

140 2463 242 2521 tia,
276 2465 552 2528 motuque
584 2458 855 2524 carentia,
890 2459 999 2511 alia
1021 2473 1174 2523 vero,
1212 2473 1336 2527 qum
1372 2456 1568 2510 mobili
1614 2472 1839 2526 semper

142 2551 434 2605 rotatione
453 2553 773 2617 vertuntur,
794 2563 897 2601 nec
918 2547 1051 2600 ullis
1071 2546 1428 2615 temporibus
1451 2545 1835 2616 acquiescunt.

141 2640 359 2691 Horum
421 2652 577 2706 ergo,
631 2635 786 2688 illam
820 2633 1249 2687 multitudinem
1280 2635 1426 2703 'quze
1459 2648 1562 2701 per
1616 2648 1674 2686 se
1734 2637 1835 2699 est,

141 2725 504 2780 arithmetica
536 2725 860 2794 speculatur
893 2722 1208 2792 integritas.
1244 2723 1404 2774 Illam
1422 2737 1574 2788 vero,
1609 2738 1737 2792 quae
1771 2722 1840 2775 ad

143 2814 386 2885 aliquid,
445 2813 645 2867 musici
678 2811 1100 2865 'modulaminis
1130 2815 1587 2880 temperamenta
1639 2826 1842 2879 perno-

144 2906 331 2956 scunt.
361 2900 677 2954 Immobilis
707 2915 838 2952 vero
854 2898 1289 2967 magnitudinis,
1316 2897 1664 2966 geometrica
1693 2898 1842 2951 noti-

145 2994 284 3045 tiam
323 2990 641 3059 pollicetur.
666 2987 882 3042 Mobilis
905 2988 1223 3054 scientiam,
1249 2988 1644 3041 astronomica;
1675 2988 1838 3041 disci—

145 3081 324 3151 plinae
379 3078 583 3149 peritia
603 3077 929 3130 vindicavit.
968 3077 1185 3140 Quibus
1218 3081 1468 3147 quatuor
1497 3077 1755 3146 partibus
1796 3075 1839 3129 si

145 3172 338 3223 careat
369 3167 690 3238 inquisitor,
721 3181 920 3219 verum
953 3165 1209 3219 invenire
1239 3182 1358 3219 non
1379 3164 1580 3235 possit,
1610 3182 1671 3218 ac
1721 3165 1840 3218 sine

143 3261 250 3313 hac
285 3257 517 3328 quidem
548 3255 934 3324 speculatione
965 3254 1216 3308 veritatis
1247 3255 1390 3308 nulli
1422 3258 1572 3308 recte
1615 3255 1840 3326 sapien-

144 3350 288 3404 dum
319 3352 418 3400 est.
453 3348 547 3400 Est
577 3346 729 3399 enim
769 3344 1047 3412 sapientia
1077 3359 1274 3397 earum
1305 3359 1498 3398 rerum
1530 3360 1658 3414 quae
1713 3360 1844 3398 vere

145 3443 306 3501 sunt,
340 3436 587 3505 cognitio
641 3439 695 3487 et
729 3433 954 3503 integra
999 3433 1459 3502 comprehensio.
1505 3432 1666 3497 Quod
1724 3434 1846 3486 haec

144 3527 248 3598 qui
271 3524 506 3595 spernit,
541 3523 596 3577 id
629 3526 728 3589 est,
764 3523 863 3575 has
896 3523 1128 3575 semitas
1163 3520 1481 3591 sapientiae,
1516 3521 1568 3575 ei
1611 3523 1843 3576 denun-

145 3614 231 3666 tio
266 3629 382 3665 non
412 3615 563 3664 recte
594 3610 1140 3681 philosophandum.
1163 3608 1460 3680 Siquidem
1483 3609 1847 3680 philosophia

148 3705 235 3753 est
262 3715 423 3752 amor
480 3697 794 3766 sapientia,
848 3713 1022 3766 quam
1075 3697 1135 3750 in
1192 3697 1282 3750 his
1334 3698 1669 3768 spernendis
1718 3703 1847 3752 ante

145 3788 577 3856 contempserit.
614 3786 757 3840 Illud
793 3801 1023 3856 quoque
1058 3786 1389 3840 addendum
1419 3786 1667 3840 arbitror
1697 3787 1847 3857 quod

147 3882 356 3931 cuncta
386 3876 468 3929 vis
497 3875 888 3929 multitudinis
913 3875 982 3928 ab
1012 3890 1128 3928 uno
1149 3890 1452 3945 progressa
1480 3877 1748 3940 termino,
1777 3875 1849 3928 ad

149 3967 384 4020 inﬁnita
431 3964 847 4036 progressionis
907 3969 1216 4033 augmenta
1253 3965 1583 4017 concrescit.
1639 3965 1850 4034 Magni-

151 4055 298 4108 tudo
328 4070 484 4119 vero,
514 4071 547 4107 a
593 4055 756 4107 iinita
804 4053 1074 4106 inchoans
1125 4052 1463 4123 quantitate,
1499 4053 1734 4107 modum
1791 4052 1850 4106 in

153 4143 438 4198 divisione
461 4159 575 4196 non
619 4143 834 4210 recipit.
869 4142 1287 4194 lntinitissimas
1320 4141 1473 4194 enim
1523 4142 1610 4194 sui
1647 4157 1849 4211 corpo-

153 4233 234 4286 ris
270 4230 506 4300 suscipit
535 4228 828 4282 sectiones.
856 4228 1013 4281 Hanc
1043 4229 1220 4298 igitur
1238 4232 1457 4282 natura:
1481 4229 1848 4297 inﬁnitatem,

1930 517 2039 572 que
2066 502 2138 555 sit
2156 502 2400 572 dignior,
2426 503 2579 574 quod
2621 519 2688 556 eo
2721 504 2842 557 solo
2862 504 3080 557 lumine
3121 504 3386 573 vestigari
3421 507 3508 560 vel
3536 506 3618 560 in-

1929 592 2068 662 spici
2095 592 2303 646 veritas
2347 597 2536 663 queat.
2594 594 2766 654 Hunc,
2813 593 3072 663 inquam,
3106 594 3335 648 oculum
3387 594 3620 649 demer-

1930 696 2078 748 sum,
2120 680 2500 750 orbatumque
2524 681 2814 751 corporeis
2840 681 3116 749 sensibus,
3168 681 3257 736 has
3307 681 3619 752 disciplinae

1930 785 2158 823 rursum
2188 769 2533 823 illuminent.
2569 770 2704 834 Quae
2737 771 2917 840 igitur
2936 786 3005 824 ex
3024 771 3113 824 his
3143 771 3330 842 prima
3351 771 3622 825 discenda

1933 863 2035 924 est,
2065 859 2176 912 nisi
2213 875 2279 911 ea
2309 875 2437 928 quae
2471 858 2818 928 principium
2850 860 3169 929 matrisque
3185 859 3615 930 quodammodo

1936 948 2006 1002 ad
2044 952 2274 1001 caeteras
2301 948 2516 1001 obtinet
2546 947 2868 1017 portionem
2885 947 2923 1013 ‘2,
2949 949 3076 1002 Hac
3102 952 3296 1002 autem
3325 953 3410 1002 est
3439 948 3624 1002 arith-

1936 1036 2161 1090 metica.
2195 1038 2321 1089 HERC
2353 1035 2506 1090 enim
2537 1035 2752 1089 cunctis
2784 1036 2944 1106 prior
2975 1041 3080 1101 est,
3114 1052 3231 1090 non
3263 1036 3434 1090 modo
3468 1035 3625 1107 quod

1937 1126 2083 1180 hanc
2115 1125 2403 1196 illehujus
2435 1127 2741 1180 mundanae
2773 1127 2938 1179 molis
2981 1126 3241 1180 conditor
3278 1128 3447 1187 Deus,
3505 1125 3626 1196 pri-

1937 1231 2093 1270 mam
2115 1231 2230 1269 suae
2259 1215 2456 1268 habuit
2471 1215 2960 1268 rationeinationis
2979 1216 3288 1285 exemplar,
3315 1219 3371 1269 et
3389 1215 3458 1268 ad
3481 1216 3628 1269 hanc

1938 1310 2140 1357 cuncta
2166 1304 2481 1370 constituit,
2516 1320 2874 1375 quaecunque
2900 1303 3212 1357 fabricante
3247 1305 3489 1370 ratione,
3525 1320 3626 1375 per

1939 1409 2208 1447 numeros
2238 1393 2506 1463 assignati
2533 1393 2748 1447 ordinis
2779 1394 3050 1447 invenere
3081 1392 3482 1459 concordiam;
3530 1393 3631 1448 sed

1937 1482 2044 1536 hoc
2066 1499 2295 1553 quoque
2326 1482 2484 1552 prior
2516 1482 2872 1536 arithmetica
2902 1482 3240 1549 declaratur,
3275 1482 3427 1552 quod
3466 1498 3627 1552 quae-

1940 1587 2163 1642 cunque
2201 1575 2403 1624 natura
2433 1572 2628 1640 priora
2655 1576 2806 1637 sunt,
2849 1571 2936 1624 his
2963 1570 3198 1624 sublatis
3242 1570 3413 1623 simul
3439 1575 3627 1640 poste-

1940 1659 2094 1713 riora
2125 1660 2419 1713 tolluntur.
2458 1660 2618 1723 Quod
2651 1659 2697 1712 si
2724 1659 3041 1729 posteriora
3071 1661 3325 1728 pereant,
3359 1656 3503 1710 nihil
3563 1656 3632 1710 de

1947 1754 2096 1804 statu
2119 1749 2326 1819 prioris
2357 1748 2688 1803 substantiae
2721 1751 3097 1818 permutatur,
3131 1751 3194 1800 ut
3223 1746 3437 1800 animal
3475 1745 3632 1815 prius

1947 1842 2032 1892 est
2061 1838 2312 1891 homine.
2340 1838 2480 1890 Nam
2505 1837 2550 1889 si
2580 1838 2744 1890 tollas
2777 1837 3012 1904 animal,
3039 1835 3231 1889 statim
3266 1849 3494 1904 quoque
3526 1834 3627 1886 ho-

1946 1927 2117 1980 minis
2145 1931 2349 1980 natura
2375 1926 2556 1979 deleta
2587 1926 2678 1978 sit.
2717 1925 2773 1978 Si
2817 1925 3113 1978 hominem
3165 1922 3483 1989 sustuleris,
3519 1921 3635 1975 ani-

1947 2016 2059 2069 mal
2093 2032 2207 2069 non
2238 2015 2465 2084 peribit.
2513 2015 2578 2067 Et
2611 2013 2931 2067 econtrario
2965 2029 3031 2065 ea
3062 2028 3286 2081 semper
3316 2010 3636 2081 posteriora

1947 2109 2236 2174 suntquae
2281 2119 2472 2156 secum
2503 2102 2660 2156 aliud
2699 2101 2957 2172 quolibet
3007 2099 3279 2168 inferunt,
3339 2117 3404 2152 ea
3445 2100 3637 2170 priora

1948 2209 2097 2263 quae,
2131 2207 2259 2244 cum
2290 2190 2452 2256 jdicta
2478 2195 2627 2256 sunt,
2671 2189 2820 2243 nihil
2860 2204 3051 2242 secum
3099 2188 3168 2242 de
3222 2181 3635 2256 posterioribus

1947 2284 2201 2349 trahunt,
2233 2285 2294 2334 ut
2321 2282 2379 2334 in
2405 2281 2607 2334 eodem
2633 2295 2864 2350 quoque
2890 2277 3143 2331 homine.
3196 2277 3339 2330 Nam
3375 2275 3420 2328 si
3447 2274 3636 2329 homi-

1948 2388 2080 2426 nem
2112 2369 2341 2435 dixeris,
2378 2370 2550 2423 simul
2586 2384 2814 2439 quoque
2845 2367 3056 2420 animal
3088 2363 3433 2420 nominabis.
3475 2365 3636 2418 Idem

1949 2466 2032 2515 est
2061 2460 2214 2514 enim
2247 2459 2421 2512 homo
2451 2457 2603 2528 quod
2625 2456 2856 2510 animal.
2894 2457 2951 2510 Si
2989 2455 3202 2509 animal
3250 2453 3481 2521 dixeris,
3518 2468 3637 2507 non

1950 2550 2194 2621 speciem
2226 2548 2394 2601 simul
2428 2546 2678 2600 hominis
2709 2545 2974 2599 intulisti.
3005 2546 3128 2599 Non
3173 2547 3257 2598 est
3286 2542 3439 2597 enim
3480 2541 3634 2597 idem

1950 2640 2160 2694 animal
2195 2637 2348 2708 quod
2376 2637 2566 2690 homo.
2624 2637 2740 2690 Hoc
2769 2635 2924 2689 idem
2977 2634 3035 2687 in
3059 2632 3404 2704 geometrica
3442 2631 3530 2685 vel
3577 2631 3640 2684 in

1951 2725 2590 2792 arithmeticajvidentur
2616 2725 2927 2778 incurrere.
2961 2722 3020 2776 Si
3052 2722 3204 2776 enim
3237 2718 3638 2792 numeros_to_l-

1951 2801 2048 2863 las,
2072 2799 2225 2852 unde
2254 2789 2611 2866 triangulum
2631 2797 2720 2849 vel
2748 2795 3111 2865 quadratum,
3143 2793 3232 2844 vel
3261 2790 3540 2861 quidquid
3581 2789 3638 2840 in

1951 2886 2266 2958 geometria
2304 2884 2608 2940 versatur?
2647 2900 2776 2954 qua:
2827 2882 3020 2936 omnia
3054 2894 3429 2934 numerorum
3464 2878 3638 2932 deno-

1953 2976 2222 3030 minativa
2244 2979 2394 3028 sunt.
2423 2977 2493 3027 At
2521 2989 2676 3037 vero,
2709 2971 2753 3024 si
2787 2971 3128 3042 quadratum
3169 2966 3639 3037 triangulumque

1952 3064 2267 3132 sustuleris,
2305 3062 2606 3132 omnisque
2639 3059 2986 3132 geometrica
3015 3059 3353 3126 consumpta
3402 3056 3492 3120 sit,
3524 3056 3641 3106 tres

1952 3158 2007 3208 et
2035 3157 2302 3225 quatuor,
2335 3152 2693 3221 aliorumque
2707 3163 3082 3203 numerorum
3110 3161 3229 3199 non
3257 3144 3526 3215 peribunt
3549 3158 3643 3194 vo-

1951 3244 2169 3298 cabula.
2198 3244 2444 3296 Rursum
2471 3256 2600 3294 cum
2653 3238 2907 3309 aliquam
2965 3233 3368 3308 geometricam
3397 3232 3641 3285 formam

1952 3333 2166 3398 dixero,
2192 3335 2274 3384 est
2302 3329 2588 3394 illifsimul
2624 3342 2995 3381 numerorum
3035 3339 3250 3378 nomen
3273 3320 3657 3391 implicitum.-

1954 3424 2091 3477 Cum
2125 3436 2395 3475 numeros
2425 3417 2930 3486 dixero,'nondum
2949 3417 3126 3469 ullam
3149 3413 3392 3467 formam
3416 3424 3645 3480 geome-

1952 3511 2154 3565 tricam
2185 3509 2492 3563 nominavi.
2527 3509 2735 3563 Musica
2763 3522 2898 3559 vero
2931 3519 3104 3575 quam
3134 3502 3297 3572 prior
3326 3500 3399 3554 sit
3438 3513 3644 3552 nume-

1954 3615 2150 3654 rorum
2170 3599 2274 3664 vis,
2311 3598 2444 3652 hinc
2487 3597 2737 3651 maxime
2787 3594 3017 3666 probari
3068 3595 3279 3662 potest,
3323 3587 3479 3660 quod
3527 3602 3646 3640 non

1955 3689 2129 3743 modo
2185 3688 2283 3742 illa
2314 3691 2517 3740 natura
2546 3685 2739 3755 priora
2759 3688 2912 3750 sunt,
2947 3697 3076 3753 quae
3106 3681 3218 3750 'per
3248 3694 3307 3733 se
3364 3678 3646 3741 constant,

1958 3777 2252 3848 quamilla
2281 3791 2410 3844 quae
2441 3775 2510 3828 ad
2561 3772 2780 3842 aliquid
2810 3771 3155 3836 referuntur,
3214 3767 3315 3822 sed
3341 3764 3532 3836 {etiam
3579 3779 3648 3816 ea

1957 3868 2080 3936 ipsa
2106 3865 2320 3917 musica
2343 3862 2653 3916 modulatio
2675 3875 3052 3914 numerorum
3099 3855 3429 3912 nominibus
3473 3853 3646 3906 adno-

1957 3960 2126 4010 tatur.
2154 3954 2216 4006 Et
2238 3953 2392 4006 idem
2435 3951 2498 4004 in
2518 3950 2622 4003 hac
2653 3949 2878 4003 evenire
2910 3951 3096 4018 potest
3129 3945 3284 4017 quod
3315 3944 3377 3998 in
3419 3957 3647 4012 geome-

1960 4043 2100 4098 trica
2129 4039 2463 4111 praedictum
2494 4042 2596 4090 est.
2629 4037 2989 4091 Diatessaron
3022 4034 3176 4088 enim
3203 4039 3259 4086 et
3293 4032 3561 4101 diapente
3591 4032 3650 4082 et

1960 4134 2230 4202 diapason
2272 4129 2340 4182 ab
2376 4126 2759 4181 antecedentis
2791 4123 3019 4178 numeri
3049 4120 3382 4176 nominibus
3430 4131 3646 4170 nuncu-

1961 4225 2188 4291 pantur.
2221 4221 2478 4288 Ipsorum
2500 4230 2730 4287 quoque
2752 4228 3021 4267 sonorum
3052 4211 3320 4265 adversus
3334 4223 3392 4261 se
3410 4220 3649 4275 propor-

155 4319 787 4388 indeterminatamque
853 4318 1170 4389 potentiam
1207 4318 1596 4388 philosophia
1652 4322 1853 4388 sponte
1893 4293 1934 4346 D
1968 4311 2069 4376 tio,
2095 4309 2227 4362 solis
2285 4322 2472 4377 neque
2506 4305 2629 4358 aliis
2691 4302 2946 4357 numeris
2994 4300 3298 4389 invenitur.
3495 4293 3650 4347 enim

165 4410 457 4480 repudiat.
493 4409 640 4461 Nihil
660 4407 812 4460 enim
841 4407 990 4477 quod
1021 4407 1372 4460 inﬁnitatum
1406 4411 1491 4461 est
1517 4408 1600 4460 vel
1625 4407 1858 4461 scientia

161 4504 356 4569 potest
381 4497 591 4566 colligi,
625 4496 712 4549 vel
745 4500 934 4550 mente
958 4495 1386 4566 comprehendi.
1416 4496 1524 4550 Sed
1548 4495 1680 4550 hinc
1711 4512 1860 4550 sum-

163 4588 286 4657 psit
320 4586 427 4639 sibi
476 4585 598 4656 ipsa
650 4585 813 4650 ratio,
858 4584 917 4638 in
959 4584 1166 4654 quibus
1226 4585 1401 4654 possit
1449 4585 1859 4654 indagatricem

161 4675 426 4730 veritatis
455 4689 717 4729 exercere
739 4673 1050 4727 solertiam.
1090 4671 1311 4741 Delegit
1344 4672 1498 4726 enim
1530 4673 1598 4726 de
1618 4673 1858 4726 inﬁnitze

157 4764 554 4818 multitudinis
573 4763 915 4833 pluralitate,
947 4761 1125 4815 finita).
1160 4760 1474 4815 terminum
1503 4761 1857 4832 quantitatis,

155 4860 215 4908 et
251 4852 700 4906 interminabilis
733 4851 1147 4919 magnitudinis
1187 4851 1432 4905 sectione
1466 4851 1693 4919 rejecta,
1764 4852 1857 4904 de-

155 4944 327 4998 finita
360 4941 466 4996 sibi
500 4943 570 4995 ad
603 4941 994 5010 cognitionem
1029 4940 1214 5010 spatia
1245 4941 1591 5010 depoposcit.
1627 4941 1862 4995 Constat

157 5034 344 5103 igitur
372 5031 635 5102 quisquis
663 5031 782 5084 haec
835 5029 1287 5099 praetermiserit,
1324 5045 1555 5082 omnem
1608 5029 1860 5100 philoso-

155 5123 314 5192 phiae
350 5120 659 5191 perdidisse
703 5119 1041 5172 doctrinam.
1081 5119 1191 5172 Hoc
1248 5118 1426 5188 igitur
1456 5119 1595 5172 illud
1628 5119 1858 5189 quadri-

154 5213 322 5264 vium
358 5214 460 5275 est,
521 5225 634 5279 quo
692 5208 759 5261 iis
793 5208 1064 5262 viandum
1096 5208 1185 5271 sit,
1237 5207 1444 5278 quibus
1499 5207 1862 5261 excellentior

156 5300 398 5354 animus
434 5315 466 5350 a
514 5297 808 5351 nobiscum
855 5302 1164 5366 procreatis
1209 5297 1486 5362 sensibus,
1537 5298 1603 5350 ad
1642 5296 1862 5349 intelli-

158 5388 379 5458 gentiae
412 5387 650 5440 certiora
670 5386 1019 5456 perducitur.
1053 5386 1198 5440 Sunt
1216 5385 1371 5439 enim
1393 5385 1624 5455 quidam
1650 5384 1862 5454 gradus

159 5483 458 5547 certaeque
490 5477 956 5546 progressionum
973 5475 1375 5540 dimensiones,
1404 5473 1611 5544 quibus
1635 5473 1862 5526 ascendi

161 5566 563 5638 progredique
594 5565 872 5635 possit,ut
895 5564 1073 5619 animi
1115 5564 1278 5619 illum
1323 5565 1572 5630 oculum,
1615 5562 1712 5633 qui
1776 5563 1863 5629 (ut

1968 4415 2142 4452 sonus
2171 4397 2228 4450 in
2247 4396 2522 4466 diapason
2576 4391 2917 4463 symphonia
2945 4395 3048 4456 est,
3080 4389 3231 4443 idem
3252 4383 3496 4455 duplicis
3549 4397 3647 4435 nu.

1966 4489 2111 4543 meri
2138 4486 2504 4558 proportione
2536 4483 2842 4552 colligitur.
2869 4481 3006 4544 Quae
3039 4479 3390 4533 diatessaron
3423 4476 3507 4527 est
3532 4487 3652 4525 mo-

1968 4577 2206 4643 dulatio,
2223 4575 2452 4645 epitrita
2465 4572 2767 4627 collatione
2785 4567 3165 4638 componitur.
3183 4565 3366 4629 Quam
3381 4561 3650 4630 diapente

1968 4665 2369 4738 symphoniam
2399 4666 2620 4728 vocant,
2645 4658 2916 4714 hemiolia
2942 4656 3244 4711 medietate
3263 4649 3651 4722 conjungitur.

1969 4756 2076 4820 Qui
2107 4755 2166 4808 in
2192 4751 2447 4807 numeris
2491 4751 2781 4821 epogdous
2828 4751 2934 4815 est,
2964 4746 3116 4800 idem
3148 4747 3316 4798 tonus
3334 4742 3392 4795 in
3416 4739 3654 4794 musica.

1968 4847 2035 4899 Et
2073 4860 2144 4898 ne
2167 4843 2388 4912 singula
2416 4841 2687 4911 persequi
2705 4838 2981 4900 laborem,
3016 4836 3185 4905 hujus
3208 4832 3398 4902 operis
3420 4845 3657 4902 sequen-

1966 4935 2065 5001 tia,
2087 4936 2299 5004 quanta
2317 4931 2475 5001 prior
2507 4929 2578 4982 sit
2607 4925 2984 4992 arithmetica,
3015 4925 3138 4978 sine
3159 4923 3275 4977 ulla
3299 4920 3656 4976 dubitatione

1969 5023 2385 5077 monstrabunt.
2438 5017 2780 5090 Sphzericam
2832 5031 2964 5069 vero
3013 5019 3181 5085 atque
3218 5010 3656 5067 astronomicam

1967 5117 2124 5167 tanto
2144 5111 2433 5183 praecedit,
2471 5112 2684 5179 quanto
2723 5107 2849 5159 duae
2890 5104 3130 5175 reliquae
3161 5102 3476 5172 disciplinae
3510 5099 3657 5151 hanc

1967 5203 2193 5256 tertiam
2232 5207 2437 5254 natura
2456 5196 2808 5268 praecedunt.
2838 5196 2900 5247 In
2930 5193 3314 5247 astronomica
3339 5191 3514 5253 enim,
3553 5185 3657 5238 cir-

1971 5291 2366 5360 culi,sphaera,
2412 5290 2692 5351 centrum,
2726 5283 3099 5354 parallelique
3148 5279 3361 5341 circuli,
3406 5273 3654 5329 medius-

1969 5397 2079 5452 que
2100 5380 2217 5434 axis
2250 5384 2352 5444 est,
2386 5393 2512 5448 quae
2547 5374 2743 5428 omnia
2776 5371 3133 5444 geometrica
3157 5365 3473 5437 disciplinae
3501 5378 3655 5417 curae

1972 5475 2119 5524 sunt.
2157 5470 2339 5532 Quare
2379 5472 2462 5519 est
2514 5465 2685 5519 etiam
2719 5479 2786 5516 ex
2857 5463 2962 5516 hoc
3019 5457 3317 5513 ostendere
3375 5453 3658 5508 seniorem

1974 5559 2332 5629 geometricas
2361 5555 2496 5619 vim,
2527 5554 2679 5625 quod
2699 5552 2887 5606 omnis
2917 5552 3101 5603 motus
3132 5548 3216 5599 est
3235 5547 3361 5615 post
3382 5543 3657 5614 quietem,
