4104 6176
470 267 601 322 1083

1804 264 1918 319 ΛΝ.
1959 263 2167 321 MANL.

2210 262 2355 319 θεν.
2400 262 2631 320 ΒΟΕΤῙΙ
3772 271 3885 324 {084

465 406 521 455 et
569 403 772 455 natura
817 412 1044 469 semper
1081 396 1251 451 statio
1302 396 1459 467 prior
1501 399 1602 451 est.
1663 394 1959 451 Mobilium
2013 410 2148 449 vero
2188 398 2235 448 A
2263 398 2454 465 potest
2483 394 2544 448 in
2580 393 2831 448 maxime
2861 392 3314 464 parvissimaque
3342 393 3530 449 dividi.
3550 396 3763 452 Maxima
3782 416 3883 469 spa-

465 487 865 554 astronomica,
918 486 1306 541 immobilium
1329 488 1337 525 ί
1347 484 1697 555 geometrica
1722 483 2000 553 [doctrina
2046 489 2150 552 est,

463 579 549 632 vel
571 577 725 648 quod
746 575 1095 631 harmonicis
1126 573 1619 628 modulationibus
1661 578 1854 627 motus
1883 574 2006 643 ipse
2055 590 2152 627 ce-

464 666 719 720 lebratur
765 668 1067 717 astrorum.
1127 664 1313 726 Quare
1363 666 1582 716 constat
1628 676 1859 731 quoque
1921 662 2155 716 musica:

461 754 597 821 vim,
644 758 934 807 astrorum
962 754 1188 821 Icursus
1216 750 1555 822 antiquitate
1592 751 1938 820 precedere,
1980 766 2155 820 quam

463 857 733 913 superare
763 846 968 895 natura
994 840 1418 894 arithmeticam
1444 839 1685 893 dubium
1716 855 1834 893 non
1865 846 1971 905 est,
2022 855 2153 893 cum

463 931 767 1001 prioribus,
801 946 974 1001 quam
997 930 1094 983 illa
1120 934 1225 995 est,
1268 928 1557 999 antiquior
1586 928 1865 982 videatur.
1912 929 2154 997 Proprie

461 1026 653 1074 tamen
683 1020 805 1089 ipsa
837 1033 1209 1072 numerorum
1243 1022 1469 1081 natura,
1494 1016 1679 1071 omnis
1710 1021 1992 1070 astrorum
2025 1032 2159 1070 cur-

463 1125 576 1174 sus,
610 1108 909 1177 omnisque
952 1107 1330 1161 astronomica
1369 1107 1514 1160 ratio
1564 1106 1874 1159 constituta
1904 1110 2007 1159 est.
2067 1106 2156 1159 Sic

461 1197 616 1250 enim
656 1201 816 1249 ortus
837 1210 1181 1265 occasusque
1214 1194 1558 1264 colligimus,
1590 1193 1667 1247 sic
1690 1194 1984 1248 tarditates
2006 1194 2157 1247 velo-

461 1284 771 1354 citatesque
800 1284 1115 1337 errantium
1164 1282 1416 1339 siderum
1446 1282 1817 1348 custodimus,
1860 1281 1939 1334 sic
1996 1281 2157 1335 defe—

460 1378 582 1427 ctus
596 1377 651 1426 et
682 1372 1024 1443 multiplices
1047 1373 1198 1426 luna
1212 1372 1556 1426 variationes
1571 1371 1949 1441 agnoscimus.
1971 1371 2157 1434 Quare

458 1460 731 1530 quoniam
763 1461 942 1531 prior,
976 1465 1038 1514 ut
1066 1460 1287 1526 claruit,
1320 1460 1692 1514 arithmeticae
1744 1459 1827 1512 vis
1857 1464 1961 1525 est,
2025 1459 2157 1512 hinc

460 1549 867 1619 disputationis
907 1566 1201 1604 sumamus
1234 1549 1559 1603 exordium.

1133 1637 1359 1691 CAPUT
1393 1637 1461 1689 11.

876 1728 951 1778 De
981 1724 1290 1780 substantia
1318 1728 1550 1779 numeri.

532 1812 736 1868 Omnia
758 1828 1116 1882 quaecunque
1162 1829 1192 1865 a
1223 1813 1496 1881 primaeva
1525 1826 1719 1865 rerum
1753 1814 1957 1865 natura
2015 1827 2151 1865 con-

460 1906 673 1955 structa
703 1906 854 1967 sunt,
890 1916 1266 1955 numerorum
1306 1901 1574 1955 videntur
1612 1900 1834 1954 ratione
1886 1900 2149 1954 formata.

462 1991 576 2044 Hoc
609 1991 764 2043 enim
794 1989 903 2043 fuit
933 1988 1247 2059 principale
1279 1990 1339 2042 in
1371 1990 1563 2042 animo
1623 1988 1938 2042 conditoris
1968 2004 2155 2042 exem—

459 2079 602 2149 plar.
630 2078 772 2132 Hinc
804 2077 958 2131 enim
983 2083 1233 2147 quatuor
1253 2078 1672 2131 elementorum
1706 2077 2014 2131 multitudo
2033 2093 2155 2131 mu-

457 2172 615 2221 tuata
644 2170 747 2228 est,
777 2167 910 2219 hinc
927 2170 1258 2234 temporum
1278 2164 1451 2229 vices,
1473 2164 1606 2217 hinc
1628 2168 1817 2217 motus
1847 2170 2151 2232 astrorum,

455 2256 697 2326 caelique
754 2253 1072 2308 conversio.
1148 2254 1286 2317 Quae
1346 2268 1477 2306 cum
1544 2252 1623 2305 ita
1687 2253 1820 2317 sint,
1908 2269 2156 2324 cumque

459 2345 719 2399 omnium
776 2346 956 2396 status
1009 2357 1385 2396 numerorum
1446 2340 1807 2411 colligatione
1858 2341 2155 2411 fungatur,

460 2449 592 2486 eum
623 2447 853 2502 quoque
883 2445 1192 2483 numerum
1222 2444 1451 2483 necesse
1482 2434 1585 2494 est,
1619 2429 1680 2483 in
1702 2430 1957 2499 .propria
2004 2446 2155 2484 sem-

459 2535 564 2590 per
593 2535 714 2573 sese
741 2519 1049 2572 habentem
1077 2516 1377 2587 aequaliter
1406 2515 1743 2583 substantia,
1790 2533 2153 2586 permanere,

461 2623 710 2678 eumque
741 2604 1123 2676 compositum
1155 2620 1275 2659 non
1305 2621 1371 2659 ex
1415 2604 1668 2658 diversis.
1692 2604 1839 2668 Quid
1877 2605 2030 2659 enim
2056 2623 2157 2659 nu-

467 2697 612 2750 meri
644 2696 1019 2750 substantiam
1042 2695 1439 2765 conjungeret,
1462 2708 1593 2747 cum
1624 2693 1804 2763 ipsius
1826 2695 2157 2764 exemplum

467 2790 671 2839 cuncta
694 2783 1007 2854 iunxisset?
1042 2784 1139 2838 sed
1168 2800 1235 2837 ex
1263 2783 1450 2852 seipso
1484 2783 1709 2837 videtur
1755 2798 1878 2836 esse
1924 2799 2157 2854 compo-

460 2874 618 2928 situs.
658 2875 830 2927 Porro
863 2877 1058 2926 autem
1097 2872 1242 2925 nihil
1274 2887 1337 2924 ex
1362 2871 1647 2925 similibus
1677 2871 1949 2940 componi
1999 2872 2156 2926 vide-

458 2966 568 3028 tur,
594 2978 698 3016 nec
724 2978 790 3016 ex
816 2961 902 3015 his
933 2977 1061 3032 qua:
1111 2960 1269 3014 nulla
1316 2960 1553 3014 rationis
1582 2961 1972 3029 Sproportione
2014 2961 2156 3032 jun—

457 3056 694 3119 guntur,
727 3054 782 3103 et
813 3066 845 3103 a
890 3064 949 3102 se
974 3048 1135 3103 omni
1179 3048 1495 3102 substantia
1535 3053 1855 3118 naturaque
1909 3049 2155 3103 discreta

458 3144 609 3194 sunt.
639 3141 871 3195 Constat
904 3154 1043 3210 ergo
1077 3138 1349 3209 quoniam
1373 3138 1708 3207 conjunctus
1741 3142 1827 3192 est
1857 3153 2155 3204 numerus,

458 3244 643 3299 neque
688 3243 752 3281 ex
789 3226 1072 3280 similibus
1119 3242 1239 3280 esse
1292 3227 1685 3296 conjunctum,
1714 3242 1903 3297 neque
1951 3243 2017 3280 ex
2066 3228 2155 3281 his

458 3332 587 3387 quae
610 3316 681 3370 ad
703 3332 760 3368 se
791 3315 1037 3369 invicem
1054 3315 1214 3368 nulla
1241 3313 1462 3369 ratione
1491 3314 1881 3385 proportionis
1910 3315 2149 3370 haerent.

458 3407 636 3457 Erunt
656 3420 812 3472 ergo,
836 3420 1128 3470 numeros,
1158 3402 1343 3472 prima
1364 3419 1491 3473 qua:
1521 3404 1894 3473 conjungant,
1919 3404 1991 3458 ad
2028 3404 2157 3458 sub-

459 3491 725 3545 stantiam
757 3490 992 3560 quidem
1047 3507 1176 3559 quae
1218 3495 1498 3555 constant,
1554 3506 1897 3561 semperque
1929 3508 2155 3563 perma-

460 3581 653 3631 neant.
693 3576 894 3646 Neque
942 3575 1096 3628 enim
1137 3590 1203 3629 ex
1252 3590 1371 3628 non
1411 3575 1783 3630 existentibus
1814 3577 1959 3630 efﬁci
1992 3578 2156 3647 quid-

458 3680 632 3735 quam
661 3668 873 3734 potest,
897 3668 953 3717 et
981 3668 1115 3717 sunt
1142 3662 1268 3732 ipsa
1296 3661 1597 3717 dissimilia
1619 3669 1674 3717 et
1711 3664 1967 3733 potentia
1995 3680 2157 3719 com-

458 3754 726 3823 ponendi.
764 3755 892 3807 Hesc
929 3761 1122 3807 autem
1171 3756 1305 3806 sunt
1334 3752 1542 3823 quibus
1585 3768 1859 3807 numerus
1909 3759 2152 3823 constat,

455 3857 561 3912 par
591 3846 760 3911 atque
788 3840 998 3911 impar.
1025 3840 1163 3904 Quae
1191 3840 1385 3895 divina
1421 3840 1671 3911 quadam
1716 3842 1971 3912 potentia
2023 3859 2156 3898 cum

460 3928 709 3999 disparia
762 3928 877 3982 sint
921 3929 1340 3999 contrariaque,
1382 3934 1575 3982 tamen
1621 3945 1687 3983 ex
1734 3946 1846 3983 una
1888 3931 2157 4001 genitura

460 4016 773 4088 proﬂuunt,
808 4022 866 4071 et
891 4016 952 4070 in
986 4033 1160 4071 unam
1183 4016 1657 4087 compositionem
1681 4019 1811 4072 mod
1822 4020 2158 4075 ulationem-

459 4121 571 4175 que
594 4106 924 4176 junguntur
937 4146 949 4158 .

1125 4196 1350 4250 CAPUT
1380 4197 1476 4250 ΙΙΙ.

458 4287 532 4337 De
562 4282 901 4352 difﬁnitione
930 4286 981 4337 et
1008 4284 1271 4338 divisione
1294 4286 1528 4346 numeri,
1554 4290 1609 4338 et
1638 4284 1969 4353 difﬁnitione
1992 4290 2149 4355 paris
2188 4261 2231 4314 Β

1131 4361 1180 4409 et
1217 4358 1466 4423 imparis.

530 4459 594 4513 Et
621 4459 873 4529 primum
895 4459 1033 4529 quid
1063 4458 1135 4513 sit
1166 4476 1440 4515 numerus
1462 4460 1869 4515 difﬁniendum
1898 4466 1999 4517 est.
2035 4464 2148 4516 Nu-

459 4563 650 4602 merus
684 4553 770 4602 est
801 4548 1087 4602 unitatum
1120 4549 1403 4612 collectio,
1434 4550 1521 4603 vel
1553 4549 1891 4618 quantitatis
1916 4565 2151 4604 acervus

457 4652 523 4688 ex
552 4636 867 4690 unitatibus
887 4637 1176 4707 profusus.
1208 4637 1386 4703 Hujus
1417 4637 1594 4706 igitur
1612 4637 1803 4706 prima
1834 4637 2036 4692 divisio
2064 4644 2150 4693 est

458 4722 521 4775 in
548 4723 831 4792 imparem
862 4730 1033 4795 atque
1059 4740 1278 4794 parem.
1312 4726 1379 4779 Et
1409 4741 1512 4795 par
1542 4726 1777 4796 quidem
1797 4732 1899 4793 est,
1935 4727 2033 4797 qui
2055 4744 2152 4798 po-

457 4815 568 4865 test
611 4810 669 4864 in
696 4812 940 4882 aequalia
983 4813 1097 4867 duo
1127 4812 1322 4880 dividi,
1377 4829 1493 4868 uno
1526 4815 1715 4868 medio
1764 4830 1883 4868 non
1930 4814 2153 4869 interci-

458 4900 645 4953 dente.
696 4901 888 4969 lmpar
926 4917 1059 4955 vero
1112 4918 1283 4973 quem
1321 4903 1511 4956 nullus
1569 4902 1627 4955 in
1661 4904 1901 4973 aequalia
1953 4903 2155 4958 dividit

458 4988 599 5058 quin
634 4989 695 5041 in
755 4988 945 5044 medio
995 4991 1305 5059 praedictus
1364 5006 1509 5043 unus
1537 4990 1877 5045 intercidat.
1914 4993 1982 5045 Et
2031 4992 2153 5046 haec

458 5076 693 5148 quidem
725 5078 1057 5148 hujusmodi
1078 5078 1346 5133 diflinitio
1376 5079 1627 5150 vulgaris
1666 5084 1752 5133 est
1779 5084 1835 5134 et
1864 5085 2016 5134 nota.

1151 5186 1373 5239 CAPUT
1406 5187 1493 5240 IV.

459 5271 735 5342 Difﬁnitio
794 5274 1010 5326 numeri
1049 5276 1205 5341 paris
1233 5278 1283 5327 et
1333 5277 1567 5343 imparis
1604 5275 1894 5330 secundum
1957 5276 2155 5344 Pytha-

1207 5358 1411 5409 goram.

534 5430 636 5483 llla
691 5436 884 5485 autem
940 5431 1253 5484 secundum
1303 5433 1737 5503 Pythagoricam
1794 5434 2154 5503 disciplinam

465 5516 592 5570 talis
613 5524 715 5573 est.
766 5521 875 5574 Par
903 5534 1179 5574 numerus
1214 5523 1316 5588 est,
1356 5521 1456 5590 qui
1496 5522 1600 5576 sub
1649 5523 1849 5578 eadem
1879 5523 2154 5578 divisione

2190 1693 2227 1745 Β

2260 484 2362 550 tio,
2382 482 2719 552 parvissima
2740 482 3081 553 quantitate,
3107 482 3418 537 secundum
3447 483 3677 539 duorum
3688 486 3884 543 istorum

2264 587 2540 642 generum
2580 570 2892 624 contrarias
2922 570 3231 641 passiones.
3272 571 3464 640 Impar
3492 587 3616 625 vero
3663 589 3886 630 numerus

2264 664 2367 728 est,
2400 659 2494 712 cui
2517 659 2627 713 hoc
2664 657 2900 729 quidem
2948 658 3203 713 accidere
3235 674 3349 711 non
3376 664 3583 728 potest,
3636 662 3721 716 sed
3764 666 3887 733 cujus

2263 748 2323 802 in
2349 748 2489 803 duas
2519 748 2835 818 inaequales
2882 763 3136 801 summas
3164 748 3440 801 naturalis
3469 752 3553 801 est
3580 750 3755 804 sectio.
3808 753 3888 806 Hoc

2265 842 2349 892 est
2364 842 2559 891 autem
2597 836 2905 906 exemplar.
2939 836 3005 890 Ut
3045 836 3091 890 si
3142 836 3381 907 quilibet
3410 838 3555 890 latus
3582 854 3677 907 par
3726 856 3887 895 nume-

2264 942 2361 979 rus
2388 926 2695 989 dividatur,
2728 924 2911 995 major
2942 924 3174 995 quidem
3205 924 3506 995 (quantum
3538 926 3605 979 ad
3653 926 3889 982 divisionis

2264 1017 2447 1085 spatia
2478 1015 2750 1084 pertinet)
2779 1029 2894 1068 non
2926 1013 3249 1067 invenietur
3277 1030 3450 1083 quam
3482 1015 3711 1068 discreta
3725 1017 3890 1070 medie-

2264 1109 2350 1159 tas
2375 1121 2387 1169 ;
2425 1104 2751 1173 quantitate
2781 1118 2916 1156 vero
2946 1102 3104 1155 nulla
3118 1103 3309 1155 minor
3326 1103 3415 1167 sit,
3441 1118 3611 1172 quam
3638 1104 3692 1156 in
3712 1106 3891 1173 gemina

2264 1193 2412 1247 facta
2441 1191 2693 1262 partitio,
2727 1195 2789 1243 ut
2810 1191 2857 1243 si
2886 1206 2991 1260 par
3014 1206 3289 1243 numerus
3319 1191 3415 1261 qui
3439 1196 3522 1243 est
3567 1194 3617 1254 8,
3661 1192 3891 1245 dividatur

2265 1280 2323 1334 in
2356 1282 2390 1333 4
2418 1285 2589 1350 atque
2620 1278 2757 1332 alios
2785 1280 2838 1345 4,
2872 1279 3029 1331 nulla
3062 1278 3170 1332 erit
3190 1278 3303 1331 alia
3324 1279 3550 1345 divisio,
3582 1294 3703 1348 qua:
3754 1280 3887 1348 majo-

2265 1385 2356 1423 res
2381 1374 2575 1439 partes
2597 1368 2823 1422 efﬁciat.
2866 1369 3041 1421 Porro
3091 1372 3285 1421 autem
3310 1367 3471 1420 nulla
3509 1367 3616 1419 erit
3644 1367 3743 1421 alia
3786 1368 3890 1420 divi-

2265 1458 2349 1512 sio
2384 1474 2509 1528 quaa
2530 1462 2717 1511 totum
2762 1472 3069 1510 numerum
3100 1456 3320 1509 minore
3350 1454 3567 1509 dividat
3612 1456 3890 1525 quantitate.

2270 1547 2331 1600 In
2364 1546 2503 1600 duas
2529 1544 2681 1599 enim
2716 1549 2903 1615 partes
2942 1543 3242 1610 divisione,
3278 1544 3423 1597 nihil
3453 1543 3641 1597 minus
3668 1548 3757 1597 est.
3786 1546 3890 1597 Cum

2266 1635 2420 1689 enim
2447 1639 2633 1688 totum
2655 1634 2783 1704 quis
2809 1632 2982 1687 fuerit
3011 1632 3163 1687 trina
3186 1632 3469 1686 divisione
3483 1632 3731 1701 partitus,
3765 1632 3891 1702 spatii

2259 1724 2492 1794 quidem
2515 1738 2740 1777 summa
2760 1722 3062 1786 minuitur,
3093 1721 3190 1775 sed
3221 1736 3497 1774 numerus
3516 1720 3787 1774 divisionis
3820 1736 3891 1773 au-

2261 1818 2445 1883 getur.
2489 1811 2650 1875 Quod
2695 1814 2887 1865 autem
2937 1810 3155 1864 dictum
3207 1815 3311 1875 est,
3351 1808 3663 1862 secundum
3699 1808 3892 1862 duorum

2262 1916 2536 1970 generum
2551 1899 2863 1954 contrarias
2893 1898 3209 1969 passiones,
3243 1897 3575 1967 hujusmodi
3594 1902 3688 1950 est.
3718 1896 3891 1949 Predo-

2262 1990 2484 2043 cuimus
2545 1989 2701 2059 enim
2752 1988 3132 2058 quantitatem
3181 1987 3241 2040 in
3292 1985 3549 2039 inﬁnitas
3598 1986 3893 2054 pluralitates

2263 2093 2600 2143 accrescere,
2633 2077 2816 2145 spatia
2866 2092 3019 2142 vero,
3049 2076 3107 2129 id
3136 2080 3221 2129 est
3249 2074 3687 2145 magnitudines,
3718 2074 3769 2126 in
3798 2073 3891 2126 iuli-

2264 2167 2575 2222 nitissimas
2605 2166 2790 2219 minui
2842 2164 3174 2235 parvitates,
3228 2169 3397 2234 atque
3440 2164 3569 2217 ideo
3617 2163 3702 2216 hic
3743 2166 3893 2215 contra

2263 2256 2490 2321 evenit;
2519 2256 2639 2309 haec
2668 2269 2917 2323 namque
2947 2253 3103 2322 paris
3124 2252 3345 2319 divisio,
3364 2252 3552 2322 spatio
3583 2256 3662 2306 est
3678 2252 3887 2314 maxima,

2264 2344 2602 2415 parvissima
2623 2342 2959 2414 quantitate.

2947 2464 3171 2520 CAPUT
3202 2464 3260 2517 V.

2264 2593 2399 2647 Alia
2428 2591 2719 2646 secundum
2751 2591 3113 2656 antiquiorem
3151 2588 3368 2643 modum
3398 2588 3666 2657 difﬁnitio
3700 2588 3825 2655 paris
3860 2588 3893 2636 et

2985 2664 3234 2729 imparis.

2335 2784 2658 2838 Secundum
2689 2783 3075 2853 antiquiorem
3103 2798 3236 2836 vero
3280 2782 3540 2842 modum.
3584 2780 3686 2835 alia
3732 2785 3893 2847 estpa-

2266 2873 2345 2926 ris
2394 2873 2623 2926 numeri
2672 2872 2950 2925 deﬁnitio.
3004 2873 3111 2926 Par
3141 2886 3419 2924 numerus
3476 2876 3560 2924 est
3605 2869 3695 2940 qui
3734 2869 3781 2921 in
3812 2867 3892 2920 duo

2198 2982 2238 3036 ο
2266 2962 2530 3031 aequalia,
2564 2966 2621 3014 et
2648 2960 2708 3014 in
2736 2961 2850 3014 duo
2880 2960 3189 3029 inaequalia
3217 2959 3588 3029 partitionem
3615 2957 3808 3025 recipit,
3827 2954 3894 3007 sed

2265 3055 2329 3103 ut
2354 3050 2413 3103 in
2435 3054 2637 3103 neutra
2668 3049 2967 3115 divisione,
2994 3049 3079 3102 vel
3111 3048 3427 3118 imparitati
3462 3047 3679 3117 paritas,
3726 3044 3796 3097 vel
3821 3058 3892 3112 pa-

2266 3138 2418 3192 ritati
2474 3138 2771 3208 imparitas
2814 3138 3141 3202 misceatur,
3191 3142 3398 3207 praeter
3454 3138 3636 3189 solum
3689 3134 3892 3203 paritatis

2265 3226 2580 3297 principem
2613 3226 2897 3280 binarium
2943 3240 3271 3289 numerum,
3303 3226 3404 3295 qui
3455 3224 3776 3294 inaaqualem
3807 3234 3889 3272 non

2263 3313 2468 3383 recipit
2509 3313 2839 3377 sectionem,
2873 3317 3175 3382 propterea
3202 3311 3356 3381 quod
3379 3326 3451 3365 ex
3473 3310 3685 3364 duabus
3712 3304 3890 3360 unitati-

2261 3403 2369 3457 bus
2400 3406 2637 3464 constat,
2662 3407 2717 3455 et
2737 3417 2804 3454 ex
2829 3401 3014 3471 prima
3055 3400 3301 3454 duorum
3338 3396 3747 3469 quodammodo
3775 3390 3892 3463 pari—

2261 3495 2396 3546 tate.
2425 3491 2587 3555 Quod
2618 3495 2810 3543 autem
2838 3490 2986 3556 dico,
3016 3489 3128 3542 tale
3149 3492 3235 3540 est
3268 3504 3279 3541 :
3310 3488 3358 3541 si
3391 3488 3550 3541 enim
3573 3490 3792 3556 ponatur
3816 3493 3889 3547 par

2262 3594 2557 3644 numerus,
2583 3582 2771 3649 potest
2801 3578 2863 3631 in
2884 3578 2999 3631 duo
3031 3577 3277 3647 aequalia
3314 3575 3517 3641 dividi,
3581 3581 3637 3626 ut
3677 3566 3891 3625 denarius

2261 3667 2535 3722 dividitur
2567 3668 2625 3719 in
2640 3667 2863 3736 quinos.
2899 3668 3075 3718 Porro
3104 3671 3293 3718 autem
3316 3668 3371 3717 et
3400 3680 3509 3733 per
3546 3657 3888 3730 inaequaliaut

2262 3756 2414 3811 idem
2439 3755 2705 3809 denarius
2728 3755 2785 3808 in
2817 3758 2925 3808 3et
2943 3754 3002 3808 in
3033 3759 3083 3808 7.
3120 3754 3225 3808 Sed
3242 3754 3350 3807 hoc
3380 3752 3577 3818 modo,
3606 3754 3663 3804 ut
3681 3762 3787 3801 cum
3808 3757 3890 3796 una

2265 3859 2394 3914 pars
2424 3843 2597 3897 fuerit
2649 3842 2943 3897 divisionis
2977 3859 3098 3912 par,
3146 3842 3255 3895 alia
3296 3856 3531 3912 quoque
3564 3855 3661 3909 par
3699 3838 3893 3890 invenia-

2264 3938 2376 3996 tur,
2406 3936 2461 3985 et
2489 3932 2536 3984 si
2564 3948 2677 3985 una
2709 3932 2916 4001 impar,
2949 3932 3168 4001 reliqua
3203 3931 3274 3983 ab
3295 3931 3418 4000 ejus
3477 3926 3775 3998 imparitate
3807 3933 3891 3973 non

2264 4020 2565 4091 discrepet,
2600 4024 2664 4075 ut
2694 4021 2753 4074 in
2775 4020 2974 4075 eodem
3006 4013 3249 4074 numero
3270 4018 3370 4089 qui
3388 4024 3479 4073 est
3499 4016 3763 4071 denarius.
3783 4010 3889 4063 Cum

2263 4109 2416 4163 enim
2448 4108 2659 4162 divisus
2698 4113 2783 4162 est
2807 4108 2867 4162 in
2884 4109 3113 4180 quinos,
3137 4109 3224 4161 vel
3254 4122 3385 4160 cum
3414 4107 3479 4161 in
3501 4110 3530 4161 3
3553 4110 3605 4160 et
3634 4106 3687 4157 in
3713 4106 3739 4153 7
3766 4103 3875 4151 utra

2262 4214 2373 4268 que
2402 4199 2463 4252 in
2487 4203 2729 4267 utraque
2764 4198 3027 4267 portione
3055 4202 3265 4267 partes,
3298 4198 3550 4267 impares
3582 4191 3884 4248 exstiterunt.

2261 4287 2318 4342 Si
2339 4291 2531 4340 autem
2575 4286 2696 4356 ipse
2752 4286 2838 4339 vel
2894 4286 3039 4339 alius
3096 4301 3371 4339 numerus
3410 4301 3519 4354 par
3556 4281 3807 4337 dividatur
3846 4274 3891 4325 in

2261 4376 2533 4446 aequales,
2568 4379 2629 4427 ut
2654 4374 2979 4427 octonarius
3012 4373 3068 4427 in
3102 4375 3134 4428 4
3156 4380 3212 4427 et
3246 4374 3302 4426 in
3347 4374 3401 4439 4,
3428 4378 3488 4425 et
3530 4373 3659 4425 item
3704 4381 3791 4437 per
3828 4362 3889 4414 in-

2261 4464 2532 4533 aequales,
2552 4468 2613 4516 ut
2650 4462 2801 4516 idem
2832 4462 3156 4516 octonarius
3186 4463 3245 4515 in
3276 4466 3305 4516 5
3330 4461 3468 4515 etin
3494 4466 3546 4526 3,
3581 4462 3637 4513 in
3674 4458 3759 4510 illa
3800 4450 3890 4521 qui-

2259 4552 2389 4607 dem
2423 4551 2700 4606 divisione
2759 4556 3019 4621 utreeque
3058 4558 3249 4621 partes
3294 4566 3458 4620 pares
3493 4551 3647 4604 facta:
3690 4547 3815 4603 sunt,
3852 4538 3891 4589 el

2263 4640 2320 4694 in
2350 4641 2453 4695 hac
2487 4646 2751 4709 utraeque
2781 4640 3031 4710 impares
3065 4640 3425 4693 exstiterunt.
3476 4640 3664 4707 Neque
3685 4639 3889 4699 unquam

2260 4729 2384 4784 ﬁeri
2426 4734 2628 4799 potest,
2670 4734 2734 4782 ut
2762 4744 2891 4782 cum
2922 4745 3033 4783 una
3080 4745 3214 4799 pars
3252 4728 3547 4781 divisionis
3604 4737 3698 4795 par
3739 4714 3887 4776 fuerit:

2259 4818 2371 4871 alia
2400 4817 2587 4887 impar
2612 4816 2855 4870 inveniri
2899 4822 3091 4886 queat,
3149 4821 3247 4869 aut
3279 4832 3409 4869 cum
3456 4832 3565 4867 una
3615 4814 3779 4880 impar
3818 4804 3884 4862 Sil,

2261 4905 2370 4959 alia
2401 4922 2505 4974 par
2530 4906 2710 4974 possit
2733 4905 3000 4975 intelligi.
3036 4906 3229 4975 Impar
3258 4920 3389 4957 vero
3426 4916 3691 4956 numerus
3724 4887 3886 4960 estqui

2261 4994 2331 5047 ad
2358 4994 2677 5063 quamlibet
2695 4994 2851 5046 illam
2874 4993 3231 5059 divisionem,
3258 5009 3359 5061 per
3388 4990 3685 5061 inatqualia
3710 4991 3889 5047 semper

2262 5082 2552 5146 dividitur,
2587 5086 2650 5135 ut
2680 5086 2951 5152 utrasque
2981 5082 3194 5152 species
3225 5082 3449 5135 numeri
3494 5092 3708 5147 semper
3741 5076 3887 5124 osten-

2262 5171 2375 5236 dat,
2408 5186 2509 5223 nec
2542 5185 2801 5240 unquam
2826 5172 3004 5223 altera
3033 5171 3154 5223 sine
3205 5172 3381 5223 altera
3412 5169 3501 5233 sit,
3547 5166 3639 5219 sed
3666 5177 3765 5216 una
3791 5168 3888 5228 pars

2262 5259 2515 5329 paritati,
2558 5259 2873 5329 imparitati
2910 5259 3021 5312 alia
3051 5260 3380 5329 deputatur,
3412 5264 3475 5311 ut
3502 5262 3531 5309 7
3575 5254 3615 5307 si
3647 5244 3888 5306 dividasin

2265 5351 2294 5402 3
2317 5352 2373 5401 et
2397 5347 2456 5400 in
2490 5349 2543 5413 4,
2567 5348 2744 5402 altera
2771 5350 2957 5417 portio
3003 5363 3127 5418 par,
3161 5350 3338 5402 altera
3371 5348 3553 5415 impar
3584 5348 3681 5396 est.
3725 5339 3779 5391 Et
3809 5334 3887 5386 hoc

2263 5436 2415 5490 idem
2448 5436 2507 5489 in
2537 5436 2754 5490 cunctis
2784 5435 3104 5506 imparibus
3132 5438 3387 5490 numeris
3418 5432 3708 5488 invenitur.
3733 5426 3887 5489 Neque

2268 5540 2525 5594 unquam
2551 5526 2611 5579 in
2638 5524 2874 5595 imparis
2897 5525 3195 5592 divisione,
3229 5530 3438 5595 printer
3466 5538 3522 5576 se
3551 5534 3663 5575 esse
3691 5507 3889 5585 possunt
