4104 6176
222 260 363 315 1085

1535 263 1626 321 DE
1662 266 2129 328 ARITHMETICA
2169 272 2303 328 LIB.
2347 274 2392 325 Ι.

3592 283 3723 337 1086

209 393 302 447 hee
359 408 607 462 gemmae
665 395 901 465 species,
954 412 1081 468 quae
1138 397 1475 453 naturaliter
1526 399 1640 455 vim
1690 402 1922 457 numeri
1957 405 1999 460 A
2030 418 2159 457 cum
2206 404 2445 459 nomine
2475 404 2601 476 ipso
2644 406 3035 478 vocabuloque
3079 408 3293 479 pariter
3330 426 3431 479 par
3460 410 3717 468 invenia-

211 483 713 555 substantiamque
745 491 1119 557 componunt.

896 582 1121 639 CAPUT
1148 586 1236 639 Vl.

412 669 691 734 Difﬁnitio
711 673 868 738 paris
900 676 951 725 et
979 674 1211 741 imparis
1233 688 1333 742 per
1368 675 1712 731 alterutrum.

278 756 443 820 Quod
474 758 520 810 si
548 759 668 812 haec
689 759 861 813 etiam
880 777 984 830 per
1006 762 1309 816 alterutras
1331 764 1547 833 species
1574 765 1913 822 difﬁnienda

206 850 367 906 sunt,
413 846 633 899 dicetur
674 846 956 917 imparem
1011 865 1314 904 numerum
1357 867 1500 920 esse,
1541 853 1641 923 qui
1692 855 1911 911 unitate

204 933 401 986 differt
425 950 457 987 a
484 936 626 1004 pari,
660 937 745 989 vel
792 936 1162 1004 incremento,
1195 940 1281 992 vel
1316 939 1725 997 diminutione.
1766 944 1909 999 Item

206 1038 313 1091 par
361 1039 635 1077 numerus
683 1029 788 1089 est,
823 1026 922 1095 qui
954 1027 1172 1082 unitate
1204 1028 1391 1083 dill‘ert
1443 1029 1511 1083 ab
1560 1030 1789 1101 impari,
1822 1036 1909 1087 vel

205 1111 588 1178 incremento,
640 1114 729 1166 vel
786 1114 1188 1171 diminutione.
1248 1117 1305 1172 Si
1362 1118 1516 1171 enim
1549 1120 1672 1189 pari
1726 1138 1909 1176 unum

202 1200 525 1270 dempseris
553 1202 639 1254 vel
666 1217 849 1256 unum
876 1203 1171 1273 adjeceris,
1208 1211 1264 1259 et
1295 1206 1485 1277 impar
1517 1208 1784 1276 efﬁcitur,
1819 1212 1909 1266 vel

203 1288 248 1341 si
276 1288 488 1359 impari
515 1289 671 1343 idem
710 1290 927 1355 feceris,
957 1308 1063 1361 par
1087 1294 1358 1349 continuo
1390 1301 1742 1366 procreatur.

847 1380 1071 1437 CAPUT
1148 1384 1263 1437 VII.

654 1470 730 1522 De
755 1470 1173 1537 principalitate
1201 1473 1452 1527 unitatis.

279 1553 482 1607 Omnis
525 1570 756 1625 quoque
806 1572 1082 1611 numerus
1125 1557 1339 1613 circum
1386 1576 1444 1615 se
1487 1561 1807 1631 positorum
1850 1568 1906 1619 et

205 1642 463 1695 naturali
518 1643 748 1698 sibimet
812 1644 1180 1715 dispositione
1234 1648 1570 1717 junctorum
1628 1652 1903 1707 medietas

205 1736 311 1784 est.
349 1731 420 1784 Et
449 1731 549 1802 qui
580 1749 751 1802 super
780 1733 922 1787 duos
954 1734 1081 1789 illos
1114 1741 1265 1803 sunt,
1302 1737 1399 1808 qni
1430 1738 1617 1793 medio
1642 1740 1903 1811 jungun-

199 1825 317 1887 tur,
355 1821 404 1874 si
429 1827 869 1891 componantur,
904 1825 1077 1878 etiam
1110 1824 1368 1895 ipsorum
1400 1829 1762 1897 supradictus
1795 1847 1902 1885 nu-

198 1923 400 1963 merus
430 1911 620 1964 media
650 1912 838 1981 portio
884 1919 986 1981 est,
1022 1919 1077 1968 et
1110 1931 1305 1968 rursus
1353 1916 1587 1970 illorum
1635 1919 1734 1988 qui
1770 1923 1905 1973 sunt

196 2013 378 2066 super
430 2001 678 2054 secundo
732 2002 854 2055 loco
902 2003 1152 2071 junctos,
1204 2020 1335 2057 cum
1368 2004 1476 2075 ipsi
1514 2021 1747 2077 quoque
1791 2008 1906 2062 sint

194 2086 524 2155 compositi,
554 2089 712 2158 prior
740 2090 830 2143 his
858 2107 1136 2145 numerus
1172 2092 1498 2147 medietatis
1530 2095 1657 2148 loco
1708 2102 1811 2163 est,
1850 2102 1907 2151 et

194 2173 307 2226 hoc
335 2174 445 2228 erit
461 2192 639 2246 usque
664 2178 801 2232 dum
830 2179 1343 2251 occurrensiunitas
1367 2182 1680 2238 terminum
1705 2184 1907 2241 fecerit

199 2264 270 2315 Ut
315 2264 363 2316 si
414 2270 590 2333 ponat
628 2266 754 2336 quis
808 2268 1139 2337 quinarium
1194 2285 1521 2337 numerum,
1569 2273 1907 2328 altrinsecus

194 2351 351 2404 circa
382 2352 569 2422 ipsum
604 2360 753 2422 sunt,
785 2372 956 2425 supra
987 2357 1041 2424 4,
1080 2356 1323 2410 inferius
1351 2362 1400 2412 6.
1437 2360 1501 2413 Hi
1533 2376 1668 2431 ergo
1697 2362 1743 2414 si
1770 2364 1905 2433 jun-

195 2440 278 2492 cti
301 2445 457 2504 sunt,
486 2441 703 2494 faciunt
738 2446 823 2509 10,
855 2460 1101 2513 quorum
1126 2448 1155 2497 5
1178 2461 1457 2501 numerus
1491 2449 1768 2504 medietas
1798 2455 1902 2504 est.

195 2526 309 2590 Qui
341 2533 535 2582 autem
562 2530 709 2583 circa
740 2531 913 2601 ipsos,
953 2532 1009 2586 id
1036 2538 1121 2586 est
1155 2534 1303 2587 circa
1332 2540 1362 2589 6
1394 2542 1452 2589 et
1484 2536 1518 2589 4
1549 2542 1699 2605 sunt,
1735 2541 1764 2592 3
1798 2539 1905 2593 sci-

191 2615 334 2669 licet
366 2621 420 2670 et
453 2621 483 2668 7
512 2636 525 2683 ;
550 2617 698 2671 idem
734 2619 781 2671 si
805 2620 991 2689 juncti
1028 2626 1180 2689 sunt,
1224 2637 1422 2676 eorum
1457 2624 1752 2695 quinarius
1798 2643 1908 2679 nu-

188 2719 392 2757 merus
426 2704 703 2758 medietas
739 2714 840 2759 est.
878 2708 1096 2762 Rursus
1127 2709 1396 2775 istorum,
1425 2711 1524 2780 qui
1568 2712 1904 2769 altrinsecus

192 2793 370 2860 positi
399 2799 553 2852 sunt,
595 2795 642 2846 si
686 2796 1029 2864 jungantur,
1078 2797 1253 2851 etiam
1301 2799 1360 2851 hi
1391 2800 1641 2869 quinarii
1674 2803 1905 2857 numeri

190 2881 358 2949 dupli
386 2887 538 2935 sunt.
589 2884 731 2936 Nam
759 2900 932 2953 super
970 2888 1000 2939 3
1042 2890 1177 2939 sunt
1207 2889 1259 2950 2,
1301 2893 1526 2956 super7
1557 2894 1690 2943 sunt
1742 2894 1793 2943 8.
1831 2890 1895 2944 Hi

189 2985 331 3038 ergo
364 2971 410 3022 si
434 2971 619 3038 juncti
651 2977 784 3025 sunt
809 2973 1027 3027 faciunt
1062 2977 1140 3038 10,
1175 2991 1420 3044 quorum
1454 2977 1755 3046 quinarius
1783 2995 1903 3032 rur-

188 3075 286 3112 sus
321 3060 597 3114 medietas
629 3066 731 3114 est.
769 3062 884 3114 Hoc
914 3062 1067 3115 idem
1098 3063 1160 3117 in
1192 3064 1460 3116 omnibus
1491 3066 1749 3118 numeris
1782 3082 1900 3119 eve-

187 3146 278 3199 nit
311 3163 497 3216 usque
521 3148 659 3201 dum
686 3148 755 3201 ad
776 3150 1006 3202 unitatis
1039 3151 1355 3204 terminum
1390 3152 1676 3220 perveniri
1701 3159 1892 3224 queat.

188 3235 323 3288 Sola
348 3235 506 3289 enim
542 3236 729 3289 unitas
758 3237 973 3291 circum
996 3254 1055 3291 se
1086 3238 1227 3293 duos
1259 3240 1537 3293 terminos
1553 3257 1668 3295 non
1700 3242 1896 3311 habet,

188 3330 367 3393 atque
408 3324 539 3377 ideo
564 3325 611 3394 ej
624 3341 706 3391 us,
734 3326 831 3395 qui
857 3330 942 3379 est
966 3342 1144 3396 prope
1175 3344 1255 3393 se,
1283 3328 1458 3382 solius
1490 3334 1574 3383 est
1598 3330 1892 3385 medietas.

190 3415 335 3466 Nam
364 3412 527 3482 juxta
560 3430 738 3467 unum
771 3415 927 3468 solus
967 3423 1051 3469 est
1104 3416 1359 3471 binarius
1392 3419 1731 3473 naturaliter
1760 3435 1895 3473 con-

187 3502 452 3563 stitutus,
482 3501 643 3569 cujus
682 3503 873 3556 unitas
917 3504 1103 3557 media
1132 3521 1266 3574 pars
1298 3511 1400 3561 est.
1447 3506 1633 3570 Quare
1678 3511 1896 3562 constat

186 3592 447 3659 primam
480 3608 599 3645 esse
632 3593 935 3658 unitatem,
979 3599 1314 3649 cunctarum
1345 3597 1445 3666 qui
1475 3603 1609 3651 sunt
1638 3599 1695 3651 in
1730 3603 1894 3652 natu-

188 3680 298 3732 rali
358 3680 733 3749 dispositione
785 3698 1181 3749 numerorum,
1233 3688 1291 3737 et
1335 3689 1507 3739 etiam
1556 3687 1662 3739 rite
1711 3688 1892 3741 totius

186 3769 458 3838 quamvis
485 3770 740 3838 prolixae,
770 3772 1107 3839 genitricem
1138 3774 1483 3841 pluralitatis
1514 3776 1766 3844 agnosci.

839 3861 1063 3915 CAPUT
1104 3861 1251 3917 VIII.

732 3951 939 4003 Divisio
961 3953 1117 4018 paris
1148 3953 1360 4004 numeri

263 4032 427 4085 Paris
475 4039 666 4088 autem
700 4036 924 4089 numeri
956 4040 1172 4106 species
1205 4042 1335 4091 sunt
1370 4040 1421 4092 3.
1460 4039 1551 4092 Est
1591 4038 1746 4092 enim
1780 4056 1894 4093 una

189 4138 329 4191 quae
357 4121 567 4175 dicitur
588 4124 801 4193 pariter
826 4141 949 4195 par,
980 4125 1090 4178 alia
1106 4142 1239 4179 vero
1262 4126 1474 4195 pariter
1492 4127 1699 4197 impar,
1725 4130 1894 4182 tertia

183 4209 497 4278 impariter
527 4227 647 4280 par.
683 4214 745 4266 Et
775 4213 1065 4267 contraria
1089 4213 1341 4283 quidem,
1376 4214 1611 4285 locaque
1632 4215 1893 4269 obtinen-

184 4299 272 4351 tia
306 4300 731 4367 summitatum,
762 4303 1021 4356 videntur
1049 4319 1167 4356 esse
1199 4303 1413 4372 pariter
1443 4319 1565 4373 par,
1603 4308 1657 4358 et
1681 4305 1895 4373 pariter

182 4387 399 4456 impar.
456 4389 721 4443 Medietas
772 4396 965 4443 autem
1025 4392 1287 4461 quaedam
1339 4409 1469 4462 qua:
1514 4397 1893 4463 utrorumque

186 4476 525 4545 participat,
557 4481 643 4530 est
674 4494 942 4532 numerus
965 4479 1062 4549 qui
1098 4485 1330 4533 vocatur
1358 4480 1659 4550 impariter
1680 4497 1802 4550 par.

871 4568 1096 4621 CAPUT
1136 4568 1215 4622 1X.

257 4655 330 4705 De
354 4668 583 4706 numero
616 4656 829 4721 pariter
848 4658 979 4723 pari
1012 4657 1235 4725 ejusque
1259 4658 1710 4723 proprietatibus.

257 4740 486 4793 Pariter
525 4757 627 4810 par
668 4758 943 4795 numerus
979 4748 1063 4796 est
1107 4744 1207 4813 qui
1249 4748 1436 4812 potest
1475 4744 1535 4797 in
1585 4745 1699 4798 duo
1734 4747 1893 4816 paria

184 4827 390 4891 dividi,
423 4829 660 4899 ejusque
694 4848 821 4900 pars
854 4831 913 4884 in
945 4832 1054 4885 alia
1075 4833 1187 4886 duo
1222 4833 1401 4903 paria,
1434 4834 1727 4904 partisque
1760 4851 1890 4905 pars

182 4914 240 4967 in
266 4917 378 4967 alia
400 4917 513 4969 duo
544 4919 721 4987 paria,
746 4919 925 4972 uthoc
948 4920 1157 4974 totiens
1176 4921 1294 4987 ﬁat,
1316 4938 1496 4991 usque
1518 4922 1654 4975 dum
1685 4923 1889 4977 divisio

184 5005 444 5071 partium
478 5005 546 5058 ad
590 5006 998 5061 indivisibilem
1030 5009 1373 5063 naturaliter
1414 5009 1713 5079 perveniat
1758 5010 1889 5064 uni-

178 5094 383 5145 tatem.
421 5094 489 5145 lJt
519 5094 586 5146 6i
619 5110 891 5147 numerus
930 5096 1104 5150 habet
1135 5098 1497 5150 medietatem
1529 5100 1615 5163 3'2,
1664 5098 1755 5151 hic
1785 5115 1886 5152 au—

182 5184 301 5231 tem
336 5181 713 5237 medietatem
746 5186 827 5249 16,
861 5184 952 5237 hic
983 5201 1116 5238 vero
1140 5189 1191 5250 8,
1222 5186 1375 5238 hunc
1401 5202 1631 5256 quoque
1663 5190 1889 5255 quater-

181 5268 384 5320 narius
416 5269 476 5321 in
510 5287 674 5339 aequa
702 5272 967 5340 partitur,
1006 5272 1106 5341 qui
1133 5273 1340 5327 binarii
1387 5275 1594 5343 duplus
1626 5280 1729 5339 est,
1788 5275 1887 5328 sed

180 5356 447 5409 binarius
478 5359 713 5412 unitatis
746 5360 1047 5414 medietate
1079 5361 1359 5417 dividitur
1390 5379 1518 5432 quas
1557 5363 1749 5415 unitas
1780 5379 1884 5417 na-

182 5447 453 5498 turaliter
476 5447 802 5517 singularis,
846 5466 962 5502 non
997 5450 1199 5520 recipit
1222 5450 1551 5504 sectionem.
1610 5452 1747 5505 Huic
1784 5468 1885 5506 nu-

186 5546 349 5587 mero
372 5535 600 5590 videtur
619 5536 892 5605 accidere,
918 5542 981 5592 ut
1001 5554 1360 5609 quaecunque
1381 5540 1504 5609 ejus
1529 5540 1705 5594 fuerit
1724 5555 1881 5610 pars,

2026 496 2137 559 tur,
2171 497 2290 547 tum
2316 495 2491 549 etiam
2523 496 2864 565 quantitate.
2896 497 3007 551 Sed
3037 497 3165 551 ideo
3195 498 3341 552 mihi
3371 500 3595 554 videtur
3624 502 3717 556 hic

2024 597 2300 637 numerus
2334 584 2550 653 pariter
2568 601 2672 654 par
2698 590 2952 651 vocatus,
2999 587 3153 656 quod
3188 588 3309 656 ejus
3355 604 3555 643 omnes
3587 605 3716 659 par-

2021 674 2106 724 tes
2130 676 2188 725 et
2216 673 2452 726 nomine
2475 678 2532 727 et
2563 674 2881 745 quantitate
2894 691 3061 745 pares
3090 675 3305 746 pariter
3330 676 3712 732 inveniantur.

2024 760 2329 823 Quomodo
2366 766 2558 816 autem
2592 768 2649 816 et
2696 763 2931 817 nomine
2963 770 3020 818 et
3062 764 3382 835 quantitate
3414 780 3577 835 pares
3616 767 3716 821 ha-

2022 848 2152 903 beat
2180 854 2371 918 partes
2411 850 2502 903 hic
2554 866 2855 917 numerus,
2889 858 3019 922 post
3063 854 3336 907 dicemus.
3374 856 3589 908 Horum
3617 870 3715 909 au-

2020 940 2136 991 tem
2169 940 2462 1007 generatio
2490 939 2615 993 talis
2647 944 2749 993 est.
2786 940 2868 994 Ab
2909 957 3026 995 uno
3060 941 3215 995 enim
3248 957 3625 1013 quoscunque
3653 943 3712 997 in

2019 1026 2230 1097 duplici
2277 1029 2653 1097 proportione
2685 1030 2993 1097 notaveris,
3044 1047 3271 1103 semper
3300 1048 3466 1102 pares
3496 1032 3716 1101 pariter

2020 1120 2405 1185 procreantur.
2442 1118 2652 1171 Praeter
2678 1118 2825 1171 hanc
2844 1124 3035 1173 autem
3068 1121 3499 1190 generationem
3534 1125 3596 1174 ut
3622 1138 3717 1175 na-

2018 1210 2249 1258 scantur
2276 1205 2461 1271 aliter,
2495 1206 2845 1277 impossibile
2879 1213 2980 1262 est.
3041 1210 3218 1278 Hujus
3251 1214 3444 1263 autem
3490 1209 3576 1263 rei
3605 1209 3714 1263 tale

2015 1293 2241 1347 videtur
2294 1310 2398 1363 per
2428 1294 2691 1349 ordinem
2737 1296 3137 1366 descriptionis
3187 1298 3533 1367 exemplum.
3590 1297 3716 1351 Sint

2014 1381 2211 1452 itaque
2242 1383 2432 1437 cuncti
2463 1384 2719 1453 duplices
2750 1386 2820 1439 ab
2864 1401 2981 1439 uno
3022 1390 3069 1452 1,
3100 1390 3153 1453 2,
3186 1388 3239 1447 4,
3282 1389 3333 1453 8,
3369 1389 3451 1452 16,
3487 1389 3576 1451 32,
3622 1388 3710 1451 64,

2022 1473 2139 1535 128,
2171 1473 2293 1535 256,
2338 1475 2458 1534 512,
2495 1478 2668 1542 atque
2700 1474 2834 1527 hinc
2866 1475 2912 1528 si
2945 1475 3041 1528 ﬁat
3086 1475 3313 1529 inﬁnita
3361 1474 3709 1545 progressio,

2014 1558 2155 1611 tales
2177 1564 2409 1613 cunctos
2432 1560 2707 1615 invenies.
2737 1562 3001 1632 Factique
3028 1568 3163 1616 sunt
3178 1564 3249 1617 ab
3274 1578 3392 1617 uno
3421 1564 3481 1616 in
3499 1562 3714 1633 duplici

2014 1647 2406 1717 proportione,
2432 1653 2488 1701 et
2508 1664 2707 1703 omnes
2738 1655 2873 1703 sunt
2891 1650 3109 1719 pariter
3125 1665 3313 1720 pares.
3338 1652 3489 1705 Illud
3515 1655 3710 1705 autem

2015 1751 2133 1789 non
2182 1736 2425 1790 minima
2472 1738 2924 1791 consideratione
2969 1739 3211 1807 dignum
3264 1743 3351 1793 est
3397 1739 3553 1808 quod
3585 1738 3713 1807 ejus

2018 1824 2206 1879 omnis
2226 1840 2376 1894 pars,
2402 1825 2472 1879 ab
2493 1841 2601 1878 una
2636 1830 2795 1894 parte
2816 1842 3161 1897 quacunque
3184 1843 3309 1897 quas
3333 1826 3490 1881 intra
3515 1827 3706 1897 ipsum

2013 1929 2321 1968 numerum
2380 1919 2463 1968 est
2532 1914 2957 1982 denominatur,
3018 1920 3355 1986 tantamque
3420 1930 3707 1970 summam

2014 2001 2348 2071 quantitatis
2378 2002 2639 2067 includit,
2672 2008 2845 2073 quota
2874 2020 3002 2073 pars
3035 2008 3121 2057 est
3152 2004 3296 2057 alter
3318 2020 3595 2058 numerus
3616 2020 3714 2074 pa-

2014 2092 2154 2145 riter
2181 2091 2355 2160 paris,
2377 2091 2529 2145 illius
2558 2092 2658 2161 qui
2680 2108 2811 2144 eum
2830 2091 3088 2145 continet
3115 2092 3473 2161 quantitatis.
3512 2094 3713 2163 Itaque

2015 2179 2081 2233 ﬁt
2117 2183 2182 2233 ut
2230 2179 2336 2234 sibi
2394 2184 2585 2249 partes
2617 2180 2757 2249 ipsa:
2803 2181 3213 2249 respondeant,
3258 2184 3324 2234 ut
3362 2185 3540 2251 quota
3578 2197 3711 2251 pars

2014 2284 2129 2321 una
2167 2272 2267 2333 est,
2302 2272 2521 2321 tantam
2553 2268 2761 2321 habeat
2790 2268 2972 2321 altera
3002 2268 3410 2338 quantitatem,
3445 2272 3504 2322 et
3534 2272 3712 2339 quota

2015 2372 2147 2426 pars
2176 2356 2278 2409 ista
2310 2361 2414 2419 est,
2448 2360 2667 2410 tantam
2699 2357 2760 2409 in
2804 2357 2994 2427 priore
3040 2372 3325 2410 summam
3374 2371 3608 2411 necesse
3637 2357 3713 2411 sit

2014 2443 2403 2498 multitudinis
2431 2444 2696 2498 inveniri.
2733 2446 2801 2498 Et
2832 2445 3085 2514 primum
3114 2443 3198 2512 ﬁt,
3225 2444 3269 2498 si
3294 2460 3460 2515 pares
3491 2446 3710 2500 fuerint
3782 2456 3794 2470 ‘

2017 2532 2438 2601 dispositiones,
2460 2538 2523 2586 ut
2551 2535 2678 2587 duas
2707 2534 2913 2587 media:
2942 2537 3131 2602 partes
3157 2532 3264 2587 sibi
3296 2534 3707 2604 respondeant,

2016 2626 2143 2692 post
2163 2637 2295 2675 vero
2327 2637 2454 2691 quas
2481 2637 2653 2691 super
2697 2622 2851 2691 ipsas
2902 2626 3035 2675 sunt
3068 2621 3175 2675 sibi
3204 2622 3447 2676 invicem
3473 2637 3707 2676 conver-

2015 2714 2230 2774 tantur,
2260 2715 2430 2779 atque
2461 2709 2566 2762 hoc
2606 2710 2761 2763 idem
2796 2711 2892 2763 ﬁat
2938 2710 3116 2763 donec
3155 2714 3397 2779 uterque
3428 2710 3709 2764 terminus

2015 2797 2401 2850 extremitates
2440 2796 2711 2851 incurrat.
2778 2801 3028 2851 Ponatur
3083 2799 3237 2851 enim
3289 2799 3505 2868 pariter
3553 2799 3709 2868 paris

2016 2886 2177 2949 ordo,
2226 2886 2297 2938 ab
2337 2901 2451 2938 uno
2506 2901 2686 2956 usque
2724 2889 2842 2952 128,
2876 2886 2985 2939 hoc
3041 2886 3211 2939 modo
3248 2890 3296 2951 1,
3322 2890 3373 2950 2,
3427 2887 3480 2952 4,
3517 2889 3569 2952 8,
3622 2890 3705 2952 16,

1941 2964 1981 3018 C
2010 2977 2096 3041 32,
2130 2975 2217 3040 64,
2263 2976 2377 3038 128,
2411 2980 2466 3027 et
2495 2990 2561 3027 ea
2606 2974 2680 3027 sit
2722 2990 2947 3027 summa
2978 2974 3244 3027 maxima.
3280 2977 3341 3029 In
3386 2974 3491 3028 hoc
3520 2974 3705 3043 igitur

2010 3062 2285 3134 quoniam
2317 3078 2481 3132 pares
2510 3062 2913 3132 dispositiones
2943 3068 3093 3129 sunt,
3137 3078 3255 3116 una
3284 3062 3706 3135 medietasnon

2008 3154 2198 3220 potest
2225 3150 2492 3204 inveniri.
2525 3150 2669 3205 Sunt
2698 3151 2877 3221 igitur
2906 3151 3054 3217 duae,
3086 3151 3147 3205 id
3189 3155 3279 3245 est
3305 3154 3335 3205 8
3368 3155 3439 3245 et.
3461 3154 3542 3218 16,
3578 3166 3706 3221 quae

2009 3239 2433 3293 considerandae
2468 3244 2622 3304 sunt,
2657 3239 3145 3309 quemadmodum
3170 3239 3309 3308 ipsa:
3337 3239 3443 3292 sibi
3472 3254 3707 3309 respon-

2007 3329 2197 3382 deant.
2229 3328 2421 3382 Totius
2471 3328 2625 3382 enim
2658 3343 2919 3393 summae,
2952 3328 3013 3381 id
3057 3332 3140 3381 est
3185 3330 3303 3393 128,
3349 3331 3543 3381 octava
3572 3341 3706 3397 pars

2007 3422 2091 3471 est
2123 3421 2205 3479 16,
2238 3423 2395 3472 sexta
2424 3417 2643 3471 decima
2682 3420 2733 3471 8.
2766 3418 2980 3471 Rursus
3012 3433 3185 3486 super
3228 3418 3331 3471 has
3357 3421 3547 3486 partes
3576 3433 3703 3487 qum

2007 3510 2159 3567 sunt,
2198 3506 2338 3575 ipsae.
2370 3505 2477 3559 sibi
2509 3506 2754 3558 invicem
2785 3505 3239 3575 respondebunt,
3270 3504 3326 3558 id
3352 3508 3436 3559 est
3467 3507 3535 3558 32
3565 3508 3620 3558 et
3646 3504 3701 3559 4.

2008 3595 2147 3647 Nam
2177 3596 2245 3647 32
2279 3599 2481 3662 quarta
2512 3609 2643 3663 pars
2684 3598 2768 3647 est
2802 3595 2980 3647 totius
3009 3610 3272 3661 summm,
3304 3594 3336 3647 4
3360 3609 3496 3646 vero
3524 3593 3702 3663 trige-

2005 3680 2150 3735 sima
2180 3682 2444 3735 secunda.
2492 3682 2707 3735 Rursus
2738 3697 2909 3751 super
2955 3682 3057 3735 has
3087 3686 3278 3752 partes
3325 3684 3414 3745 64,
3458 3680 3705 3734 secunda

2004 3786 2135 3840 pars
2164 3774 2269 3833 est,
2322 3773 2355 3823 2
2384 3784 2519 3822 vero
2565 3770 2917 3840 sexagesima
2946 3775 3167 3839 quarta.
3203 3771 3394 3823 Donec
3441 3769 3704 3823 extremi-

2003 3864 2149 3911 tates
2181 3858 2424 3911 limitem
2469 3857 2695 3925 faciant,
2751 3873 2893 3927 quas
2922 3858 3160 3915 dubium
3202 3874 3318 3912 non
3364 3862 3451 3912 est
3502 3858 3701 3912 eadem

2003 3946 2377 4016 responsione
2408 3946 2678 4015 gaudere.
2715 3947 2811 3999 Est
2836 3946 2990 3999 enim
3015 3947 3202 4001 omnis
3232 3962 3480 4013 summa,
3521 3947 3699 4001 semel

2007 4034 2125 4097 128,
2183 4046 2332 4084 unus
2376 4045 2531 4094 vero,
2583 4030 2932 4084 centesimus
2978 4030 3287 4101 vigesimus
3334 4036 3585 4084 octavus.
3643 4030 3701 4083 Si

2004 4124 2194 4189 autem
2234 4120 2484 4189 impares
2525 4120 2801 4172 terminos
2852 4133 3153 4187 ponamus,
3206 4118 3265 4171 id
3321 4122 3407 4171 est
3448 4132 3701 4170 summas

2004 4208 2177 4277 (idem
2200 4208 2352 4262 enim
2373 4208 2671 4273 terminos,
2706 4207 2861 4278 quod
2890 4222 3161 4274 summas,
3188 4206 3472 4276 nomino),
3501 4220 3699 4259 secun-

1934 4296 1976 4349 D
2006 4298 2140 4352 dum
2176 4298 2411 4367 imparis
2440 4303 2728 4363 naturam,
2763 4300 2950 4366 potest
2980 4312 3095 4349 una
3125 4295 3397 4350 medietas
3426 4294 3697 4360 inveniri,

2004 4393 2177 4457 atque
2212 4403 2326 4441 una
2355 4387 2465 4442 sibi
2490 4386 2613 4457 ipsa
2637 4392 2725 4440 est
2755 4400 3121 4455 responsura.
3155 4386 3211 4439 Si
3260 4384 3416 4438 enim
3448 4388 3699 4454 ponatur

2001 4475 2094 4529 hic
2133 4476 2272 4531 ordo
2314 4479 2360 4543 1,
2404 4478 2457 4541 2,
2494 4478 2551 4543 4,
2578 4479 2630 4541 8,
2670 4479 2753 4540 16,
2787 4477 2874 4540 33,
2913 4475 3001 4541 64,
3036 4491 3149 4528 una
3179 4475 3289 4528 erit
3317 4474 3436 4527 sola
3478 4472 3695 4526 medie-

2002 4568 2107 4632 tas,
2142 4565 2198 4618 id
2227 4570 2312 4617 est
2333 4569 2384 4617 8.
2422 4564 2532 4627 Qui
2578 4569 2608 4619 8
2640 4580 2881 4618 summae
2906 4564 3083 4617 totius
3114 4579 3245 4634 pars
3276 4567 3360 4616 est
3391 4566 3607 4626 octava,
3641 4567 3695 4615 et

2002 4653 2111 4706 sibi
2142 4653 2247 4723 ipsi
2282 4653 2352 4705 ad
2375 4653 2903 4707 denominationem
2945 4652 3437 4722 quantitatemque
3463 4665 3694 4704 conver-

2002 4742 2161 4795 titur.
2208 4741 2533 4811 Eodemque
2578 4743 2769 4807 modo,
2821 4742 2968 4794 sicut
3008 4741 3289 4812 superius,
3324 4740 3471 4795 circa
3504 4740 3695 4811 ipsum

2000 4831 2097 4902 qui
2139 4836 2273 4885 sunt
2302 4830 2553 4896 termini,
2588 4830 2801 4883 donant
2833 4830 2944 4883 sibi
2974 4834 3177 4883 mutua
3206 4830 3464 4895 nomina,
3497 4844 3697 4883 secun-

2002 4921 2137 4973 dum
2170 4920 2430 4990 proprias
2460 4920 2826 4989 quantitates,
2856 4919 3311 4990 vocabulumque
3344 4923 3693 4989 permutant.

2002 5010 2143 5063 Nam
2174 5010 2206 5061 4
2238 5014 2396 5062 sexta
2426 5008 2644 5062 decima
2671 5023 2802 5077 pars
2839 5012 2923 5060 est
2951 5008 3127 5061 totius
3167 5024 3427 5075 summes,
3467 5012 3529 5061 16
3560 5023 3691 5060 vero

2000 5102 2222 5167 quarta.
2263 5098 2326 5150 Et
2373 5114 2571 5151 rursus
2620 5112 2791 5165 super
2823 5097 2928 5149 hos
2975 5098 3275 5161 terminos,
3324 5098 3391 5148 32
3440 5095 3687 5147 secunda

1996 5201 2128 5255 pars
2157 5190 2242 5238 est
2268 5187 2445 5239 totius
2475 5201 2735 5251 summas,
2774 5189 2807 5237 2
2834 5200 2966 5239 vero
3001 5184 3293 5255 trigesima
3336 5183 3600 5247 secunda,
3633 5188 3687 5232 et

1997 5274 2173 5327 semel
2209 5278 2326 5327 tota
2364 5288 2588 5326 summa
2617 5274 2684 5326 64
2715 5278 2867 5337 sunt,
2917 5273 3272 5344 sexagesima
3304 5274 3508 5340 quarta
3550 5283 3682 5321 vero

1996 5361 2183 5417 uuitas
2232 5362 2539 5416 invenitur.
2577 5364 2687 5415 Hoc
2730 5363 2905 5431 igitur
2959 5370 3045 5416 est
3099 5361 3253 5432 quod
3307 5358 3522 5411 dictum
3581 5361 3684 5421 est,

1996 5466 2194 5505 omnes
2235 5452 2357 5518 ejus
2403 5455 2593 5518 partes
2641 5456 2697 5504 et
2742 5451 2981 5505 nomine
3007 5455 3064 5505 et
3111 5446 3432 5518 quantitate
3474 5443 3688 5514 pariter

1994 5555 2160 5610 pares
2207 5538 2472 5593 inveniri.
2527 5539 2645 5594 Hoc
2696 5555 2924 5610 quoque
2968 5539 3148 5591 multa
3200 5533 3683 5601 consideratione,
