4104 6176
520 269 656 324 1087

1851 261 1942 318 ΔΝ
1979 260 2194 319 MANL.
2235 260 2380 319 SEV.
2423 260 2663 321 BOETIl

3832 272 3936 328 1088

513 402 808 470 multaque
867 397 1187 451 constantia
1242 394 1556 450 divinitatis
1603 393 1924 464 perfectum
1979 399 2084 460 est,
2133 399 2198 448 ut
2235 399 2281 450 Α
2310 398 2500 465 partes
2541 393 2793 464 aequales
2842 392 3050 464 recipit
3095 393 3426 461 sectionem,
3470 399 3649 464 partes
3695 414 3811 453 vero
3847 403 3938 472 ejus

517 487 826 544 ordinatim
859 485 1145 557 disposita).
1188 485 1440 539 minores
1466 500 1707 539 summas
1739 483 1798 537 in
1818 484 1928 538 hoc
1955 499 2199 539 numero

515 582 569 631 et
621 590 792 645 super
851 575 1064 645 seipsas
1125 579 1465 628 coacervataa
1528 573 1789 644 sequenti
1841 572 2033 626 minus
2085 586 2200 624 uno

514 679 740 736 semper
768 668 1090 734 aequentur.
1125 663 1180 716 Si
1212 662 1364 716 enim
1397 679 1577 716 unum
1602 663 1814 732 jungas
1853 661 1940 715 his
1969 659 2070 731 qui
2109 675 2203 712 se-

514 757 770 825 quuntur
796 752 1039 817 duobus,
1074 752 1223 805 ﬁunt
1253 754 1303 816 3,
1343 751 1399 804 id
1425 755 1528 818 est,
1566 751 1664 820 qui
1695 766 1810 803 uno
1846 749 2035 804 minus
2067 763 2203 818 qua-

508 842 762 896 ternario
795 841 1027 895 cadunt.
1076 841 1141 894 Et
1171 840 1217 892 si
1247 839 1639 909 superioribus
1688 839 1866 893 addas
1895 839 1948 906 4,
1985 841 2117 891 sunt
2144 841 2202 903 7,

509 931 607 1002 qui
630 931 699 983 ab
723 930 1016 984 octonario
1049 935 1324 998 sequente
1353 929 1473 982 sola
1504 927 1724 982 unitate
1747 927 2073 980 vincuntur.
2096 925 2204 979 Sed

510 1020 556 1072 si
588 1019 815 1073 eosdem
848 1021 879 1072 8
915 1017 1253 1087 supradictis
1301 1016 1649 1087 adjunxeris,
1691 1019 1752 1068 15
1778 1015 1935 1081 ﬁent,
1971 1015 2070 1084 qui
2101 1029 2206 1083 par

516 1112 576 1160 16
606 1108 834 1162 numeri
863 1106 1129 1160 existeret
1159 1105 1486 1175 quantitati,
1520 1104 1632 1158 nisi
1660 1105 1848 1158 minor
1877 1103 2064 1157 unitas
2095 1103 2202 1156 im-

507 1196 750 1266 pediret.
796 1198 909 1250 Hoc
955 1199 1147 1249 autem
1189 1195 1378 1265 prima
1428 1194 1599 1248 etiam
1645 1193 1874 1247 numeri
1903 1192 2206 1262 progenies

509 1289 699 1339 servat
729 1290 898 1354 atque
917 1284 1179 1338 custodit.
1213 1284 1469 1349 Namque
1504 1284 1694 1337 unitas
1725 1297 1854 1352 qum
1884 1281 2074 1351 prima
2102 1284 2205 1346 est,

512 1374 732 1426 duobus
783 1373 1263 1443 subsequentibus
1303 1373 1422 1426 sola
1456 1377 1541 1426 est
1573 1371 1792 1426 unitate
1839 1369 2202 1424 contractior.

522 1463 680 1517 Unde
727 1462 870 1516 nihil
919 1462 1131 1515 mirum
1178 1467 1282 1527 est,
1331 1465 1517 1514 totum
1563 1475 1802 1514 summa:
1854 1463 2208 1512 crementum

515 1551 748 1622 proprio
797 1551 1115 1605 consentire
1146 1549 1448 1620 principio.
1483 1551 1613 1603 Haec
1645 1553 1836 1602 autem
1876 1547 2037 1601 nobis
2069 1563 2210 1600 con-

515 1640 784 1694 sideratio
827 1639 1076 1693 maxime
1123 1638 1401 1708 proderit,
1451 1639 1510 1691 in
1564 1638 1650 1691 his
1695 1636 1950 1690 numeris
1995 1652 2206 1707 cogno-

2312 497 2439 535 mox
2490 481 2862 536 indivisibiles
2917 486 3088 552 atque
3155 482 3488 538 insecabiles
3553 488 3928 556 permanebunt,

2310 574 2373 623 ut
2402 573 2533 622 sunt
2559 573 2610 637 6,
2663 572 2743 636 10,
2795 571 2874 637 14,
2925 573 3008 636 18,
3055 574 3141 638 22,
3175 577 3230 626 et
3278 573 3364 626 his
3410 574 3639 628 similes.
3673 576 3781 629 Mox
3823 581 3938 633 enim

2309 660 2412 713 hos
2438 675 2708 713 numeros
2743 659 2789 712 si
2815 659 2875 712 in
2913 661 3145 730 gemina
3192 661 3364 715 fueris
3405 662 3676 716 divisione
3718 667 3931 735 partitus,

2310 748 2554 801 incurris
2586 748 2644 801 in
2674 748 2978 818 imparem,
3027 765 3199 820 quem
3230 767 3414 805 secare
3455 768 3572 806 non
3619 755 3798 822 possis.
3826 758 3938 809 Acci-

2313 838 2394 891 dit
2421 843 2614 890 autem
2647 836 2732 890 his
2763 837 2914 907 quod
2948 853 3148 894 omnes
3177 845 3365 908 partes
3407 842 3683 894 contrarie
3725 842 3934 898 denomi-

2312 931 2473 980 natas
2489 926 2723 991 habent,
2749 941 2922 996 quam
2941 931 3072 980 sunt
3103 928 3449 998 quantitates
3479 929 3725 1000 ipsarum
3744 933 3936 1002 partium

2312 1029 2440 1084 qua:
2485 1013 2948 1067 denominantur.
2997 1015 3192 1086 Neque
3240 1031 3494 1086 unquam
3552 1018 3672 1071 ﬁeri
3716 1023 3870 1088 potest
3893 1028 3934 1073 ut

2314 1102 2580 1174 quaelibet
2628 1118 2757 1172 pars
2796 1103 2968 1172 hujus
2999 1105 3226 1158 numeri
3271 1105 3527 1175 ejusdem
3568 1107 3777 1176 generis
3803 1107 3935 1162 deno-

2313 1190 2692 1245 minationem
2720 1191 3211 1264 quantitatemque
3253 1194 3541 1264 suscipiat.
3586 1195 3800 1264 Semper
3826 1197 3934 1249 enim

2313 1279 2358 1332 si
2388 1279 2775 1333 denominatio
2797 1279 2970 1335 fuerit
2991 1298 3113 1351 par,
3140 1283 3622 1353 quantitaspartis
3652 1283 3752 1336 erit
3772 1283 3927 1355 impar.

2316 1374 2370 1422 et
2401 1369 2446 1422 si
2473 1369 2644 1422 fuerit
2673 1369 3064 1424 denominatio
3097 1370 3306 1440 impar,
3336 1372 3622 1442 quantitas
3654 1373 3752 1425 erit
3783 1389 3878 1442 par,
3898 1381 3935 1425 ut

2314 1457 2375 1511 in
2410 1459 2490 1512 18.
2527 1456 2783 1511 Secunda
2812 1457 2935 1527 ejus
2974 1474 3106 1529 pars
3146 1463 3247 1527 est,
3282 1459 3340 1513 id
3370 1464 3456 1513 est
3486 1459 3692 1524 medio,
3725 1460 3850 1530 quod
3874 1477 3936 1531 pa-

2316 1545 2498 1600 ritatis
2520 1561 2732 1599 nomen
2772 1551 2852 1599 cst
2882 1549 2931 1612 9,
2964 1563 3093 1617 quae
3136 1547 3326 1618 impar
3355 1552 3437 1601 est
3469 1548 3768 1618 quantitas.
3798 1549 3935 1601 Tertia

2318 1650 2448 1688 vero
2479 1651 2606 1705 quae
2639 1635 2824 1706 impar
2853 1639 2936 1689 cst
2965 1636 3354 1692 denominatio
3388 1653 3503 1703 sex,
3555 1636 3640 1690 cui
3672 1653 3766 1708 par
3793 1638 3934 1708 plura-

513 1727 734 1781 scendis
756 1743 896 1797 quos
914 1726 1233 1797 superfluos
1254 1725 1698 1780 velimminutos
1725 1724 2205 1795 imperfectosque
2247 1697 2287 1751 Β
2316 1724 2446 1776 litas
2486 1729 2591 1777 est.
2641 1725 2858 1778 Rursus
2905 1724 2949 1777 si
2999 1731 3314 1793 convertas,
3365 1731 3522 1780 sexta
3563 1743 3688 1796 pars
3731 1742 3835 1796 quae
3866 1741 3935 1795 par

511 1815 984 1870 monstrabimus.
1033 1816 1151 1868 Illic
1193 1815 1347 1868 enim
1381 1818 1713 1868 coacervata
1755 1813 2041 1884 quantitas
2073 1829 2205 1883 par-

510 1905 658 1959 tium
681 1904 909 1958 numeri
928 1904 1103 1958 totius
1124 1904 1369 1957 termino
1383 1909 1766 1974 comparatur.
1798 1903 1944 1956 Illud
1973 1917 2202 1972 quoque

509 1994 668 2047 nulla
694 2008 994 2063 possumus
1021 1991 1304 2046 oblivione
1353 1991 1765 2057 transmittere,
1800 1991 1957 2061 quod
1990 1991 2050 2043 in
2093 1990 2203 2043 hoc

508 2097 750 2136 numero
786 2080 1263 2151 respondentibus
1293 2080 1402 2134 sibi
1433 2080 1676 2134 invicem
1707 2079 1968 2150 partibus
1997 2079 2202 2132 multi-

507 2171 749 2241 plicatis,
775 2172 958 2239 major
980 2173 1309 2223 extremitas
1332 2169 1590 2240 ejusdem
1611 2169 1837 2223 numeri
1860 2183 2200 2238 summaque

505 2260 820 2314 conﬁcitur.
852 2260 918 2312 Et
947 2259 1198 2327 primum
1229 2259 1275 2310 si
1306 2273 1473 2326 pares
1512 2258 1725 2312 fuerint
1769 2257 2195 2326 dispositiones,

506 2346 680 2400 medii
704 2345 1179 2414 multiplicantur,
1209 2349 1378 2415 atque
1395 2346 1526 2399 inde
1551 2347 1651 2415 qui
1679 2361 1850 2415 super
1869 2345 2020 2415 ipsos
2043 2351 2196 2413 sunt,

505 2450 688 2503 usque
733 2434 803 2487 ad
848 2433 1204 2501 supradictos
1244 2434 1652 2488 extremitates.
1696 2434 1753 2488 Si
1783 2434 1938 2487 enim
1987 2434 2201 2488 fuerint

506 2538 672 2591 pares
709 2521 1130 2592 dispositiones,
1183 2521 1496 2576 secundum
1544 2527 1811 2575 naturam
1843 2522 1996 2592 paris
2056 2523 2198 2576 duos

505 2609 566 2664 in
596 2611 783 2664 medio
813 2611 1091 2665 terminos
1126 2610 1521 2677 continebant,
1555 2615 1616 2663 ut
1648 2609 1703 2663 in
1735 2627 1801 2663 ea
1822 2609 2196 2680 dispositione

505 2714 877 2753 numerorum
935 2699 994 2752 in
1026 2711 1138 2769 qua
1182 2704 1469 2753 extremus
1513 2698 1796 2753 terminus
1845 2701 1942 2753 128
1974 2698 2191 2752 ﬁnitur.

504 2787 569 2841 In
600 2788 708 2841 hoc
729 2788 882 2841 enim
913 2803 1154 2841 numero
1186 2786 1516 2841 medietates
1546 2791 1679 2841 sunt
1706 2791 1756 2855 8,
1782 2787 2016 2853 scilicet,
2047 2793 2104 2842 et
2134 2791 2193 2842 16

502 2891 632 2945 quae
662 2874 720 2928 in
766 2891 824 2928 se
865 2873 1260 2944 multiplicatae
1303 2874 1536 2943 majoris
1581 2889 1864 2927 summam
1910 2878 2192 2927 crescente

501 2965 829 3034 pluralitate
860 2964 1183 3018 conﬁcient.
1212 2963 1394 3018 Octies
1434 2962 1590 3016 enim
1637 2965 1717 3029 16,
1748 2962 1834 3016 vel
1881 2961 2127 3016 sedecies
2159 2965 2191 3016 8

502 3052 548 3105 si
581 3053 945 3123 multiplices,
989 3056 1085 3106 128
1116 3069 1341 3106 summa
1382 3051 1709 3106 concrescit.
1762 3053 1946 3122 Atque
1989 3050 2049 3104 hi
2083 3067 2189 3104 nu-

501 3143 643 3195 meri
674 3141 772 3212 qui
803 3157 974 3212 super
1011 3143 1243 3197 eosdem
1275 3145 1423 3208 sunt,
1466 3141 1515 3194 si
1551 3139 2006 3210 multiplicentur
2036 3138 2189 3193 idem

499 3228 736 3284 faciunt.
771 3231 912 3283 Nam
941 3232 974 3282 4
1005 3236 1061 3284 et
1090 3234 1156 3283 32
1187 3231 1247 3283 111
1274 3246 1331 3283 se
1363 3230 1411 3283 si
1434 3229 1783 3299 multiplices
1805 3228 2188 3299 supradictam

497 3317 707 3372 facient
732 3317 1169 3384 extremitatem,
1201 3319 1245 3386 14
1276 3319 1430 3372 enim
1475 3318 1677 3387 trigies
1715 3322 1771 3370 et
1794 3317 1897 3380 bis,
1928 3318 2016 3370 vel
2048 3332 2188 3386 qua-

497 3410 586 3459 ter
612 3408 678 3458 32
710 3407 884 3471 ducti,
934 3409 1030 3459 128
1057 3405 1402 3460 immutabili
1446 3405 1786 3460 necessitate
1817 3403 2189 3474 complebunt

497 3497 677 3563 Atque
711 3494 818 3546 hoc
835 3507 1017 3561 usque
1049 3493 1120 3546 ad
1157 3496 1435 3546 extremos
1485 3493 1760 3547 terminos
1804 3493 1973 3558 cadit,
2021 3493 2076 3547 id
2105 3497 2189 3546 est

504 3584 522 3634 1
580 3586 637 3634 et
666 3583 783 3634 128.
845 3580 1032 3634 Semel
1082 3579 1236 3634 enim
1287 3584 1577 3633 extremus
1606 3580 1886 3634 terminus
1939 3583 2038 3634 128
2081 3586 2184 3635 est.

497 3665 722 3720 Centies
747 3665 926 3736 vigies
960 3669 1130 3737 atque
1161 3664 1335 3720 octies
1362 3665 1581 3720 unitate
1605 3665 2003 3736 multiplicata,
2040 3666 2185 3721 nihil

493 3755 564 3809 de
612 3755 805 3825 priore
853 3754 1173 3824 quantitate
1226 3754 1560 3809 mutabitur.
1610 3754 1666 3808 Si
1713 3758 1903 3809 autem
1936 3754 2185 3826 impares

493 3843 708 3896 fuerint
735 3842 1156 3912 dispositiones,
1207 3859 1352 3897 unus
1381 3842 1605 3898 medius
1648 3843 1930 3898 terminus
1960 3844 2183 3899 inveni-

495 3936 609 3995 tur,
646 3935 817 4002 atque
846 3930 979 4001 .ipse
1020 3931 1127 3985 sibi
1156 3932 1391 4003 propria
1421 3932 1898 4002 multiplicatione
1947 3949 2182 4003 respon-

495 4019 607 4074 det.
642 4021 701 4073 ln
735 4036 802 4074 eo
832 4035 1080 4091 namque
1108 4020 1307 4076 ordine
1339 4036 1736 4088 numerorum,
1761 4021 1863 4076 ubi
1894 4027 2182 4076 extremus

492 4107 772 4162 terminus
819 4110 886 4161 64
929 4109 1254 4178 pluralitate
1292 4109 1671 4174 concluditur,
1728 4110 1848 4163 sola
1892 4110 2183 4164 invenitur

491 4212 605 4249 una
633 4197 922 4263 medietas,
972 4197 1028 4251 id
1059 4203 1143 4251 est
1189 4202 1220 4251 8
1279 4199 1462 4262 Quam
1507 4201 1554 4253 si
1598 4200 1758 4267 octis,
1805 4200 1864 4254 id
1894 4205 1979 4253 est
2007 4200 2068 4253 in
2099 4215 2182 4253 se-

2315 1818 2402 1867 est
2431 1813 2839 1880 denominatio,
2886 1818 2999 1868 tres
3029 1821 3179 1883 sunt,
3230 1816 3329 1870 sed
3359 1816 3642 1870 tcrnarius
3679 1814 3839 1885 impar
3863 1819 3931 1868 est.

2317 1903 2382 1955 Et
2412 1918 2563 1956 nona
2593 1918 2744 1971 pars,
2779 1903 2933 1973 quod
2969 1902 3153 1974 impar
3200 1909 3283 1958 est
3311 1903 3670 1970 vocabulum,
3691 1908 3719 1955 '2
3758 1903 3837 1974 qui
3861 1918 3930 1972 par

2312 2004 2588 2042 numerus
2629 1995 2731 2043 est.
2773 1993 2957 2062 Atque
3000 1991 3154 2046 idem
3198 1993 3257 2046 in
3306 1994 3434 2047 aliis
3469 1995 3682 2047 cunctis
3723 1994 3809 2064 qui
3841 1998 3932 2045 sunt

2312 2077 2528 2148 pariter
2547 2077 2794 2148 impares
2809 2080 3101 2134 invenitur
3114 2122 3126 2137 .
3159 2083 3352 2153 Neque
3368 2098 3623 2153 unquam
3639 2082 3751 2136 ﬁeri
3768 2086 3924 2152 potest,

2312 2173 2372 2220 ut
2424 2167 2728 2236 cujuslibet
2768 2167 2964 2238 partis,
3018 2169 3092 2223 sit
3122 2171 3379 2240 ejusdem
3430 2171 3655 2241 generis
3684 2187 3858 2225 nomen
3896 2175 3931 2223 et

2309 2271 2605 2311 numerus.
2647 2256 2733 2310 Fit
2762 2261 2952 2311 autem
3000 2257 3211 2314 horum
3241 2259 3562 2330 procreatio
3604 2274 3926 2320 numerorum,

2311 2343 2357 2396 si
2381 2344 2451 2397 ab
2485 2359 2599 2397 uuo
2630 2343 3029 2414 disponantur,
3073 2347 3399 2418 quicunque
3436 2347 3658 2412 duobus
3702 2348 3928 2410 differunt,

2308 2432 2364 2486 id
2393 2437 2478 2486 est
2526 2433 2793 2486 omnibus
2839 2433 3157 2504 imparibus
3190 2437 3436 2491 naturali
3488 2437 3770 2508 sequentia
3806 2441 3928 2504 atque

2309 2521 2508 2575 ordine
2554 2522 2898 2577 constitutis.
2933 2525 3188 2595 Namque
3232 2525 3292 2579 111
3333 2525 3378 2579 si
3427 2542 3532 2595 per
3564 2526 3821 2579 binarium
3857 2539 3928 2576 nu-

2307 2626 2531 2665 merum
2563 2611 3038 2680 multiplicentur,
3071 2630 3270 2667 omnes
3311 2615 3535 2684 pariter
3583 2616 3821 2685 impares,
3855 2612 3927 2664 rite

2304 2699 2605 2769 pluralitas
2637 2698 2895 2754 dimensa
2929 2701 3154 2756 efﬁciet.
3191 2704 3444 2756 Ponatur
3475 2703 3630 2758 enim
3659 2703 3818 2773 prima
3839 2700 3928 2751 uni-

2303 2794 2406 2855 tas,
2437 2788 2493 2842 id
2520 2792 2603 2842 est
2641 2792 2682 2855 1,
2710 2793 2764 2841 et
2795 2794 2925 2858 post
2955 2790 3103 2844 hanc
3126 2791 3226 2862 qui
3267 2793 3338 2845 ab
3371 2793 3477 2846 hac
3509 2792 3721 2846 duobus
3765 2790 3921 2848 differt,

2303 2876 2361 2930 id
2392 2880 2476 2930 est
2506 2879 2534 2929 3
2560 2881 2614 2929 et
2659 2882 2786 2946 post
2814 2878 2968 2932 hunc
2998 2880 3096 2950 qui
3128 2895 3323 2933 rursus
3353 2897 3385 2934 a
3413 2882 3704 2951 superiore
3741 2878 3922 2936 duobus,

2301 2965 2358 3020 id
2377 2969 2461 3019 est
2479 2968 2530 3032 ὅ,
2551 2969 2606 3018 et
2623 2965 2732 3018 hoc
2747 2967 2806 3020 in
2827 2966 3139 3022 inﬁnitum.
3166 2969 3234 3023 Et
3257 2970 3328 3022 sit
3343 2969 3671 3039 hujusmodi
3692 2965 3922 3036 dispositio

2305 3058 2354 3119 1,
2387 3057 2438 3119 3,
2476 3057 2526 3120 ὅ,
2567 3059 2619 3120 ’7,
2651 3058 2703 3121 9,
2741 3058 2825 3121 11,
2866 3059 2948 3124 13,
2986 3060 3067 3123 125,
3119 3061 3197 3123 17,
3249 3057 3329 3111 10.
3373 3059 3440 3112 lli
3476 3075 3610 3129 ergo
3655 3054 3922 3110 naturaliter

2299 3146 2601 3213 sequentes
2647 3142 2896 3213 impares
2945 3151 3098 3214 sunt,
3145 3163 3290 3216 quos
3327 3147 3526 3200 nullus
3569 3148 3625 3200 in
3662 3145 3825 3198 medio
3851 3157 3920 3210 par

2299 3247 2574 3285 numerus
2605 3231 2906 3301 distinguit
2945 3249 2957 3286 :
2992 3234 3098 3288 hos
3142 3234 3187 3288 si
3229 3252 3330 3306 per
3360 3235 3646 3289 binarium
3679 3244 3918 3288 numerum

2297 3319 2664 3390 multiplices,
2701 3321 2912 3375 efﬁcies
2943 3323 3052 3377 hoc
3095 3325 3288 3387 modo,
3322 3324 3406 3378 bis
3441 3341 3643 3389 unum,
3671 3323 3722 3376 id
3764 3324 3830 3374 est
3852 3334 3918 3386 qm

2297 3408 2569 3463 dividitur
2595 3409 2850 3478 quidem,
2885 3411 2982 3464 sed
3031 3414 3154 3482 ejus
3186 3417 3376 3482 partes
3425 3412 3763 3467 indivisibles
3797 3422 3917 3476 repe—

2295 3497 2522 3552 riuntur
2567 3501 2807 3567 propter
2844 3499 3164 3554 insecabilis
3211 3501 3448 3555 unitatis
3499 3506 3762 3555 naturam.
3794 3498 3861 3549 Bis
3883 3497 3915 3558 3,

2295 3585 2381 3641 bis
2415 3588 2464 3651 5,
2502 3584 2587 3638 bis
2627 3589 2676 3652 7,
2708 3585 2793 3639 bis
2822 3587 2876 3652 9,
2909 3587 2993 3642 bis
3026 3591 3107 3655 11,
3139 3594 3195 3643 et
3226 3589 3516 3660 deinceps,
3553 3606 3614 3643 ex
3645 3587 3822 3659 quibus
3848 3597 3917 3635 na-

2294 3679 2530 3729 scuntur
2582 3671 2662 3739 hi,
2702 3676 2756 3738 2,
2811 3678 2862 3740 6,
2921 3677 3001 3742 10,
3059 3679 3143 3744 14,
3210 3681 3270 3732 18
3309 3680 3398 3731 22.
3452 3679 3606 3742 Quos
3650 3676 3690 3730 si
3736 3671 3915 3736 dividas,

2293 3779 2470 3818 unam
2520 3761 2803 3832 recipiunt
2862 3763 3197 3831 sectionem,
3257 3771 3526 3821 crateram
3584 3764 3916 3836 1repudiantes.

2294 3851 2446 3924 quod
2484 3851 2730 3904 secunda
2762 3851 2966 3907 divisio
2994 3854 3064 3907 ab
3086 3854 3325 3924 imparis
3352 3856 3658 3910 medietate
3686 3852 3832 3924 partis
3852 3863 3914 3898 ex-

2291 3941 2561 3995 cluditur.
2597 3944 2691 3997 llis
2721 3948 2913 3997 autem
2956 3944 3211 3996 numeris
3246 3944 3319 3998 ad
3358 3961 3415 3998 se
3459 3945 3696 3998 invicem
3735 3943 3912 4011 quater-

2290 4031 2436 4084 narii
2467 4034 2588 4086 sola
2612 4032 2880 4086 distantia
2901 4035 2999 4084 est.
3036 4032 3294 4102 Namque
3323 4033 3476 4086 inter
3497 4037 3529 4085 2
3561 4036 3658 4087 et6
3681 4040 3910 4084 numeros,

2290 4121 2323 4172 4
2354 4124 2504 4174 sunt.
2560 4122 2776 4174 Rursus
2822 4120 2972 4173 inter
3002 4122 3032 4173 6
3066 4125 3122 4173 et
3168 4123 3252 4188 10,
3287 4126 3342 4174 et
3373 4121 3524 4175 inter
3583 4124 3639 4174 10
3673 4123 3722 4172 et
3771 4117 3836 4181 1i,
3875 4115 3912 4163 et

2291 4207 2441 4262 inter
2474 4209 2538 4262 14
2559 4213 2614 4263 et
2648 4211 2731 4274 18,
2758 4207 2909 4261 idem
2949 4208 3348 4278 quaternarius
3395 4209 3760 4264 differentiam
3799 4203 3908 4256 facit.

490 4287 794 4355 metipsam
815 4285 1159 4356 multiplices
1189 4289 1256 4340 64·
1285 4287 1607 4357 explicabit.
1637 4290 1822 4359 Atque
1863 4289 2014 4342 idem
2045 4288 2182 4342 red-
2219 4290 2261 4344 D
2289 4297 2357 4351 Hi
2412 4313 2660 4368 namque
2718 4311 2917 4350 omnes
2964 4298 3333 4367 quaternaria
3385 4315 3508 4352 sese
3565 4292 3906 4351 numerositate

487 4374 629 4428 dunt
651 4374 734 4427 illi
761 4373 860 4443 qui
884 4389 1057 4442 super
1091 4375 1239 4428 hanc
1280 4376 1643 4431 medietatem
1677 4381 1825 4441 sunt,
1861 4382 1926 4431 ut
1961 4377 2177 4431 dudum

486 4461 547 4515 hi
577 4462 676 4532 qui
709 4478 882 4531 super
921 4462 1061 4516 duas
1108 4463 1281 4533 positi
1308 4465 1612 4519 faciebant.
1653 4467 1796 4520 Nam
1847 4470 2052 4536 quater
2086 4468 2175 4533 46,

487 4551 733 4617 64511111,
776 4555 830 4604 et
885 4551 1136 4606 sedecies
1191 4553 1407 4607 4idem
1456 4554 1765 4624 complent.
1827 4555 2044 4610 Rursus
2092 4554 2178 4609 bis

485 4641 573 4706 32,
600 4640 731 4694 facti
761 4656 794 4693 a
832 4641 901 4694 64
939 4657 1055 4694 11011
1103 4641 1420 4707 discedunt,
1452 4646 1508 4696 et
1535 4641 1729 4712 trigies
1769 4643 1855 4697 bis
1886 4644 2018 4711 duo,
2053 4660 2174 4698 eos-

483 4728 613 4782 dem
645 4729 961 4796 cumulant,
996 4735 1052 4784 et
1082 4730 1259 4785 semel
1291 4730 1377 4798 64,
1410 4731 1499 4785 vel
1521 4731 1712 4786 unitas
1743 4733 2001 4803 sexagies
2038 4750 2174 4804 qua-

487 4819 574 4869 ter
600 4817 999 4888 multiplicata,
1026 4820 1296 4874 eumdem
1337 4835 1644 4875 numerum
1686 4821 1809 4876 sine
1843 4823 1958 4876 ulla
2001 4823 2176 4877 varie-

487 4908 602 4958 tate
635 4905 957 4961 restituent.

1155 4997 1374 5052 CAPUT
1441 4999 1502 5054 X.

555 5086 629 5138 De
658 5098 877 5138 numero
892 5086 1108 5153 pariter
1136 5085 1342 5156 impari
1361 5089 1586 5157 ejusque
1607 5088 2060 5158 proprietatibus.

555 5172 772 5227 Pariter
802 5180 993 5227 antem
1033 5173 1220 5245 impar
1258 5191 1533 5232 numerus
1562 5182 1646 5231 est
1675 5177 1775 5247 qui
1805 5181 1859 5230 et
1889 5177 2010 5247 ipse
2041 5192 2168 5248 qui-

483 5261 614 5316 dem
655 5261 912 5331 paritatis
953 5267 1219 5318 naturam
1259 5265 1748 5337 substantiamque
1791 5265 2024 5320 sortitus
2064 5270 2167 5327 est,

483 5351 582 5404 sed
628 5351 688 5403 in
739 5351 1027 5405 contraria
1061 5351 1361 5420 divisione,
1416 5359 1635 5410 natura:
1686 5355 1912 5409 numeri
1959 5354 2173 5426 pariter

483 5436 637 5507 paris
667 5440 996 5510 opponitur.
1049 5440 1355 5495 Docebitur
1384 5459 1634 5514 namque
1670 5461 1846 5515 quam
1879 5445 2048 5515 longe
2079 5443 2172 5498 hic

485 5523 752 5582 dissimili
774 5529 992 5584 ratione
1021 5527 1325 5585 dividatur.
1362 5531 1504 5587 Nam
1537 5533 1810 5602 quoniam
1839 5550 1944 5606 par
1972 5537 2075 5603 est,
2109 5533 2169 5589 in

2289 4386 2714 4440 transcendunt.
2749 4386 2911 4449 Quod
2929 4385 3134 4438 idcirco
3157 4387 3459 4458 contingit,
3489 4386 3747 4458 quoniam
3781 4375 3908 4452 primi

2290 4474 2390 4543 qui
2421 4474 2592 4543 positi
2623 4480 2776 4540 sunt,
2810 4474 2915 4528 hoc
2961 4479 3044 4527 est
3073 4491 3274 4528 eorum
3322 4476 3706 4539 fundamenta,
3738 4465 3907 4525 binario

2287 4578 2344 4614 se
2379 4579 2616 4617 numero
2643 4562 3063 4634 praecedebant,
3093 4580 3238 4634 quos
3264 4564 3539 4634 quoniam
3563 4579 3660 4634 per
3679 4557 3904 4615 binarium

2287 4651 2819 4720 multiplicavimus,
2853 4652 2912 4704 in
2962 4653 3394 4722 quaternarium
3447 4666 3741 4706 numerum
3778 4642 3908 4700 crevit

2283 4739 2383 4792 illa
2413 4740 2754 4811 progressio.
2785 4741 2907 4794 Duo
2931 4741 3086 4794 enim
3116 4757 3220 4810 per
3237 4741 3322 4795 bis
3355 4738 3710 4811 multiplicati
3736 4737 3908 4807 quater-

2284 4828 2430 4881 narii
2444 4828 2662 4883 faciunt
2685 4844 2991 4883 summam.
3012 4830 3192 4899 Igitur
3225 4831 3284 4884 in
3315 4831 3592 4884 naturalis
3622 4822 3818 4882 numeri
3833 4819 3907 4872 dis

2283 4917 2587 4987 positione,
2629 4917 2844 4986 pariter
2878 4917 3126 4987 impares
3172 4921 3395 4972 numeri
3435 4919 3634 4990 quinto
3676 4917 3781 4969 loco
3819 4921 3903 4963 asc

2285 5004 2516 5073 distant,
2546 5005 2681 5059 solis
2707 5007 2740 5058 4
2774 5021 2832 5059 se
2865 5007 3218 5074 praecedunt,
3252 5011 3281 5060 3
3323 5008 3383 5061 in
3432 5008 3618 5062 medio
3658 5011 3902 5059 transeun-
3973 5053 3975 5056 1

2281 5096 2385 5160 tes,
2418 5109 2521 5162 per
2551 5093 2839 5148 binarium
2870 5110 3176 5148 numerum
3210 5095 3599 5167 multiplicatis
3630 5088 3903 5162 impariblL‘v

2281 5182 2580 5252 procreati.
2604 5183 2911 5236 Contrarias
2931 5199 3062 5236 vero
3083 5201 3203 5238 esse
3219 5185 3489 5239 dicuntur
3505 5186 3587 5238 ha:
3629 5179 3819 5252 species
3835 5187 3904 5226 nu-

2281 5285 2596 5336 merorum,
2626 5270 2682 5324 id
2726 5276 2810 5324 est
2840 5271 3054 5341 pariter
3103 5289 3208 5343 par
3237 5278 3292 5326 et
3329 5274 3546 5342 pariter
3575 5273 3763 5340 impar,
3795 5257 3902 5333 quod

2280 5358 2342 5412 in
2365 5373 2602 5410 numero
2636 5357 2848 5426 pariter
2879 5358 3088 5429 impari
3107 5359 3224 5413 sola
3251 5359 3587 5414 divisionem
3622 5353 3801 5424 recipit
3817 5361 3900 5401 ma-

2276 5447 2368 5517 jor
2398 5445 2742 5514 extremitas,
2765 5446 2824 5500 in
2859 5447 2957 5501 illo
2987 5464 3119 5502 vero
3159 5450 3310 5503 solus
3341 5450 3528 5503 minor
3571 5444 3818 5501 terminus
3843 5450 3899 5486 Ξε-

2279 5534 2468 5592 ctione
2499 5535 2713 5592 solutus
2741 5539 2845 5604 est,
2881 5539 2936 5591 et
2968 5537 3124 5607 quod
3149 5538 3207 5593 in
3233 5537 3419 5593 forma
3447 5536 3652 5608 pariter
3678 5527 3900 5603 parisnu-
4001 5591 4003 5607 1
