4104 6176
206 236 355 288 1089

1544 238 1634 292 DE
1673 238 2143 296 ARITHMETICA
2180 239 2314 294 LIB.
2356 241 2401 295 Ι.

3579 249 3716 302 1090

196 364 352 416 meri
385 365 455 416 ab
489 363 942 418 extremitatibus
968 364 1285 433 incipienti,
1317 370 1373 419 et
1402 383 1584 437 usque
1616 369 1687 421 ad
1720 369 1910 424 media
1947 373 1991 424 A
2021 370 2194 422 sectio
2224 369 2320 423 illa
2351 386 2466 423 non
2498 370 2778 440 pervenit,
2807 372 2903 425 sed
2943 376 3072 426 ante
3109 373 3381 427 unitatem
3425 375 3716 430 invenitur

196 452 619 522 progredienti,
655 454 810 523 quod
842 454 1166 507 continetur
1194 454 1297 508 sub
1329 458 1595 510 extremis
1625 458 1905 526 terminis,

201 540 368 594 idem
401 547 485 595 est
515 541 599 595 illi
622 543 775 612 quod
799 543 1127 597 continetur
1154 544 1259 598 sub
1285 544 1435 599 intra
1457 561 1514 599 se
1537 546 1736 616 positis
1751 563 1909 602 sum-

197 630 399 693 mulis,
424 632 610 701 Atque
640 631 748 685 hoc
768 631 925 686 idem
960 648 1139 704 usque
1178 633 1314 688 dum
1348 634 1419 688 ad
1459 635 1600 689 duas
1631 636 1908 691 medieta-

201 724 289 772 tes
324 719 499 772 fuerit
525 725 782 788 ventum,
817 721 880 774 in
904 721 1382 792 dispositionibus
1408 723 1621 778 scilicet
1651 725 1904 795 paribus.

200 807 259 860 Si
289 813 484 862 autem
517 809 731 863 fuerint
770 809 1022 881 impares
1051 811 1472 882 dispositiones,
1506 815 1660 884 quod
1693 815 1764 869 ab
1794 831 1908 869 una

202 897 515 952 medietate
547 898 868 968 conficitur,
916 900 1025 955 hoc
1071 901 1226 956 idem
1257 903 1360 957 sub
1391 903 1727 957 altrinsecus
1758 904 1908 974 posi-

197 985 270 1039 tis
301 986 565 1055 partibus
587 993 940 1057 procreatur.
990 991 1178 1061 Atque
1212 990 1320 1045 hoc
1354 992 1674 1062 usquedum
1707 992 1778 1047 ad
1809 1007 1903 1048 ex-

197 1075 525 1130 tremitates
546 1076 832 1147 processio
862 1077 982 1131 ﬁat.
1014 1081 1078 1132 1n
1100 1095 1166 1132 ea
1192 1080 1348 1134 enim
1370 1080 1743 1151 dispositione
1773 1097 1903 1152 quas

198 1167 284 1216 est
313 1165 372 1232 2,
404 1166 458 1231 4,
490 1167 542 1231 8,
599 1169 685 1234 16,
713 1166 866 1220 idem
919 1167 1169 1222 reddunt
1190 1170 1224 1223 2
1254 1185 1359 1239 per
1403 1172 1464 1223 16
1508 1170 1898 1240 multiplicati,

202 1252 360 1321 quod
382 1254 415 1306 4
447 1270 548 1324 per
567 1256 926 1310 octonarium
943 1269 1253 1312 numerum
1278 1257 1450 1313 ducti.
1472 1259 1725 1329 Utroque
1747 1260 1902 1314 enim

199 1340 375 1394 modo
407 1344 476 1397 32
508 1341 666 1397 fient.
708 1344 873 1407 Quod
923 1344 970 1398 si
1014 1345 1203 1417 impar
1233 1346 1302 1402 sit
1349 1347 1510 1414 ordo,
1560 1352 1624 1402 ut
1653 1352 1739 1408 est
1762 1351 1817 1411 2,
1844 1350 1897 1417 4,

199 1432 251 1495 8,
279 1429 438 1485 idem
467 1431 677 1485 facient
731 1433 971 1488 extremi
1001 1436 1155 1504 quod
1186 1435 1482 1490 medietas.
1516 1437 1607 1490 Bis
1660 1438 1815 1492 enim
1867 1441 1900 1492 8

199 1523 334 1571 sunt
376 1522 458 1584 16,
481 1525 726 1590 quatuor
755 1527 958 1592 quater
982 1528 1115 1577 sunt
1148 1528 1232 1590 16,
1261 1529 1360 1595 qui
1390 1541 1668 1579 numerus
1697 1543 1730 1580 a
1752 1543 1896 1597 qua-

198 1607 454 1661 ternario
484 1609 542 1662 in
573 1625 631 1662 se
662 1610 830 1664 ducto
862 1611 1176 1680 perﬁcitur.
1201 1614 1265 1666 In
1292 1630 1535 1667 numero
1567 1630 1700 1669 vero
1730 1615 1894 1684 pari-

195 1699 284 1749 ter
319 1697 544 1766 impari,
576 1699 621 1751 si
647 1698 819 1753 fuerit
849 1717 996 1754 unus
1036 1701 1095 1753 in
1124 1702 1314 1756 medio
1347 1703 1647 1770 terminus,
1680 1703 1892 1758 circum

195 1800 254 1837 se
283 1786 606 1854 positorum
640 1787 1020 1843 terminorum
1043 1790 1089 1843 si
1121 1789 1182 1843 in
1212 1806 1394 1845 unum
1426 1792 1758 1861 redigantur
1780 1810 1893 1846 me-

195 1873 380 1927 dietas
413 1880 516 1932 est.
548 1877 783 1931 Eiidem
815 1894 1019 1932 eorum
1047 1895 1276 1950 quoque
1299 1880 1398 1950 qui
1425 1897 1597 1951 super
1625 1882 1729 1936 hos
1761 1885 1895 1936 sunt

189 1963 470 2018 terminos
509 1966 784 2020 medietas
813 1973 916 2021 est.
951 1970 1134 2039 Atque
1158 1969 1267 2022 hoc
1298 1985 1480 2039 usque
1516 1971 1585 2024 ad
1609 1975 1894 2025 extremos

195 2054 456 2108 omnium
489 2056 893 2124 terminorum,
922 2062 984 2110 ut
1014 2057 1074 2110 in
1103 2073 1169 2111 eo
1198 2057 1399 2111 ordine
1429 2059 1528 2128 qui
1556 2063 1639 2112 est
1676 2059 1895 2129 pariter

188 2141 502 2212 imparium
531 2160 906 2198 numerorum
934 2148 990 2211 2,
1025 2150 1074 2201 6.
1120 2148 1182 2198 10
1200 2147 1433 2216 junctus
1473 2147 1731 2201 binarius
1761 2164 1892 2201 cum

191 2230 431 2284 denario
479 2234 541 2284 12
574 2234 784 2302 explet,
832 2235 993 2304 cujus
1042 2234 1299 2289 senarius
1348 2235 1624 2290 medietas
1667 2236 1889 2290 inveni-

187 2325 304 2374 tur.
359 2320 416 2373 Si
467 2337 595 2375 vero
648 2322 866 2376 fuerint
921 2323 1047 2377 dua:
1105 2324 1439 2378 medietates
1480 2325 1718 2394 junctae,
1749 2325 1891 2396 ipsas

187 2413 452 2480 utraeque
481 2411 728 2481 aequales
760 2416 928 2466 erunt
959 2428 1133 2483 super
1164 2429 1222 2466 se
1249 2412 1514 2467 terminis
1545 2414 1885 2470 constitutis.

190 2498 260 2551 L't
290 2503 376 2552 est
416 2498 478 2552 in
505 2498 613 2554 hoc
639 2501 862 2569 ordine,
911 2504 963 2569 2,
999 2504 1050 2569 6,
1108 2504 1190 2569 10,
1230 2503 1312 2570 14,
1340 2501 1528 2556 Juncti
1567 2502 1722 2556 enim
1770 2505 1803 2557 2
1835 2507 1888 2558 et

191 2587 278 2652 14,
306 2586 367 2640 in
405 2589 462 2640 16
494 2594 776 2656 crescunt,
802 2605 945 2659 quos
977 2590 1238 2646 senarius
1269 2605 1400 2644 cum
1432 2589 1665 2644 denario
1707 2607 1888 2662 copu-

183 2674 336 2728 latus
370 2676 596 2731 efﬁciet.
629 2681 815 2749 Atque
844 2679 955 2732 hoc
990 2678 1054 2732 in
1103 2679 1592 2734 numerosioribus
1627 2679 1888 2734 terminis

182 2763 352 2818 initio
375 2770 605 2838 sumpto
637 2784 670 2821 a
692 2767 897 2823 mediis
918 2767 1128 2836 evenit,
1156 2785 1340 2841 usque
1368 2769 1506 2825 dum
1533 2770 1604 2825 ad
1628 2774 1883 2827 extrema

182 2853 468 2909 veniatur.

863 2928 1089 2982 CAPUT
1124 2929 1210 2981 Xl.

185 3015 259 3066 De
290 3029 511 3068 numero
571 3016 861 3083 impariter
911 3019 1039 3085 pari
1081 3016 1304 3086 ejusque
1345 3017 1801 3086 proprietatibus,
1834 3019 1885 3072 ei

258 3102 643 3171 descriptionis
696 3104 770 3157 ad
808 3106 1099 3174 impariter
1135 3107 1308 3174 paris,
1363 3109 1424 3158 in
1477 3106 1791 3174 latitudine,
1823 3107 1884 3159 in

256 3192 618 3260 longitudine,
651 3194 724 3247 ad
750 3197 964 3262 pariter
1009 3196 1167 3264 paris
1223 3198 1481 3249 natu-ram
1532 3197 1880 3266 pertinentis,

257 3282 548 3349 expositio,

253 3387 558 3456 Impariter
593 3403 696 3457 par
738 3404 1015 3442 numerus
1047 3394 1132 3443 est
1177 3403 1246 3442 ex
1277 3389 1538 3460 utrisque
1568 3389 1876 3450 confectus,

179 3478 237 3528 et
285 3475 609 3529 medietatis
655 3477 780 3530 loco
817 3477 1048 3545 gemina
1098 3477 1455 3531 extremitate
1498 3478 1877 3544 concluditur,

180 3567 245 3616 ut
283 3580 399 3634 qua
425 3563 494 3617 ab
522 3569 768 3635 utroque
803 3566 1105 3636 discrepet,
1138 3567 1359 3629 feadem
1416 3567 1482 3619 ad
1539 3567 1880 3620 alterutrum

176 3653 840 3724 cognationejungatur.
874 3654 971 3707 Hic
1003 3658 1194 3708 autem
1246 3655 1376 3708 talis
1418 3659 1502 3708 est
1543 3657 1642 3725 qui
1675 3655 1880 3709 dividi~

175 3746 272 3795 tur
293 3742 353 3794 in
379 3758 572 3812 aequas
601 3748 813 3812 partes,
842 3743 1120 3814 cujusque
1147 3758 1280 3812 pars
1315 3743 1374 3796 in
1395 3743 1536 3797 alias
1573 3760 1765 3814 aequas
1792 3744 1874 3797 di-

174 3830 291 3884 vidi
324 3835 534 3895 potest,
588 3835 642 3884 et
672 3831 845 3884 etiam
878 3831 1185 3902 aliquando
1215 3835 1406 3900 partes
1447 3832 1699 3901 partium
1738 3831 1878 3885 divi-

173 3920 416 3986 duntur,
449 3919 546 3972 sed
579 3935 693 3973 non
723 3925 789 3974 ut
835 3935 1017 3990 usque
1050 3920 1118 3973 ad
1157 3921 1437 3974 unitatem
1480 3919 1879 3991 progrediatur

175 4007 484 4078 aequabilis
501 4008 600 4061 illa
618 4008 929 4075 distinctio,
952 4013 1018 4062 ut
1037 4014 1169 4063 sunt
1189 4010 1259 4062 24
1286 4014 1344 4064 et
1366 4011 1459 4063 28.
1484 4010 1551 4062 Hi
1573 4009 1723 4063 enim
1749 4025 1877 4078 pos-

175 4101 314 4150 sunt
348 4095 408 4149 in
441 4097 775 4150 medietates
807 4097 1006 4165 dividi,
1039 4101 1096 4152 et
1125 4113 1323 4152 eorum
1354 4113 1552 4151 rursus
1583 4102 1774 4168 partes
1815 4097 1878 4150 in

175 4184 319 4237 alias
356 4184 711 4250 medietates,
767 4185 889 4239 sine
925 4186 1118 4256 aliqua
1146 4186 1505 4241 dubitatione
1553 4186 1873 4240 solvuntur.

2022 459 2320 524 terminus,
2375 476 2548 528 quem
2606 476 2794 513 secare
2829 477 2941 513 non
2990 462 3194 530 possis.
3247 462 3479 518 Obtinet
3522 471 3713 519 autem

2024 563 2152 617 quae
2182 547 2264 601 illi
2297 563 2525 618 quoque
2557 548 2863 618 recipiunt,
2897 551 3049 620 quod
3085 553 3350 620 quaedam
3371 556 3560 622 partes
3591 554 3713 622 ejus

2023 636 2390 706 respondent,
2416 637 2977 708 denominanturque
3001 640 3317 694 secundum
3349 656 3530 710 genus
3546 658 3711 695 suum

2017 725 2086 778 ad
2119 724 2408 796 propriam
2439 726 2838 796 quantitatem,
2883 728 2953 780 ad
2998 728 3457 795 similitudinem,
3501 730 3713 784 scilicet

2012 813 2228 882 pariter
2253 813 2404 883 paris
2454 815 2699 868 numeri.
2753 815 2892 869 Aliae
2942 832 3078 883 vero,
3132 823 3318 886 partes
3367 818 3709 872 contrariam

2013 901 2542 956 denominationem
2577 906 2812 956 sumunt
2835 903 3076 974 propriae
3109 904 3464 975 quantitatis,
3499 907 3562 960 ad
3606 923 3707 976 pa-

2015 989 2151 1044 riter
2181 989 2416 1061 imparis
2466 991 2679 1046 scilicet
2710 993 2975 1047 formam.
3011 994 3075 1047 In
3117 995 3184 1047 24
3242 994 3396 1047 enim
3441 1009 3703 1064 numero,

2009 1095 2116 1150 par
2142 1084 2228 1133 est
2265 1080 2552 1150 quantitas
2591 1082 2764 1151 partis
2798 1098 2830 1134 a
2860 1082 2984 1151 pari
3025 1097 3269 1136 numero
3313 1083 3701 1139 denominata.

2012 1169 2153 1222 Nam
2186 1173 2389 1239 quarta
2409 1170 2462 1235 6,
2513 1172 2765 1224 secunda
2807 1187 2940 1224 vero
2998 1174 3081 1237 12,
3119 1176 3274 1225 sexta
3302 1188 3436 1226 vero
3462 1175 3513 1238 4,
3564 1173 3706 1226 duo-

2013 1258 2233 1312 decima
2263 1259 2315 1322 2,
2350 1274 2478 1328 qum
2511 1259 2786 1313 vocabulo
2811 1259 3060 1329 partium
3112 1276 3142 1312 a
3173 1260 3510 1330 quantitatis
3540 1261 3698 1330 pari-

2008 1349 2122 1399 tate
2154 1362 2271 1399 non
2324 1347 2667 1417 discrepant.
2704 1348 3013 1401 Contrariac
3069 1364 3200 1401 vero
3233 1349 3699 1415 denominantur,

2009 1450 2136 1488 cum
2165 1435 2332 1489 tertia
2363 1451 2494 1505 pars
2523 1441 2667 1503 octo,
2713 1443 2910 1492 octava
2946 1453 3080 1491 vero
3112 1441 3162 1503 3,
3205 1437 3479 1508 vigesima
3514 1442 3702 1492 autem

2009 1527 2212 1592 quarta
2249 1525 2293 1589 1,
2329 1539 2458 1593 quas
2487 1524 2983 1579 denominationes
3024 1542 3155 1580 cum
3192 1542 3358 1596 pares
3389 1527 3503 1580 sint
3549 1527 3702 1580 inve-

2008 1612 2250 1665 niuntur
2285 1610 2531 1681 impares
2562 1614 2927 1683 quantitates,
2962 1619 3018 1667 et
3048 1631 3176 1668 cum
3215 1615 3328 1668 sint
3353 1632 3517 1685 pares
3547 1632 3702 1669 sum-

1939 1685 1978 1738 B
2009 1717 2141 1767 mea,
2176 1706 2308 1753 sunt
2340 1700 2585 1770 impares
2613 1702 3124 1756 denominationes.
3161 1705 3480 1757 Nascuntur
3512 1709 3702 1757 autem

2007 1790 2149 1842 tales
2182 1790 2407 1842 numeri
2437 1789 2536 1855 ita,
2587 1794 2652 1843 ut
2696 1790 3074 1844 substantiam
3130 1795 3510 1861 naturamque
3542 1807 3701 1844 suam

2003 1878 2060 1931 in
2096 1878 2217 1948 ipsa
2249 1878 2418 1932 etiam
2455 1878 2685 1948 propria
2712 1879 3082 1948 generatione
3108 1879 3429 1949 designent,
3459 1895 3523 1934 ex
3557 1881 3706 1950 pari-

2002 1972 2088 2022 ter
2125 1967 2360 2037 paribus
2407 1972 2462 2020 et
2507 1967 2724 2036 pariter
2762 1967 3081 2037 imparibus
3129 1969 3429 2037 procreati.
3479 1969 3703 2022 Pariter

2001 2056 2156 2111 enim
2196 2055 2465 2126 impares,
2498 2056 2717 2109 cunctis
2758 2056 2974 2109 dudum
3015 2055 3328 2109 ordinatim
3359 2056 3558 2125 positis
3593 2058 3700 2110 im-

2002 2147 2255 2217 paribus,
2292 2145 2685 2210 nascebantur,
2738 2145 2952 2214 pariter
2996 2161 3130 2200 vero
3177 2161 3345 2214 pares
3378 2162 3446 2199 ex
3481 2147 3696 2215 duplici

1999 2234 2421 2306 progressione.
2459 2235 2844 2303 Disponantur
2887 2233 3063 2303 igitur
3095 2249 3294 2287 omnes
3326 2234 3383 2286 in
3433 2233 3694 2288 ordinem

1999 2323 2342 2377 naturaliter
2378 2322 2649 2392 impares,
2684 2327 2741 2376 et
2765 2322 2868 2375 sub
2901 2321 2992 2374 his
3016 2338 3048 2375 a
3079 2326 3329 2392 quatuor
3361 2322 3696 2375 inchoantes

1998 2427 2196 2466 omnes
2228 2410 2504 2480 duplices,
2535 2415 2590 2464 et
2620 2410 2734 2464 sint
2754 2410 2861 2464 hoc
2889 2410 3098 2463 modo:

2246 2519 2272 2565 3
2365 2519 2371 2574 |
2464 2519 2490 2563 5
2583 2520 2590 2578 ι
2681 2519 2707 2564 7
2801 2519 2807 2578 |
2900 2519 2927 2565 9
3018 2519 3025 2577 ι
3122 2519 3172 2563 11
3267 2519 3274 2575 ι
3371 2519 3423 2563 13

2145 2591 2154 2650 ι
2245 2591 2272 2636 1
2362 2589 2370 2650 ι
2462 2591 2488 2636 8
2580 2589 2587 2650 ι
2666 2590 2719 2635 16
2797 2590 2804 2648 ι
2883 2591 2942 2636 32
3015 2589 3023 2648 ι
3114 2591 3172 2636 64
3261 2589 3270 2646 ι
3346 2590 3430 2635 128

1996 2687 2091 2739 His
2119 2686 2298 2756 igitur
2326 2686 2404 2740 ita
2435 2687 2652 2756 positis,
2679 2687 2724 2739 si
2753 2685 2977 2755 primus
3010 2685 3183 2755 primi
3211 2684 3689 2754 multiplicatione

1997 2779 2338 2840 concrescat,
2371 2774 2427 2828 id
2453 2778 2538 2827 est
2560 2774 2606 2826 si
2637 2772 2990 2843 quaternarii
3012 2773 3315 2838 ternarius,
3340 2772 3427 2825 vel
3458 2772 3504 2824 si
3537 2771 3689 2825 idem

1996 2863 2214 2932 primus
2265 2862 2522 2928 secundi,
2567 2861 2627 2915 id
2681 2865 2764 2915 est
2806 2861 3085 2915 octonarii
3135 2860 3442 2925 ternarius,
3498 2860 3585 2913 vel
3640 2859 3689 2913 si

1996 2952 2149 3006 idem
2167 2951 2387 3021 primus
2415 2950 2586 3016 tertii,
2617 2950 2674 3003 id
2707 2953 2792 3003 est
2825 2952 2884 3002 16
2915 2949 3219 3015 ternarius,
3255 2953 3313 3001 et
3333 2947 3483 3001 idem
3505 2961 3686 3017 usque

1992 3040 2063 3093 ad
2095 3038 2385 3104 ultimum,
2423 3039 2512 3091 vel
2553 3039 2598 3091 si
2631 3038 2911 3091 secundus
2941 3037 3113 3107 primi
3146 3041 3202 3090 et
3234 3036 3487 3101 secundi,
3519 3035 3606 3088 vel
3641 3035 3686 3087 si

1993 3129 2272 3182 secundus
2303 3127 2475 3193 tertii,
2513 3131 2568 3180 et
2595 3127 2792 3180 eadem
2835 3141 3016 3195 usque
3048 3125 3115 3178 ad
3151 3129 3470 3179 extremum
3499 3123 3686 3177 multi-

1993 3217 2218 3287 plicatio
2244 3215 2589 3286 proferatur,
2633 3217 2723 3269 vel
2755 3215 2800 3267 si
2831 3214 3031 3267 tertius
3075 3230 3106 3266 a
3160 3213 3346 3283 primo
3405 3213 3682 3265 inchoans

1992 3322 2173 3375 usque
2199 3305 2258 3358 in
2293 3309 2611 3358 extremum
2669 3308 2937 3357 transeat.
2986 3305 3174 3371 Atque
3222 3302 3300 3354 ita
3338 3305 3576 3371 quartus
3629 3305 3685 3353 et

1990 3410 2188 3449 omnes
2209 3394 2267 3447 in
2292 3393 2552 3447 ordinem
2582 3392 2904 3462 superiores
2928 3390 3309 3460 multiplicent
3331 3405 3426 3442 eos
3449 3389 3548 3458 qui
3579 3389 3682 3442 sub

1989 3483 2126 3554 ipsis
2182 3483 2242 3536 in
2293 3481 2667 3552 dispositione
2702 3484 2854 3546 sunt,
2911 3495 3110 3532 omnes
3165 3478 3462 3547 impariter
3516 3493 3683 3546 pares

1989 3571 2392 3643 procreabunt.
2430 3570 2610 3640 Hujus
2654 3574 2844 3623 autem
2895 3568 2979 3621 rei
3015 3569 3127 3621 tale
3159 3581 3451 3621 sumamus
3486 3580 3684 3619 exem-

1987 3661 2169 3730 plum,
2213 3659 2257 3712 si
2298 3661 2413 3712 tres
2447 3663 2649 3727 quater
2704 3656 3069 3725 multiplices,
3107 3657 3170 3708 12
3202 3655 3377 3718 ﬁent;
3435 3654 3521 3706 vel
3554 3655 3600 3706 si
3653 3658 3683 3707 5

1988 3754 2233 3816 quatuor
2272 3746 2678 3815 multiplicent,
2730 3748 2800 3799 2O
2837 3760 3112 3798 numerus
3144 3746 3465 3808 excrescet;
3506 3743 3592 3796 vel
3633 3743 3682 3795 si

1987 3837 2125 3890 item
2153 3840 2184 3888 7
2216 3834 2599 3904 multiplicent
2621 3835 2672 3899 4,
2691 3837 2760 3887 28
2792 3836 3123 3900 succrescat,
3169 3839 3339 3902 atque
3369 3832 3477 3885 hoc
3499 3845 3682 3901 usque

1988 3923 2047 3978 in
2076 3924 2271 3978 ﬁnem.
2311 3925 2525 3976 Rursus
2572 3921 2619 3974 si
2658 3923 2688 3974 8
2741 3921 3125 3991 multiplicent
3177 3923 3229 3986 3,
3263 3924 3565 3973 nascentur
3588 3920 3678 3973 24.

1988 4012 2045 4066 Si
2076 4016 2108 4066 8
2139 4011 2197 4065 in
2237 4014 2289 4078 5,
2321 4011 2468 4063 fiunt
2514 4011 2618 4075 40;
2655 4009 2701 4062 si
2741 4013 2772 4063 8
2804 4008 2860 4061 in
2901 4013 2955 4076 7,
2991 4007 3333 4077 colligentur
3363 4011 3448 4061 56.
3495 4011 3681 4077 Atque

1987 4101 2059 4154 ad
2090 4101 2243 4154 hunc
2272 4099 2507 4153 modum
2537 4098 2582 4150 si
2628 4112 2827 4150 omnes
2860 4094 3162 4149 inferiores
3213 4093 3488 4162 duplices,
3525 4108 3553 4144 a
3586 4108 3679 4143 su-

1987 4186 2309 4259 perioribus
2342 4184 2819 4254 multiplicentur,
2860 4183 2944 4237 vel
2985 4182 3030 4235 si
3072 4181 3396 4252 superiores
3449 4178 3678 4232 eosdem

175 4274 327 4327 Sunt
357 4274 533 4326 etiam
556 4273 786 4344 quidam
816 4274 911 4327 alii
944 4274 1192 4342 numeri,
1230 4291 1477 4346 quorum
1509 4278 1701 4345 partes
1742 4274 1879 4328 alias
1919 4275 1962 4328 D
1989 4277 2292 4332 inferiores
2323 4273 2728 4343 multiplicent,
2762 4275 2992 4326 cunctos
3023 4271 3124 4341 qui
3154 4271 3274 4326 nati
3323 4270 3539 4323 fuerint
3569 4268 3678 4321 im-

175 4362 469 4431 recipiunt
519 4362 845 4430 divisiones,
906 4363 1002 4417 sed
1058 4363 1183 4434 ipsa
1229 4363 1431 4418 divisio
1479 4363 1549 4417 ad
1592 4363 1876 4417 unitatem

176 4467 365 4522 usque
398 4467 512 4504 non
535 4452 815 4521 pervenit.
833 4452 1014 4522 Igitur
1030 4451 1090 4506 in
1107 4468 1174 4506 eo
1197 4453 1351 4524 quod
1372 4453 1499 4523 plus
1516 4469 1690 4523 quam
1704 4468 1878 4506 unam

176 4540 418 4609 suscipit
453 4540 783 4608 sectionem,
815 4541 991 4595 habet
1008 4541 1445 4595 similitudinem
1468 4542 1680 4612 pariter
1699 4541 1873 4612 paris,

174 4628 275 4683 sed
307 4645 340 4681 a
369 4629 583 4698 pariter
615 4629 823 4699 impari
854 4633 1207 4699 segregatur.
1241 4630 1305 4682 In
1328 4646 1394 4684 eo
1433 4645 1567 4684 vero
1597 4630 1750 4700 quod
1778 4645 1877 4683 us-

176 4734 288 4788 que
318 4717 391 4771 ad
414 4734 592 4771 unum
622 4719 795 4772 sectio
825 4718 923 4772 illa
941 4735 1060 4772 non
1082 4719 1327 4786 ducitur,
1355 4719 1570 4790 pariter
1595 4719 1877 4788 imparem

174 4820 290 4858 non
319 4805 552 4873 refutat,
586 4807 682 4861 sed
713 4823 743 4860 a
772 4807 988 4878 pariter
1032 4808 1159 4878 pari
1180 4807 1546 4878 disjungitur.
1584 4807 1880 4876 Contingit

173 4901 368 4949 autem
400 4895 535 4949 huic
575 4912 819 4950 numero
846 4901 902 4950 et
937 4901 1178 4966 utraque
1214 4894 1429 4949 habere
1461 4911 1588 4965 quae
1620 4895 1877 4965 superio-

172 5000 263 5038 res
295 5001 416 5038 non
460 4984 688 5053 habent,
724 4989 778 5038 et
831 4989 1073 5055 utraque
1132 5000 1260 5055 quae
1292 4984 1376 5037 illi
1408 4984 1696 5054 recipiunt
1725 4984 1874 5038 obti-

175 5087 332 5126 nere.
367 5073 433 5125 Et
483 5073 655 5127 habet
700 5073 937 5144 quidem
997 5073 1151 5143 quod
1199 5072 1428 5142 utrique
1479 5088 1595 5126 non
1640 5072 1872 5139 habent,

175 5161 329 5230 quod
366 5176 494 5215 cum
523 5161 583 5214 in
615 5177 728 5215 uno
780 5161 938 5215 solus
978 5160 1160 5230 major
1191 5161 1472 5215 terminus
1500 5159 1871 5224 divideretur,

176 5247 232 5302 in
263 5249 380 5302 alio
409 5265 544 5303 vero
576 5250 732 5304 solus
763 5250 955 5304 minor
1014 5249 1296 5304 terminus
1349 5265 1468 5303 non
1502 5249 1871 5315 divideretur,

178 5338 236 5393 in
264 5340 376 5394 hoc
404 5355 595 5411 neque
634 5341 788 5394 solus
826 5341 1013 5412 major
1047 5340 1326 5395 terminus
1362 5339 1702 5394 divisionem
1731 5339 1874 5393 reci-

177 5429 279 5496 pit,
316 5446 506 5500 neque
539 5430 726 5484 minor
753 5431 906 5484 solus
932 5429 1214 5484 terminus
1246 5445 1279 5483 a
1311 5428 1590 5483 divisione
1621 5427 1874 5498 sejungi-

178 5521 286 5572 tur.
319 5519 461 5572 Nam
495 5523 552 5573 et
574 5523 765 5590 partes
800 5520 1118 5588 solvuntur,
1159 5522 1215 5573 et
1261 5534 1441 5590 usque
1493 5518 1558 5573 ad
1591 5516 1873 5572 unitatem

1987 4366 2203 4437 pariter
2249 4379 2416 4434 pares
2466 4362 2738 4416 invenies.
2787 4363 2972 4432 Atque
3022 4360 3144 4414 haec
3199 4363 3282 4413 est
3329 4355 3680 4412 admirabilis

1986 4454 2156 4524 hujus
2185 4451 2414 4507 numeri
2437 4451 2637 4518 forma,
2681 4450 2836 4521 quod
2865 4465 2996 4503 cum
3026 4448 3199 4502 fuerit
3227 4448 3351 4517 ipsa
3381 4444 3680 4515 dispositio

1989 4542 2407 4612 descriptioque
2448 4544 2746 4612 perspecta
2774 4553 3169 4602 numerorum,
3202 4535 3276 4590 ad
3309 4533 3677 4589 latitudinem

1987 4632 2203 4704 pariter
2233 4629 2563 4700 imperium,
2627 4629 2697 4682 ad
2731 4626 3148 4696 longitudinem
3195 4623 3408 4693 pariter
3449 4621 3676 4692 parium

1984 4735 2358 4776 numerorum
2381 4716 2703 4787 proprietas
2723 4715 3030 4768 invenitur.
3056 4713 3198 4767 Sunt
3227 4711 3381 4766 enim
3411 4712 3472 4764 iu
3491 4711 3680 4764 latitu-

1985 4809 2178 4864 dinem
2212 4806 2432 4860 duabus
2466 4802 2869 4859 medietatibus
2908 4800 3157 4871 aequales
3188 4799 3318 4853 duae
3350 4798 3678 4852 extremita-

1984 4900 2087 4963 tes,
2120 4897 2208 4949 vel
2235 4910 2348 4948 una
2378 4893 2683 4948 medietate
2714 4892 2841 4945 dua:
2882 4889 3136 4959 duplices
3173 4887 3578 4942 extremitates.
3613 4887 3677 4939 In

1984 4981 2402 5053 longitudinem
2433 4995 2586 5045 vero,
2612 4976 2827 5048 pariter
2843 4975 2994 5046 paris
3023 4975 3252 5029 numeri
3275 4991 3397 5029 rem
3415 4973 3673 5043 proprie-

1983 5073 2274 5139 tatemque
2305 5067 2584 5137 designat.
2617 5064 2778 5127 Quod
2811 5063 2966 5117 enim
2997 5062 3101 5116 sub
3132 5061 3353 5116 duabus
3398 5059 3673 5114 medieta-

1983 5158 2135 5212 tibus
2171 5157 2514 5220 continetur,
2567 5153 2786 5224 zequale
2836 5156 2921 5206 est
2966 5151 3019 5206 ei
3062 5151 3215 5221 quod
3264 5150 3369 5204 sub
3409 5145 3674 5202 extremis

1983 5246 2303 5308 conﬁcitur,
2327 5245 2415 5298 vel
2437 5243 2586 5315 quod
2608 5243 2678 5296 ab
2695 5256 2810 5296 una
2827 5241 3132 5295 medietate
3155 5239 3423 5303 nascitur,
3454 5234 3673 5304 aequale

1983 5340 2068 5390 est
2096 5335 2181 5390 illi
2212 5335 2368 5406 quod
2399 5333 2503 5386 sub
2541 5331 2799 5402 utrisque
2839 5327 3288 5385 extremitatibus
3319 5323 3665 5377 continetur.

1984 5423 2299 5494 Descriptio
2327 5427 2520 5478 autem
2549 5435 2678 5492 quae
2723 5418 3016 5491 supposita
3042 5419 3143 5481 est,
3187 5415 3296 5468 hoc
3326 5411 3496 5466 modo
3526 5411 3673 5464 facta

1984 5518 2087 5572 est.
2121 5514 2601 5582 Quantoscunque
2649 5510 2710 5565 in
2742 5509 2943 5564 ordine
2975 5502 3190 5577 pariter
3213 5501 3443 5573 parium
3473 5515 3673 5556 nume-
