  <div class='ocr_page' id='page_1' title='image "/cluster/home/n/w/nwhite01/storage/ocr_20150623/63/hvd.32044073498800/551.png"; bbox 0 0 4104 6176; ppageno 0'>
   <div class='ocr_carea' id='block_1_1' title="bbox 456 300 585 353">
    <p class='ocr_par' dir='ltr' id='par_1_1' title="bbox 456 300 585 353">
     <span class='ocr_line' id='line_1_1' title="bbox 456 300 585 353; baseline 0 0"><span class='ocrx_word' id='word_1_1' title='bbox 456 300 585 353; x_wconf 81' lang='grc'><strong>1091</strong></span> 
     </span>
    </p>
   </div>
   <div class='ocr_carea' id='block_1_2' title="bbox 1789 279 2612 340">
    <p class='ocr_par' dir='ltr' id='par_1_2' title="bbox 1789 279 2612 340">
     <span class='ocr_line' id='line_1_2' title="bbox 1789 279 2612 340; baseline -0.005 -2"><span class='ocrx_word' id='word_1_2' title='bbox 1789 285 1902 339; x_wconf 78' lang='grc' dir='ltr'><strong>ΑΝ.</strong></span> <span class='ocrx_word' id='word_1_3' title='bbox 1946 283 2151 340; x_wconf 79' lang='lat' dir='ltr'><strong>MANL.</strong></span> <span class='ocrx_word' id='word_1_4' title='bbox 2194 282 2346 337; x_wconf 87' lang='lat' dir='ltr'><strong>SEV.</strong></span> <span class='ocrx_word' id='word_1_5' title='bbox 2385 279 2612 335; x_wconf 88' lang='lat' dir='ltr'><strong>BOETII</strong></span> 
     </span>
    </p>
   </div>
   <div class='ocr_carea' id='block_1_3' title="bbox 3761 277 3871 329">
    <p class='ocr_par' dir='ltr' id='par_1_3' title="bbox 3761 277 3871 329">
     <span class='ocr_line' id='line_1_3' title="bbox 3761 277 3871 329; baseline -0.027 0"><span class='ocrx_word' id='word_1_6' title='bbox 3761 277 3871 329; x_wconf 74' lang='grc'><strong>1092</strong></span> 
     </span>
    </p>
   </div>
   <div class='ocr_carea' id='block_1_4' title="bbox 451 404 3870 490">
    <p class='ocr_par' dir='ltr' id='par_1_4' title="bbox 451 404 3870 490">
     <span class='ocr_line' id='line_1_4' title="bbox 451 404 3870 490; baseline -0.008 -6"><span class='ocrx_word' id='word_1_7' title='bbox 451 445 651 484; x_wconf 85' lang='lat' dir='ltr'><strong>rerum</strong></span> <span class='ocrx_word' id='word_1_8' title='bbox 684 424 968 481; x_wconf 89' lang='lat' dir='ltr'><strong>ternarius</strong></span> <span class='ocrx_word' id='word_1_9' title='bbox 996 419 1413 490; x_wconf 85' lang='lat' dir='ltr'><strong>multiplicavit,</strong></span> <span class='ocrx_word' id='word_1_10' title='bbox 1457 416 1782 488; x_wconf 87' lang='lat' dir='ltr'><strong>quicunque</strong></span> <span class='ocrx_word' id='word_1_11' title='bbox 1814 430 1877 469; x_wconf 81' lang='lat' dir='ltr'><strong>ex</strong></span> <span class='ocrx_word' id='word_1_12' title='bbox 1904 431 1971 469; x_wconf 89' lang='lat' dir='ltr'><strong>eo</strong></span> <span class='ocrx_word' id='word_1_13' title='bbox 2014 430 2142 484; x_wconf 86' lang='lat' dir='ltr'><strong>pro-</strong></span> <span class='ocrx_word' id='word_1_14' title='bbox 2177 417 2223 468; x_wconf 82' lang='lat' dir='ltr'><strong>A</strong></span> <span class='ocrx_word' id='word_1_15' title='bbox 2253 413 2380 467; x_wconf 91' lang='lat' dir='ltr'><strong>dius</strong></span> <span class='ocrx_word' id='word_1_16' title='bbox 2402 412 2701 477; x_wconf 82' lang='lat' dir='ltr'><strong>terminus,</strong></span> <span class='ocrx_word' id='word_1_17' title='bbox 2735 409 2791 463; x_wconf 95' lang='lat' dir='ltr'><strong>id</strong></span> <span class='ocrx_word' id='word_1_18' title='bbox 2826 412 2911 461; x_wconf 90' lang='lat' dir='ltr'><strong>est</strong></span> <span class='ocrx_word' id='word_1_19' title='bbox 2946 408 3038 472; x_wconf 81' lang='grc'><strong>48,</strong></span> <span class='ocrx_word' id='word_1_20' title='bbox 3090 405 3133 458; x_wconf 90' lang='lat' dir='ltr'><strong>si</strong></span> <span class='ocrx_word' id='word_1_21' title='bbox 3166 405 3228 458; x_wconf 92' lang='lat' dir='ltr'><strong>in</strong></span> <span class='ocrx_word' id='word_1_22' title='bbox 3257 404 3611 474; x_wconf 74' lang='lat' dir='ltr'><strong>semetipsum</strong></span> <span class='ocrx_word' id='word_1_23' title='bbox 3655 405 3870 469; x_wconf 88' lang='lat' dir='ltr'><strong>ducatur,</strong></span> 
     </span>
    </p>
   </div>
   <div class='ocr_carea' id='block_1_5' title="bbox 453 503 2141 582">
    <p class='ocr_par' dir='ltr' id='par_1_5' title="bbox 453 503 2141 582">
     <span class='ocr_line' id='line_1_5' title="bbox 453 503 2141 582; baseline -0.011 -9"><span class='ocrx_word' id='word_1_24' title='bbox 453 517 630 573; x_wconf 81' lang='lat' dir='ltr'><strong>creati</strong></span> <span class='ocrx_word' id='word_1_25' title='bbox 670 519 819 581; x_wconf 90' lang='lat' dir='ltr'><strong>sunt,</strong></span> <span class='ocrx_word' id='word_1_26' title='bbox 870 512 1055 582; x_wconf 92' lang='lat' dir='ltr'><strong>primo</strong></span> <span class='ocrx_word' id='word_1_27' title='bbox 1085 513 1217 563; x_wconf 89' lang='lat' dir='ltr'><strong>sunt</strong></span> <span class='ocrx_word' id='word_1_28' title='bbox 1249 522 1417 561; x_wconf 87' lang='lat' dir='ltr'><strong>versu</strong></span> <span class='ocrx_word' id='word_1_29' title='bbox 1447 504 1724 576; x_wconf 87' lang='lat' dir='ltr'><strong>dispositi.</strong></span> <span class='ocrx_word' id='word_1_30' title='bbox 1776 505 1993 558; x_wconf 83' lang='lat' dir='ltr'><strong>Rursus</strong></span> <span class='ocrx_word' id='word_1_31' title='bbox 2042 503 2141 573; x_wconf 87' lang='lat' dir='ltr'><strong>qui</strong></span> 
     </span>
    </p>
   </div>
   <div class='ocr_carea' id='block_1_6' title="bbox 455 592 2143 670">
    <p class='ocr_par' dir='ltr' id='par_1_6' title="bbox 455 592 2143 670">
     <span class='ocr_line' id='line_1_6' title="bbox 455 592 2143 670; baseline -0.011 -8"><span class='ocrx_word' id='word_1_32' title='bbox 455 607 681 662; x_wconf 90' lang='lat' dir='ltr'><strong>eosdem</strong></span> <span class='ocrx_word' id='word_1_33' title='bbox 728 600 1145 670; x_wconf 88' lang='lat' dir='ltr'><strong>multiplicanta</strong></span> <span class='ocrx_word' id='word_1_34' title='bbox 1195 596 1461 668; x_wconf 91' lang='lat' dir='ltr'><strong>quinario</strong></span> <span class='ocrx_word' id='word_1_35' title='bbox 1515 595 1632 649; x_wconf 90' lang='lat' dir='ltr'><strong>nati</strong></span> <span class='ocrx_word' id='word_1_36' title='bbox 1681 599 1833 659; x_wconf 91' lang='lat' dir='ltr'><strong>sunt,</strong></span> <span class='ocrx_word' id='word_1_37' title='bbox 1895 592 2143 646; x_wconf 89' lang='lat' dir='ltr'><strong>secundo</strong></span> 
     </span>
    </p>
   </div>
   <div class='ocr_carea' id='block_1_7' title="bbox 454 680 2145 754">
    <p class='ocr_par' dir='ltr' id='par_1_7' title="bbox 454 680 2145 754">
     <span class='ocr_line' id='line_1_7' title="bbox 454 680 2145 754; baseline -0.009 -6"><span class='ocrx_word' id='word_1_38' title='bbox 454 696 577 749; x_wconf 92' lang='lat' dir='ltr'><strong>loco</strong></span> <span class='ocrx_word' id='word_1_39' title='bbox 610 689 901 745; x_wconf 83' lang='lat' dir='ltr'><strong>constituti</strong></span> <span class='ocrx_word' id='word_1_40' title='bbox 923 691 1072 740; x_wconf 89' lang='lat' dir='ltr'><strong>sunt.</strong></span> <span class='ocrx_word' id='word_1_41' title='bbox 1109 687 1242 739; x_wconf 87' lang='lat' dir='ltr'><strong>Post</strong></span> <span class='ocrx_word' id='word_1_42' title='bbox 1261 700 1395 737; x_wconf 89' lang='lat' dir='ltr'><strong>vero</strong></span> <span class='ocrx_word' id='word_1_43' title='bbox 1418 699 1562 754; x_wconf 89' lang='lat' dir='ltr'><strong>quos</strong></span> <span class='ocrx_word' id='word_1_44' title='bbox 1598 680 1953 751; x_wconf 83' lang='lat' dir='ltr'><strong>septenarius</strong></span> <span class='ocrx_word' id='word_1_45' title='bbox 1982 684 2145 734; x_wconf 79' lang='lat' dir='ltr'><strong>caete-</strong></span> 
     </span>
    </p>
   </div>
   <div class='ocr_carea' id='block_1_8' title="bbox 454 768 2146 849">
    <p class='ocr_par' dir='ltr' id='par_1_8' title="bbox 454 768 2146 849">
     <span class='ocr_line' id='line_1_8' title="bbox 454 768 2146 849; baseline -0.009 -12"><span class='ocrx_word' id='word_1_46' title='bbox 454 798 550 837; x_wconf 91' lang='lat' dir='ltr'><strong>ros</strong></span> <span class='ocrx_word' id='word_1_47' title='bbox 586 777 1019 849; x_wconf 86' lang='lat' dir='ltr'><strong>multiplicando</strong></span> <span class='ocrx_word' id='word_1_48' title='bbox 1065 773 1401 845; x_wconf 85' lang='lat' dir='ltr'><strong>procreavit,</strong></span> <span class='ocrx_word' id='word_1_49' title='bbox 1460 771 1688 825; x_wconf 88' lang='lat' dir='ltr'><strong>eosdem</strong></span> <span class='ocrx_word' id='word_1_50' title='bbox 1705 770 1874 824; x_wconf 90' lang='lat' dir='ltr'><strong>tertio</strong></span> <span class='ocrx_word' id='word_1_51' title='bbox 1909 768 2146 822; x_wconf 85' lang='lat' dir='ltr'><strong>conscri-</strong></span> 
     </span>
    </p>
   </div>
   <div class='ocr_carea' id='block_1_9' title="bbox 455 858 2147 942">
    <p class='ocr_par' dir='ltr' id='par_1_9' title="bbox 455 858 2147 942">
     <span class='ocr_line' id='line_1_9' title="bbox 455 858 2147 942; baseline -0.009 -17"><span class='ocrx_word' id='word_1_52' title='bbox 455 872 677 942; x_wconf 91' lang='lat' dir='ltr'><strong>psimus</strong></span> <span class='ocrx_word' id='word_1_53' title='bbox 716 869 861 931; x_wconf 90' lang='lat' dir='ltr'><strong>loco,</strong></span> <span class='ocrx_word' id='word_1_54' title='bbox 918 870 1089 935; x_wconf 89' lang='lat' dir='ltr'><strong>atque</strong></span> <span class='ocrx_word' id='word_1_55' title='bbox 1130 863 1284 917; x_wconf 90' lang='lat' dir='ltr'><strong>idem</strong></span> <span class='ocrx_word' id='word_1_56' title='bbox 1314 862 1535 932; x_wconf 87' lang='lat' dir='ltr'><strong>reliqua</strong></span> <span class='ocrx_word' id='word_1_57' title='bbox 1560 858 1962 929; x_wconf 77' lang='lat' dir='ltr'><strong>descriptionis</strong></span> <span class='ocrx_word' id='word_1_58' title='bbox 1988 862 2147 928; x_wconf 88' lang='lat' dir='ltr'><strong>parte</strong></span> 
     </span>
    </p>
   </div>
   <div class='ocr_carea' id='block_1_10' title="bbox 456 958 820 1030">
    <p class='ocr_par' dir='ltr' id='par_1_10' title="bbox 456 958 820 1030">
     <span class='ocr_line' id='line_1_10' title="bbox 456 958 820 1030; baseline -0.019 -15"><span class='ocrx_word' id='word_1_59' title='bbox 456 958 820 1030; x_wconf 84' lang='lat' dir='ltr'><strong>perfecimus.</strong></span> 
     </span>
    </p>
   </div>
   <div class='ocr_carea' id='block_1_11' title="bbox 530 1034 2151 1111">
    <p class='ocr_par' dir='ltr' id='par_1_11' title="bbox 530 1034 2151 1111">
     <span class='ocr_line' id='line_1_11' title="bbox 530 1034 2151 1111; baseline -0.009 -10"><span class='ocrx_word' id='word_1_60' title='bbox 530 1050 594 1101; x_wconf 92' lang='lat' dir='ltr'><strong>ln</strong></span> <span class='ocrx_word' id='word_1_61' title='bbox 638 1047 744 1100; x_wconf 86' lang='lat' dir='ltr'><strong>hac</strong></span> <span class='ocrx_word' id='word_1_62' title='bbox 783 1042 1031 1098; x_wconf 81' lang='lat' dir='ltr'><strong>formula</strong></span> <span class='ocrx_word' id='word_1_63' title='bbox 1077 1040 1357 1111; x_wconf 87' lang='lat' dir='ltr'><strong>sequenti,</strong></span> <span class='ocrx_word' id='word_1_64' title='bbox 1401 1038 1713 1091; x_wconf 88' lang='lat' dir='ltr'><strong>similitudo</strong></span> <span class='ocrx_word' id='word_1_65' title='bbox 1755 1036 1968 1107; x_wconf 89' lang='lat' dir='ltr'><strong>pariter</strong></span> <span class='ocrx_word' id='word_1_66' title='bbox 1998 1034 2151 1106; x_wconf 89' lang='lat' dir='ltr'><strong>paris</strong></span> 
     </span>
    </p>
   </div>
   <div class='ocr_carea' id='block_1_12' title="bbox 460 1126 2072 1205">
    <p class='ocr_par' dir='ltr' id='par_1_12' title="bbox 460 1126 2072 1205">
     <span class='ocr_line' id='line_1_12' title="bbox 460 1126 2072 1205; baseline -0.007 -16"><span class='ocrx_word' id='word_1_67' title='bbox 460 1141 517 1189; x_wconf 91' lang='lat' dir='ltr'><strong>et</strong></span> <span class='ocrx_word' id='word_1_68' title='bbox 537 1134 752 1205; x_wconf 90' lang='lat' dir='ltr'><strong>pariter</strong></span> <span class='ocrx_word' id='word_1_69' title='bbox 781 1130 1034 1202; x_wconf 88' lang='lat' dir='ltr'><strong>imparis,</strong></span> <span class='ocrx_word' id='word_1_70' title='bbox 1070 1130 1139 1184; x_wconf 88' lang='lat' dir='ltr'><strong>ad</strong></span> <span class='ocrx_word' id='word_1_71' title='bbox 1161 1130 1461 1200; x_wconf 90' lang='lat' dir='ltr'><strong>impariter</strong></span> <span class='ocrx_word' id='word_1_72' title='bbox 1487 1143 1707 1198; x_wconf 86' lang='lat' dir='ltr'><strong>param,</strong></span> <span class='ocrx_word' id='word_1_73' title='bbox 1735 1126 2072 1181; x_wconf 88' lang='lat' dir='ltr'><strong>ostenditur.</strong></span> 
     </span>
    </p>
   </div>
   <div class='ocr_carea' id='block_1_13' title="bbox 826 1264 2027 1326">
    <p class='ocr_par' dir='ltr' id='par_1_13' title="bbox 826 1264 2027 1326">
     <span class='ocr_line' id='line_1_13' title="bbox 826 1264 2027 1326; baseline 0 0"><span class='ocrx_word' id='word_1_74' title='bbox 826 1267 835 1326; x_wconf 99' lang='lat'><strong><em>|</em></strong></span> <span class='ocrx_word' id='word_1_75' title='bbox 958 1267 983 1312; x_wconf 76' lang='lat'><strong>5</strong></span> <span class='ocrx_word' id='word_1_76' title='bbox 1106 1264 1115 1326; x_wconf 83' lang='grc' dir='ltr'>ι</span> <span class='ocrx_word' id='word_1_77' title='bbox 1223 1266 1261 1326; x_wconf 27' lang='grc' dir='ltr'><strong>ίτ</strong></span> <span class='ocrx_word' id='word_1_78' title='bbox 1386 1264 1393 1323; x_wconf 96' lang='lat'><strong><em>|</em></strong></span> <span class='ocrx_word' id='word_1_79' title='bbox 1516 1265 1544 1311; x_wconf 83' lang='lat'><strong>9</strong></span> <span class='ocrx_word' id='word_1_80' title='bbox 1645 1264 2027 1326; x_wconf 45' lang='lat' dir='ltr'><strong>,,I,JHLGS-</strong></span> 
     </span>
    </p>
   </div>
   <div class='ocr_carea' id='block_1_14' title="bbox 463 1333 2141 1416">
    <p class='ocr_par' dir='ltr' id='par_1_14' title="bbox 463 1333 2141 1416">
     <span class='ocr_line' id='line_1_14' title="bbox 463 1333 2141 1416; baseline -0.011 0"><span class='ocrx_word' id='word_1_81' title='bbox 463 1333 1930 1416; x_wconf 42' lang='lat' dir='ltr'><strong>__|__é_L;L__|i‘§_J__&#39;~12_|_29I11_i</strong></span> <span class='ocrx_word' id='word_1_82' title='bbox 1940 1370 2141 1401; x_wconf 34' lang='grc' dir='ltr'><strong>κρέθ</strong></span> 
     </span>
    </p>
   </div>
   <div class='ocr_carea' id='block_1_15' title="bbox 1160 1477 1467 1541">
    <p class='ocr_par' dir='ltr' id='par_1_15' title="bbox 1160 1477 1467 1541">
     <span class='ocr_line' id='line_1_15' title="bbox 1160 1477 1467 1541; baseline -0.013 -13"><span class='ocrx_word' id='word_1_83' title='bbox 1160 1477 1467 1541; x_wconf 83' lang='lat' dir='ltr'><strong>Longitudo</strong></span> 
     </span>
    </p>
   </div>
   <div class='ocr_carea' id='block_1_16' title="bbox 677 2154 727 2399">
    <p class='ocr_par' dir='ltr' id='par_1_16' title="bbox 677 2154 727 2399">
     <span class='ocr_line' id='line_1_16' title="bbox 677 2154 725 2220; baseline 0 0"><span class='ocrx_word' id='word_1_84' title='bbox 677 2154 725 2220; x_wconf 69' lang='grc' dir='ltr'><strong>-ἓ</strong></span> 
     </span>
     <span class='ocr_line' id='line_1_17' title="bbox 682 2226 727 2281; baseline 0 -2"><span class='ocrx_word' id='word_1_85' title='bbox 682 2226 727 2281; x_wconf 77' lang='grc' dir='ltr'>Ξ</span> 
     </span>
     <span class='ocr_line' id='line_1_18' title="bbox 679 2288 726 2303; baseline 0 0"><span class='ocrx_word' id='word_1_86' title='bbox 679 2288 726 2303; x_wconf 57' lang='lat' dir='ltr'><strong>OH</strong></span> 
     </span>
     <span class='ocr_line' id='line_1_19' title="bbox 682 2310 727 2360; baseline 0 0"><span class='ocrx_word' id='word_1_87' title='bbox 682 2310 727 2360; x_wconf 65' lang='grc' dir='ltr'><strong>Ἐξ</strong></span> 
     </span>
     <span class='ocr_line' id='line_1_20' title="bbox 680 2364 727 2399; baseline 0 -3"><span class='ocrx_word' id='word_1_88' title='bbox 680 2364 727 2399; x_wconf 69' lang='grc' dir='ltr'><strong>..ι</strong></span> 
     </span>
    </p>
   </div>
   <div class='ocr_carea' id='block_1_17' title="bbox 1934 2146 1987 2395">
    <p class='ocr_par' dir='ltr' id='par_1_17' title="bbox 1934 2146 1987 2395">
     <span class='ocr_line' id='line_1_21' title="bbox 1934 2146 1982 2183; baseline 0 0"><span class='ocrx_word' id='word_1_89' title='bbox 1934 2146 1982 2183; x_wconf 75' lang='lat' dir='ltr'><strong>l&quot;</strong></span> 
     </span>
     <span class='ocr_line' id='line_1_22' title="bbox 1935 2185 1970 2217; baseline 0 -5"><span class='ocrx_word' id='word_1_90' title='bbox 1935 2185 1970 2217; x_wconf 66' lang='grc' dir='ltr'><strong><em>ω</em></strong></span> 
     </span>
     <span class='ocr_line' id='line_1_23' title="bbox 1935 2221 1984 2259; baseline 0 -3"><span class='ocrx_word' id='word_1_91' title='bbox 1935 2221 1984 2259; x_wconf 65' lang='grc' dir='ltr'>επ</span> 
     </span>
     <span class='ocr_line' id='line_1_24' title="bbox 1937 2264 1982 2283; baseline 0 -7"><span class='ocrx_word' id='word_1_92' title='bbox 1937 2264 1982 2283; x_wconf 41' lang='grc' dir='ltr'>ᾗ</span> 
     </span>
     <span class='ocr_line' id='line_1_25' title="bbox 1936 2287 1971 2323; baseline 0 -5"><span class='ocrx_word' id='word_1_93' title='bbox 1936 2287 1971 2323; x_wconf 70' lang='lat'><strong>:3</strong></span> 
     </span>
     <span class='ocr_line' id='line_1_26' title="bbox 1937 2327 1987 2360; baseline 0 -4"><span class='ocrx_word' id='word_1_94' title='bbox 1937 2327 1987 2360; x_wconf 72' lang='grc' dir='ltr'><strong>Ω.</strong></span> 
     </span>
     <span class='ocr_line' id='line_1_27' title="bbox 1937 2365 1973 2395; baseline 0 0"><span class='ocrx_word' id='word_1_95' title='bbox 1937 2365 1973 2395; x_wconf 82' lang='grc' dir='ltr'><strong>Ο</strong></span> 
     </span>
    </p>
   </div>
   <div class='ocr_carea' id='block_1_18' title="bbox 763 1560 1912 3002">
    <p class='ocr_par' dir='ltr' id='par_1_18' title="bbox 788 1569 1890 2974">
     <span class='ocr_line' id='line_1_28' title="bbox 1129 1569 1614 1986; baseline 0.004 -3"><span class='ocrx_word' id='word_1_96' title='bbox 1129 1569 1614 1986; x_wconf 78' lang='lat'><em>“</em></span> 
     </span>
     <span class='ocr_line' id='line_1_29' title="bbox 982 1963 1774 2182; baseline -0.004 -55"><span class='ocrx_word' id='word_1_97' title='bbox 982 1963 1774 2182; x_wconf 50' lang='lat' dir='ltr'><strong>ab</strong></span> 
     </span>
     <span class='ocr_line' id='line_1_30' title="bbox 788 1998 1890 2555; baseline -0.006 -138"><span class='ocrx_word' id='word_1_98' title='bbox 788 1998 1890 2555; x_wconf 54' lang='lat' dir='ltr'><strong>“at</strong></span> 
     </span>
     <span class='ocr_line' id='line_1_31' title="bbox 919 2387 1852 2554; baseline -0.009 -38"><span class='ocrx_word' id='word_1_99' title='bbox 919 2393 1764 2554; x_wconf 49' lang='lat' dir='ltr'><strong>«su-2.</strong></span> <span class='ocrx_word' id='word_1_100' title='bbox 1846 2387 1852 2398; x_wconf 85' lang='grc'><em>’</em></span> 
     </span>
     <span class='ocr_line' id='line_1_32' title="bbox 1028 2557 1604 2861; baseline -0.007 -270"><span class='ocrx_word' id='word_1_101' title='bbox 1028 2557 1604 2861; x_wconf 47' lang='lat'><strong>3:.</strong></span> 
     </span>
     <span class='ocr_line' id='line_1_33' title="bbox 1087 2730 1585 2974; baseline -0.014 -7"><span class='ocrx_word' id='word_1_102' title='bbox 1087 2730 1206 2948; x_wconf 38' lang='grc' dir='ltr'><strong>ἷξε</strong></span> <span class='ocrx_word' id='word_1_103' title='bbox 1236 2761 1585 2974; x_wconf 47' lang='grc' dir='ltr'><strong>Ιοδζὲτὲί</strong></span> 
     </span>
    </p>
   </div>
   <div class='ocr_carea' id='block_1_19' title="bbox 1166 3025 1466 3087">
    <p class='ocr_par' dir='ltr' id='par_1_19' title="bbox 1166 3025 1466 3087">
     <span class='ocr_line' id='line_1_34' title="bbox 1166 3025 1466 3087; baseline -0.013 -12"><span class='ocrx_word' id='word_1_104' title='bbox 1166 3025 1466 3087; x_wconf 74' lang='lat' dir='ltr'><strong>Longitudo</strong></span> 
     </span>
    </p>
   </div>
   <div class='ocr_carea' id='block_1_20' title="bbox 1128 3166 1503 3218">
    <p class='ocr_par' dir='ltr' id='par_1_20' title="bbox 1128 3166 1503 3218">
     <span class='ocr_line' id='line_1_35' title="bbox 1128 3166 1503 3218; baseline -0.003 -1"><span class='ocrx_word' id='word_1_105' title='bbox 1128 3167 1350 3218; x_wconf 65' lang='lat' dir='ltr'><strong>CAPUT</strong></span> <span class='ocrx_word' id='word_1_106' title='bbox 1390 3166 1503 3217; x_wconf 79' lang='lat' dir='ltr'><strong>XII.</strong></span> 
     </span>
    </p>
   </div>
   <div class='ocr_carea' id='block_1_21' title="bbox 471 3250 2167 3324">
    <p class='ocr_par' dir='ltr' id='par_1_21' title="bbox 471 3250 2167 3324">
     <span class='ocr_line' id='line_1_36' title="bbox 471 3250 2167 3324; baseline -0.003 -15"><span class='ocrx_word' id='word_1_107' title='bbox 471 3256 858 3322; x_wconf 66' lang='grc' dir='ltr'><strong>Βαοοιιμιίυιιίε</strong></span> <span class='ocrx_word' id='word_1_108' title='bbox 897 3256 971 3308; x_wconf 79' lang='lat' dir='ltr'><strong>ad</strong></span> <span class='ocrx_word' id='word_1_109' title='bbox 992 3258 1283 3324; x_wconf 76' lang='lat' dir='ltr'><strong>impariter</strong></span> <span class='ocrx_word' id='word_1_110' title='bbox 1316 3256 1491 3322; x_wconf 83' lang='lat' dir='ltr'><strong>paris,</strong></span> <span class='ocrx_word' id='word_1_111' title='bbox 1520 3255 1579 3306; x_wconf 89' lang='lat' dir='ltr'><strong>in</strong></span> <span class='ocrx_word' id='word_1_112' title='bbox 1620 3250 1933 3316; x_wconf 77' lang='lat' dir='ltr'><strong>latitudine,</strong></span> <span class='ocrx_word' id='word_1_113' title='bbox 1965 3252 2023 3305; x_wconf 93' lang='lat' dir='ltr'><strong>in</strong></span> <span class='ocrx_word' id='word_1_114' title='bbox 2056 3253 2167 3305; x_wconf 88' lang='lat' dir='ltr'><strong>lon-</strong></span> 
     </span>
    </p>
   </div>
   <div class='ocr_carea' id='block_1_22' title="bbox 540 3342 2168 3411">
    <p class='ocr_par' dir='ltr' id='par_1_22' title="bbox 540 3342 2168 3411">
     <span class='ocr_line' id='line_1_37' title="bbox 540 3342 2168 3411; baseline 0.001 -17"><span class='ocrx_word' id='word_1_115' title='bbox 540 3342 807 3407; x_wconf 83' lang='lat' dir='ltr'><strong>gitudine,</strong></span> <span class='ocrx_word' id='word_1_116' title='bbox 837 3343 912 3396; x_wconf 87' lang='lat' dir='ltr'><strong>ad</strong></span> <span class='ocrx_word' id='word_1_117' title='bbox 936 3347 1150 3411; x_wconf 81' lang='lat' dir='ltr'><strong>pariter</strong></span> <span class='ocrx_word' id='word_1_118' title='bbox 1172 3344 1332 3411; x_wconf 83' lang='lat' dir='ltr'><strong>paris</strong></span> <span class='ocrx_word' id='word_1_119' title='bbox 1364 3347 1626 3396; x_wconf 82' lang='lat' dir='ltr'><strong>naturam</strong></span> <span class='ocrx_word' id='word_1_120' title='bbox 1652 3342 1976 3410; x_wconf 77' lang='lat' dir='ltr'><strong>pertinentis</strong></span> <span class='ocrx_word' id='word_1_121' title='bbox 1999 3356 2168 3410; x_wconf 72' lang='lat' dir='ltr'><strong>erepo-</strong></span> 
     </span>
    </p>
   </div>
   <div class='ocr_carea' id='block_1_23' title="bbox 548 3431 694 3481">
    <p class='ocr_par' dir='ltr' id='par_1_23' title="bbox 548 3431 694 3481">
     <span class='ocr_line' id='line_1_38' title="bbox 548 3431 694 3481; baseline 0 0"><span class='ocrx_word' id='word_1_122' title='bbox 548 3431 694 3481; x_wconf 85' lang='lat' dir='ltr'><strong>sitio.</strong></span> 
     </span>
    </p>
   </div>
   <div class='ocr_carea' id='block_1_24' title="bbox 546 3516 2165 3585">
    <p class='ocr_par' dir='ltr' id='par_1_24' title="bbox 546 3516 2165 3585">
     <span class='ocr_line' id='line_1_39' title="bbox 546 3516 2165 3585; baseline 0 -16"><span class='ocrx_word' id='word_1_123' title='bbox 546 3516 822 3585; x_wconf 88' lang='lat' dir='ltr'><strong>Superius</strong></span> <span class='ocrx_word' id='word_1_124' title='bbox 848 3516 1025 3585; x_wconf 80' lang='lat' dir='ltr'><strong>igitur</strong></span> <span class='ocrx_word' id='word_1_125' title='bbox 1054 3517 1285 3585; x_wconf 65' lang='lat' dir='ltr'><strong>digestas</strong></span> <span class='ocrx_word' id='word_1_126' title='bbox 1316 3516 1718 3585; x_wconf 87' lang='lat' dir='ltr'><strong>descriptionis</strong></span> <span class='ocrx_word' id='word_1_127' title='bbox 1745 3517 1867 3569; x_wconf 65' lang='lat' dir='ltr'><strong>haec</strong></span> <span class='ocrx_word' id='word_1_128' title='bbox 1889 3516 2031 3569; x_wconf 85' lang='lat' dir='ltr'><strong>ratio</strong></span> <span class='ocrx_word' id='word_1_129' title='bbox 2062 3520 2165 3571; x_wconf 90' lang='lat' dir='ltr'><strong>est.</strong></span> 
     </span>
    </p>
   </div>
   <div class='ocr_carea' id='block_1_25' title="bbox 473 3598 2170 3673">
    <p class='ocr_par' dir='ltr' id='par_1_25' title="bbox 473 3598 2170 3673">
     <span class='ocr_line' id='line_1_40' title="bbox 473 3598 2170 3673; baseline -0.004 -15"><span class='ocrx_word' id='word_1_130' title='bbox 473 3602 531 3658; x_wconf 91' lang='lat' dir='ltr'><strong>Si</strong></span> <span class='ocrx_word' id='word_1_131' title='bbox 562 3603 631 3656; x_wconf 91' lang='lat' dir='ltr'><strong>ad</strong></span> <span class='ocrx_word' id='word_1_132' title='bbox 660 3603 1022 3658; x_wconf 86' lang='lat' dir='ltr'><strong>latitudinem</strong></span> <span class='ocrx_word' id='word_1_133' title='bbox 1049 3604 1343 3673; x_wconf 84' lang='lat' dir='ltr'><strong>respicias,</strong></span> <span class='ocrx_word' id='word_1_134' title='bbox 1381 3603 1479 3656; x_wconf 91' lang='lat' dir='ltr'><strong>ubi</strong></span> <span class='ocrx_word' id='word_1_135' title='bbox 1509 3606 1595 3656; x_wconf 89' lang='lat' dir='ltr'><strong>est</strong></span> <span class='ocrx_word' id='word_1_136' title='bbox 1630 3603 1877 3655; x_wconf 89' lang='lat' dir='ltr'><strong>duorum</strong></span> <span class='ocrx_word' id='word_1_137' title='bbox 1899 3598 2170 3653; x_wconf 89' lang='lat' dir='ltr'><strong>termino-</strong></span> 
     </span>
    </p>
   </div>
   <div class='ocr_carea' id='block_1_26' title="bbox 475 3688 2170 3761">
    <p class='ocr_par' dir='ltr' id='par_1_26' title="bbox 475 3688 2170 3761">
     <span class='ocr_line' id='line_1_41' title="bbox 475 3688 2170 3761; baseline -0.002 -17"><span class='ocrx_word' id='word_1_138' title='bbox 475 3706 604 3744; x_wconf 89' lang='lat' dir='ltr'><strong>rum</strong></span> <span class='ocrx_word' id='word_1_139' title='bbox 639 3706 752 3744; x_wconf 89' lang='lat' dir='ltr'><strong>una</strong></span> <span class='ocrx_word' id='word_1_140' title='bbox 778 3691 1075 3755; x_wconf 85' lang='lat' dir='ltr'><strong>medietas,</strong></span> <span class='ocrx_word' id='word_1_141' title='bbox 1102 3691 1372 3761; x_wconf 90' lang='lat' dir='ltr'><strong>ipsosque</strong></span> <span class='ocrx_word' id='word_1_142' title='bbox 1400 3689 1680 3744; x_wconf 86' lang='lat' dir='ltr'><strong>terminos</strong></span> <span class='ocrx_word' id='word_1_143' title='bbox 1700 3690 1930 3760; x_wconf 88' lang='lat' dir='ltr'><strong>jungas,</strong></span> <span class='ocrx_word' id='word_1_144' title='bbox 1963 3688 2170 3758; x_wconf 91' lang='lat' dir='ltr'><strong>duplos</strong></span> 
     </span>
    </p>
   </div>
   <div class='ocr_carea' id='block_1_27' title="bbox 475 3776 2171 3850">
    <p class='ocr_par' dir='ltr' id='par_1_27' title="bbox 475 3776 2171 3850">
     <span class='ocr_line' id='line_1_42' title="bbox 475 3776 2171 3850; baseline -0.001 -19"><span class='ocrx_word' id='word_1_145' title='bbox 475 3793 572 3831; x_wconf 90' lang='lat' dir='ltr'><strong>eos</strong></span> <span class='ocrx_word' id='word_1_146' title='bbox 602 3778 906 3833; x_wconf 88' lang='lat' dir='ltr'><strong>medietate</strong></span> <span class='ocrx_word' id='word_1_147' title='bbox 947 3780 1179 3849; x_wconf 90' lang='lat' dir='ltr'><strong>propria</strong></span> <span class='ocrx_word' id='word_1_148' title='bbox 1205 3779 1475 3850; x_wconf 89' lang='lat' dir='ltr'><strong>reperies,</strong></span> <span class='ocrx_word' id='word_1_149' title='bbox 1532 3784 1599 3834; x_wconf 92' lang='lat' dir='ltr'><strong>ut</strong></span> <span class='ocrx_word' id='word_1_150' title='bbox 1629 3781 1695 3833; x_wconf 90' lang='lat'><strong>36</strong></span> <span class='ocrx_word' id='word_1_151' title='bbox 1754 3782 1810 3831; x_wconf 91' lang='lat' dir='ltr'><strong>et</strong></span> <span class='ocrx_word' id='word_1_152' title='bbox 1838 3780 1905 3831; x_wconf 89' lang='lat' dir='ltr'><strong>2O</strong></span> <span class='ocrx_word' id='word_1_153' title='bbox 1952 3776 2171 3830; x_wconf 87' lang='lat' dir='ltr'><strong>faciunt</strong></span> 
     </span>
    </p>
   </div>
   <div class='ocr_carea' id='block_1_28' title="bbox 477 3866 2171 3939">
    <p class='ocr_par' dir='ltr' id='par_1_28' title="bbox 477 3866 2171 3939">
     <span class='ocr_line' id='line_1_43' title="bbox 477 3866 2171 3939; baseline -0.001 -18"><span class='ocrx_word' id='word_1_154' title='bbox 477 3870 563 3934; x_wconf 85' lang='lat'><strong>56,</strong></span> <span class='ocrx_word' id='word_1_155' title='bbox 598 3882 843 3936; x_wconf 89' lang='lat' dir='ltr'><strong>quorum</strong></span> <span class='ocrx_word' id='word_1_156' title='bbox 872 3868 1145 3923; x_wconf 89' lang='lat' dir='ltr'><strong>medietas</strong></span> <span class='ocrx_word' id='word_1_157' title='bbox 1175 3875 1259 3924; x_wconf 91' lang='lat' dir='ltr'><strong>est</strong></span> <span class='ocrx_word' id='word_1_158' title='bbox 1288 3872 1375 3936; x_wconf 92' lang='lat'><strong>28,</strong></span> <span class='ocrx_word' id='word_1_159' title='bbox 1401 3869 1501 3939; x_wconf 88' lang='lat' dir='ltr'><strong>qui</strong></span> <span class='ocrx_word' id='word_1_160' title='bbox 1532 3868 1757 3923; x_wconf 90' lang='lat' dir='ltr'><strong>medius</strong></span> <span class='ocrx_word' id='word_1_161' title='bbox 1780 3871 1867 3921; x_wconf 91' lang='lat' dir='ltr'><strong>est</strong></span> <span class='ocrx_word' id='word_1_162' title='bbox 1895 3866 2047 3920; x_wconf 91' lang='lat' dir='ltr'><strong>inter</strong></span> <span class='ocrx_word' id='word_1_163' title='bbox 2076 3882 2171 3920; x_wconf 91' lang='lat' dir='ltr'><strong>eos</strong></span> 
     </span>
    </p>
   </div>
   <div class='ocr_carea' id='block_1_29' title="bbox 475 3954 2167 4025">
    <p class='ocr_par' dir='ltr' id='par_1_29' title="bbox 475 3954 2167 4025">
     <span class='ocr_line' id='line_1_44' title="bbox 475 3954 2167 4025; baseline -0.002 -16"><span class='ocrx_word' id='word_1_164' title='bbox 475 3954 760 4009; x_wconf 87' lang='lat' dir='ltr'><strong>terminus</strong></span> <span class='ocrx_word' id='word_1_165' title='bbox 801 3958 1160 4011; x_wconf 88' lang='lat' dir='ltr'><strong>constitutus.</strong></span> <span class='ocrx_word' id='word_1_166' title='bbox 1204 3958 1273 4011; x_wconf 89' lang='lat' dir='ltr'><strong>Et</strong></span> <span class='ocrx_word' id='word_1_167' title='bbox 1300 3972 1497 4011; x_wconf 89' lang='lat' dir='ltr'><strong>rursus</strong></span> <span class='ocrx_word' id='word_1_168' title='bbox 1539 3958 1605 4010; x_wconf 91' lang='grc'><strong>28</strong></span> <span class='ocrx_word' id='word_1_169' title='bbox 1652 3961 1706 4010; x_wconf 91' lang='lat' dir='ltr'><strong>et</strong></span> <span class='ocrx_word' id='word_1_170' title='bbox 1749 3958 1831 4018; x_wconf 82' lang='grc'><strong>12,</strong></span> <span class='ocrx_word' id='word_1_171' title='bbox 1866 3956 1914 4008; x_wconf 91' lang='lat' dir='ltr'><strong>si</strong></span> <span class='ocrx_word' id='word_1_172' title='bbox 1935 3956 2167 4025; x_wconf 81' lang='lat' dir='ltr'><strong>jungas,</strong></span> 
     </span>
    </p>
   </div>
   <div class='ocr_carea' id='block_1_30' title="bbox 476 4043 2173 4123">
    <p class='ocr_par' dir='ltr' id='par_1_30' title="bbox 476 4043 2173 4123">
     <span class='ocr_line' id='line_1_45' title="bbox 476 4043 2173 4123; baseline -0.002 -25"><span class='ocrx_word' id='word_1_173' title='bbox 476 4043 695 4123; x_wconf 78' lang='lat' dir='ltr'><strong>faciunt</strong></span> <span class='ocrx_word' id='word_1_174' title='bbox 722 4045 810 4111; x_wconf 81' lang='grc'><strong>40,</strong></span> <span class='ocrx_word' id='word_1_175' title='bbox 836 4060 1082 4115; x_wconf 89' lang='lat' dir='ltr'><strong>quorum</strong></span> <span class='ocrx_word' id='word_1_176' title='bbox 1107 4047 1177 4097; x_wconf 90' lang='lat'><strong>20</strong></span> <span class='ocrx_word' id='word_1_177' title='bbox 1207 4045 1505 4111; x_wconf 86' lang='lat' dir='ltr'><strong>medietas,</strong></span> <span class='ocrx_word' id='word_1_178' title='bbox 1561 4045 1785 4098; x_wconf 91' lang='lat' dir='ltr'><strong>medius</strong></span> <span class='ocrx_word' id='word_1_179' title='bbox 1819 4059 2019 4098; x_wconf 90' lang='lat' dir='ltr'><strong>eorum</strong></span> <span class='ocrx_word' id='word_1_180' title='bbox 2063 4047 2173 4096; x_wconf 90' lang='lat' dir='ltr'><strong>tar-</strong></span> 
     </span>
    </p>
   </div>
   <div class='ocr_carea' id='block_1_31' title="bbox 476 4132 2171 4193">
    <p class='ocr_par' dir='ltr' id='par_1_31' title="bbox 476 4132 2171 4193">
     <span class='ocr_line' id='line_1_46' title="bbox 476 4132 2171 4193; baseline -0.002 -7"><span class='ocrx_word' id='word_1_181' title='bbox 476 4132 671 4186; x_wconf 83' lang='lat' dir='ltr'><strong>minus</strong></span> <span class='ocrx_word' id='word_1_182' title='bbox 701 4132 1011 4187; x_wconf 85' lang='lat' dir='ltr'><strong>invenitur.</strong></span> <span class='ocrx_word' id='word_1_183' title='bbox 1034 4136 1108 4187; x_wconf 80' lang='lat' dir='ltr'><strong>At</strong></span> <span class='ocrx_word' id='word_1_184' title='bbox 1136 4150 1267 4188; x_wconf 90' lang='lat' dir='ltr'><strong>vero</strong></span> <span class='ocrx_word' id='word_1_185' title='bbox 1293 4133 1387 4188; x_wconf 91' lang='lat' dir='ltr'><strong>ubi</strong></span> <span class='ocrx_word' id='word_1_186' title='bbox 1410 4134 1551 4187; x_wconf 81' lang='lat' dir='ltr'><strong>duas</strong></span> <span class='ocrx_word' id='word_1_187' title='bbox 1583 4133 1917 4188; x_wconf 89' lang='lat' dir='ltr'><strong>medietates</strong></span> <span class='ocrx_word' id='word_1_188' title='bbox 1940 4132 2171 4193; x_wconf 84' lang='lat' dir='ltr'><strong>habent,</strong></span> 
     </span>
    </p>
   </div>
   <div class='ocr_carea' id='block_1_32' title="bbox 478 4219 2172 4293">
    <p class='ocr_par' dir='ltr' id='par_1_32' title="bbox 478 4219 2172 4293">
     <span class='ocr_line' id='line_1_47' title="bbox 478 4219 2172 4293; baseline -0.001 -20"><span class='ocrx_word' id='word_1_189' title='bbox 478 4225 737 4291; x_wconf 66' lang='lat' dir='ltr'><strong>utrasque</strong></span> <span class='ocrx_word' id='word_1_190' title='bbox 758 4223 1147 4277; x_wconf 88' lang='lat' dir='ltr'><strong>extremitates</strong></span> <span class='ocrx_word' id='word_1_191' title='bbox 1182 4223 1420 4293; x_wconf 59' lang='lat' dir='ltr'><strong>junctae,</strong></span> <span class='ocrx_word' id='word_1_192' title='bbox 1477 4222 1733 4292; x_wconf 89' lang='lat' dir='ltr'><strong>utrisque</strong></span> <span class='ocrx_word' id='word_1_193' title='bbox 1774 4219 2172 4275; x_wconf 89' lang='lat' dir='ltr'><strong>medietatibus</strong></span> 
     </span>
    </p>
   </div>
   <div class='ocr_carea' id='block_1_33' title="bbox 2253 497 3873 574">
    <p class='ocr_par' dir='ltr' id='par_1_33' title="bbox 2253 497 3873 574">
     <span class='ocr_line' id='line_1_48' title="bbox 2253 497 3873 574; baseline -0.003 -16"><span class='ocrx_word' id='word_1_194' title='bbox 2253 505 2405 559; x_wconf 90' lang='lat' dir='ltr'><strong>idem</strong></span> <span class='ocrx_word' id='word_1_195' title='bbox 2439 504 2579 558; x_wconf 80' lang='grc'><strong>2304</strong></span> <span class='ocrx_word' id='word_1_196' title='bbox 2605 506 2957 574; x_wconf 86' lang='lat' dir='ltr'><strong>procreatur.</strong></span> <span class='ocrx_word' id='word_1_197' title='bbox 3005 498 3107 552; x_wconf 89' lang='lat' dir='ltr'><strong>Ubi</strong></span> <span class='ocrx_word' id='word_1_198' title='bbox 3153 503 3342 552; x_wconf 91' lang='lat' dir='ltr'><strong>autem</strong></span> <span class='ocrx_word' id='word_1_199' title='bbox 3377 497 3599 552; x_wconf 86' lang='lat' dir='ltr'><strong>termini</strong></span> <span class='ocrx_word' id='word_1_200' title='bbox 3632 498 3731 551; x_wconf 89' lang='lat' dir='ltr'><strong>duo</strong></span> <span class='ocrx_word' id='word_1_201' title='bbox 3764 499 3873 553; x_wconf 86' lang='lat' dir='ltr'><strong>duas</strong></span> 
     </span>
    </p>
   </div>
   <div class='ocr_carea' id='block_1_34' title="bbox 2253 587 3875 659">
    <p class='ocr_par' dir='ltr' id='par_1_34' title="bbox 2253 587 3875 659">
     <span class='ocr_line' id='line_1_49' title="bbox 2253 587 3875 659; baseline -0.006 -11"><span class='ocrx_word' id='word_1_202' title='bbox 2253 594 2587 648; x_wconf 90' lang='lat' dir='ltr'><strong>medietates</strong></span> <span class='ocrx_word' id='word_1_203' title='bbox 2628 592 2948 657; x_wconf 89' lang='lat' dir='ltr'><strong>includunt,</strong></span> <span class='ocrx_word' id='word_1_204' title='bbox 2983 590 3133 659; x_wconf 91' lang='lat' dir='ltr'><strong>quod</strong></span> <span class='ocrx_word' id='word_1_205' title='bbox 3164 587 3229 641; x_wconf 91' lang='lat' dir='ltr'><strong>ﬁt</strong></span> <span class='ocrx_word' id='word_1_206' title='bbox 3253 587 3628 657; x_wconf 88' lang='lat' dir='ltr'><strong>multiplicatis</strong></span> <span class='ocrx_word' id='word_1_207' title='bbox 3653 589 3875 641; x_wconf 79' lang='lat' dir='ltr'><strong>extremi-</strong></span> 
     </span>
    </p>
   </div>
   <div class='ocr_carea' id='block_1_35' title="bbox 2255 676 3875 747">
    <p class='ocr_par' dir='ltr' id='par_1_35' title="bbox 2255 676 3875 747">
     <span class='ocr_line' id='line_1_50' title="bbox 2255 676 3875 747; baseline -0.005 -9"><span class='ocrx_word' id='word_1_208' title='bbox 2255 684 2487 747; x_wconf 88' lang='lat' dir='ltr'><strong>tatibus,</strong></span> <span class='ocrx_word' id='word_1_209' title='bbox 2529 683 2639 736; x_wconf 91' lang='lat' dir='ltr'><strong>hoc</strong></span> <span class='ocrx_word' id='word_1_210' title='bbox 2688 681 2837 735; x_wconf 91' lang='lat' dir='ltr'><strong>idem</strong></span> <span class='ocrx_word' id='word_1_211' title='bbox 2883 678 3141 733; x_wconf 87' lang='lat' dir='ltr'><strong>redditur</strong></span> <span class='ocrx_word' id='word_1_212' title='bbox 3186 676 3245 729; x_wconf 92' lang='lat' dir='ltr'><strong>in</strong></span> <span class='ocrx_word' id='word_1_213' title='bbox 3293 677 3616 730; x_wconf 85' lang='lat' dir='ltr'><strong>alterutram</strong></span> <span class='ocrx_word' id='word_1_214' title='bbox 3647 691 3875 730; x_wconf 83' lang='lat' dir='ltr'><strong>summam</strong></span> 
     </span>
    </p>
   </div>
   <div class='ocr_carea' id='block_1_36' title="bbox 2256 764 3877 833">
    <p class='ocr_par' dir='ltr' id='par_1_36' title="bbox 2256 764 3877 833">
     <span class='ocr_line' id='line_1_51' title="bbox 2256 764 3877 833; baseline -0.007 -7"><span class='ocrx_word' id='word_1_215' title='bbox 2256 771 2663 826; x_wconf 91' lang='lat' dir='ltr'><strong>medietatibus</strong></span> <span class='ocrx_word' id='word_1_216' title='bbox 2690 769 2892 824; x_wconf 91' lang='lat' dir='ltr'><strong>ductis.</strong></span> <span class='ocrx_word' id='word_1_217' title='bbox 2928 765 3237 820; x_wconf 90' lang='lat' dir='ltr'><strong>Duodecies</strong></span> <span class='ocrx_word' id='word_1_218' title='bbox 3268 765 3423 818; x_wconf 91' lang='lat' dir='ltr'><strong>enim</strong></span> <span class='ocrx_word' id='word_1_219' title='bbox 3454 766 3518 817; x_wconf 81' lang='lat'>96</span> <span class='ocrx_word' id='word_1_220' title='bbox 3553 764 3877 833; x_wconf 78' lang='lat' dir='ltr'><strong>multiplicatis</strong></span> 
     </span>
    </p>
   </div>
   <div class='ocr_carea' id='block_1_37' title="bbox 2264 852 3878 931">
    <p class='ocr_par' dir='ltr' id='par_1_37' title="bbox 2264 852 3878 931">
     <span class='ocr_line' id='line_1_52' title="bbox 2264 852 3878 931; baseline -0.006 -18"><span class='ocrx_word' id='word_1_221' title='bbox 2264 864 2395 915; x_wconf 83' lang='lat' dir='ltr'><strong>H52</strong></span> <span class='ocrx_word' id='word_1_222' title='bbox 2428 864 2823 931; x_wconf 87' lang='lat' dir='ltr'><strong>procreantur,</strong></span> <span class='ocrx_word' id='word_1_223' title='bbox 2871 857 2999 911; x_wconf 69' lang='lat' dir='ltr'><strong>dum</strong></span> <span class='ocrx_word' id='word_1_224' title='bbox 3052 871 3187 909; x_wconf 90' lang='lat' dir='ltr'><strong>vero</strong></span> <span class='ocrx_word' id='word_1_225' title='bbox 3237 869 3435 907; x_wconf 89' lang='lat' dir='ltr'><strong>eorum</strong></span> <span class='ocrx_word' id='word_1_226' title='bbox 3487 852 3802 917; x_wconf 87' lang='lat' dir='ltr'><strong>medietates,</strong></span> <span class='ocrx_word' id='word_1_227' title='bbox 3838 852 3878 905; x_wconf 89' lang='lat' dir='ltr'><strong>id</strong></span> 
     </span>
    </p>
   </div>
   <div class='ocr_carea' id='block_1_38' title="bbox 2259 939 3880 1013">
    <p class='ocr_par' dir='ltr' id='par_1_38' title="bbox 2259 939 3880 1013">
     <span class='ocr_line' id='line_1_53' title="bbox 2259 939 3880 1013; baseline -0.007 -10"><span class='ocrx_word' id='word_1_228' title='bbox 2259 953 2344 1004; x_wconf 90' lang='lat' dir='ltr'><strong>est</strong></span> <span class='ocrx_word' id='word_1_229' title='bbox 2372 950 2443 1002; x_wconf 84' lang='grc'>24</span> <span class='ocrx_word' id='word_1_230' title='bbox 2468 954 2524 1002; x_wconf 93' lang='lat' dir='ltr'><strong>et</strong></span> <span class='ocrx_word' id='word_1_231' title='bbox 2552 948 2639 1012; x_wconf 80' lang='grc'><strong>40,</strong></span> <span class='ocrx_word' id='word_1_232' title='bbox 2671 947 2718 999; x_wconf 89' lang='lat' dir='ltr'><strong>si</strong></span> <span class='ocrx_word' id='word_1_233' title='bbox 2748 945 2807 998; x_wconf 91' lang='lat' dir='ltr'><strong>in</strong></span> <span class='ocrx_word' id='word_1_234' title='bbox 2839 944 3171 1013; x_wconf 89' lang='lat' dir='ltr'><strong>sametipsas</strong></span> <span class='ocrx_word' id='word_1_235' title='bbox 3203 942 3665 1011; x_wconf 89' lang='lat' dir='ltr'><strong>multiplicantur,</strong></span> <span class='ocrx_word' id='word_1_236' title='bbox 3701 939 3880 992; x_wconf 84' lang='lat' dir='ltr'><strong>eosdem</strong></span> 
     </span>
    </p>
   </div>
   <div class='ocr_carea' id='block_1_39' title="bbox 2266 1029 3883 1104">
    <p class='ocr_par' dir='ltr' id='par_1_39' title="bbox 2266 1029 3883 1104">
     <span class='ocr_line' id='line_1_54' title="bbox 2266 1029 3883 1104; baseline -0.007 -13"><span class='ocrx_word' id='word_1_237' title='bbox 2266 1040 2399 1092; x_wconf 75' lang='grc'><strong>1152</strong></span> <span class='ocrx_word' id='word_1_238' title='bbox 2439 1036 2755 1090; x_wconf 86' lang='lat' dir='ltr'><strong>restituant.</strong></span> <span class='ocrx_word' id='word_1_239' title='bbox 2790 1039 2975 1104; x_wconf 83' lang='lat' dir='ltr'><strong>Atque</strong></span> <span class='ocrx_word' id='word_1_240' title='bbox 3014 1033 3123 1086; x_wconf 90' lang='lat' dir='ltr'><strong>hoc</strong></span> <span class='ocrx_word' id='word_1_241' title='bbox 3155 1038 3261 1092; x_wconf 88' lang='lat' dir='ltr'><strong>est,</strong></span> <span class='ocrx_word' id='word_1_242' title='bbox 3310 1030 3383 1083; x_wconf 92' lang='lat' dir='ltr'><strong>ad</strong></span> <span class='ocrx_word' id='word_1_243' title='bbox 3412 1029 3763 1083; x_wconf 88' lang='lat' dir='ltr'><strong>imitationem</strong></span> <span class='ocrx_word' id='word_1_244' title='bbox 3787 1042 3883 1095; x_wconf 82' lang='lat' dir='ltr'><strong>cog-</strong></span> 
     </span>
    </p>
   </div>
   <div class='ocr_carea' id='block_1_40' title="bbox 2263 1116 3885 1195">
    <p class='ocr_par' dir='ltr' id='par_1_40' title="bbox 2263 1116 3885 1195">
     <span class='ocr_line' id='line_1_55' title="bbox 2263 1116 3885 1195; baseline -0.009 -14"><span class='ocrx_word' id='word_1_245' title='bbox 2263 1126 2667 1195; x_wconf 89' lang='lat' dir='ltr'><strong>nationemque</strong></span> <span class='ocrx_word' id='word_1_246' title='bbox 2714 1122 2944 1177; x_wconf 90' lang='lat' dir='ltr'><strong>numeri</strong></span> <span class='ocrx_word' id='word_1_247' title='bbox 2989 1120 3202 1191; x_wconf 90' lang='lat' dir='ltr'><strong>pariter</strong></span> <span class='ocrx_word' id='word_1_248' title='bbox 3240 1120 3411 1190; x_wconf 90' lang='lat' dir='ltr'><strong>paris,</strong></span> <span class='ocrx_word' id='word_1_249' title='bbox 3445 1134 3478 1171; x_wconf 92' lang='lat' dir='ltr'><strong>a</strong></span> <span class='ocrx_word' id='word_1_250' title='bbox 3509 1134 3618 1187; x_wconf 90' lang='lat' dir='ltr'><strong>quo</strong></span> <span class='ocrx_word' id='word_1_251' title='bbox 3645 1116 3885 1185; x_wconf 85' lang='lat' dir='ltr'><strong>participa-</strong></span> 
     </span>
    </p>
   </div>
   <div class='ocr_carea' id='block_1_41' title="bbox 2262 1208 3881 1280">
    <p class='ocr_par' dir='ltr' id='par_1_41' title="bbox 2262 1208 3881 1280">
     <span class='ocr_line' id='line_1_56' title="bbox 2262 1208 3881 1280; baseline -0.009 -10"><span class='ocrx_word' id='word_1_252' title='bbox 2262 1216 2423 1271; x_wconf 89' lang='lat' dir='ltr'><strong>tione</strong></span> <span class='ocrx_word' id='word_1_253' title='bbox 2454 1219 2651 1280; x_wconf 90' lang='lat' dir='ltr'><strong>tracta,</strong></span> <span class='ocrx_word' id='word_1_254' title='bbox 2699 1214 2821 1267; x_wconf 66' lang='lat' dir='ltr'><strong>haec</strong></span> <span class='ocrx_word' id='word_1_255' title='bbox 2859 1212 2913 1265; x_wconf 92' lang='lat' dir='ltr'><strong>ei</strong></span> <span class='ocrx_word' id='word_1_256' title='bbox 2960 1209 3388 1279; x_wconf 81' lang='lat' dir='ltr'><strong>recognoscitur</strong></span> <span class='ocrx_word' id='word_1_257' title='bbox 3436 1208 3749 1274; x_wconf 81' lang='lat' dir='ltr'><strong>ingenerata</strong></span> <span class='ocrx_word' id='word_1_258' title='bbox 3787 1220 3881 1272; x_wconf 86' lang='lat' dir='ltr'><strong>pro-</strong></span> 
     </span>
    </p>
   </div>
   <div class='ocr_carea' id='block_1_42' title="bbox 2264 1292 3885 1372">
    <p class='ocr_par' dir='ltr' id='par_1_42' title="bbox 2264 1292 3885 1372">
     <span class='ocr_line' id='line_1_57' title="bbox 2264 1292 3885 1372; baseline -0.009 -15"><span class='ocrx_word' id='word_1_259' title='bbox 2264 1303 2495 1372; x_wconf 90' lang='lat' dir='ltr'><strong>prietas.</strong></span> <span class='ocrx_word' id='word_1_260' title='bbox 2540 1302 2608 1355; x_wconf 89' lang='lat' dir='ltr'><strong>Et</strong></span> <span class='ocrx_word' id='word_1_261' title='bbox 2638 1302 2697 1354; x_wconf 92' lang='lat' dir='ltr'><strong>in</strong></span> <span class='ocrx_word' id='word_1_262' title='bbox 2761 1301 2870 1353; x_wconf 90' lang='lat' dir='ltr'><strong>alio</strong></span> <span class='ocrx_word' id='word_1_263' title='bbox 2916 1314 3046 1352; x_wconf 90' lang='lat' dir='ltr'><strong>vero</strong></span> <span class='ocrx_word' id='word_1_264' title='bbox 3089 1298 3267 1350; x_wconf 88' lang='lat' dir='ltr'><strong>latere</strong></span> <span class='ocrx_word' id='word_1_265' title='bbox 3315 1293 3693 1364; x_wconf 82' lang='lat' dir='ltr'><strong>longitudinis,</strong></span> <span class='ocrx_word' id='word_1_266' title='bbox 3735 1292 3885 1346; x_wconf 88' lang='lat' dir='ltr'><strong>eadem</strong></span> 
     </span>
    </p>
   </div>
   <div class='ocr_carea' id='block_1_43' title="bbox 2265 1381 3888 1459">
    <p class='ocr_par' dir='ltr' id='par_1_43' title="bbox 2265 1381 3888 1459">
     <span class='ocr_line' id='line_1_58' title="bbox 2265 1381 3888 1459; baseline -0.01 -14"><span class='ocrx_word' id='word_1_267' title='bbox 2265 1391 2412 1445; x_wconf 87' lang='lat' dir='ltr'><strong>ratio</strong></span> <span class='ocrx_word' id='word_1_268' title='bbox 2444 1388 2865 1459; x_wconf 90' lang='lat' dir='ltr'><strong>descriptioque</strong></span> <span class='ocrx_word' id='word_1_269' title='bbox 2888 1390 3083 1440; x_wconf 89' lang='lat' dir='ltr'><strong>notata</strong></span> <span class='ocrx_word' id='word_1_270' title='bbox 3113 1390 3210 1439; x_wconf 90' lang='lat' dir='ltr'><strong>est.</strong></span> <span class='ocrx_word' id='word_1_271' title='bbox 3246 1385 3430 1449; x_wconf 88' lang='lat' dir='ltr'><strong>Quare</strong></span> <span class='ocrx_word' id='word_1_272' title='bbox 3478 1381 3809 1436; x_wconf 78' lang='lat' dir='ltr'><strong>manifestum</strong></span> <span class='ocrx_word' id='word_1_273' title='bbox 3830 1384 3888 1431; x_wconf 85' lang='lat' dir='ltr'><strong>est</strong></span> 
     </span>
    </p>
   </div>
   <div class='ocr_carea' id='block_1_44' title="bbox 2266 1472 3884 1546">
    <p class='ocr_par' dir='ltr' id='par_1_44' title="bbox 2266 1472 3884 1546">
     <span class='ocr_line' id='line_1_59' title="bbox 2266 1472 3884 1546; baseline -0.009 -12"><span class='ocrx_word' id='word_1_274' title='bbox 2266 1479 2419 1534; x_wconf 90' lang='lat' dir='ltr'><strong>hunc</strong></span> <span class='ocrx_word' id='word_1_275' title='bbox 2447 1494 2754 1533; x_wconf 90' lang='lat' dir='ltr'><strong>numerum</strong></span> <span class='ocrx_word' id='word_1_276' title='bbox 2785 1492 2865 1546; x_wconf 32' lang='grc' dir='ltr'><strong>,εχ</strong></span> <span class='ocrx_word' id='word_1_277' title='bbox 2914 1474 3199 1545; x_wconf 87' lang='lat' dir='ltr'><strong>prioribus</strong></span> <span class='ocrx_word' id='word_1_278' title='bbox 3243 1472 3465 1526; x_wconf 90' lang='lat' dir='ltr'><strong>duobus</strong></span> <span class='ocrx_word' id='word_1_279' title='bbox 3519 1486 3633 1524; x_wconf 90' lang='lat' dir='ltr'><strong>esse</strong></span> <span class='ocrx_word' id='word_1_280' title='bbox 3680 1484 3884 1539; x_wconf 84' lang='lat' dir='ltr'><strong>procrea-</strong></span> 
     </span>
    </p>
   </div>
   <div class='ocr_carea' id='block_1_45' title="bbox 2265 1560 3606 1639">
    <p class='ocr_par' dir='ltr' id='par_1_45' title="bbox 2265 1560 3606 1639">
     <span class='ocr_line' id='line_1_60' title="bbox 2265 1560 3606 1639; baseline -0.008 -16"><span class='ocrx_word' id='word_1_281' title='bbox 2265 1573 2410 1633; x_wconf 87' lang='lat' dir='ltr'><strong>tum,</strong></span> <span class='ocrx_word' id='word_1_282' title='bbox 2445 1568 2719 1639; x_wconf 90' lang='lat' dir='ltr'><strong>quoniam</strong></span> <span class='ocrx_word' id='word_1_283' title='bbox 2745 1579 2945 1620; x_wconf 89' lang='lat' dir='ltr'><strong>eorum</strong></span> <span class='ocrx_word' id='word_1_284' title='bbox 2965 1564 3175 1617; x_wconf 88' lang='lat' dir='ltr'><strong>retinet</strong></span> <span class='ocrx_word' id='word_1_285' title='bbox 3211 1560 3606 1631; x_wconf 89' lang='lat' dir='ltr'><strong>proprietates.</strong></span> 
     </span>
    </p>
   </div>
   <div class='ocr_carea' id='block_1_46' title="bbox 2906 1686 3319 1742">
    <p class='ocr_par' dir='ltr' id='par_1_46' title="bbox 2906 1686 3319 1742">
     <span class='ocr_line' id='line_1_61' title="bbox 2906 1686 3319 1742; baseline -0.012 0"><span class='ocrx_word' id='word_1_286' title='bbox 2906 1688 3135 1742; x_wconf 83' lang='lat' dir='ltr'><strong>CAPUT</strong></span> <span class='ocrx_word' id='word_1_287' title='bbox 3186 1686 3319 1739; x_wconf 79' lang='lat' dir='ltr'><strong>XIII.</strong></span> 
     </span>
    </p>
   </div>
   <div class='ocr_carea' id='block_1_47' title="bbox 2550 1810 3640 1883">
    <p class='ocr_par' dir='ltr' id='par_1_47' title="bbox 2550 1810 3640 1883">
     <span class='ocr_line' id='line_1_62' title="bbox 2550 1810 3640 1883; baseline -0.009 -12"><span class='ocrx_word' id='word_1_288' title='bbox 2550 1820 2621 1871; x_wconf 80' lang='lat' dir='ltr'><strong>De</strong></span> <span class='ocrx_word' id='word_1_289' title='bbox 2644 1830 2867 1871; x_wconf 80' lang='lat' dir='ltr'><strong>numero</strong></span> <span class='ocrx_word' id='word_1_290' title='bbox 2888 1815 3095 1883; x_wconf 84' lang='lat' dir='ltr'><strong>impari</strong></span> <span class='ocrx_word' id='word_1_291' title='bbox 3124 1816 3346 1881; x_wconf 76' lang='lat' dir='ltr'><strong>ejusque</strong></span> <span class='ocrx_word' id='word_1_292' title='bbox 3379 1810 3640 1865; x_wconf 80' lang='lat' dir='ltr'><strong>divisione</strong></span> 
     </span>
    </p>
   </div>
   <div class='ocr_carea' id='block_1_48' title="bbox 2335 1932 3891 2015">
    <p class='ocr_par' dir='ltr' id='par_1_48' title="bbox 2335 1932 3891 2015">
     <span class='ocr_line' id='line_1_63' title="bbox 2335 1932 3891 2015; baseline -0.01 -15"><span class='ocrx_word' id='word_1_293' title='bbox 2335 1948 2527 2015; x_wconf 88' lang='lat' dir='ltr'><strong>Impar</strong></span> <span class='ocrx_word' id='word_1_294' title='bbox 2560 1957 2789 2012; x_wconf 91' lang='lat' dir='ltr'><strong>quoque</strong></span> <span class='ocrx_word' id='word_1_295' title='bbox 2836 1955 3109 1994; x_wconf 90' lang='lat' dir='ltr'><strong>numerus</strong></span> <span class='ocrx_word' id='word_1_296' title='bbox 3155 1943 3259 2001; x_wconf 86' lang='lat' dir='ltr'><strong>est,</strong></span> <span class='ocrx_word' id='word_1_297' title='bbox 3309 1937 3473 2007; x_wconf 89' lang='lat' dir='ltr'><strong>quia</strong></span> <span class='ocrx_word' id='word_1_298' title='bbox 3524 1934 3669 2005; x_wconf 90' lang='lat' dir='ltr'><strong>paris</strong></span> <span class='ocrx_word' id='word_1_299' title='bbox 3721 1932 3891 1987; x_wconf 86' lang='lat' dir='ltr'><strong>numeri</strong></span> 
     </span>
    </p>
   </div>
   <div class='ocr_carea' id='block_1_49' title="bbox 2264 2021 3890 2099">
    <p class='ocr_par' dir='ltr' id='par_1_49' title="bbox 2264 2021 3890 2099">
     <span class='ocr_line' id='line_1_64' title="bbox 2264 2021 3890 2099; baseline -0.01 -10"><span class='ocrx_word' id='word_1_300' title='bbox 2264 2042 2471 2089; x_wconf 88' lang='lat' dir='ltr'><strong>natura</strong></span> <span class='ocrx_word' id='word_1_301' title='bbox 2492 2031 2923 2099; x_wconf 88' lang='lat' dir='ltr'><strong>substantiaque</strong></span> <span class='ocrx_word' id='word_1_302' title='bbox 2956 2028 3274 2097; x_wconf 85' lang='lat' dir='ltr'><strong>disjunctns</strong></span> <span class='ocrx_word' id='word_1_303' title='bbox 3313 2031 3417 2079; x_wconf 89' lang='lat' dir='ltr'><strong>est.</strong></span> <span class='ocrx_word' id='word_1_304' title='bbox 3453 2024 3732 2094; x_wconf 89' lang='lat' dir='ltr'><strong>Siquidem</strong></span> <span class='ocrx_word' id='word_1_305' title='bbox 3764 2022 3828 2075; x_wconf 90' lang='lat' dir='ltr'><strong>illi</strong></span> <span class='ocrx_word' id='word_1_306' title='bbox 3851 2021 3890 2073; x_wconf 91' lang='lat' dir='ltr'><strong>in</strong></span> 
     </span>
    </p>
   </div>
   <div class='ocr_carea' id='block_1_50' title="bbox 2264 2110 3888 2193">
    <p class='ocr_par' dir='ltr' id='par_1_50' title="bbox 2264 2110 3888 2193">
     <span class='ocr_line' id='line_1_65' title="bbox 2264 2110 3888 2193; baseline -0.009 -16"><span class='ocrx_word' id='word_1_307' title='bbox 2264 2124 2496 2193; x_wconf 86' lang='lat' dir='ltr'><strong>gemina</strong></span> <span class='ocrx_word' id='word_1_308' title='bbox 2536 2120 2794 2174; x_wconf 89' lang='lat' dir='ltr'><strong>membra</strong></span> <span class='ocrx_word' id='word_1_309' title='bbox 2839 2134 3005 2187; x_wconf 79' lang='lat' dir='ltr'><strong>aequa</strong></span> <span class='ocrx_word' id='word_1_310' title='bbox 3052 2116 3227 2171; x_wconf 86' lang='lat' dir='ltr'><strong>dividi</strong></span> <span class='ocrx_word' id='word_1_311' title='bbox 3278 2119 3485 2184; x_wconf 88' lang='lat' dir='ltr'><strong>potest,</strong></span> <span class='ocrx_word' id='word_1_312' title='bbox 3537 2114 3625 2165; x_wconf 90' lang='lat' dir='ltr'><strong>hic</strong></span> <span class='ocrx_word' id='word_1_313' title='bbox 3653 2128 3717 2165; x_wconf 90' lang='lat' dir='ltr'><strong>ne</strong></span> <span class='ocrx_word' id='word_1_314' title='bbox 3758 2110 3888 2163; x_wconf 86' lang='lat' dir='ltr'><strong>secari</strong></span> 
     </span>
    </p>
   </div>
   <div class='ocr_carea' id='block_1_51' title="bbox 2267 2198 3897 2283">
    <p class='ocr_par' dir='ltr' id='par_1_51' title="bbox 2267 2198 3897 2283">
     <span class='ocr_line' id='line_1_66' title="bbox 2267 2198 3897 2283; baseline -0.01 -17"><span class='ocrx_word' id='word_1_315' title='bbox 2267 2216 2458 2283; x_wconf 88' lang='lat' dir='ltr'><strong>queat,</strong></span> <span class='ocrx_word' id='word_1_316' title='bbox 2490 2208 2726 2263; x_wconf 90' lang='lat' dir='ltr'><strong>unitatis</strong></span> <span class='ocrx_word' id='word_1_317' title='bbox 2757 2206 3003 2276; x_wconf 87' lang='lat' dir='ltr'><strong>impedit</strong></span> <span class='ocrx_word' id='word_1_318' title='bbox 3033 2206 3407 2258; x_wconf 89' lang='lat' dir='ltr'><strong>interventus.</strong></span> <span class='ocrx_word' id='word_1_319' title='bbox 3448 2205 3580 2257; x_wconf 88' lang='lat' dir='ltr'><strong>Tres</strong></span> <span class='ocrx_word' id='word_1_320' title='bbox 3608 2201 3761 2254; x_wconf 87' lang='lat' dir='ltr'><strong>habet</strong></span> <span class='ocrx_word' id='word_1_321' title='bbox 3783 2198 3897 2251; x_wconf 86' lang='lat' dir='ltr'><strong>simi-</strong></span> 
     </span>
    </p>
   </div>
   <div class='ocr_carea' id='block_1_52' title="bbox 2267 2290 3895 2364">
    <p class='ocr_par' dir='ltr' id='par_1_52' title="bbox 2267 2290 3895 2364">
     <span class='ocr_line' id='line_1_67' title="bbox 2267 2290 3895 2364; baseline -0.01 -10"><span class='ocrx_word' id='word_1_322' title='bbox 2267 2301 2397 2354; x_wconf 89' lang='lat' dir='ltr'><strong>liter</strong></span> <span class='ocrx_word' id='word_1_323' title='bbox 2429 2298 2862 2361; x_wconf 90' lang='lat' dir='ltr'><strong>subdivisiones,</strong></span> <span class='ocrx_word' id='word_1_324' title='bbox 2910 2310 3155 2364; x_wconf 87' lang='lat' dir='ltr'><strong>quarum</strong></span> <span class='ocrx_word' id='word_1_325' title='bbox 3187 2309 3301 2346; x_wconf 92' lang='lat' dir='ltr'><strong>una</strong></span> <span class='ocrx_word' id='word_1_326' title='bbox 3332 2293 3457 2361; x_wconf 90' lang='lat' dir='ltr'><strong>ejus</strong></span> <span class='ocrx_word' id='word_1_327' title='bbox 3489 2307 3615 2360; x_wconf 91' lang='lat' dir='ltr'><strong>pars</strong></span> <span class='ocrx_word' id='word_1_328' title='bbox 3642 2294 3718 2342; x_wconf 89' lang='lat' dir='ltr'><strong>est</strong></span> <span class='ocrx_word' id='word_1_329' title='bbox 3750 2290 3787 2341; x_wconf 88' lang='lat' dir='ltr'><strong>is</strong></span> <span class='ocrx_word' id='word_1_330' title='bbox 3822 2303 3895 2339; x_wconf 87' lang='lat' dir='ltr'><strong>nu-</strong></span> 
     </span>
    </p>
   </div>
   <div class='ocr_carea' id='block_1_53' title="bbox 2267 2376 3897 2457">
    <p class='ocr_par' dir='ltr' id='par_1_53' title="bbox 2267 2376 3897 2457">
     <span class='ocr_line' id='line_1_68' title="bbox 2267 2376 3897 2457; baseline -0.01 -13"><span class='ocrx_word' id='word_1_331' title='bbox 2267 2406 2459 2444; x_wconf 89' lang='lat' dir='ltr'><strong>merus</strong></span> <span class='ocrx_word' id='word_1_332' title='bbox 2492 2387 2591 2457; x_wconf 90' lang='lat' dir='ltr'><strong>qni</strong></span> <span class='ocrx_word' id='word_1_333' title='bbox 2620 2391 2850 2439; x_wconf 82' lang='lat' dir='ltr'><strong>vocatur</strong></span> <span class='ocrx_word' id='word_1_334' title='bbox 2876 2384 3096 2453; x_wconf 92' lang='lat' dir='ltr'><strong>primus</strong></span> <span class='ocrx_word' id='word_1_335' title='bbox 3141 2388 3196 2436; x_wconf 88' lang='lat' dir='ltr'><strong>et</strong></span> <span class='ocrx_word' id='word_1_336' title='bbox 3228 2381 3656 2450; x_wconf 87' lang='lat' dir='ltr'><strong>incompositus.</strong></span> <span class='ocrx_word' id='word_1_337' title='bbox 3696 2376 3897 2431; x_wconf 86' lang='lat' dir='ltr'><strong>Secunda</strong></span> 
     </span>
    </p>
   </div>
   <div class='ocr_carea' id='block_1_54' title="bbox 2268 2465 3894 2547">
    <p class='ocr_par' dir='ltr' id='par_1_54' title="bbox 2268 2465 3894 2547">
     <span class='ocr_line' id='line_1_69' title="bbox 2268 2465 3894 2547; baseline -0.011 -15"><span class='ocrx_word' id='word_1_338' title='bbox 2268 2494 2424 2543; x_wconf 88' lang='lat' dir='ltr'><strong>vero,</strong></span> <span class='ocrx_word' id='word_1_339' title='bbox 2450 2476 2549 2547; x_wconf 89' lang='lat' dir='ltr'><strong>qui</strong></span> <span class='ocrx_word' id='word_1_340' title='bbox 2576 2480 2659 2528; x_wconf 90' lang='lat' dir='ltr'><strong>est</strong></span> <span class='ocrx_word' id='word_1_341' title='bbox 2686 2472 2965 2527; x_wconf 90' lang='lat' dir='ltr'><strong>secundus</strong></span> <span class='ocrx_word' id='word_1_342' title='bbox 2993 2477 3050 2525; x_wconf 92' lang='lat' dir='ltr'><strong>et</strong></span> <span class='ocrx_word' id='word_1_343' title='bbox 3080 2471 3447 2541; x_wconf 90' lang='lat' dir='ltr'><strong>compositus.</strong></span> <span class='ocrx_word' id='word_1_344' title='bbox 3484 2471 3548 2522; x_wconf 88' lang='lat' dir='ltr'><strong>Et</strong></span> <span class='ocrx_word' id='word_1_345' title='bbox 3578 2469 3728 2520; x_wconf 88' lang='lat' dir='ltr'><strong>tertia</strong></span> <span class='ocrx_word' id='word_1_346' title='bbox 3757 2466 3795 2517; x_wconf 92' lang='lat' dir='ltr'><strong>is</strong></span> <span class='ocrx_word' id='word_1_347' title='bbox 3824 2465 3894 2533; x_wconf 84' lang='lat' dir='ltr'><strong>qui</strong></span> 
     </span>
    </p>
   </div>
   <div class='ocr_carea' id='block_1_55' title="bbox 2270 2551 3897 2635">
    <p class='ocr_par' dir='ltr' id='par_1_55' title="bbox 2270 2551 3897 2635">
     <span class='ocr_line' id='line_1_70' title="bbox 2270 2551 3897 2635; baseline -0.01 -17"><span class='ocrx_word' id='word_1_348' title='bbox 2270 2565 2518 2635; x_wconf 87' lang='lat' dir='ltr'><strong>quadam</strong></span> <span class='ocrx_word' id='word_1_349' title='bbox 2548 2563 2750 2616; x_wconf 89' lang='lat' dir='ltr'><strong>horum</strong></span> <span class='ocrx_word' id='word_1_350' title='bbox 2771 2559 3073 2613; x_wconf 89' lang='lat' dir='ltr'><strong>medietate</strong></span> <span class='ocrx_word' id='word_1_351' title='bbox 3095 2558 3434 2626; x_wconf 90' lang='lat' dir='ltr'><strong>conjunctus</strong></span> <span class='ocrx_word' id='word_1_352' title='bbox 3452 2559 3553 2619; x_wconf 89' lang='lat' dir='ltr'><strong>est,</strong></span> <span class='ocrx_word' id='word_1_353' title='bbox 3581 2558 3634 2607; x_wconf 89' lang='lat' dir='ltr'><strong>et</strong></span> <span class='ocrx_word' id='word_1_354' title='bbox 3654 2553 3716 2605; x_wconf 91' lang='lat' dir='ltr'><strong>ab</strong></span> <span class='ocrx_word' id='word_1_355' title='bbox 3738 2551 3897 2604; x_wconf 66' lang='lat' dir='ltr'><strong>utrius</strong></span> 
     </span>
    </p>
   </div>
   <div class='ocr_carea' id='block_1_56' title="bbox 2271 2642 3898 2724">
    <p class='ocr_par' dir='ltr' id='par_1_56' title="bbox 2271 2642 3898 2724">
     <span class='ocr_line' id='line_1_71' title="bbox 2271 2642 3898 2724; baseline -0.01 -18"><span class='ocrx_word' id='word_1_356' title='bbox 2271 2669 2383 2724; x_wconf 90' lang='lat' dir='ltr'><strong>que</strong></span> <span class='ocrx_word' id='word_1_357' title='bbox 2406 2650 2745 2721; x_wconf 89' lang='lat' dir='ltr'><strong>cognatione</strong></span> <span class='ocrx_word' id='word_1_358' title='bbox 2776 2648 2991 2717; x_wconf 88' lang='lat' dir='ltr'><strong>aliquid</strong></span> <span class='ocrx_word' id='word_1_359' title='bbox 3032 2645 3371 2699; x_wconf 89' lang='lat' dir='ltr'><strong>naturaliter</strong></span> <span class='ocrx_word' id='word_1_360' title='bbox 3395 2644 3588 2706; x_wconf 88' lang='lat' dir='ltr'><strong>trahit,</strong></span> <span class='ocrx_word' id='word_1_361' title='bbox 3621 2642 3710 2711; x_wconf 89' lang='lat' dir='ltr'><strong>qui</strong></span> <span class='ocrx_word' id='word_1_362' title='bbox 3734 2644 3803 2692; x_wconf 88' lang='lat' dir='ltr'><strong>est</strong></span> <span class='ocrx_word' id='word_1_363' title='bbox 3826 2654 3898 2708; x_wconf 84' lang='lat' dir='ltr'><strong>per</strong></span> 
     </span>
    </p>
   </div>
   <div class='ocr_carea' id='block_1_57' title="bbox 2271 2730 3898 2811">
    <p class='ocr_par' dir='ltr' id='par_1_57' title="bbox 2271 2730 3898 2811">
     <span class='ocr_line' id='line_1_72' title="bbox 2271 2730 3898 2811; baseline -0.01 -16"><span class='ocrx_word' id='word_1_364' title='bbox 2271 2758 2329 2795; x_wconf 90' lang='lat' dir='ltr'><strong>se</strong></span> <span class='ocrx_word' id='word_1_365' title='bbox 2362 2740 2595 2811; x_wconf 88' lang='lat' dir='ltr'><strong>quidem</strong></span> <span class='ocrx_word' id='word_1_366' title='bbox 2626 2738 2908 2791; x_wconf 90' lang='lat' dir='ltr'><strong>secundus</strong></span> <span class='ocrx_word' id='word_1_367' title='bbox 2934 2740 2991 2788; x_wconf 92' lang='lat' dir='ltr'><strong>et</strong></span> <span class='ocrx_word' id='word_1_368' title='bbox 3006 2734 3376 2803; x_wconf 90' lang='lat' dir='ltr'><strong>compositus,</strong></span> <span class='ocrx_word' id='word_1_369' title='bbox 3407 2732 3509 2786; x_wconf 91' lang='lat' dir='ltr'><strong>sed</strong></span> <span class='ocrx_word' id='word_1_370' title='bbox 3541 2731 3607 2785; x_wconf 92' lang='lat' dir='ltr'><strong>ad</strong></span> <span class='ocrx_word' id='word_1_371' title='bbox 3632 2730 3756 2783; x_wconf 88' lang='lat' dir='ltr'><strong>alios</strong></span> <span class='ocrx_word' id='word_1_372' title='bbox 3778 2742 3898 2780; x_wconf 85' lang='lat' dir='ltr'><strong>com-</strong></span> 
     </span>
    </p>
   </div>
   <div class='ocr_carea' id='block_1_58' title="bbox 2271 2818 3647 2901">
    <p class='ocr_par' dir='ltr' id='par_1_58' title="bbox 2271 2818 3647 2901">
     <span class='ocr_line' id='line_1_73' title="bbox 2271 2818 3647 2901; baseline -0.01 -16"><span class='ocrx_word' id='word_1_373' title='bbox 2271 2836 2526 2901; x_wconf 90' lang='lat' dir='ltr'><strong>paratus,</strong></span> <span class='ocrx_word' id='word_1_374' title='bbox 2558 2828 2781 2897; x_wconf 86' lang='lat' dir='ltr'><strong>primus</strong></span> <span class='ocrx_word' id='word_1_375' title='bbox 2813 2828 2868 2877; x_wconf 91' lang='lat' dir='ltr'><strong>et</strong></span> <span class='ocrx_word' id='word_1_376' title='bbox 2896 2823 3308 2892; x_wconf 86' lang='lat' dir='ltr'><strong>incompositus</strong></span> <span class='ocrx_word' id='word_1_377' title='bbox 3340 2818 3647 2873; x_wconf 82' lang='lat' dir='ltr'><strong>invenitur.</strong></span> 
     </span>
    </p>
   </div>
   <div class='ocr_carea' id='block_1_59' title="bbox 2917 2945 3327 3001">
    <p class='ocr_par' dir='ltr' id='par_1_59' title="bbox 2917 2945 3327 3001">
     <span class='ocr_line' id='line_1_74' title="bbox 2917 2945 3327 3001; baseline -0.012 0"><span class='ocrx_word' id='word_1_378' title='bbox 2917 2946 3142 3001; x_wconf 81' lang='lat' dir='ltr'>CAPUT</span> <span class='ocrx_word' id='word_1_379' title='bbox 3182 2945 3327 2999; x_wconf 83' lang='lat' dir='ltr'><strong>XIV.</strong></span> 
     </span>
    </p>
   </div>
   <div class='ocr_carea' id='block_1_60' title="bbox 2702 3048 3470 3123">
    <p class='ocr_par' dir='ltr' id='par_1_60' title="bbox 2702 3048 3470 3123">
     <span class='ocr_line' id='line_1_75' title="bbox 2702 3048 3470 3123; baseline -0.008 -15"><span class='ocrx_word' id='word_1_380' title='bbox 2702 3057 2774 3108; x_wconf 89' lang='lat' dir='ltr'><strong>De</strong></span> <span class='ocrx_word' id='word_1_381' title='bbox 2809 3054 2988 3123; x_wconf 80' lang='lat' dir='ltr'><strong>primo</strong></span> <span class='ocrx_word' id='word_1_382' title='bbox 3018 3057 3067 3106; x_wconf 88' lang='lat' dir='ltr'><strong>et</strong></span> <span class='ocrx_word' id='word_1_383' title='bbox 3100 3048 3470 3119; x_wconf 79' lang='lat' dir='ltr'><strong>incomposito.</strong></span> 
     </span>
    </p>
   </div>
   <div class='ocr_carea' id='block_1_61' title="bbox 2350 3149 3898 3234">
    <p class='ocr_par' dir='ltr' id='par_1_61' title="bbox 2350 3149 3898 3234">
     <span class='ocr_line' id='line_1_76' title="bbox 2350 3149 3898 3234; baseline -0.012 -16"><span class='ocrx_word' id='word_1_384' title='bbox 2350 3167 2417 3219; x_wconf 86' lang='lat' dir='ltr'><strong>Et</strong></span> <span class='ocrx_word' id='word_1_385' title='bbox 2446 3163 2668 3234; x_wconf 91' lang='lat' dir='ltr'><strong>primus</strong></span> <span class='ocrx_word' id='word_1_386' title='bbox 2701 3160 2933 3232; x_wconf 90' lang='lat' dir='ltr'><strong>quidem</strong></span> <span class='ocrx_word' id='word_1_387' title='bbox 2954 3162 3011 3213; x_wconf 88' lang='lat' dir='ltr'><strong>at</strong></span> <span class='ocrx_word' id='word_1_388' title='bbox 3038 3156 3454 3227; x_wconf 89' lang='lat' dir='ltr'><strong>incompositus</strong></span> <span class='ocrx_word' id='word_1_389' title='bbox 3486 3160 3586 3221; x_wconf 91' lang='lat' dir='ltr'><strong>est,</strong></span> <span class='ocrx_word' id='word_1_390' title='bbox 3618 3152 3707 3223; x_wconf 86' lang='lat' dir='ltr'><strong>qui</strong></span> <span class='ocrx_word' id='word_1_391' title='bbox 3734 3149 3898 3204; x_wconf 88' lang='lat' dir='ltr'><strong>nullam</strong></span> 
     </span>
    </p>
   </div>
   <div class='ocr_carea' id='block_1_62' title="bbox 2277 3235 3900 3320">
    <p class='ocr_par' dir='ltr' id='par_1_62' title="bbox 2277 3235 3900 3320">
     <span class='ocr_line' id='line_1_77' title="bbox 2277 3235 3900 3320; baseline -0.011 -16"><span class='ocrx_word' id='word_1_392' title='bbox 2277 3249 2450 3304; x_wconf 87' lang='lat' dir='ltr'><strong>aliam</strong></span> <span class='ocrx_word' id='word_1_393' title='bbox 2497 3254 2719 3320; x_wconf 86' lang='lat' dir='ltr'><strong>partem</strong></span> <span class='ocrx_word' id='word_1_394' title='bbox 2772 3247 2963 3315; x_wconf 90' lang='lat' dir='ltr'><strong>habet,</strong></span> <span class='ocrx_word' id='word_1_395' title='bbox 3000 3246 3110 3299; x_wconf 91' lang='lat' dir='ltr'><strong>nisi</strong></span> <span class='ocrx_word' id='word_1_396' title='bbox 3155 3260 3283 3299; x_wconf 88' lang='lat' dir='ltr'><strong>eam</strong></span> <span class='ocrx_word' id='word_1_397' title='bbox 3323 3258 3455 3313; x_wconf 68' lang='lat' dir='ltr'><strong>quae</strong></span> <span class='ocrx_word' id='word_1_398' title='bbox 3501 3259 3533 3295; x_wconf 89' lang='lat' dir='ltr'><strong>a</strong></span> <span class='ocrx_word' id='word_1_399' title='bbox 3578 3246 3688 3294; x_wconf 86' lang='lat' dir='ltr'><strong>tota</strong></span> <span class='ocrx_word' id='word_1_400' title='bbox 3728 3235 3900 3290; x_wconf 84' lang='lat' dir='ltr'><strong>numeri</strong></span> 
     </span>
    </p>
   </div>
   <div class='ocr_carea' id='block_1_63' title="bbox 2278 3323 3901 3408">
    <p class='ocr_par' dir='ltr' id='par_1_63' title="bbox 2278 3323 3901 3408">
     <span class='ocr_line' id='line_1_78' title="bbox 2278 3323 3901 3408; baseline -0.012 -16"><span class='ocrx_word' id='word_1_401' title='bbox 2278 3338 2600 3408; x_wconf 85' lang='lat' dir='ltr'><strong>quantitate</strong></span> <span class='ocrx_word' id='word_1_402' title='bbox 2646 3336 3010 3390; x_wconf 86' lang='lat' dir='ltr'><strong>denominata</strong></span> <span class='ocrx_word' id='word_1_403' title='bbox 3052 3334 3141 3400; x_wconf 90' lang='lat' dir='ltr'><strong>sit,</strong></span> <span class='ocrx_word' id='word_1_404' title='bbox 3197 3337 3258 3385; x_wconf 91' lang='lat' dir='ltr'><strong>ut</strong></span> <span class='ocrx_word' id='word_1_405' title='bbox 3288 3332 3411 3401; x_wconf 89' lang='lat' dir='ltr'><strong>ipsa</strong></span> <span class='ocrx_word' id='word_1_406' title='bbox 3458 3346 3587 3400; x_wconf 89' lang='lat' dir='ltr'><strong>pars</strong></span> <span class='ocrx_word' id='word_1_407' title='bbox 3618 3344 3722 3381; x_wconf 92' lang='lat' dir='ltr'><strong>non</strong></span> <span class='ocrx_word' id='word_1_408' title='bbox 3748 3323 3901 3378; x_wconf 79' lang='lat' dir='ltr'><strong>sitnisi</strong></span> 
     </span>
    </p>
   </div>
   <div class='ocr_carea' id='block_1_64' title="bbox 2277 3410 3903 3493">
    <p class='ocr_par' dir='ltr' id='par_1_64' title="bbox 2277 3410 3903 3493">
     <span class='ocr_line' id='line_1_79' title="bbox 2277 3410 3903 3493; baseline -0.01 -13"><span class='ocrx_word' id='word_1_409' title='bbox 2277 3427 2487 3493; x_wconf 91' lang='lat' dir='ltr'><strong>unitas,</strong></span> <span class='ocrx_word' id='word_1_410' title='bbox 2513 3431 2577 3479; x_wconf 90' lang='lat' dir='ltr'><strong>ut</strong></span> <span class='ocrx_word' id='word_1_411' title='bbox 2606 3429 2739 3479; x_wconf 89' lang='lat' dir='ltr'><strong>sunt</strong></span> <span class='ocrx_word' id='word_1_412' title='bbox 2769 3427 2820 3490; x_wconf 89' lang='lat'><strong>3,</strong></span> <span class='ocrx_word' id='word_1_413' title='bbox 2844 3428 2891 3489; x_wconf 80' lang='lat'><strong>5,</strong></span> <span class='ocrx_word' id='word_1_414' title='bbox 2920 3429 2971 3488; x_wconf 88' lang='lat'><strong>7,</strong></span> <span class='ocrx_word' id='word_1_415' title='bbox 3006 3426 3087 3490; x_wconf 88' lang='grc'><strong>11,</strong></span> <span class='ocrx_word' id='word_1_416' title='bbox 3122 3425 3203 3489; x_wconf 85' lang='grc'><strong>13,</strong></span> <span class='ocrx_word' id='word_1_417' title='bbox 3232 3425 3319 3489; x_wconf 87' lang='grc'><strong>17,</strong></span> <span class='ocrx_word' id='word_1_418' title='bbox 3353 3423 3432 3487; x_wconf 83' lang='grc'><strong>19,</strong></span> <span class='ocrx_word' id='word_1_419' title='bbox 3464 3422 3555 3486; x_wconf 89' lang='grc'>23,</span> <span class='ocrx_word' id='word_1_420' title='bbox 3580 3421 3661 3477; x_wconf 84' lang='grc'>29,</span> <span class='ocrx_word' id='word_1_421' title='bbox 3684 3410 3903 3484; x_wconf 60' lang='lat' dir='ltr'><strong>3|.,lnhis</strong></span> 
     </span>
    </p>
   </div>
   <div class='ocr_carea' id='block_1_65' title="bbox 2277 3498 3905 3587">
    <p class='ocr_par' dir='ltr' id='par_1_65' title="bbox 2277 3498 3905 3587">
     <span class='ocr_line' id='line_1_80' title="bbox 2277 3498 3905 3587; baseline -0.01 -17"><span class='ocrx_word' id='word_1_422' title='bbox 2277 3532 2414 3587; x_wconf 89' lang='lat' dir='ltr'><strong>ergo</strong></span> <span class='ocrx_word' id='word_1_423' title='bbox 2446 3515 2688 3585; x_wconf 84' lang='lat' dir='ltr'><strong>singulis</strong></span> <span class='ocrx_word' id='word_1_424' title='bbox 2719 3513 2876 3567; x_wconf 92' lang='lat' dir='ltr'><strong>nulla</strong></span> <span class='ocrx_word' id='word_1_425' title='bbox 2900 3527 3158 3583; x_wconf 82' lang='lat' dir='ltr'><strong>unquam</strong></span> <span class='ocrx_word' id='word_1_426' title='bbox 3178 3510 3291 3564; x_wconf 90' lang='lat' dir='ltr'><strong>alia</strong></span> <span class='ocrx_word' id='word_1_427' title='bbox 3325 3525 3456 3580; x_wconf 88' lang='lat' dir='ltr'><strong>pars</strong></span> <span class='ocrx_word' id='word_1_428' title='bbox 3487 3507 3797 3566; x_wconf 85' lang='lat' dir='ltr'><strong>invenietur,</strong></span> <span class='ocrx_word' id='word_1_429' title='bbox 3829 3498 3905 3552; x_wconf 75' lang='lat' dir='ltr'><strong>nisi</strong></span> 
     </span>
    </p>
   </div>
   <div class='ocr_carea' id='block_1_66' title="bbox 2277 3590 3904 3676">
    <p class='ocr_par' dir='ltr' id='par_1_66' title="bbox 2277 3590 3904 3676">
     <span class='ocr_line' id='line_1_81' title="bbox 2277 3590 3904 3676; baseline -0.011 -17"><span class='ocrx_word' id='word_1_430' title='bbox 2277 3621 2405 3676; x_wconf 66' lang='lat' dir='ltr'><strong>quin</strong></span> <span class='ocrx_word' id='word_1_431' title='bbox 2438 3605 2507 3658; x_wconf 88' lang='lat' dir='ltr'><strong>ab</strong></span> <span class='ocrx_word' id='word_1_432' title='bbox 2547 3604 2685 3674; x_wconf 91' lang='lat' dir='ltr'><strong>ipsis</strong></span> <span class='ocrx_word' id='word_1_433' title='bbox 2718 3602 3089 3657; x_wconf 88' lang='lat' dir='ltr'><strong>denominata</strong></span> <span class='ocrx_word' id='word_1_434' title='bbox 3121 3604 3224 3665; x_wconf 91' lang='lat' dir='ltr'><strong>est,</strong></span> <span class='ocrx_word' id='word_1_435' title='bbox 3259 3604 3316 3653; x_wconf 86' lang='lat' dir='ltr'><strong>et</strong></span> <span class='ocrx_word' id='word_1_436' title='bbox 3353 3598 3482 3668; x_wconf 87' lang='lat' dir='ltr'><strong>ipsa</strong></span> <span class='ocrx_word' id='word_1_437' title='bbox 3513 3601 3721 3650; x_wconf 86' lang='lat' dir='ltr'><strong>tantum</strong></span> <span class='ocrx_word' id='word_1_438' title='bbox 3749 3590 3904 3651; x_wconf 79' lang='lat' dir='ltr'><strong>auitas,</strong></span> 
     </span>
    </p>
   </div>
   <div class='ocr_carea' id='block_1_67' title="bbox 2276 3676 3906 3764">
    <p class='ocr_par' dir='ltr' id='par_1_67' title="bbox 2276 3676 3906 3764">
     <span class='ocr_line' id='line_1_82' title="bbox 2276 3676 3906 3764; baseline -0.012 -15"><span class='ocrx_word' id='word_1_439' title='bbox 2276 3699 2342 3748; x_wconf 92' lang='lat' dir='ltr'><strong>ut</strong></span> <span class='ocrx_word' id='word_1_440' title='bbox 2372 3709 2546 3764; x_wconf 89' lang='lat' dir='ltr'><strong>supra</strong></span> <span class='ocrx_word' id='word_1_441' title='bbox 2573 3694 2692 3763; x_wconf 89' lang='lat' dir='ltr'><strong>jam</strong></span> <span class='ocrx_word' id='word_1_442' title='bbox 2714 3693 2927 3747; x_wconf 89' lang='lat' dir='ltr'><strong>dictum</strong></span> <span class='ocrx_word' id='word_1_443' title='bbox 2950 3696 3052 3746; x_wconf 90' lang='lat' dir='ltr'><strong>est.</strong></span> <span class='ocrx_word' id='word_1_444' title='bbox 3082 3691 3146 3743; x_wconf 93' lang='lat' dir='ltr'><strong>In</strong></span> <span class='ocrx_word' id='word_1_445' title='bbox 3176 3688 3358 3742; x_wconf 89' lang='lat' dir='ltr'><strong>tribus</strong></span> <span class='ocrx_word' id='word_1_446' title='bbox 3377 3686 3533 3740; x_wconf 90' lang='lat' dir='ltr'><strong>enim</strong></span> <span class='ocrx_word' id='word_1_447' title='bbox 3557 3701 3662 3739; x_wconf 88' lang='lat' dir='ltr'><strong>una</strong></span> <span class='ocrx_word' id='word_1_448' title='bbox 3690 3697 3799 3753; x_wconf 87' lang='lat' dir='ltr'><strong>pars</strong></span> <span class='ocrx_word' id='word_1_449' title='bbox 3821 3676 3906 3729; x_wconf 84' lang='lat' dir='ltr'><strong>sola</strong></span> 
     </span>
    </p>
   </div>
   <div class='ocr_carea' id='block_1_68' title="bbox 2280 3768 3906 3850">
    <p class='ocr_par' dir='ltr' id='par_1_68' title="bbox 2280 3768 3906 3850">
     <span class='ocr_line' id='line_1_83' title="bbox 2280 3768 3906 3850; baseline -0.014 -14"><span class='ocrx_word' id='word_1_450' title='bbox 2280 3786 2385 3848; x_wconf 91' lang='lat' dir='ltr'><strong>est,</strong></span> <span class='ocrx_word' id='word_1_451' title='bbox 2414 3781 2473 3835; x_wconf 92' lang='lat' dir='ltr'><strong>id</strong></span> <span class='ocrx_word' id='word_1_452' title='bbox 2519 3786 2605 3835; x_wconf 90' lang='lat' dir='ltr'><strong>est</strong></span> <span class='ocrx_word' id='word_1_453' title='bbox 2646 3781 2835 3847; x_wconf 90' lang='lat' dir='ltr'><strong>tertia,</strong></span> <span class='ocrx_word' id='word_1_454' title='bbox 2870 3795 3005 3850; x_wconf 74' lang='lat' dir='ltr'><strong>quae</strong></span> <span class='ocrx_word' id='word_1_455' title='bbox 3034 3794 3067 3831; x_wconf 89' lang='lat' dir='ltr'><strong>a</strong></span> <span class='ocrx_word' id='word_1_456' title='bbox 3113 3776 3294 3830; x_wconf 89' lang='lat' dir='ltr'><strong>tribus</strong></span> <span class='ocrx_word' id='word_1_457' title='bbox 3339 3774 3558 3828; x_wconf 91' lang='lat' dir='ltr'><strong>scilicet</strong></span> <span class='ocrx_word' id='word_1_458' title='bbox 3608 3768 3906 3825; x_wconf 78' lang='lat' dir='ltr'><strong>denominata</strong></span> 
     </span>
    </p>
   </div>
   <div class='ocr_carea' id='block_1_69' title="bbox 2281 3851 3901 3941">
    <p class='ocr_par' dir='ltr' id='par_1_69' title="bbox 2281 3851 3901 3941">
     <span class='ocr_line' id='line_1_84' title="bbox 2281 3851 3901 3941; baseline -0.009 -16"><span class='ocrx_word' id='word_1_459' title='bbox 2281 3876 2385 3937; x_wconf 89' lang='lat' dir='ltr'><strong>est,</strong></span> <span class='ocrx_word' id='word_1_460' title='bbox 2427 3876 2483 3923; x_wconf 91' lang='lat' dir='ltr'><strong>et</strong></span> <span class='ocrx_word' id='word_1_461' title='bbox 2512 3871 2634 3941; x_wconf 90' lang='lat' dir='ltr'><strong>ipsa</strong></span> <span class='ocrx_word' id='word_1_462' title='bbox 2659 3869 2828 3923; x_wconf 89' lang='lat' dir='ltr'><strong>tertia</strong></span> <span class='ocrx_word' id='word_1_463' title='bbox 2857 3884 2989 3938; x_wconf 88' lang='lat' dir='ltr'><strong>pars</strong></span> <span class='ocrx_word' id='word_1_464' title='bbox 3019 3866 3226 3920; x_wconf 89' lang='lat' dir='ltr'><strong>unitas.</strong></span> <span class='ocrx_word' id='word_1_465' title='bbox 3271 3863 3600 3934; x_wconf 88' lang='lat' dir='ltr'><strong>Eodemque</strong></span> <span class='ocrx_word' id='word_1_466' title='bbox 3630 3858 3779 3913; x_wconf 90' lang='lat' dir='ltr'><strong>modo</strong></span> <span class='ocrx_word' id='word_1_467' title='bbox 3805 3851 3901 3923; x_wconf 79' lang='lat' dir='ltr'><strong>qui-</strong></span> 
     </span>
    </p>
   </div>
   <div class='ocr_carea' id='block_1_70' title="bbox 2280 3943 3905 4028">
    <p class='ocr_par' dir='ltr' id='par_1_70' title="bbox 2280 3943 3905 4028">
     <span class='ocr_line' id='line_1_85' title="bbox 2280 3943 3905 4028; baseline -0.012 -15"><span class='ocrx_word' id='word_1_468' title='bbox 2280 3958 2424 4013; x_wconf 90' lang='lat' dir='ltr'><strong>narii</strong></span> <span class='ocrx_word' id='word_1_469' title='bbox 2460 3959 2578 4012; x_wconf 89' lang='lat' dir='ltr'><strong>sola</strong></span> <span class='ocrx_word' id='word_1_470' title='bbox 2600 3958 2800 4028; x_wconf 89' lang='lat' dir='ltr'><strong>quinta</strong></span> <span class='ocrx_word' id='word_1_471' title='bbox 2828 3973 2960 4027; x_wconf 88' lang='lat' dir='ltr'><strong>pars</strong></span> <span class='ocrx_word' id='word_1_472' title='bbox 2986 3961 3091 4026; x_wconf 91' lang='lat' dir='ltr'><strong>est,</strong></span> <span class='ocrx_word' id='word_1_473' title='bbox 3135 3960 3193 4008; x_wconf 91' lang='lat' dir='ltr'><strong>et</strong></span> <span class='ocrx_word' id='word_1_474' title='bbox 3222 3954 3344 4007; x_wconf 63' lang='lat' dir='ltr'><strong>hasc</strong></span> <span class='ocrx_word' id='word_1_475' title='bbox 3373 3954 3585 4017; x_wconf 88' lang='lat' dir='ltr'><strong>unitas,</strong></span> <span class='ocrx_word' id='word_1_476' title='bbox 3613 3956 3764 4018; x_wconf 86' lang='lat' dir='ltr'><strong>atque</strong></span> <span class='ocrx_word' id='word_1_477' title='bbox 3793 3943 3905 3996; x_wconf 84' lang='lat' dir='ltr'><strong>idem</strong></span> 
     </span>
    </p>
   </div>
   <div class='ocr_carea' id='block_1_71' title="bbox 2280 4027 3910 4117">
    <p class='ocr_par' dir='ltr' id='par_1_71' title="bbox 2280 4027 3910 4117">
     <span class='ocr_line' id='line_1_86' title="bbox 2280 4027 3910 4117; baseline -0.009 -16"><span class='ocrx_word' id='word_1_478' title='bbox 2280 4047 2342 4101; x_wconf 91' lang='lat' dir='ltr'><strong>in</strong></span> <span class='ocrx_word' id='word_1_479' title='bbox 2372 4047 2612 4117; x_wconf 91' lang='lat' dir='ltr'><strong>singulis</strong></span> <span class='ocrx_word' id='word_1_480' title='bbox 2642 4061 2997 4116; x_wconf 91' lang='lat' dir='ltr'><strong>consequens</strong></span> <span class='ocrx_word' id='word_1_481' title='bbox 3030 4042 3367 4114; x_wconf 86' lang='lat' dir='ltr'><strong>reperietur.</strong></span> <span class='ocrx_word' id='word_1_482' title='bbox 3406 4042 3622 4095; x_wconf 88' lang='lat' dir='ltr'><strong>Dicitur</strong></span> <span class='ocrx_word' id='word_1_483' title='bbox 3642 4041 3808 4092; x_wconf 86' lang='lat' dir='ltr'><strong>autem</strong></span> <span class='ocrx_word' id='word_1_484' title='bbox 3829 4027 3910 4100; x_wconf 75' lang='lat' dir='ltr'><strong>pri-</strong></span> 
     </span>
    </p>
   </div>
   <div class='ocr_carea' id='block_1_72' title="bbox 2280 4130 3909 4205">
    <p class='ocr_par' dir='ltr' id='par_1_72' title="bbox 2280 4130 3909 4205">
     <span class='ocr_line' id='line_1_87' title="bbox 2280 4130 3909 4205; baseline -0.009 -15"><span class='ocrx_word' id='word_1_485' title='bbox 2280 4151 2409 4189; x_wconf 91' lang='lat' dir='ltr'><strong>mus</strong></span> <span class='ocrx_word' id='word_1_486' title='bbox 2436 4141 2491 4189; x_wconf 89' lang='lat' dir='ltr'><strong>et</strong></span> <span class='ocrx_word' id='word_1_487' title='bbox 2523 4134 2954 4205; x_wconf 90' lang='lat' dir='ltr'><strong>incompositus,</strong></span> <span class='ocrx_word' id='word_1_488' title='bbox 2975 4132 3128 4203; x_wconf 93' lang='lat' dir='ltr'><strong>quod</strong></span> <span class='ocrx_word' id='word_1_489' title='bbox 3152 4133 3343 4185; x_wconf 89' lang='lat' dir='ltr'><strong>nullus</strong></span> <span class='ocrx_word' id='word_1_490' title='bbox 3375 4146 3511 4184; x_wconf 92' lang='lat' dir='ltr'><strong>eum</strong></span> <span class='ocrx_word' id='word_1_491' title='bbox 3539 4130 3675 4183; x_wconf 87' lang='lat' dir='ltr'><strong>alter</strong></span> <span class='ocrx_word' id='word_1_492' title='bbox 3693 4132 3909 4179; x_wconf 72' lang='lat' dir='ltr'><strong>numerus</strong></span> 
     </span>
    </p>
   </div>
   <div class='ocr_carea' id='block_1_73' title="bbox 2280 4206 3911 4294">
    <p class='ocr_par' dir='ltr' id='par_1_73' title="bbox 2280 4206 3911 4294">
     <span class='ocr_line' id='line_1_88' title="bbox 2280 4206 3911 4294; baseline -0.012 -16"><span class='ocrx_word' id='word_1_493' title='bbox 2280 4225 2570 4290; x_wconf 88' lang='lat' dir='ltr'><strong>metiatur,</strong></span> <span class='ocrx_word' id='word_1_494' title='bbox 2608 4229 2817 4294; x_wconf 62' lang='lat' dir='ltr'><strong>praeter</strong></span> <span class='ocrx_word' id='word_1_495' title='bbox 2846 4223 3049 4291; x_wconf 90' lang='lat' dir='ltr'><strong>solam,</strong></span> <span class='ocrx_word' id='word_1_496' title='bbox 3080 4237 3209 4291; x_wconf 73' lang='lat' dir='ltr'><strong>quae</strong></span> <span class='ocrx_word' id='word_1_497' title='bbox 3248 4220 3468 4276; x_wconf 90' lang='lat' dir='ltr'><strong>cunctis</strong></span> <span class='ocrx_word' id='word_1_498' title='bbox 3495 4222 3672 4273; x_wconf 87' lang='lat' dir='ltr'><strong>mater</strong></span> <span class='ocrx_word' id='word_1_499' title='bbox 3707 4216 3796 4276; x_wconf 87' lang='lat' dir='ltr'><strong>est,</strong></span> <span class='ocrx_word' id='word_1_500' title='bbox 3821 4206 3911 4260; x_wconf 87' lang='lat' dir='ltr'><strong>uni-</strong></span> 
     </span>
    </p>
   </div>
   <div class='ocr_carea' id='block_1_74' title="bbox 480 4283 3909 4383">
    <p class='ocr_par' dir='ltr' id='par_1_74' title="bbox 480 4283 3909 4383">
     <span class='ocr_line' id='line_1_89' title="bbox 480 4283 3909 4383; baseline -0.004 -22"><span class='ocrx_word' id='word_1_501' title='bbox 480 4283 728 4379; x_wconf 71' lang='lat' dir='ltr'><strong>aaquales</strong></span> <span class='ocrx_word' id='word_1_502' title='bbox 757 4308 921 4371; x_wconf 88' lang='lat' dir='ltr'><strong>ﬁunt,</strong></span> <span class='ocrx_word' id='word_1_503' title='bbox 958 4314 1021 4364; x_wconf 90' lang='lat' dir='ltr'><strong>ut</strong></span> <span class='ocrx_word' id='word_1_504' title='bbox 1056 4312 1118 4363; x_wconf 85' lang='grc'>12</span> <span class='ocrx_word' id='word_1_505' title='bbox 1142 4283 1204 4363; x_wconf 65' lang='lat' dir='ltr'><strong>at</strong></span> <span class='ocrx_word' id='word_1_506' title='bbox 1236 4312 1301 4363; x_wconf 82' lang='lat'><strong>36</strong></span> <span class='ocrx_word' id='word_1_507' title='bbox 1332 4283 1462 4363; x_wconf 79' lang='lat' dir='ltr'><strong>cum</strong></span> <span class='ocrx_word' id='word_1_508' title='bbox 1494 4283 1755 4379; x_wconf 73' lang='lat' dir='ltr'><strong>junxeris</strong></span> <span class='ocrx_word' id='word_1_509' title='bbox 1788 4309 1934 4363; x_wconf 89' lang='lat' dir='ltr'><strong>ﬁunt</strong></span> <span class='ocrx_word' id='word_1_510' title='bbox 1960 4309 2047 4375; x_wconf 84' lang='grc'>48,</span> <span class='ocrx_word' id='word_1_511' title='bbox 2078 4307 2172 4361; x_wconf 87' lang='lat' dir='ltr'><strong>ho-</strong></span> <span class='ocrx_word' id='word_1_512' title='bbox 2211 4283 2254 4336; x_wconf 77' lang='lat' dir='ltr'>D</span> <span class='ocrx_word' id='word_1_513' title='bbox 2281 4318 2484 4368; x_wconf 72' lang='lat' dir='ltr'><strong>tatem,</strong></span> <span class='ocrx_word' id='word_1_514' title='bbox 2546 4283 2804 4383; x_wconf 47' lang='lat' dir='ltr'><strong>Némque</strong></span> <span class='ocrx_word' id='word_1_515' title='bbox 2832 4283 3152 4365; x_wconf 57' lang='lat' dir='ltr'><strong>ternarqu</strong></span> <span class='ocrx_word' id='word_1_516' title='bbox 3190 4312 3221 4362; x_wconf 78' lang='lat'><strong>2</strong></span> <span class='ocrx_word' id='word_1_517' title='bbox 3252 4326 3370 4364; x_wconf 74' lang='lat' dir='ltr'><strong>non</strong></span> <span class='ocrx_word' id='word_1_518' title='bbox 3399 4308 3715 4371; x_wconf 64' lang='lat' dir='ltr'><strong>numerant,</strong></span> <span class='ocrx_word' id='word_1_519' title='bbox 3747 4298 3909 4354; x_wconf 85' lang='lat' dir='ltr'><strong>idcirco</strong></span> 
     </span>
    </p>
   </div>
   <div class='ocr_carea' id='block_1_75' title="bbox 479 4397 2173 4469">
    <p class='ocr_par' dir='ltr' id='par_1_75' title="bbox 479 4397 2173 4469">
     <span class='ocr_line' id='line_1_90' title="bbox 479 4397 2173 4469; baseline 0 -20"><span class='ocrx_word' id='word_1_520' title='bbox 479 4412 609 4449; x_wconf 88' lang='lat' dir='ltr'><strong>rum</strong></span> <span class='ocrx_word' id='word_1_521' title='bbox 638 4397 684 4450; x_wconf 92' lang='lat' dir='ltr'><strong>si</strong></span> <span class='ocrx_word' id='word_1_522' title='bbox 725 4397 1057 4453; x_wconf 87' lang='lat' dir='ltr'><strong>medietates</strong></span> <span class='ocrx_word' id='word_1_523' title='bbox 1113 4398 1346 4452; x_wconf 90' lang='lat' dir='ltr'><strong>sibimet</strong></span> <span class='ocrx_word' id='word_1_524' title='bbox 1388 4397 1777 4469; x_wconf 87' lang='lat' dir='ltr'><strong>applicavaris,</strong></span> <span class='ocrx_word' id='word_1_525' title='bbox 1826 4397 1883 4451; x_wconf 93' lang='lat' dir='ltr'><strong>id</strong></span> <span class='ocrx_word' id='word_1_526' title='bbox 1914 4402 1997 4450; x_wconf 88' lang='lat' dir='ltr'><strong>est</strong></span> <span class='ocrx_word' id='word_1_527' title='bbox 2026 4398 2095 4447; x_wconf 92' lang='grc'>20</span> <span class='ocrx_word' id='word_1_528' title='bbox 2118 4400 2173 4449; x_wconf 90' lang='lat' dir='ltr'><strong>at</strong></span> 
     </span>
    </p>
   </div>
   <div class='ocr_carea' id='block_1_76' title="bbox 477 4485 2171 4557">
    <p class='ocr_par' dir='ltr' id='par_1_76' title="bbox 477 4485 2171 4557">
     <span class='ocr_line' id='line_1_91' title="bbox 477 4485 2171 4557; baseline -0.001 -18"><span class='ocrx_word' id='word_1_529' title='bbox 477 4487 568 4551; x_wconf 90' lang='lat'><strong>28,</strong></span> <span class='ocrx_word' id='word_1_530' title='bbox 602 4485 755 4539; x_wconf 90' lang='lat' dir='ltr'><strong>idem</strong></span> <span class='ocrx_word' id='word_1_531' title='bbox 789 4485 918 4551; x_wconf 91' lang='lat' dir='ltr'><strong>erit,</strong></span> <span class='ocrx_word' id='word_1_532' title='bbox 961 4490 1133 4556; x_wconf 92' lang='lat' dir='ltr'><strong>atque</strong></span> <span class='ocrx_word' id='word_1_533' title='bbox 1160 4486 1217 4540; x_wconf 87' lang='lat' dir='ltr'><strong>in</strong></span> <span class='ocrx_word' id='word_1_534' title='bbox 1266 4487 1377 4540; x_wconf 89' lang='lat' dir='ltr'><strong>alia</strong></span> <span class='ocrx_word' id='word_1_535' title='bbox 1406 4491 1565 4557; x_wconf 91' lang='lat' dir='ltr'><strong>parte</strong></span> <span class='ocrx_word' id='word_1_536' title='bbox 1591 4485 1929 4550; x_wconf 85' lang='lat' dir='ltr'><strong>latitudinis,</strong></span> <span class='ocrx_word' id='word_1_537' title='bbox 1952 4486 2171 4543; x_wconf 64' lang='lat' dir='ltr'><strong>leodem</strong></span> 
     </span>
    </p>
   </div>
   <div class='ocr_carea' id='block_1_77' title="bbox 484 4574 2170 4645">
    <p class='ocr_par' dir='ltr' id='par_1_77' title="bbox 484 4574 2170 4645">
     <span class='ocr_line' id='line_1_92' title="bbox 484 4574 2170 4645; baseline 0.001 -18"><span class='ocrx_word' id='word_1_538' title='bbox 484 4574 686 4627; x_wconf 90' lang='lat' dir='ltr'><strong>ordine</strong></span> <span class='ocrx_word' id='word_1_539' title='bbox 709 4574 809 4645; x_wconf 89' lang='lat' dir='ltr'><strong>qui</strong></span> <span class='ocrx_word' id='word_1_540' title='bbox 838 4574 979 4628; x_wconf 90' lang='lat' dir='ltr'><strong>ﬁant</strong></span> <span class='ocrx_word' id='word_1_541' title='bbox 1000 4576 1247 4642; x_wconf 90' lang='lat' dir='ltr'><strong>numeri,</strong></span> <span class='ocrx_word' id='word_1_542' title='bbox 1276 4576 1459 4629; x_wconf 89' lang='lat' dir='ltr'><strong>notati</strong></span> <span class='ocrx_word' id='word_1_543' title='bbox 1487 4580 1637 4629; x_wconf 90' lang='lat' dir='ltr'><strong>sunt.</strong></span> <span class='ocrx_word' id='word_1_544' title='bbox 1666 4575 1860 4644; x_wconf 89' lang='lat' dir='ltr'><strong>Neque</strong></span> <span class='ocrx_word' id='word_1_545' title='bbox 1885 4574 2000 4627; x_wconf 91' lang='lat' dir='ltr'><strong>ulla</strong></span> <span class='ocrx_word' id='word_1_546' title='bbox 2025 4574 2087 4628; x_wconf 92' lang='lat' dir='ltr'><strong>in</strong></span> <span class='ocrx_word' id='word_1_547' title='bbox 2109 4589 2170 4629; x_wconf 90' lang='lat' dir='ltr'><strong>re</strong></span> 
     </span>
    </p>
   </div>
   <div class='ocr_carea' id='block_1_78' title="bbox 482 4661 2170 4734">
    <p class='ocr_par' dir='ltr' id='par_1_78' title="bbox 482 4661 2170 4734">
     <span class='ocr_line' id='line_1_93' title="bbox 482 4661 2170 4734; baseline 0.002 -20"><span class='ocrx_word' id='word_1_548' title='bbox 482 4661 629 4714; x_wconf 87' lang='lat' dir='ltr'><strong>ratio</strong></span> <span class='ocrx_word' id='word_1_549' title='bbox 662 4662 917 4732; x_wconf 91' lang='lat' dir='ltr'><strong>utrisque</strong></span> <span class='ocrx_word' id='word_1_550' title='bbox 948 4662 1266 4716; x_wconf 88' lang='lat' dir='ltr'><strong>latitudinis</strong></span> <span class='ocrx_word' id='word_1_551' title='bbox 1296 4662 1662 4733; x_wconf 88' lang='lat' dir='ltr'><strong>discrepabit,</strong></span> <span class='ocrx_word' id='word_1_552' title='bbox 1693 4661 1959 4734; x_wconf 90' lang='lat' dir='ltr'><strong>idemque</strong></span> <span class='ocrx_word' id='word_1_553' title='bbox 1982 4663 2042 4716; x_wconf 90' lang='lat' dir='ltr'><strong>in</strong></span> <span class='ocrx_word' id='word_1_554' title='bbox 2074 4678 2170 4717; x_wconf 93' lang='lat' dir='ltr'><strong>eo-</strong></span> 
     </span>
    </p>
   </div>
   <div class='ocr_carea' id='block_1_79' title="bbox 484 4748 2174 4822">
    <p class='ocr_par' dir='ltr' id='par_1_79' title="bbox 484 4748 2174 4822">
     <span class='ocr_line' id='line_1_94' title="bbox 484 4748 2174 4822; baseline 0.002 -21"><span class='ocrx_word' id='word_1_555' title='bbox 484 4748 615 4801; x_wconf 91' lang='lat' dir='ltr'><strong>dem</strong></span> <span class='ocrx_word' id='word_1_556' title='bbox 646 4750 845 4803; x_wconf 90' lang='lat' dir='ltr'><strong>ordine</strong></span> <span class='ocrx_word' id='word_1_557' title='bbox 894 4750 956 4803; x_wconf 91' lang='lat' dir='ltr'><strong>in</strong></span> <span class='ocrx_word' id='word_1_558' title='bbox 985 4750 1205 4804; x_wconf 71' lang='lat' dir='ltr'><strong>caeteris</strong></span> <span class='ocrx_word' id='word_1_559' title='bbox 1257 4751 1513 4805; x_wconf 90' lang='lat' dir='ltr'><strong>numeris</strong></span> <span class='ocrx_word' id='word_1_560' title='bbox 1572 4752 1921 4822; x_wconf 88' lang='lat' dir='ltr'><strong>pernotabis,</strong></span> <span class='ocrx_word' id='word_1_561' title='bbox 1973 4756 2032 4806; x_wconf 89' lang='lat' dir='ltr'><strong>et</strong></span> <span class='ocrx_word' id='word_1_562' title='bbox 2067 4751 2174 4805; x_wconf 91' lang='lat' dir='ltr'><strong>hoc</strong></span> 
     </span>
    </p>
   </div>
   <div class='ocr_carea' id='block_1_80' title="bbox 486 4837 2174 4910">
    <p class='ocr_par' dir='ltr' id='par_1_80' title="bbox 486 4837 2174 4910">
     <span class='ocr_line' id='line_1_95' title="bbox 486 4837 2174 4910; baseline 0.003 -22"><span class='ocrx_word' id='word_1_563' title='bbox 486 4837 800 4890; x_wconf 90' lang='lat' dir='ltr'><strong>secundum</strong></span> <span class='ocrx_word' id='word_1_564' title='bbox 831 4837 1079 4892; x_wconf 89' lang='lat' dir='ltr'><strong>formam</strong></span> <span class='ocrx_word' id='word_1_565' title='bbox 1109 4839 1325 4908; x_wconf 89' lang='lat' dir='ltr'><strong>pariter</strong></span> <span class='ocrx_word' id='word_1_566' title='bbox 1345 4839 1582 4910; x_wconf 92' lang='lat' dir='ltr'><strong>imparis</strong></span> <span class='ocrx_word' id='word_1_567' title='bbox 1618 4840 1844 4893; x_wconf 91' lang='lat' dir='ltr'><strong>numeri</strong></span> <span class='ocrx_word' id='word_1_568' title='bbox 1870 4840 1952 4905; x_wconf 89' lang='lat' dir='ltr'><strong>ﬁt,</strong></span> <span class='ocrx_word' id='word_1_569' title='bbox 1978 4840 2037 4893; x_wconf 92' lang='lat' dir='ltr'><strong>in</strong></span> <span class='ocrx_word' id='word_1_570' title='bbox 2060 4856 2174 4909; x_wconf 91' lang='lat' dir='ltr'><strong>quo</strong></span> 
     </span>
    </p>
   </div>
   <div class='ocr_carea' id='block_1_81' title="bbox 484 4922 2175 4999">
    <p class='ocr_par' dir='ltr' id='par_1_81' title="bbox 484 4922 2175 4999">
     <span class='ocr_line' id='line_1_96' title="bbox 484 4922 2175 4999; baseline 0.002 -23"><span class='ocrx_word' id='word_1_571' title='bbox 484 4922 632 4977; x_wconf 88' lang='lat' dir='ltr'><strong>hanc</strong></span> <span class='ocrx_word' id='word_1_572' title='bbox 652 4925 1059 4994; x_wconf 85' lang='lat' dir='ltr'><strong>proprietatem</strong></span> <span class='ocrx_word' id='word_1_573' title='bbox 1084 4943 1204 4982; x_wconf 88' lang='lat' dir='ltr'><strong>esse</strong></span> <span class='ocrx_word' id='word_1_574' title='bbox 1226 4944 1401 4999; x_wconf 91' lang='lat' dir='ltr'><strong>supra</strong></span> <span class='ocrx_word' id='word_1_575' title='bbox 1423 4928 1547 4998; x_wconf 91' lang='lat' dir='ltr'><strong>jam</strong></span> <span class='ocrx_word' id='word_1_576' title='bbox 1577 4928 1853 4998; x_wconf 90' lang='lat' dir='ltr'><strong>scriptum</strong></span> <span class='ocrx_word' id='word_1_577' title='bbox 1885 4933 1987 4982; x_wconf 91' lang='lat' dir='ltr'><strong>est.</strong></span> <span class='ocrx_word' id='word_1_578' title='bbox 2022 4929 2175 4982; x_wconf 81' lang='lat' dir='ltr'><strong>Rur-</strong></span> 
     </span>
    </p>
   </div>
   <div class='ocr_carea' id='block_1_82' title="bbox 486 5013 2173 5087">
    <p class='ocr_par' dir='ltr' id='par_1_82' title="bbox 486 5013 2173 5087">
     <span class='ocr_line' id='line_1_97' title="bbox 486 5013 2173 5087; baseline 0.002 -22"><span class='ocrx_word' id='word_1_579' title='bbox 486 5028 615 5066; x_wconf 89' lang='lat' dir='ltr'><strong>sum</strong></span> <span class='ocrx_word' id='word_1_580' title='bbox 650 5013 697 5065; x_wconf 89' lang='lat' dir='ltr'><strong>si</strong></span> <span class='ocrx_word' id='word_1_581' title='bbox 729 5013 796 5067; x_wconf 90' lang='lat' dir='ltr'><strong>ad</strong></span> <span class='ocrx_word' id='word_1_582' title='bbox 831 5014 1250 5084; x_wconf 87' lang='lat' dir='ltr'><strong>longitudinem</strong></span> <span class='ocrx_word' id='word_1_583' title='bbox 1294 5017 1588 5087; x_wconf 90' lang='lat' dir='ltr'><strong>respicias,</strong></span> <span class='ocrx_word' id='word_1_584' title='bbox 1638 5017 1737 5070; x_wconf 88' lang='lat' dir='ltr'><strong>ubi</strong></span> <span class='ocrx_word' id='word_1_585' title='bbox 1774 5016 1887 5071; x_wconf 93' lang='lat' dir='ltr'><strong>duo</strong></span> <span class='ocrx_word' id='word_1_586' title='bbox 1938 5016 2173 5071; x_wconf 90' lang='lat' dir='ltr'><strong>termini</strong></span> 
     </span>
    </p>
   </div>
   <div class='ocr_carea' id='block_1_83' title="bbox 486 5102 2175 5176">
    <p class='ocr_par' dir='ltr' id='par_1_83' title="bbox 486 5102 2175 5176">
     <span class='ocr_line' id='line_1_98' title="bbox 486 5102 2175 5176; baseline 0.002 -21"><span class='ocrx_word' id='word_1_587' title='bbox 486 5117 662 5157; x_wconf 86' lang='lat' dir='ltr'><strong>unam</strong></span> <span class='ocrx_word' id='word_1_588' title='bbox 695 5102 1060 5159; x_wconf 88' lang='lat' dir='ltr'><strong>medietatem</strong></span> <span class='ocrx_word' id='word_1_589' title='bbox 1098 5106 1333 5173; x_wconf 85' lang='lat' dir='ltr'><strong>habent,</strong></span> <span class='ocrx_word' id='word_1_590' title='bbox 1390 5107 1544 5176; x_wconf 87' lang='lat' dir='ltr'><strong>quod</strong></span> <span class='ocrx_word' id='word_1_591' title='bbox 1576 5105 1640 5159; x_wconf 88' lang='lat' dir='ltr'><strong>ﬁt</strong></span> <span class='ocrx_word' id='word_1_592' title='bbox 1680 5121 1749 5159; x_wconf 85' lang='lat' dir='ltr'><strong>ex</strong></span> <span class='ocrx_word' id='word_1_593' title='bbox 1782 5105 2175 5175; x_wconf 88' lang='lat' dir='ltr'><strong>multiplicatis</strong></span> 
     </span>
    </p>
   </div>
   <div class='ocr_carea' id='block_1_84' title="bbox 486 5193 2177 5265">
    <p class='ocr_par' dir='ltr' id='par_1_84' title="bbox 486 5193 2177 5265">
     <span class='ocr_line' id='line_1_99' title="bbox 486 5193 2177 5265; baseline 0.002 -20"><span class='ocrx_word' id='word_1_594' title='bbox 486 5193 961 5261; x_wconf 84' lang='lat' dir='ltr'><strong>extremitatibus,</strong></span> <span class='ocrx_word' id='word_1_595' title='bbox 985 5194 1094 5247; x_wconf 91' lang='lat' dir='ltr'><strong>hoc</strong></span> <span class='ocrx_word' id='word_1_596' title='bbox 1123 5194 1188 5248; x_wconf 90' lang='lat' dir='ltr'><strong>ﬁt</strong></span> <span class='ocrx_word' id='word_1_597' title='bbox 1208 5196 1255 5248; x_wconf 90' lang='lat' dir='ltr'><strong>si</strong></span> <span class='ocrx_word' id='word_1_598' title='bbox 1286 5195 1510 5249; x_wconf 90' lang='lat' dir='ltr'><strong>medius</strong></span> <span class='ocrx_word' id='word_1_599' title='bbox 1548 5195 1828 5249; x_wconf 88' lang='lat' dir='ltr'><strong>terminus</strong></span> <span class='ocrx_word' id='word_1_600' title='bbox 1858 5211 1975 5248; x_wconf 66' lang='lat' dir='ltr'><strong>suae</strong></span> <span class='ocrx_word' id='word_1_601' title='bbox 1992 5195 2177 5265; x_wconf 88' lang='lat' dir='ltr'><strong>capiat</strong></span> 
     </span>
    </p>
   </div>
   <div class='ocr_carea' id='block_1_85' title="bbox 487 5282 2174 5352">
    <p class='ocr_par' dir='ltr' id='par_1_85' title="bbox 487 5282 2174 5352">
     <span class='ocr_line' id='line_1_100' title="bbox 487 5282 2174 5352; baseline 0.001 -17"><span class='ocrx_word' id='word_1_602' title='bbox 487 5282 831 5351; x_wconf 86' lang='lat' dir='ltr'><strong>pluralitatis</strong></span> <span class='ocrx_word' id='word_1_603' title='bbox 860 5287 1188 5352; x_wconf 87' lang='lat' dir='ltr'><strong>augmenta.</strong></span> <span class='ocrx_word' id='word_1_604' title='bbox 1218 5284 1357 5336; x_wconf 84' lang='lat' dir='ltr'><strong>Nam</strong></span> <span class='ocrx_word' id='word_1_605' title='bbox 1380 5284 1685 5339; x_wconf 90' lang='lat' dir='ltr'><strong>duodecies</strong></span> <span class='ocrx_word' id='word_1_606' title='bbox 1706 5284 1773 5337; x_wconf 79' lang='grc'>48</span> <span class='ocrx_word' id='word_1_607' title='bbox 1804 5284 2020 5337; x_wconf 90' lang='lat' dir='ltr'><strong>faciunt</strong></span> <span class='ocrx_word' id='word_1_608' title='bbox 2046 5284 2174 5337; x_wconf 83' lang='lat'><strong>576.</strong></span> 
     </span>
    </p>
   </div>
   <div class='ocr_carea' id='block_1_86' title="bbox 486 5369 2175 5441">
    <p class='ocr_par' dir='ltr' id='par_1_86' title="bbox 486 5369 2175 5441">
     <span class='ocr_line' id='line_1_101' title="bbox 486 5369 2175 5441; baseline 0.002 -19"><span class='ocrx_word' id='word_1_609' title='bbox 486 5369 703 5424; x_wconf 74' lang='lat' dir='ltr'><strong>Medius</strong></span> <span class='ocrx_word' id='word_1_610' title='bbox 731 5387 860 5425; x_wconf 91' lang='lat' dir='ltr'><strong>vero</strong></span> <span class='ocrx_word' id='word_1_611' title='bbox 886 5386 1087 5425; x_wconf 86' lang='lat' dir='ltr'><strong>eorum</strong></span> <span class='ocrx_word' id='word_1_612' title='bbox 1142 5372 1440 5438; x_wconf 90' lang='lat' dir='ltr'><strong>terminus,</strong></span> <span class='ocrx_word' id='word_1_613' title='bbox 1483 5374 1539 5426; x_wconf 89' lang='lat' dir='ltr'><strong>id</strong></span> <span class='ocrx_word' id='word_1_614' title='bbox 1579 5378 1663 5427; x_wconf 90' lang='lat' dir='ltr'><strong>est</strong></span> <span class='ocrx_word' id='word_1_615' title='bbox 1692 5374 1780 5438; x_wconf 77' lang='grc'>24,</span> <span class='ocrx_word' id='word_1_616' title='bbox 1815 5374 1861 5425; x_wconf 91' lang='lat' dir='ltr'><strong>si</strong></span> <span class='ocrx_word' id='word_1_617' title='bbox 1898 5372 2175 5441; x_wconf 88' lang='lat' dir='ltr'><strong>multipli-</strong></span> 
     </span>
    </p>
   </div>
   <div class='ocr_carea' id='block_1_87' title="bbox 489 5459 2177 5529">
    <p class='ocr_par' dir='ltr' id='par_1_87' title="bbox 489 5459 2177 5529">
     <span class='ocr_line' id='line_1_102' title="bbox 489 5459 2177 5529; baseline 0.002 -20"><span class='ocrx_word' id='word_1_618' title='bbox 489 5462 672 5527; x_wconf 88' lang='lat' dir='ltr'><strong>catur,</strong></span> <span class='ocrx_word' id='word_1_619' title='bbox 705 5459 937 5513; x_wconf 90' lang='lat' dir='ltr'><strong>eosdem</strong></span> <span class='ocrx_word' id='word_1_620' title='bbox 970 5475 1169 5513; x_wconf 89' lang='lat' dir='ltr'><strong>rursus</strong></span> <span class='ocrx_word' id='word_1_621' title='bbox 1225 5462 1325 5512; x_wconf 70' lang='lat'><strong>376</strong></span> <span class='ocrx_word' id='word_1_622' title='bbox 1377 5461 1721 5529; x_wconf 89' lang='lat' dir='ltr'><strong>procreabit.</strong></span> <span class='ocrx_word' id='word_1_623' title='bbox 1781 5462 1845 5514; x_wconf 89' lang='lat' dir='ltr'><strong>Et</strong></span> <span class='ocrx_word' id='word_1_624' title='bbox 1900 5476 2096 5515; x_wconf 89' lang='lat' dir='ltr'><strong>rursus</strong></span> <span class='ocrx_word' id='word_1_625' title='bbox 2130 5460 2177 5513; x_wconf 89' lang='lat' dir='ltr'><strong>si</strong></span> 
     </span>
    </p>
   </div>
   <div class='ocr_carea' id='block_1_88' title="bbox 488 5547 2177 5621">
    <p class='ocr_par' dir='ltr' id='par_1_88' title="bbox 488 5547 2177 5621">
     <span class='ocr_line' id='line_1_103' title="bbox 488 5547 2177 5621; baseline 0.004 -20"><span class='ocrx_word' id='word_1_626' title='bbox 488 5547 560 5601; x_wconf 81' lang='grc'>24</span> <span class='ocrx_word' id='word_1_627' title='bbox 589 5548 651 5601; x_wconf 87' lang='lat' dir='ltr'><strong>in</strong></span> <span class='ocrx_word' id='word_1_628' title='bbox 690 5552 755 5603; x_wconf 85' lang='lat'><strong>96</strong></span> <span class='ocrx_word' id='word_1_629' title='bbox 784 5550 1263 5621; x_wconf 88' lang='lat' dir='ltr'><strong>multiplicentur,</strong></span> <span class='ocrx_word' id='word_1_630' title='bbox 1310 5550 1527 5605; x_wconf 88' lang='lat' dir='ltr'><strong>faciunt</strong></span> <span class='ocrx_word' id='word_1_631' title='bbox 1568 5552 1727 5605; x_wconf 66' lang='lat'><strong>2304.</strong></span> <span class='ocrx_word' id='word_1_632' title='bbox 1762 5552 2019 5616; x_wconf 85' lang='lat' dir='ltr'><strong>Quorum</strong></span> <span class='ocrx_word' id='word_1_633' title='bbox 2057 5567 2177 5607; x_wconf 90' lang='lat' dir='ltr'><strong>me-</strong></span> 
     </span>
    </p>
   </div>
   <div class='ocr_carea' id='block_1_89' title="bbox 2284 4387 3911 4473">
    <p class='ocr_par' dir='ltr' id='par_1_89' title="bbox 2284 4387 3911 4473">
     <span class='ocr_line' id='line_1_104' title="bbox 2284 4387 3911 4473; baseline -0.01 -17"><span class='ocrx_word' id='word_1_634' title='bbox 2284 4402 2557 4473; x_wconf 89' lang='lat' dir='ltr'><strong>quoniam</strong></span> <span class='ocrx_word' id='word_1_635' title='bbox 2582 4402 2625 4454; x_wconf 91' lang='lat' dir='ltr'><strong>si</strong></span> <span class='ocrx_word' id='word_1_636' title='bbox 2645 4401 2791 4455; x_wconf 90' lang='lat' dir='ltr'><strong>solos</strong></span> <span class='ocrx_word' id='word_1_637' title='bbox 2816 4400 2960 4454; x_wconf 91' lang='lat' dir='ltr'><strong>duos</strong></span> <span class='ocrx_word' id='word_1_638' title='bbox 2991 4404 3190 4453; x_wconf 89' lang='lat' dir='ltr'><strong>contra</strong></span> <span class='ocrx_word' id='word_1_639' title='bbox 3206 4402 3319 4451; x_wconf 85' lang='lat' dir='ltr'><strong>tres</strong></span> <span class='ocrx_word' id='word_1_640' title='bbox 3342 4411 3655 4466; x_wconf 88' lang='lat' dir='ltr'><strong>compares,</strong></span> <span class='ocrx_word' id='word_1_641' title='bbox 3675 4387 3911 4461; x_wconf 80' lang='lat' dir='ltr'><strong>pauciores</strong></span> 
     </span>
    </p>
   </div>
   <div class='ocr_carea' id='block_1_90' title="bbox 2284 4472 3913 4554">
    <p class='ocr_par' dir='ltr' id='par_1_90' title="bbox 2284 4472 3913 4554">
     <span class='ocr_line' id='line_1_105' title="bbox 2284 4472 3913 4554; baseline -0.01 -10"><span class='ocrx_word' id='word_1_642' title='bbox 2284 4494 2433 4544; x_wconf 88' lang='lat' dir='ltr'><strong>sunt.</strong></span> <span class='ocrx_word' id='word_1_643' title='bbox 2472 4489 2569 4544; x_wconf 93' lang='lat' dir='ltr'><strong>Sin</strong></span> <span class='ocrx_word' id='word_1_644' title='bbox 2600 4505 2731 4543; x_wconf 90' lang='lat' dir='ltr'><strong>vero</strong></span> <span class='ocrx_word' id='word_1_645' title='bbox 2762 4488 3053 4543; x_wconf 90' lang='lat' dir='ltr'><strong>binarium</strong></span> <span class='ocrx_word' id='word_1_646' title='bbox 3088 4485 3179 4542; x_wconf 85' lang='lat' dir='ltr'><strong>bis</strong></span> <span class='ocrx_word' id='word_1_647' title='bbox 3203 4486 3396 4551; x_wconf 88' lang='lat' dir='ltr'><strong>facias,</strong></span> <span class='ocrx_word' id='word_1_648' title='bbox 3428 4482 3753 4554; x_wconf 86' lang='lat' dir='ltr'><strong>ampliorem</strong></span> <span class='ocrx_word' id='word_1_649' title='bbox 3774 4472 3913 4527; x_wconf 74' lang='lat' dir='ltr'><strong>tribus</strong></span> 
     </span>
    </p>
   </div>
   <div class='ocr_carea' id='block_1_91' title="bbox 2283 4573 3907 4633">
    <p class='ocr_par' dir='ltr' id='par_1_91' title="bbox 2283 4573 3907 4633">
     <span class='ocr_line' id='line_1_106' title="bbox 2283 4573 3907 4633; baseline -0.011 0"><span class='ocrx_word' id='word_1_650' title='bbox 2283 4578 2594 4633; x_wconf 90' lang='lat' dir='ltr'><strong>concrescit</strong></span> <span class='ocrx_word' id='word_1_651' title='bbox 2621 4578 2683 4631; x_wconf 92' lang='lat' dir='ltr'><strong>in</strong></span> <span class='ocrx_word' id='word_1_652' title='bbox 2711 4578 2764 4631; x_wconf 78' lang='grc'><strong>4.</strong></span> <span class='ocrx_word' id='word_1_653' title='bbox 2791 4577 3019 4631; x_wconf 84' lang='lat' dir='ltr'><strong>Metitur</strong></span> <span class='ocrx_word' id='word_1_654' title='bbox 3052 4580 3244 4629; x_wconf 89' lang='lat' dir='ltr'><strong>autem</strong></span> <span class='ocrx_word' id='word_1_655' title='bbox 3268 4588 3543 4627; x_wconf 89' lang='lat' dir='ltr'><strong>numerus</strong></span> <span class='ocrx_word' id='word_1_656' title='bbox 3573 4573 3907 4625; x_wconf 84' lang='lat' dir='ltr'><strong>numerorum,</strong></span> 
     </span>
    </p>
   </div>
   <div class='ocr_carea' id='block_1_92' title="bbox 2284 4648 3911 4739">
    <p class='ocr_par' dir='ltr' id='par_1_92' title="bbox 2284 4648 3911 4739">
     <span class='ocr_line' id='line_1_107' title="bbox 2284 4648 3911 4739; baseline -0.015 -17"><span class='ocrx_word' id='word_1_657' title='bbox 2284 4667 2510 4739; x_wconf 90' lang='lat' dir='ltr'><strong>quoties</strong></span> <span class='ocrx_word' id='word_1_658' title='bbox 2534 4667 2618 4720; x_wconf 89' lang='lat' dir='ltr'><strong>vel</strong></span> <span class='ocrx_word' id='word_1_659' title='bbox 2652 4666 2849 4732; x_wconf 91' lang='lat' dir='ltr'><strong>semel,</strong></span> <span class='ocrx_word' id='word_1_660' title='bbox 2892 4666 2981 4719; x_wconf 91' lang='lat' dir='ltr'><strong>vel</strong></span> <span class='ocrx_word' id='word_1_661' title='bbox 3000 4664 3107 4731; x_wconf 92' lang='lat' dir='ltr'><strong>bis,</strong></span> <span class='ocrx_word' id='word_1_662' title='bbox 3141 4664 3229 4717; x_wconf 88' lang='lat' dir='ltr'><strong>vel</strong></span> <span class='ocrx_word' id='word_1_663' title='bbox 3261 4662 3456 4729; x_wconf 90' lang='lat' dir='ltr'><strong>tertio,</strong></span> <span class='ocrx_word' id='word_1_664' title='bbox 3488 4660 3576 4714; x_wconf 88' lang='lat' dir='ltr'><strong>vel</strong></span> <span class='ocrx_word' id='word_1_665' title='bbox 3612 4648 3911 4728; x_wconf 80' lang='lat' dir='ltr'><strong>quotiaslibet</strong></span> 
     </span>
    </p>
   </div>
   <div class='ocr_carea' id='block_1_93' title="bbox 2284 4740 3913 4825">
    <p class='ocr_par' dir='ltr' id='par_1_93' title="bbox 2284 4740 3913 4825">
     <span class='ocr_line' id='line_1_108' title="bbox 2284 4740 3913 4825; baseline -0.012 -15"><span class='ocrx_word' id='word_1_666' title='bbox 2284 4771 2560 4810; x_wconf 90' lang='lat' dir='ltr'><strong>numerus</strong></span> <span class='ocrx_word' id='word_1_667' title='bbox 2586 4755 2658 4809; x_wconf 91' lang='lat' dir='ltr'><strong>ad</strong></span> <span class='ocrx_word' id='word_1_668' title='bbox 2690 4754 3012 4825; x_wconf 71' lang='lat' dir='ltr'><strong>[numerum</strong></span> <span class='ocrx_word' id='word_1_669' title='bbox 3051 4756 3432 4821; x_wconf 89' lang='lat' dir='ltr'><strong>comparatus,</strong></span> <span class='ocrx_word' id='word_1_670' title='bbox 3465 4762 3647 4819; x_wconf 90' lang='lat' dir='ltr'><strong>neque</strong></span> <span class='ocrx_word' id='word_1_671' title='bbox 3688 4740 3913 4797; x_wconf 71' lang='lat' dir='ltr'><strong>diminuta</strong></span> 
     </span>
    </p>
   </div>
   <div class='ocr_carea' id='block_1_94' title="bbox 2286 4828 3910 4913">
    <p class='ocr_par' dir='ltr' id='par_1_94' title="bbox 2286 4828 3910 4913">
     <span class='ocr_line' id='line_1_109' title="bbox 2286 4828 3910 4913; baseline -0.012 -15"><span class='ocrx_word' id='word_1_672' title='bbox 2286 4860 2534 4910; x_wconf 90' lang='lat' dir='ltr'><strong>summa,</strong></span> <span class='ocrx_word' id='word_1_673' title='bbox 2557 4859 2743 4913; x_wconf 90' lang='lat' dir='ltr'><strong>neque</strong></span> <span class='ocrx_word' id='word_1_674' title='bbox 2761 4848 2947 4909; x_wconf 89' lang='lat' dir='ltr'><strong>aucta,</strong></span> <span class='ocrx_word' id='word_1_675' title='bbox 2970 4842 3043 4895; x_wconf 91' lang='lat' dir='ltr'><strong>ad</strong></span> <span class='ocrx_word' id='word_1_676' title='bbox 3064 4840 3382 4910; x_wconf 89' lang='lat' dir='ltr'><strong>comparati</strong></span> <span class='ocrx_word' id='word_1_677' title='bbox 3412 4836 3635 4892; x_wconf 89' lang='lat' dir='ltr'><strong>numeri</strong></span> <span class='ocrx_word' id='word_1_678' title='bbox 3655 4828 3910 4886; x_wconf 84' lang='lat' dir='ltr'><strong>terminum</strong></span> 
     </span>
    </p>
   </div>
   <div class='ocr_carea' id='block_1_95' title="bbox 2285 4912 3913 5002">
    <p class='ocr_par' dir='ltr' id='par_1_95' title="bbox 2285 4912 3913 5002">
     <span class='ocr_line' id='line_1_110' title="bbox 2285 4912 3913 5002; baseline -0.013 -14"><span class='ocrx_word' id='word_1_679' title='bbox 2285 4948 2465 5002; x_wconf 85' lang='lat' dir='ltr'><strong>usque</strong></span> <span class='ocrx_word' id='word_1_680' title='bbox 2510 4932 2791 5001; x_wconf 88' lang='lat' dir='ltr'><strong>pervenit,</strong></span> <span class='ocrx_word' id='word_1_681' title='bbox 2837 4936 2898 4984; x_wconf 89' lang='lat' dir='ltr'><strong>ut</strong></span> <span class='ocrx_word' id='word_1_682' title='bbox 2941 4931 3055 4984; x_wconf 92' lang='lat' dir='ltr'><strong>duo</strong></span> <span class='ocrx_word' id='word_1_683' title='bbox 3089 4930 3136 4983; x_wconf 88' lang='lat' dir='ltr'><strong>si</strong></span> <span class='ocrx_word' id='word_1_684' title='bbox 3187 4929 3259 4982; x_wconf 90' lang='lat' dir='ltr'><strong>ad</strong></span> <span class='ocrx_word' id='word_1_685' title='bbox 3289 4931 3319 4983; x_wconf 89' lang='lat'><strong>6</strong></span> <span class='ocrx_word' id='word_1_686' title='bbox 3362 4940 3669 4997; x_wconf 88' lang='lat' dir='ltr'><strong>compares,</strong></span> <span class='ocrx_word' id='word_1_687' title='bbox 3707 4912 3913 4974; x_wconf 76' lang='lat' dir='ltr'><strong>binarius</strong></span> 
     </span>
    </p>
   </div>
   <div class='ocr_carea' id='block_1_96' title="bbox 2284 5000 3914 5074">
    <p class='ocr_par' dir='ltr' id='par_1_96' title="bbox 2284 5000 3914 5074">
     <span class='ocr_line' id='line_1_111' title="bbox 2284 5000 3914 5074; baseline -0.007 0"><span class='ocrx_word' id='word_1_688' title='bbox 2284 5036 2559 5074; x_wconf 90' lang='lat' dir='ltr'><strong>numerus</strong></span> <span class='ocrx_word' id='word_1_689' title='bbox 2612 5020 2900 5073; x_wconf 92' lang='lat' dir='ltr'><strong>senarium</strong></span> <span class='ocrx_word' id='word_1_690' title='bbox 2946 5018 3111 5072; x_wconf 90' lang='lat' dir='ltr'><strong>tertio</strong></span> <span class='ocrx_word' id='word_1_691' title='bbox 3155 5016 3444 5071; x_wconf 88' lang='lat' dir='ltr'><strong>metiatur.</strong></span> <span class='ocrx_word' id='word_1_692' title='bbox 3491 5013 3700 5068; x_wconf 87' lang='lat' dir='ltr'><strong>Primos</strong></span> <span class='ocrx_word' id='word_1_693' title='bbox 3726 5018 3840 5073; x_wconf 77' lang='lat' dir='ltr'><strong>ergo</strong></span> <span class='ocrx_word' id='word_1_694' title='bbox 3876 5000 3914 5048; x_wconf 63' lang='grc' dir='ltr'><strong>εί</strong></span> 
     </span>
    </p>
   </div>
   <div class='ocr_carea' id='block_1_97' title="bbox 2286 5087 3915 5181">
    <p class='ocr_par' dir='ltr' id='par_1_97' title="bbox 2286 5087 3915 5181">
     <span class='ocr_line' id='line_1_112' title="bbox 2286 5087 3915 5181; baseline -0.013 -17"><span class='ocrx_word' id='word_1_695' title='bbox 2286 5110 2695 5181; x_wconf 90' lang='lat' dir='ltr'><strong>incompositos</strong></span> <span class='ocrx_word' id='word_1_696' title='bbox 2738 5110 2932 5164; x_wconf 91' lang='lat' dir='ltr'><strong>nullus</strong></span> <span class='ocrx_word' id='word_1_697' title='bbox 2976 5124 3249 5163; x_wconf 89' lang='lat' dir='ltr'><strong>numerus</strong></span> <span class='ocrx_word' id='word_1_698' title='bbox 3296 5105 3582 5166; x_wconf 88' lang='lat' dir='ltr'><strong>metiatur,</strong></span> <span class='ocrx_word' id='word_1_699' title='bbox 3612 5103 3800 5173; x_wconf 70' lang='lat' dir='ltr'><strong>praeter</strong></span> <span class='ocrx_word' id='word_1_700' title='bbox 3825 5087 3915 5143; x_wconf 84' lang='lat' dir='ltr'><strong>uni-</strong></span> 
     </span>
    </p>
   </div>
   <div class='ocr_carea' id='block_1_98' title="bbox 2284 5191 3915 5269">
    <p class='ocr_par' dir='ltr' id='par_1_98' title="bbox 2284 5191 3915 5269">
     <span class='ocr_line' id='line_1_113' title="bbox 2284 5191 3915 5269; baseline -0.009 -17"><span class='ocrx_word' id='word_1_701' title='bbox 2284 5203 2461 5253; x_wconf 88' lang='lat' dir='ltr'><strong>tatem</strong></span> <span class='ocrx_word' id='word_1_702' title='bbox 2482 5200 2685 5267; x_wconf 91' lang='lat' dir='ltr'><strong>solam,</strong></span> <span class='ocrx_word' id='word_1_703' title='bbox 2719 5199 2992 5269; x_wconf 90' lang='lat' dir='ltr'><strong>quoniam</strong></span> <span class='ocrx_word' id='word_1_704' title='bbox 3026 5213 3092 5252; x_wconf 82' lang='lat' dir='ltr'><strong>ex</strong></span> <span class='ocrx_word' id='word_1_705' title='bbox 3116 5197 3289 5251; x_wconf 90' lang='lat' dir='ltr'><strong>nullis</strong></span> <span class='ocrx_word' id='word_1_706' title='bbox 3320 5196 3446 5250; x_wconf 91' lang='lat' dir='ltr'><strong>aliis</strong></span> <span class='ocrx_word' id='word_1_707' title='bbox 3471 5191 3714 5249; x_wconf 90' lang='lat' dir='ltr'><strong>numeris</strong></span> <span class='ocrx_word' id='word_1_708' title='bbox 3732 5192 3915 5249; x_wconf 68' lang='lat' dir='ltr'><strong>compo‘</strong></span> 
     </span>
    </p>
   </div>
   <div class='ocr_carea' id='block_1_99' title="bbox 2286 5272 3915 5355">
    <p class='ocr_par' dir='ltr' id='par_1_99' title="bbox 2286 5272 3915 5355">
     <span class='ocr_line' id='line_1_114' title="bbox 2286 5272 3915 5355; baseline -0.014 -15"><span class='ocrx_word' id='word_1_709' title='bbox 2286 5287 2379 5341; x_wconf 90' lang='lat' dir='ltr'><strong>siti</strong></span> <span class='ocrx_word' id='word_1_710' title='bbox 2412 5292 2562 5355; x_wconf 90' lang='lat' dir='ltr'><strong>sunt,</strong></span> <span class='ocrx_word' id='word_1_711' title='bbox 2596 5287 2695 5341; x_wconf 88' lang='lat' dir='ltr'><strong>sed</strong></span> <span class='ocrx_word' id='word_1_712' title='bbox 2726 5291 2953 5341; x_wconf 89' lang='lat' dir='ltr'><strong>tantum</strong></span> <span class='ocrx_word' id='word_1_713' title='bbox 2997 5302 3062 5340; x_wconf 83' lang='lat' dir='ltr'><strong>ex</strong></span> <span class='ocrx_word' id='word_1_714' title='bbox 3092 5284 3406 5339; x_wconf 85' lang='lat' dir='ltr'><strong>unitatibus</strong></span> <span class='ocrx_word' id='word_1_715' title='bbox 3448 5284 3508 5337; x_wconf 92' lang='lat' dir='ltr'><strong>in</strong></span> <span class='ocrx_word' id='word_1_716' title='bbox 3537 5272 3824 5344; x_wconf 90' lang='lat' dir='ltr'><strong>semetipsis</strong></span> <span class='ocrx_word' id='word_1_717' title='bbox 3843 5278 3915 5319; x_wconf 83' lang='lat' dir='ltr'><strong>au-</strong></span> 
     </span>
    </p>
   </div>
   <div class='ocr_carea' id='block_1_100' title="bbox 2287 5355 3912 5446">
    <p class='ocr_par' dir='ltr' id='par_1_100' title="bbox 2287 5355 3912 5446">
     <span class='ocr_line' id='line_1_115' title="bbox 2287 5355 3912 5446; baseline -0.012 -17"><span class='ocrx_word' id='word_1_718' title='bbox 2287 5375 2389 5429; x_wconf 89' lang='lat' dir='ltr'><strong>ctis</strong></span> <span class='ocrx_word' id='word_1_719' title='bbox 2426 5375 2933 5446; x_wconf 90' lang='lat' dir='ltr'><strong>multiplicatisque</strong></span> <span class='ocrx_word' id='word_1_720' title='bbox 2976 5378 3371 5444; x_wconf 89' lang='lat' dir='ltr'><strong>procreantur.</strong></span> <span class='ocrx_word' id='word_1_721' title='bbox 3408 5373 3512 5426; x_wconf 89' lang='lat' dir='ltr'><strong>Ter</strong></span> <span class='ocrx_word' id='word_1_722' title='bbox 3547 5369 3692 5423; x_wconf 90' lang='lat' dir='ltr'><strong>enim</strong></span> <span class='ocrx_word' id='word_1_723' title='bbox 3729 5372 3853 5415; x_wconf 90' lang='lat' dir='ltr'><strong>unus</strong></span> <span class='ocrx_word' id='word_1_724' title='bbox 3871 5355 3912 5446; x_wconf 56' lang='grc' dir='ltr'><strong>ξ,</strong></span> 
     </span>
    </p>
   </div>
   <div class='ocr_carea' id='block_1_101' title="bbox 2288 5441 3915 5535">
    <p class='ocr_par' dir='ltr' id='par_1_101' title="bbox 2288 5441 3915 5535">
     <span class='ocr_line' id='line_1_116' title="bbox 2288 5441 3915 5535; baseline -0.01 -17"><span class='ocrx_word' id='word_1_725' title='bbox 2288 5468 2346 5518; x_wconf 90' lang='lat' dir='ltr'><strong>et</strong></span> <span class='ocrx_word' id='word_1_726' title='bbox 2374 5441 2681 5535; x_wconf 81' lang='lat' dir='ltr'><strong>quinquies</strong></span> <span class='ocrx_word' id='word_1_727' title='bbox 2721 5441 2869 5518; x_wconf 75' lang='lat' dir='ltr'><strong>unus</strong></span> <span class='ocrx_word' id='word_1_728' title='bbox 2900 5468 2952 5529; x_wconf 78' lang='grc' dir='ltr'><strong>ὕ,</strong></span> <span class='ocrx_word' id='word_1_729' title='bbox 2976 5441 3056 5518; x_wconf 50' lang='lat' dir='ltr'><strong>—et</strong></span> <span class='ocrx_word' id='word_1_730' title='bbox 3098 5462 3308 5533; x_wconf 91' lang='lat' dir='ltr'><strong>septies</strong></span> <span class='ocrx_word' id='word_1_731' title='bbox 3350 5477 3499 5516; x_wconf 91' lang='lat' dir='ltr'><strong>unus</strong></span> <span class='ocrx_word' id='word_1_732' title='bbox 3528 5464 3557 5511; x_wconf 87' lang='lat'><strong>7</strong></span> <span class='ocrx_word' id='word_1_733' title='bbox 3588 5452 3832 5511; x_wconf 88' lang='lat' dir='ltr'><strong>fecerunt.</strong></span> <span class='ocrx_word' id='word_1_734' title='bbox 3870 5441 3915 5535; x_wconf 55' lang='grc' dir='ltr'><strong>Εἴ</strong></span> 
     </span>
    </p>
   </div>
   <div class='ocr_carea' id='block_1_102' title="bbox 2289 5530 3913 5624">
    <p class='ocr_par' dir='ltr' id='par_1_102' title="bbox 2289 5530 3913 5624">
     <span class='ocr_line' id='line_1_117' title="bbox 2289 5530 3913 5624; baseline -0.023 3"><span class='ocrx_word' id='word_1_735' title='bbox 2289 5552 2386 5608; x_wconf 59' lang='lat' dir='ltr'><strong>alii</strong></span> <span class='ocrx_word' id='word_1_736' title='bbox 2417 5553 2673 5624; x_wconf 66' lang='lat' dir='ltr'><strong>qnidem,</strong></span> <span class='ocrx_word' id='word_1_737' title='bbox 2715 5568 2857 5624; x_wconf 86' lang='lat' dir='ltr'><strong>quos</strong></span> <span class='ocrx_word' id='word_1_738' title='bbox 2904 5567 3077 5623; x_wconf 89' lang='lat' dir='ltr'><strong>supra</strong></span> <span class='ocrx_word' id='word_1_739' title='bbox 3106 5530 3527 5622; x_wconf 76' lang='lat' dir='ltr'><strong>descripsimus,</strong></span> <span class='ocrx_word' id='word_1_740' title='bbox 3572 5544 3755 5601; x_wconf 86' lang='lat' dir='ltr'><strong>eodem</strong></span> <span class='ocrx_word' id='word_1_741' title='bbox 3780 5530 3913 5592; x_wconf 82' lang='lat' dir='ltr'><strong>modo</strong></span> 
     </span>
    </p>
   </div>
  </div>
