4048 6176
161 281 302 332 1093

1487 277 1574 332 DE
1612 276 2092 334 ARITHMETICA
2133 279 2265 334 LIB.
2313 280 2355 332 Î™.

3529 287 3662 338 1094

153 417 492 468 nascuntur.
537 412 606 466 Hi
653 415 844 464 autem
900 412 958 463 in
1012 411 1344 481 semetipsos
1372 410 1732 482 multiplicati
1761 413 1848 466 fa-
1887 415 1931 466 A
1967 414 2182 466 minata
2213 419 2312 466 est.
2351 414 2489 465 Nam
2521 413 2580 466 in
2633 413 2940 466 novenario
2981 430 3129 466 nona
3164 420 3265 481 est,
3301 417 3358 469 in
3391 420 3458 470 25
3499 418 3657 487 vige-

153 502 319 556 ciunt
374 501 516 553 alios
561 515 834 553 numeros
886 501 1040 553 velut
1096 501 1290 569 primi,
1344 517 1552 570 eosque
1608 501 1858 570 primam

153 606 356 645 rerum
387 588 764 642 substantiam
794 588 1027 659 vimque
1067 589 1319 655 sortitos,
1363 593 1698 645 cunctorum
1737 607 1769 644 a
1800 606 1858 645 se

155 683 594 749 procreatorum
615 679 772 731 velut
804 679 1068 748 quaedam
1107 679 1390 732 elementa
1418 679 1688 749 reperies,
1724 679 1859 748 quia

156 768 398 832 scilicet,
432 773 488 820 et
520 766 887 836 incompositi
928 772 1078 835 sunt,
1114 771 1170 821 et
1213 766 1459 836 simplici
1491 769 1858 836 generatione

155 856 412 921 formati,
444 860 614 925 atque
654 855 713 909 in
760 871 856 909 eos
883 871 1082 908 omnes
1127 856 1453 926 quicunque
1502 872 1569 909 ex
1601 857 1688 910 his
1721 873 1859 926 pro-

155 946 256 998 lati
289 948 424 998 sunt
450 945 677 997 numeri
706 945 1092 1008 resolvuntur,
1117 944 1225 1014 ipsi
1256 960 1392 998 vero
1420 960 1608 1015 neque
1639 960 1706 1000 ex
1733 945 1859 1000 aliis

158 1033 580 1104 producuntur,
613 1047 800 1102 neque
830 1033 890 1086 in
931 1033 1040 1087 alia
1065 1033 1437 1087 reducuntur.

828 1139 1053 1193 CAPUT
1093 1141 1195 1193 XV.

629 1249 696 1299 De
740 1245 967 1299 secundo
1006 1249 1056 1299 et
1093 1249 1396 1314 composito.

231 1349 530 1406 Secundus
562 1366 693 1403 vero
725 1356 780 1405 et
801 1350 1168 1421 compositus,
1215 1356 1271 1404 et
1318 1351 1439 1420 ipse
1488 1351 1720 1422 quidem
1758 1351 1861 1406 im-

160 1455 265 1510 par
305 1443 410 1506 est,
445 1443 749 1508 prOpterea
793 1438 948 1508 quod
981 1438 1179 1491 eadem
1228 1438 1464 1508 imparis
1507 1440 1861 1508 proprietate

157 1529 441 1582 formatus
473 1533 576 1593 est,
611 1527 704 1580 sed
757 1527 974 1579 nullam
1021 1527 1079 1579 in
1127 1543 1184 1581 se
1228 1527 1439 1581 retinet
1484 1528 1862 1582 substantiam

159 1616 564 1686 principalem,
603 1615 1066 1686 compositusque
1098 1621 1182 1669 est
1209 1632 1276 1670 ex
1305 1616 1430 1669 aliis
1462 1617 1738 1683 numeris,
1769 1617 1866 1669 ha-

155 1706 374 1775 betque
405 1710 613 1776 partes,
640 1709 695 1757 et
726 1721 756 1757 a
782 1705 970 1775 seipso
1006 1710 1062 1758 et
1080 1705 1150 1758 ab
1178 1705 1366 1758 alieno
1390 1706 1661 1759 vocabulo
1684 1706 1862 1759 deno-

157 1795 432 1858 minatas,
450 1794 544 1847 sed
559 1810 590 1847 a
603 1810 660 1846 se
672 1794 798 1863 ipso
812 1793 1241 1847 denominatam
1253 1798 1498 1864 partem,
1515 1795 1696 1849 solam
1711 1810 1867 1848 sem-

158 1900 265 1954 per
289 1884 352 1936 in
373 1883 463 1936 his
483 1883 740 1936 invenies
765 1882 1064 1946 unitatem,
1083 1883 1152 1936 ab
1184 1882 1371 1935 alieno
1411 1898 1545 1935 vero
1567 1883 1864 1948 vocabulo,

162 1974 254 2026 vel
290 1987 494 2036 unam,
529 1970 616 2024 vel
652 1970 949 2040 quodlibet
986 1970 1122 2023 alias
1154 1970 1354 2039 quanti
1402 1970 1618 2024 fuerint
1655 1971 1869 2024 scilicet

164 2061 405 2115 numeri
440 2060 650 2130 quibus
670 2059 767 2111 ille
795 2058 1128 2129 compositis
1148 2063 1500 2128 procreatur,
1526 2064 1588 2112 ut
1618 2064 1751 2112 sunt
1782 2059 1864 2123 hi,

161 2153 216 2214 9,
259 2152 462 2214 15,25,
514 2151 603 2213 27,
665 2149 752 2213 33,
805 2148 891 2199 39.
947 2149 1161 2200 Horum
1214 2163 1351 2216 ergo
1401 2148 1610 2216 singuli
1657 2147 1883 2200 habent-

174 2239 416 2309 quidem
463 2254 494 2290 a
526 2252 584 2290 se
621 2236 1022 2290 denominatas
1079 2240 1288 2305 partes,
1339 2237 1601 2306 proprias
1658 2236 1869 2290 scilicet

164 2328 534 2395 unitates,ut
565 2327 617 2391 9,
659 2341 894 2390 nonam,
937 2325 994 2378 id
1039 2329 1122 2378 est
1171 2328 1188 2375 1
1227 2339 1241 2390 ;
1279 2328 1362 2392 15,
1403 2325 1663 2394 quintam
1718 2325 1864 2378 deci-

168 2433 354 2483 mam,
413 2415 675 2470 eamdem
725 2430 923 2467 rursus
964 2413 1267 2481 unitatem,
1295 2418 1351 2467 et
1389 2413 1450 2466 in
1470 2413 1689 2466 caeteris
1727 2429 1869 2483 quos

165 2521 348 2576 supra
377 2502 782 2572 descripsimus
812 2501 965 2555 idem
1015 2501 1299 2555 convenit.
1336 2501 1766 2572 HabentZetiam
1799 2501 1868 2554 ab

167 2595 366 2649 alieno
398 2592 671 2646 vocabulo
700 2595 944 2662 partem,
980 2594 1041 2643 ut
1068 2591 1120 2658 9,
1164 2590 1410 2657 tertiam,
1439 2590 1495 2644 id
1543 2595 1627 2644 est
1676 2594 1866 2644 terna-

165 2683 346 2749 rium,
381 2686 436 2735 et
471 2684 552 2747 15,
584 2679 837 2748 tertiam,
871 2679 930 2732 id
962 2685 1045 2732 est
1078 2682 1127 2746 5,
1158 2684 1214 2732 et
1255 2680 1534 2749 quintam,
1558 2679 1616 2732 id
1654 2683 1756 2744 est,
1792 2681 1820 2731 3
1853 2695 1866 2744 ;

167 2776 235 2825 21
272 2786 408 2824 vero
440 2767 691 2836 tertiam,
716 2768 772 2822 id
798 2772 882 2821 est
913 2773 963 2828 7,
992 2767 1316 2837 septimam,
1352 2771 1402 2834 3,
1431 2772 1484 2820 et
1514 2767 1574 2820 in
1604 2765 1870 2820 omnibus

169 2858 300 2912 aliis
329 2857 528 2911 eadem
571 2856 979 2926 consequentia
1000 2861 1102 2910 est.
1138 2855 1431 2909 Secundus
1460 2860 1652 2910 autem
1695 2869 1870 2909 voca-

171 2954 272 3000 tur
303 2946 395 3000 hic
421 2961 715 3012 numerus,
750 2945 1024 3015 quoniam
1056 2960 1173 2997 non
1203 2944 1323 2997 sola
1365 2945 1583 2998 unitate
1609 2944 1867 3012 metitur,
1907 2948 1948 3002 C

176 3037 278 3088 sed
312 3035 486 3088 etiam
518 3034 627 3087 alio
655 3049 895 3087 numero
922 3050 954 3086 a
992 3048 1106 3103 quo
1133 3033 1344 3086 scilicet
1394 3033 1732 3101 conjunctus
1762 3037 1866 3086 est.

171 3125 374 3194 Neque
396 3123 567 3177 habet
587 3122 645 3175 in
668 3138 725 3175 se
744 3122 1061 3192 quidquam
1086 3119 1866 3192 principalis:intelligentiae.

172 3213 321 3266 Nam
355 3227 420 3264 ex
463 3211 590 3264 aliis
638 3209 892 3263 numeris
937 3213 1289 3280 procreatur,
1347 3212 1376 3261 9
1417 3208 1650 3279 quidem
1704 3224 1772 3261 ex
1817 3211 1868 3275 3,

176 3303 241 3355 15
274 3317 408 3354 vero
439 3316 507 3353 ex
538 3301 567 3352 3
601 3303 654 3352 et
686 3302 737 3366 5,
769 3302 825 3352 et
871 3300 929 3351 21
974 3313 1039 3351 ex
1083 3301 1112 3352 3
1146 3302 1200 3350 et
1241 3302 1292 3364 7,
1328 3301 1384 3351 et
1432 3297 1622 3350 caeteri
1671 3298 1872 3350 eodem

172 3389 372 3442 modo.
440 3387 798 3457 Compositus
837 3392 1026 3439 autem
1075 3386 1302 3451 dicitur,
1349 3401 1414 3439 eo
1467 3385 1618 3455 quod
1666 3385 1872 3438 resolvi

171 3481 365 3548 potest
384 3477 444 3529 in
467 3477 694 3530 eosdem
730 3475 882 3544 ipsos
917 3491 948 3527 a
1001 3474 1208 3545 quibus
1236 3474 1444 3527 dicitur
1474 3489 1595 3527 esse
1635 3489 1871 3543 compo-

174 3568 341 3630 situs,
376 3565 434 3618 in
465 3580 560 3617 eos
610 3563 824 3617 scilicet
871 3563 969 3633 qui
1005 3562 1387 3632 compositum
1423 3578 1728 3616 numerum
1761 3578 1874 3615 me-

172 3656 420 3708 tiuntur.
451 3652 601 3706 Nihil
636 3657 826 3705 autem
862 3651 1014 3721 quod
1041 3650 1267 3704 dissolvi
1297 3655 1482 3720 potest
1528 3651 1870 3721 incomposi-

173 3749 303 3797 tum
333 3746 437 3807 est,
466 3742 562 3795 sed
593 3741 753 3795 omni
779 3756 973 3794 rerum
1005 3739 1341 3794 necessitate
1370 3739 1772 3809 compositum.

828 3846 1054 3899 CAPUT
1093 3846 1223 3898 XVI.

256 3959 332 4010 De
362 3970 418 4008 eo
450 3956 545 4022 qui
572 3969 670 4023 per
699 3969 753 4006 se
784 3952 1050 4006 secundus
1077 3956 1126 4005 et
1157 3953 1500 4019 compositus,
1537 3950 1610 4004 ad
1635 3951 1804 4004 alium

606 4027 822 4094 primus
854 4029 904 4077 et
934 4025 1318 4090 incompositus
1350 4029 1446 4074 est.

250 4131 350 4185 His
381 4145 513 4183 vero
544 4136 742 4182 contra
774 4144 832 4181 se
864 4127 1080 4198 positis,
1114 4127 1173 4180 id
1199 4130 1302 4194 gest
1346 4126 1532 4196 primo
1554 4130 1609 4178 et
1655 4126 1874 4180 incom-

1969 501 2112 555 sima
2144 503 2364 572 quinta.

2604 590 2827 642 CAPUT
2866 590 3022 643 XVII.

1967 697 2038 748 De
2066 696 2236 761 primi
2282 698 2330 746 et
2356 696 2716 762 incompositi,
2756 693 2978 746 secundi
3008 698 3057 746 et
3099 697 3398 762 compositi,
3431 700 3480 748 et
3508 697 3581 749 ad
3611 713 3664 751 se

2040 765 2257 833 quidem
2286 765 2509 818 secundi
2534 770 2584 818 et
2613 768 2912 831 compositi,
2948 765 3021 817 ad
3050 766 3373 820 alterutrum
3402 783 3524 820 vero
3547 773 3664 836 pri-

2038 839 2114 888 mi
2135 841 2183 889 et
2215 838 2555 903 incompositi
2582 839 2974 903 procreatione.

2037 941 2338 994 Generatio
2377 946 2569 995 autem
2611 942 2866 1010 ipsorum
2915 945 3084 1011 atque
3137 946 3294 995 ortus
3333 943 3665 1013 hujusmodi

1967 1029 2404 1098 investigatione
2447 1031 2756 1098 colligitur,
2792 1045 2964 1098 quam
3013 1030 3228 1083 scilicet
3259 1032 3662 1085 Eratosthenes

1973 1117 2225 1170 cribrum
2267 1119 2623 1182 nominabat,
2674 1119 2823 1187 quod
2856 1117 3072 1170 cunctis
3109 1118 3426 1188 imparibus
3455 1120 3514 1174 in
3553 1137 3669 1174 me~

1969 1205 2063 1259 dio
2096 1207 2402 1271 collocatis,
2440 1222 2541 1275 per
2571 1222 2697 1259 eam
2731 1222 2904 1276 quam
2935 1207 3212 1276 tradituri;
3231 1224 3428 1262 sumus
3460 1214 3663 1277 artem,

1970 1295 2066 1364 qui
2108 1295 2300 1364 primi,
2344 1296 2512 1365 quive
2559 1295 2814 1360 secundi,
2861 1295 3076 1365 quique
3117 1297 3268 1349 tertii
3316 1298 3545 1366 generis
3585 1300 3666 1354 vi-

1971 1383 2217 1437 deantur
2233 1401 2372 1449 esse,
2400 1384 2791 1453 distinguitur.
2829 1384 3219 1452 Disponantur
3242 1386 3396 1438 enim
3417 1402 3449 1438 a
3478 1390 3664 1439 ternaâ€”

1971 1473 2056 1526 rio
2083 1488 2324 1525 numero
2358 1473 2546 1525 cuncti
2568 1475 2627 1525 in
2651 1472 2914 1525 ordinem
2946 1473 3216 1541 impares,
3244 1473 3304 1528 in
3350 1475 3668 1544 quamlibet

1970 1560 2365 1629 longissimam
2422 1561 2870 1629 porrectionem,
2920 1564 2971 1623 3,
3015 1566 3066 1626 5,
3105 1565 3155 1629 7,
3189 1564 3239 1628 9,
3296 1565 3379 1628 11,
3434 1566 3520 1631 13,
3578 1567 3663 1629 15,

1979 1653 2060 1716 17,
2101 1652 2181 1714 19,
2233 1651 2323 1714 21,
2373 1651 2462 1711 ~23,
2508 1651 2596 1714 23,
2641 1652 2728 1708 27,
2771 1650 2858 1715 29,
2910 1653 2996 1713 31,
3049 1652 3134 1716 33,
3190 1653 3275 1717 35,
3321 1655 3407 1717 37,
3447 1653 3533 1718 39,
3578 1654 3667 1718 41,

1975 1739 2062 1805 43,
2090 1739 2177 1802 45,
2214 1739 2418 1802 47,119.
2468 1737 2561 1790 His
2618 1737 2798 1806 igitur
2842 1737 2916 1790 ita
2973 1737 3260 1807 dispositis
3301 1740 3669 1794 consideran-

1977 1827 2114 1881 dum
2142 1826 2363 1895 primus
2396 1842 2683 1879 numerus
2717 1841 2883 1895 quem
2921 1841 3121 1878 eorum
3154 1827 3254 1896 qui
3308 1833 3440 1880 sunt
3485 1828 3546 1881 in
3579 1844 3671 1882 or-

1976 1914 2109 1969 dine
2142 1914 2314 1983 positi
2344 1914 2599 1982 primum
2641 1912 2830 1966 metiri
2874 1913 3071 1983 possit,
3135 1914 3232 1967 sed
3264 1915 3486 1969 duobus
3534 1933 3675 1987 prae-

1975 2002 2180 2068 teritis,
2210 2003 2372 2054 illum
2399 2002 2498 2071 qui
2541 2008 2670 2070 post
2699 2018 2797 2054 eos
2842 2007 2924 2054 est
2964 2002 3203 2071 positus,
3235 2019 3367 2057 mox
3415 2005 3668 2060 metitur.

1977 2090 2042 2142 Et
2074 2089 2118 2140 si
2149 2095 2277 2158 post
2298 2090 2566 2142 eumdem
2598 2089 2788 2157 ipsum
2830 2105 3002 2158 quem
3030 2106 3261 2143 mensus
3290 2097 3394 2155 est,
3428 2092 3525 2144 alii
3556 2093 3672 2146 duo

1975 2178 2295 2231 transmissi
2326 2184 2479 2245 sunt,
2502 2179 2665 2231 illum
2690 2178 2787 2247 qui
2819 2182 2949 2246 post
2988 2178 3127 2231 duos
3158 2183 3242 2231 est
3269 2195 3464 2232 rursus
3503 2181 3669 2234 meti-

1976 2270 2089 2319 tur.
2127 2267 2192 2320 Et
2221 2267 2423 2320 eodem
2456 2266 2628 2319 modo
2662 2267 2706 2318 si
2732 2266 2873 2319 duos
2899 2266 3026 2335 quis
3057 2266 3376 2336 reliquerit,
3400 2274 3529 2338 post
3575 2284 3671 2321 eos

1977 2353 2076 2423 qui
2104 2358 2208 2420 est,
2246 2369 2274 2405 a
2317 2352 2505 2422 primo
2543 2369 2785 2406 numero
2821 2354 3144 2407 metiendus
3189 2359 3291 2408 est.
3342 2356 3672 2426 Eodemque

1974 2442 2146 2494 modo
2180 2441 2389 2494 relictis
2411 2457 2638 2511 semper
2655 2442 2900 2508 duobus,
2935 2458 2967 2494 a
2994 2441 3180 2510 primo
3213 2443 3272 2496 in
3305 2444 3666 2499 indeï¬nitum

1975 2535 2278 2599 pergentes
2306 2529 2631 2582 metientur.
2671 2529 2779 2583 Sed
2812 2530 2866 2583 id
2899 2546 3017 2583 non
3048 2533 3218 2599 vulgo
3246 2547 3433 2602 neque
3469 2533 3671 2586 contu-

1979 2633 2056 2671 se.
2105 2619 2245 2670 Nam
2300 2618 2522 2687 primus
2581 2633 2858 2672 numerus
2898 2618 3062 2672 illum
3103 2620 3202 2690 qui
3247 2625 3331 2674 est
3361 2626 3490 2690 post
3535 2622 3677 2675 duos

1978 2705 2294 2758 secundum
2322 2722 2378 2758 se
2400 2707 2609 2759 locatos
2641 2722 2744 2775 per
2775 2722 2935 2758 suam
2985 2708 3366 2777 quantitatem
3418 2711 3669 2763 metitur.

1978 2794 2282 2847 Ternarius
2316 2794 2470 2847 enim
2507 2810 2781 2847 numerus
2811 2795 2979 2848 tertio
3003 2798 3032 2848 9
3079 2796 3332 2850 metitur.
3381 2797 3438 2850 Si
3484 2801 3674 2851 autem

1979 2887 2109 2952 post
2139 2882 2515 2936 uovenarium
2544 2883 2683 2935 duos
2709 2881 3017 2951 reliquero,
3051 2883 3149 2952 qui
3193 2883 3335 2937 mihi
3372 2889 3500 2953 post
3547 2884 3672 2938 illos

1978 2972 2304 3038 incurrerit,
2337 2971 2595 3042 a'primo
2641 2972 2964 3026 metiendus
3012 2978 3113 3037 est,
3150 2989 3253 3042 per
3291 2974 3521 3028 secundi
3572 2974 3675 3027 im-

1979 3062 2132 3131 paris
2164 3061 2566 3131 quantitatem,
2594 3060 2650 3113 id
2683 3065 2766 3114 est
2794 3077 2897 3130 per
2928 3060 3280 3131 quinarium.
3309 3063 3448 3115 Nam
3471 3063 3516 3114 si
3549 3067 3676 3132 post

1981 3153 2011 3203 9
2052 3151 2194 3204 duos
2226 3150 2572 3219 relinquam,
2605 3149 2659 3202 id
2692 3154 2788 3215 est,
2817 3153 2888 3218 ,11
2926 3155 2982 3203 et
3012 3152 3092 3215 13,
3145 3150 3427 3204 ternarius
3475 3167 3675 3205 nume-

1979 3254 2077 3291 rus
2109 3242 2169 3291 15
2211 3237 2481 3293 metietur
2511 3254 2614 3307 per
2653 3237 2886 3291 secundi
2915 3238 3142 3291 numeri
3182 3239 3581 3308 quantitatem,
3619 3240 3672 3292 id

1982 3331 2064 3380 est
2096 3342 2198 3396 per
2226 3326 2495 3396 quinarii,
2527 3326 2801 3396 quoniam
2824 3327 3110 3380 ternarius
3131 3326 3199 3379 '15
3232 3327 3538 3397 quinquies
3561 3344 3675 3381 me-

1980 3416 2138 3469 titur.
2175 3415 2392 3468 Rursus
2422 3415 2486 3480 si,
2515 3431 2547 3466 a
2579 3415 2957 3484 quindenario
2987 3415 3285 3482 inchoans,
3317 3417 3460 3469 duos
3504 3417 3678 3470 inter-

1981 3503 2212 3570 misero,
2246 3503 2345 3573 qui
2365 3503 2650 3573 posterior
2681 3503 2900 3572 positus
2933 3509 3035 3570 est,
3067 3504 3190 3572 ejus
3221 3504 3442 3573 primus
3474 3521 3677 3559 nume-

1979 3608 2096 3660 rus,
2131 3608 2396 3646 mensura
2421 3596 2505 3644 est
2532 3608 2633 3660 per
2655 3591 2810 3645 tertii
2832 3591 3070 3661 imparis
3091 3591 3501 3661 pluralitatem.
3533 3595 3672 3648 Nam

1982 3681 2028 3732 si
2076 3683 2205 3749 post
2249 3683 2308 3732 15
2350 3680 2712 3732 intermisero
2766 3682 2822 3731 17
2854 3684 2908 3731 et
2969 3683 3054 3745 19,
3093 3680 3329 3732 incurrit
3382 3684 3471 3744 21,
3505 3697 3676 3751 quem

1980 3768 2266 3821 ternarius
2309 3782 2586 3820 numerus
2635 3767 2948 3820 secundum
2999 3769 3388 3836 septenarium
3421 3770 3676 3834 metitur,

1981 3857 2042 3909 21
2082 3855 2235 3909 enim
2281 3854 2508 3907 numeri
2553 3854 2839 3908 ternarius
2883 3854 3127 3923 septima
3183 3872 3314 3926 pars
3354 3862 3454 3912 est.
3491 3859 3677 3928 Atque

1982 3945 2089 3998 hoc
2121 3944 2183 3996 in
2216 3942 2510 3996 inï¬nitum
2540 3943 2772 4008 faciens,
2806 3943 3031 4013 reperio
3066 3944 3317 4013 primum
3351 3963 3674 4013 numerum,

1984 4032 2032 4085 si
2060 4032 2226 4086 binos
2246 4031 2633 4099 intermisero,
2656 4046 2853 4085 omnes
2894 4036 3195 4100 sequentes
3224 4037 3353 4100 post
3383 4050 3439 4086 se
3486 4035 3679 4086 metiri

1986 4121 2301 4174 secundum
2333 4120 2715 4190 quantitatem
2756 4118 3075 4188 positorum
3115 4119 3311 4172 ordine
3368 4120 3676 4190 imparium

174 4219 365 4290 posito
397 4223 470 4284 et,
503 4218 752 4271 secundo
785 4223 843 4270 et
873 4215 1209 4285 composito,
1242 4220 1298 4269 et
1342 4214 1589 4268 naturali
1635 4215 1876 4269 diversi-
1914 4230 1957 4284 Î™)
1985 4225 2382 4264 numerorum.
2423 4208 2480 4262 Si
2509 4225 2641 4262 vero
2686 4207 2981 4278 quinarius
3017 4223 3312 4274 numerus,
3346 4209 3442 4279 qui
3490 4209 3552 4262 in
3596 4226 3678 4263 se-

175 4315 298 4364 tate
328 4307 644 4377 disjunctis,
679 4306 821 4358 alius
850 4306 909 4358 in
950 4305 1141 4358 medio
1168 4303 1583 4369 consideratur,
1622 4304 1720 4374 qui
1757 4304 1880 4374 ipse

177 4397 417 4468 quidem
451 4394 799 4465 compositus
830 4393 919 4458 sit,
945 4397 999 4446 et
1033 4392 1334 4457 secundus,
1378 4396 1434 4444 et
1463 4391 1700 4444 alterius
1739 4391 1878 4445 reci-

178 4486 346 4556 piens
375 4485 752 4548 mensionem,
792 4487 964 4552 atque
997 4481 1146 4549 ideo,
1186 4484 1242 4533 et
1282 4481 1460 4550 partis
1503 4479 1676 4533 alieni
1711 4496 1876 4533 voca-

177 4573 304 4628 buli
335 4589 535 4642 capax,
567 4572 666 4625 sed
697 4587 827 4625 cum
859 4569 1031 4624 fuerit
1051 4569 1120 4622 ad
1153 4568 1332 4622 alium
1364 4567 1625 4637 ejusdem
1652 4568 1877 4638 generis

179 4677 491 4716 numerum
520 4665 900 4730 comparatus,
932 4659 1089 4712 nulla
1118 4673 1250 4710 cum
1293 4673 1359 4710 eo
1391 4656 1680 4710 communi
1709 4671 1878 4709 menâ€”

180 4766 318 4805 sura
378 4749 766 4818 conjungitur,
808 4764 910 4801 nec
952 4746 1244 4801 habebunt
1304 4750 1493 4814 partes
1537 4746 1877 4814 aequivocas,

183 4845 246 4891 ut
278 4842 412 4890 sunt
449 4839 480 4889 9
508 4837 578 4890 ad
629 4838 712 4902 25,
774 4834 933 4888 nulla
990 4835 1092 4888 hos
1137 4833 1458 4887 communis
1502 4848 1878 4885 numerorum

183 4941 456 4978 mensura
515 4923 772 4990 metitur,
834 4922 944 4976 nisi
997 4923 1144 4976 forte
1200 4921 1391 4974 unitas
1440 4937 1568 4990 qua:
1619 4920 1877 4973 omnium

183 5029 561 5068 numerorum
609 5027 880 5066 mensura
915 5009 1237 5064 communis
1285 5014 1386 5062 est.
1437 5010 1500 5062 Et
1538 5008 1600 5062 hi
1649 5008 1879 5078 quidem

183 5117 304 5156 non
334 5101 550 5155 habent
585 5101 901 5170 aequivocas
933 5105 1144 5169 partes.
1171 5099 1312 5151 Nam
1364 5113 1492 5166 qua:
1539 5097 1596 5150 in
1629 5098 1658 5148 9
1711 5097 1880 5150 tertia

183 5195 290 5256 est,
331 5191 394 5242 in
411 5193 479 5242 25
512 5206 625 5243 non
656 5195 756 5256 est,
794 5194 846 5242 et
879 5204 1008 5258 quae
1038 5187 1096 5241 in
1233 5185 1434 5256 quinta
1472 5191 1576 5251 est,
1617 5185 1674 5237 in
1706 5200 1879 5238 nove-

184 5279 349 5332 nario
380 5294 496 5330 non
540 5283 641 5330 est.
675 5278 821 5347 Ergo
846 5277 907 5329 hi
940 5292 1043 5346 per
1081 5281 1347 5329 naturam
1380 5275 1604 5343 utrique
1652 5272 1881 5325 secundi

185 5373 240 5421 et
261 5366 567 5436 compositi
590 5371 740 5433 sunt,
766 5365 1087 5434 comparati
1111 5380 1241 5417 vero
1271 5363 1338 5417 ad
1361 5380 1419 5417 se
1446 5362 1687 5416 invicem
1708 5359 1882 5430 primi

183 5454 670 5526 incompositique
701 5455 1041 5522 redduntur,
1086 5453 1246 5523 quod
1269 5458 1550 5522 Iutrosque
1585 5449 1741 5502 nulla
1771 5448 1882 5501 alia

183 5559 456 5598 mensura
482 5543 737 5609 metitur,
770 5541 880 5596 nisi
909 5542 1098 5597 unitas
1127 5556 1256 5610 quae
1288 5540 1357 5594 ab
1398 5538 1656 5608 utrisque
1697 5536 1882 5590 deno-

1989 4299 2176 4353 cundo
2218 4299 2342 4350 loco
2383 4303 2467 4350 est
2520 4296 2881 4361 constitutus,
2939 4296 3074 4349 velit
3120 4297 3248 4366 quis
3295 4298 3456 4366 cujus
3493 4297 3680 4367 prima

1988 4403 2051 4441 ac
2081 4388 2349 4456 deinceps
2381 4387 2450 4439 sit
2484 4401 2752 4440 mensura
2801 4385 3078 4451 invenire,
3126 4385 3475 4439 transmissis
3505 4387 3537 4436 4
3572 4385 3677 4440 im-

1987 4475 2234 4545 paribus,
2272 4474 2505 4544 quintus
2559 4475 2632 4541 ei,
2683 4489 2855 4544 quem
2897 4474 3086 4526 metiri
3141 4472 3338 4542 possit,
3409 4474 3671 4528 occurrit.

1987 4564 2449 4616 Intermittantur
2478 4562 2633 4616 enim
2662 4564 2696 4617 6
2726 4561 2995 4631 impares,
3018 4562 3089 4629 id
3119 4566 3202 4615 est
3226 4566 3255 4614 7
3289 4566 3345 4615 et
3373 4563 3403 4613 9
3434 4567 3492 4616 et
3525 4566 3580 4616 11
3623 4569 3676 4617 et

1991 4653 2076 4716 13,
2112 4656 2238 4720 post
2269 4652 2373 4705 hos
2428 4657 2510 4705 est
2558 4652 2791 4721 quintus
2841 4651 3113 4717 decimus,
3153 4666 3323 4720 quem
3376 4650 3678 4721 quinarius

1987 4739 2240 4805 metitur,
2277 4738 2590 4792 secundum
2619 4737 2796 4806 primi
2823 4738 3036 4791 scilicet
3068 4737 3470 4807 quantitatem,
3503 4739 3562 4792 id
3595 4746 3677 4794 est

1987 4827 2246 4894 ternarii,
2279 4827 2534 4896 quinque
2565 4827 2718 4879 enim
2749 4829 2830 4891 15,
2863 4825 3030 4879 tertio
3061 4827 3394 4880 metiuntur.
3420 4830 3496 4881 Ac
3524 4829 3679 4882 dein-

1987 4932 2117 4986 ceps
2147 4916 2192 4968 si
2223 4919 2471 4985 quatuor
2503 4913 2863 4980 intermittat,
2898 4929 3029 4966 eum
3063 4914 3162 4983 qui
3193 4920 3323 4983 post
3369 4916 3497 4969 illos
3524 4916 3674 4971 loca-

1989 5007 2078 5057 tus
2112 5009 2212 5069 est,
2262 5003 2560 5064 secundus,
2611 5000 2667 5053 id
2699 5004 2800 5069 _est
2843 4999 3141 5069 quinarius
3192 5002 3512 5070 quantitate
3556 5017 3673 5054 me-

1988 5092 2148 5144 titur.
2185 5092 2329 5145 Nam
2360 5095 2487 5160 post
2520 5089 2846 5160 quindecim
2880 5088 3218 5142 intermissis
3259 5093 3312 5142 17
3348 5095 3402 5144 et
3439 5093 3498 5142 19
3529 5095 3584 5143 et
3607 5092 3665 5140 21

1989 5184 2045 5232 et
2078 5183 2160 5244 13,
2190 5185 2321 5248 post
2351 5194 2445 5232 eos
2477 5181 2542 5232 25
2573 5178 2820 5246 reperio,
2854 5193 2998 5248 quos
3029 5178 3326 5248 quinarius
3347 5177 3679 5246 scilicetznu-

1990 5284 2182 5322 merus
2210 5284 2313 5321 sua
2332 5267 2660 5336 pluralitate
2679 5267 2932 5322 metitur.
2963 5267 3277 5337 Quinquies
3299 5268 3448 5319 enim
3477 5264 3677 5334 quina-

1989 5355 2076 5409 rio
2129 5354 2529 5423 multiplicato,
2561 5355 2627 5405 25
2663 5358 3043 5410 succrescunt.
3092 5356 3148 5408 Si
3193 5369 3324 5406 vero
3358 5357 3485 5421 post
3524 5352 3678 5405 hunc

1992 5443 2231 5514 quilibet
2259 5445 2291 5495 4
2313 5442 2675 5510 intermittat,
2709 5443 2906 5497 eadem
2929 5442 3144 5496 ordinis
3174 5445 3394 5494 servata
3419 5447 3680 5494 constan-

1991 5533 2090 5602 tia,
2107 5532 2207 5603 qui
2224 5548 2316 5585 eos
2330 5533 2610 5602 sequitur,
2635 5532 2949 5588 secundum
2975 5528 3149 5591 tertii,
3173 5529 3230 5582 id
3255 5532 3338 5582 est
3370 5531 3678 5599 septenarii
