4104 6176
496 273 630 327 i095

1831 273 1949 329 AN.
1989 272 2211 331 MANL.
2259 272 2413 330 SEV.
2460 271 2690 330 ΒΟΕΤΙῙ

3795 276 3904 332 {096

491 409 719 465 numeri
746 423 1051 473 summam,
1074 425 1107 461 a
1128 409 1391 479 quinario
1422 409 1708 463 metiatur.
1737 413 1924 480 Atque
1950 411 2072 464 haec
2093 414 2180 463 est
2218 413 2261 464 Α
2289 415 2374 463 est
2403 409 2668 479 cognatio
2691 405 3014 461 communis
3037 421 3344 460 mensurae.
3379 408 3625 461 Rursuss
3647 412 3696 461 et
3721 414 3769 469 7,
3795 427 3907 480 quos

490 498 713 553 inﬁnita
739 497 1043 567 processio.
1079 497 1137 551 Si
1166 512 1299 551 vero
1328 498 1528 550 tertius
1553 513 1828 553 numerus
1859 514 2034 570 quem
2062 515 2178 554 me-

487 586 583 641 tiri
607 585 787 656 possit
817 584 1155 656 exquiritur,
1198 600 1294 638 sex
1324 584 1384 638 in
1426 585 1617 640 medio
1664 587 2083 658 relinquentur,
2122 590 2178 642 et

489 690 660 746 quem
690 670 998 745 septimum
1020 674 1160 729 ordo
1192 674 1613 742 monstraverit,
1638 675 1731 729 hic
1750 692 1854 746 per
1872 675 2045 746 primi
2067 691 2174 730 nu-

486 763 653 829 meri,
682 762 741 817 id
769 766 874 831 est,
904 761 1140 815 ternarii
1198 763 1575 833 quantitatem
1622 764 1941 819 metiendus
1970 769 2071 818 est.
2110 766 2177 819 Et

485 856 613 924 post
640 852 804 905 illum
837 868 930 904 sex
972 850 1097 905 aliis
1148 850 1521 922 interpositis,
1556 869 1727 924 quem
1776 858 1906 924 post
1937 870 2032 908 eos
2061 869 2176 908 nu-

485 940 631 996 meri
656 938 832 994 series
869 938 1075 1007 dabit,j
1088 955 1190 1010 per
1220 940 1573 1011 quinarium,
1604 942 1661 996 id
1702 946 1787 997 est
1832 957 1939 1012 per
1982 958 2177 997 secun-

487 1029 645 1096 dum,
699 1028 853 1083 tertii
890 1044 1023 1083 eum
1066 1044 1339 1083 mensura
1378 1034 1693 1095 percurret.
1738 1029 1794 1084 Si
1857 1047 1991 1085 vero
2034 1030 2175 1085 alios

485 1134 683 1173 rursus
712 1133 809 1172 sex
838 1118 899 1171 in
923 1117 1112 1172 medio
1141 1117 1270 1188 quis
1305 1118 1605 1189 relinquat,
1637 1118 1732 1173 ille
1759 1118 1859 1191 qui
1891 1119 2170 1191 sequitur,

483 1223 587 1278 per
615 1206 1005 1276 septenarium
1034 1222 1343 1261 numerum
1374 1206 1444 1261 ab
1475 1207 1678 1262 eodem
1707 1208 2029 1279 septenario
2060 1223 2175 1261 me-

483 1296 710 1351 tiendus
755 1300 856 1363 est,
890 1296 949 1350 id
992 1299 1076 1349 est
1104 1311 1207 1366 per
1245 1295 1401 1349 tertii
1436 1296 1832 1366 quantitatem.
1867 1296 2176 1367 Atquehic

483 1400 666 1455 usque
696 1384 758 1438 in
808 1388 1128 1439 extremum
1155 1384 1327 1454 {ratus
1358 1384 1500 1439 ordo
1548 1384 1931 1456 progreditur.
1986 1384 2172 1439 Susci-

481 1473 645 1544 pient
683 1489 819 1545 ergo
847 1474 1134 1545 .metiendi
1172 1474 1643 1541 vicissitudinem,
1691 1474 2172 1545 quemadmodum

484 1573 616 1617 sunt
650 1563 711 1616 in
747 1563 1010 1618 ordinem
1055 1563 1391 1617 naturaliter
1420 1562 1667 1633 impares
1697 1563 2016 1617 constituti.
2069 1564 2175 1617 Me-

481 1651 698 1706 tientur
728 1657 940 1719 autem,
973 1652 1021 1706 si
1065 1668 1170 1722 per
1209 1668 1376 1721 pares
1428 1667 1698 1706 numeros
1748 1669 1781 1706 a
1818 1652 2043 1706 binario
2085 1652 2173 1706 in-

2287 502 2588 569 procreant
2643 496 2689 549 si
2735 511 3053 566 compares,
3096 495 3156 549 hi
3204 511 3435 567 quoque
3482 496 3907 554 incommensura.

2285 587 2429 642 biles
2453 591 2640 641 erunt.
2678 585 2992 657 Quinquies
3025 583 3177 639 enim
3208 585 3461 656 quinque
3492 584 3576 654 (ut
3616 585 3805 640 dictum
3829 590 3907 655 est}

2285 679 2373 744 25,
2410 676 2617 747 septies
2671 678 2702 729 '7
2762 673 2980 728 faciunt
3036 673 3125 727 49.
3182 673 3431 737 Quorum
3490 688 3741 728 mensura
3786 675 3908 730 nulla

2286 764 2608 820 communis
2638 768 2744 831 est,
2769 763 2882 817 nisi
2911 762 3060 817 forte
3090 761 3353 817 omnium
3379 763 3586 817 horum
3621 765 3905 834 procreatrix

2285 860 2340 910 et
2368 860 2550 909 mater
2581 852 2787 908 unitas.

2906 939 3130 995 CAPUT
3169 940 3355 995 XVIII.

2285 1036 2359 1088 De
2380 1032 2683 1085 inventione
2708 1044 2888 1085 eorum
2934 1044 3298 1096 numerorum,
3349 1030 3445 1097 qui
3491 1028 3563 1081 ad
3585 1026 3649 1095 ﬁse
3670 1028 3856 1083 secundi
3876 1036 3909 1083 et

2355 1121 2638 1190 compositi
2685 1123 2835 1187 sunt,
2891 1118 2966 1173 ad
3005 1119 3139 1173 alios
3170 1134 3293 1172 vero
3346 1119 3529 1184 relati,
3581 1120 3742 1185 primi
3775 1122 3817 1171 et
3854 1122 3910 1171 in-

2355 1211 2652 1279 compositi.

2358 1300 2481 1363 Qua
2499 1314 2632 1352 vero
2649 1296 2868 1351 ratione
2888 1296 3032 1351 tales
3070 1311 3342 1350 numeros
3383 1294 3639 1349 invenire
3662 1294 3909 1366 possimus,

2285 1388 2333 1442 si
2364 1389 2492 1459 quis
2523 1387 2688 1441 nobis
2719 1386 2948 1441 eosdem
2970 1390 3271 1457 proponat,
3313 1389 3367 1440 et
3388 1385 3634 1454 imperet
3664 1399 3909 1453 agnoscere

2283 1481 2479 1531 utrum
2531 1475 2722 1546 aliqua
2781 1491 3046 1529 mensura
3112 1473 3650 1528 commensurabiles
3706 1472 3818 1538 sint,
3862 1489 3908 1525 an

2284 1570 2435 1620 certe
2462 1565 2584 1618 sola
2640 1564 2826 1617 unitas
2872 1569 3145 1634 utrosque
3194 1563 3483 1629 metiatur,
3534 1561 3911 1632 reperiendiars

2287 1654 2416 1709 talis
2434 1654 2548 1724 feet.
2606 1652 2760 1706 Datis
2806 1652 2959 1706 enim
3007 1651 3227 1705 duobus
3276 1651 3531 1705 numeris
3581 1648 3910 1721 inaequalibus,

482 1742 773 1806 choantes,
800 1740 1014 1811 positos
1040 1740 1191 1794 inter
1219 1756 1277 1795 se
1308 1740 1557 1810 impares
1587 1744 1708 1794 rata
1745 1740 2173 1795 intermissione
2214 1766 2253 1819 Β
2286 1743 2510 1796 auferre
2541 1741 2611 1795 de
2634 1741 2851 1810 majore
2877 1740 3161 1794 minorem
3196 1740 3503 1810 oportebit,
3540 1744 3596 1793 et
3619 1738 3709 1809 qui
3738 1738 3909 1791 relictus

481 1827 825 1894 transiliunt,
860 1832 922 1881 ut
948 1827 1171 1897 primus
1201 1830 1254 1893 2,
1276 1828 1558 1881 secundus
1589 1830 1646 1894 4,
1678 1828 1884 1882 tertius
1911 1831 1963 1893 6,
1998 1843 2168 1897 quar-

482 1920 573 1971 tus
599 1918 652 1983 8,
698 1916 932 1987 quintus
958 1917 1042 1970 10.
1092 1916 1191 1969 Vel
1220 1916 1267 1969 si
1285 1914 1437 1970 locos
1468 1932 1599 1970 suos
1630 1916 2053 1987 conduplicant,
2116 1921 2173 1971 et

482 2005 798 2059 secundum
841 2003 1290 2074 duplicationem
1334 2005 1610 2059 terminos
1656 2005 2059 2071 intermittent,
2110 2009 2176 2059 ut

481 2093 765 2148 ternarius
794 2093 895 2163 qui
938 2094 1162 2161 primus
1201 2098 1285 2148 est
1312 2110 1588 2148 numerus
1653 2098 1711 2149 et
1752 2110 1902 2148 unus
1937 2094 1952 2164 (
1985 2093 2173 2147 omnis

481 2182 637 2236 enim
664 2182 909 2253 primus,
942 2198 1091 2236 unus
1120 2183 1246 2253 est),
1276 2183 1363 2238 bis
1388 2184 1577 2238 locum
1610 2199 1774 2237 suum
1810 2181 2171 2253 multiplicet,

478 2270 762 2341 faciatque
790 2271 877 2325 bis
908 2287 1112 2326 unum.
1144 2271 1253 2335 Qui
1283 2287 1413 2325 cum
1444 2273 1557 2327 duo
1595 2272 1728 2338 sint,
1776 2272 1999 2342 primus
2032 2272 2175 2325 duos

479 2360 702 2414 medios
732 2364 1001 2413 transeat.
1036 2360 1252 2413 Rursus
1293 2362 1593 2426 secundus,
1639 2359 1698 2414 id
1738 2364 1821 2415 est
1854 2359 2173 2431 quinarius,

482 2448 531 2502 si
550 2449 739 2502 locum
782 2463 951 2501 suum
981 2446 1255 2517 duplicet,
1284 2449 1318 2500 4
1340 2449 1645 2518 explicabit
1694 2465 1707 2503 :
1754 2448 1846 2502 hic
1885 2464 2115 2519 quoque
2144 2450 2178 2501 4

482 2536 846 2590 intermittat.
882 2537 1027 2590 Item
1056 2535 1103 2589 si
1155 2537 1534 2607 septenarius,
1580 2537 1681 2608 qui
1709 2537 1911 2592 tertius
1959 2542 2061 2603 est,
2094 2538 2175 2591 lo-

480 2641 615 2681 cum
642 2642 807 2680 suum
849 2626 1118 2696 duplicet,
1154 2643 1251 2680 sex
1307 2627 1525 2682 creabit
1569 2628 1699 2683 :bis
1736 2628 1893 2683 enim
1941 2630 1970 2681 3
2011 2644 2177 2683 sena-

479 2715 631 2769 rium
658 2716 939 2786 jungunt;
987 2714 1081 2769 hic
1122 2730 1258 2786 ergo
1308 2716 1370 2770 in
1412 2715 1675 2771 ordinem
1719 2733 1816 2771 sex
1862 2715 2173 2788 relinquat.

485 2802 734 2867 Quartus
765 2818 996 2874 quoque
1043 2803 1091 2857 si
1142 2803 1334 2857 locum
1380 2820 1549 2858 suum
1588 2803 1854 2875 duplicet,
1885 2808 1917 2858 8
1955 2821 2177 2860 succre-

483 2896 641 2946 scent
673 2908 685 2947 :
720 2892 819 2946 ille
864 2894 1148 2963 quoqueS
1196 2891 1520 2959 transiliat;
1571 2898 1742 2964 atque
1785 2893 1894 2946 hoc
1942 2892 2175 2962 quidem

480 2981 542 3036 in
589 2981 809 3035 caeteris
845 2981 1331 3051 perspiciendum.
1379 2981 1606 3035 Modum
1642 2986 1834 3035 autem
1862 2980 2175 3034 mansionis

484 3070 793 3125 secundum
835 3070 1095 3124 ordinem
1142 3071 1554 3125 collocatorum
1602 3070 1727 3141 ipsa
1773 3069 1948 3124 series
1993 3069 2169 3123 dabit.
2212 3046 2252 3102 Ο

482 3158 624 3211 Nam
652 3158 894 3227 primus,
927 3158 1182 3228 primum
1204 3175 1379 3230 quem
1405 3163 1690 3226 numerat,
1720 3159 2035 3214 secundum
2066 3158 2178 3228 pri-

482 3261 643 3300 mum
699 3251 988 3313 numerat,
1034 3247 1092 3301 id
1138 3252 1222 3301 est
1270 3248 1583 3302 secundum
1632 3264 1711 3315 se,
1762 3252 1818 3303 et
1862 3247 2177 3302 secundum

480 3335 703 3404 primus
736 3350 911 3406 quem
944 3340 1229 3403 numerat,
1280 3352 1386 3406 per
1433 3336 1745 3391 secundum
1794 3342 2080 3403 numerat,
2123 3340 2179 3390 et

480 3423 716 3476 tertium
746 3438 851 3492 per
878 3423 1134 3491 tertium,
1168 3428 1226 3477 et
1264 3430 1535 3494 quartum
1567 3426 1705 3479 item
1734 3441 1840 3496 per
1884 3429 2172 3497 quartum.

482 3508 625 3563 Cum
651 3514 841 3563 autem
859 3511 1142 3563 secundus
1164 3511 1525 3565 mensionem
1542 3514 1877 3583 susceperit,
1897 3513 2174 3583 primum,

481 3613 656 3668 quem
685 3602 972 3664 numerat,
1008 3597 1321 3651 secundum
1346 3599 1601 3668 primum
1654 3602 1908 3668 metitur,
1972 3617 2175 3655 secun-

480 3687 619 3741 dum
648 3701 782 3740 vero
811 3700 979 3756 quem
1029 3690 1313 3754 numerat,
1348 3703 1450 3757 per
1476 3704 1557 3754 se,
1597 3688 1657 3743 id
1704 3694 1788 3743 est
1832 3705 1937 3760 per
1982 3706 2178 3745 secun-

482 3776 644 3840 dum,
677 3779 733 3829 et
760 3775 996 3828 tertium
1044 3790 1149 3845 per
1188 3773 1447 3842 tertium,
1503 3781 1559 3831 et
1601 3777 1660 3831 in
1713 3779 1932 3833 caeteris
1975 3780 2176 3834 eadem

481 3862 862 3917 similitudine
894 3877 1163 3917 mensura
1196 3864 1500 3919 constabit.
1546 3865 1700 3920 Alios
1742 3882 1879 3937 ergo
1913 3868 1960 3922 si
2000 3868 2176 3939 respi-

482 3952 613 4017 cias,
644 3951 729 4006 vel
760 3951 861 4021 qui
900 3950 1042 4005 alios
1089 3951 1271 4005 mensi
1317 3957 1470 4022 sunt,
1517 3954 1606 4008 vel
1636 3954 1736 4025 qui
1785 3955 1894 4026 ipsi
1929 3956 1999 4011 ab
2051 3957 2177 4011 aliis

481 4038 813 4107 metientur,
844 4038 1102 4094 invenies
1129 4040 1391 4095 omnium
1412 4042 1582 4096 simul
1612 4059 1980 4099 communem
2011 4061 2176 4099 men-

482 4143 677 4182 suram
708 4143 828 4181 esse
867 4143 984 4182 non
1015 4143 1204 4197 posse,
1236 4144 1422 4200 neque
1470 4134 1531 4183 ut
1574 4147 1775 4185 omnes
1824 4148 2176 4205 quemquam

482 4215 660 4271 alium
694 4215 863 4270 simul
883 4220 1209 4283 numerent,
1234 4218 1512 4288 quosdam
1538 4223 1829 4291 autem§ex
1848 4222 1937 4276 bis
1970 4222 2040 4276 ab
2061 4222 2174 4277 alio

482 4317 645 4372 posse
701 4302 911 4370 metiri,
975 4302 1056 4356 ita
1114 4308 1178 4357 ut
1232 4304 1301 4359 ab
1339 4321 1454 4360 uno
1503 4310 1727 4361 tantum
1773 4314 2172 4378 numerentur,

484 4390 624 4445 alios
652 4406 787 4446 vero
814 4396 878 4445 ut
910 4391 1101 4459 tetiam
1132 4408 1166 4446 a
1215 4393 1495 4462 pluribus,
1550 4397 1827 4462 quosdam
1875 4402 2066 4453 autem
2115 4403 2177 4454 ut

481 4488 694 4549 praeter
721 4480 1002 4535 unitatem
1053 4496 1255 4535 eorum
1284 4483 1445 4537 nulla
1474 4499 1746 4540 mensura
1774 4486 1867 4540 sit.
1904 4488 2011 4552 Qui
2040 4504 2173 4559 ergo

483 4568 704 4623 nullam
738 4584 1070 4622 mensuram
1125 4574 1338 4639 praeter
1384 4571 1665 4626 unitatem
1715 4574 2022 4645 recipiunt,
2072 4577 2173 4631 hos

481 4656 701 4726 primos
732 4659 785 4710 et
816 4655 1224 4728 incompositos
1245 4658 1591 4729 judicamus,
1626 4660 1726 4731 qui
1755 4678 1888 4717 vero
1921 4664 2172 4736 aliquam

483 4759 812 4798 mensuram
860 4749 1073 4813 praeter
1129 4745 1430 4814 unitatem,
1479 4749 1568 4803 vel
1616 4749 1956 4822 alienigenae
1994 4754 2172 4823 partis

482 4832 822 4886 vocabulum
861 4834 1189 4902 sortientur,
1250 4851 1345 4891 eos
1402 4839 1844 4908 pronuntiemus
1893 4843 2171 4898 secundos

483 4922 655 4989 atque
692 4922 1073 4989 compositos.
1115 4924 1373 4978 Tertium
1410 4942 1544 4981 vero
1588 4928 1730 4982 illud
1766 4944 1945 4998 genus
1974 4946 2078 5001 per
2114 4947 2170 4985 se

482 5006 717 5062 secundi
741 5013 798 5063 et
846 5010 1165 5081 compositi,
1206 5012 1383 5082 primi
1413 5030 1549 5069 vero
1590 5020 1646 5070 et
1690 5017 2053 5089 incompositi
2099 5021 2171 5075 ad

482 5097 822 5152 alterutrum
841 5100 1176 5171 comparati,
1200 5101 1306 5156 hac
1321 5103 1630 5174 inquisitor
1654 5106 1878 5162 ratione
1900 5108 2165 5179 reperiet.

479 5185 536 5241 Si
558 5186 713 5240 enim
734 5186 1021 5257 quoslibet
1050 5188 1181 5243 illos
1228 5206 1502 5246 numeros
1543 5194 1857 5249 secundum
1909 5212 2069 5251 suam
2108 5197 2168 5251 in

479 5275 813 5346 semetipsos
859 5276 1205 5347 multiplices
1236 5280 1639 5353 quantitatem,
1687 5282 1781 5354 qui
1835 5290 2169 5354 procreatur

480 5362 551 5417 ad
571 5364 910 5420 alterutrum
928 5364 1264 5433 comparati,
1288 5367 1747 5437 nullaImensura
1766 5374 2167 5430 communione

474 5451 818 5521 junguntur.
849 5454 984 5507 Tres
1017 5452 1173 5507 enim
1205 5458 1261 5508 et
1284 5457 1314 5506 5
1354 5456 1403 5508 si
1431 5460 1798 5530 multiplices,
1834 5466 1947 5517 tres
1995 5464 2164 5519 tertio

480 5540 514 5592 9
541 5539 775 5610 faciunt,
808 5546 863 5596 et
883 5542 1190 5615 quinquies
1218 5546 1248 5597 5
1272 5544 1514 5602 reddent
1539 5550 1627 5604 25.
1650 5550 1758 5620 .His
1786 5551 1964 5622 igitur
2008 5554 2167 5609 nulla

2283 1831 2473 1899 fuerit,
2509 1830 2555 1884 si
2586 1831 2773 1900 major
2795 1834 2898 1896 est,
2951 1828 3175 1882 auferre
3213 1845 3279 1882 ex
3331 1844 3397 1882 eo
3428 1844 3626 1881 rursus
3668 1826 3908 1887 minorem,

2283 1920 2328 1973 si
2360 1936 2493 1973 vero
2540 1919 2732 1973 minor
2763 1917 2956 1984 fuerit,
2992 1933 3122 1970 eum
3155 1933 3219 1970 ex
3258 1916 3482 1986 reliquo
3534 1915 3739 1985 majore
3778 1915 3909 1967 detra-

2283 2010 2440 2064 here.
2475 2012 2658 2079 Atque
2686 2008 2791 2061 hoc
2826 2023 2892 2061 eo
2917 2023 3101 2076 usque
3151 2006 3498 2073 faciendum,
3561 2003 3738 2075 quoad
3774 2002 3910 2058 unitas

2282 2099 2487 2152 ultima
2526 2098 2707 2151 vicem
2741 2095 3103 2150 retractionis
3136 2094 3436 2166 impediat,
3490 2098 3587 2147 aut
3617 2093 3798 2163 aliquis
3840 2108 3909 2144 nn-

2284 2204 2477 2242 merus
2507 2186 2695 2255 impar
2719 2185 3060 2252 necessario,
3096 2184 3141 2237 si
3172 2184 3404 2254 utrique
3458 2182 3681 2236 numeri
3725 2182 3912 2251 impares

2283 2279 2706 2346 proponantur.
2758 2274 2867 2328 Sed
2926 2289 3058 2327 eum
3113 2273 3210 2344 qui
3251 2271 3598 2343 relinquitur
3648 2285 3911 2325 numerum.

2285 2364 2391 2418 sibi
2415 2364 2522 2435 ipsi
2560 2362 2778 2417 videbis
2812 2362 3111 2433 aequalem.
3147 2362 3295 2432 Ergo
3327 2361 3373 2415 si
3400 2361 3462 2415 in
3503 2376 3677 2413 unum
3720 2360 3914 2412 incurrat

2284 2452 2532 2506 vicissim
2583 2452 2689 2506 ista
2731 2451 3062 2518 subtractio,
3115 2450 3288 2521 primi
3328 2454 3528 2503 contra
3565 2465 3619 2503 se
3660 2446 3913 2502 necessario

2284 2541 2515 2596 numeri
2536 2540 2813 2608 dicentur,
2834 2542 2889 2593 et
2908 2540 3067 2593 nulla
3088 2540 3198 2593 alia
3210 2554 3485 2593 mensura
3504 2537 3612 2591 nisi
3626 2538 3734 2591 sola
3746 2536 3912 2589 unitate

2284 2629 2591 2701 conjuncti.
2629 2628 2685 2683 Si
2718 2645 2848 2683 vero
2881 2628 2951 2682 ad
2983 2629 3233 2699 aliquem
3264 2643 3575 2681 numerum
3603 2630 3680 2685 (ut
3709 2624 3912 2695 superius

2284 2720 2498 2774 dictum
2530 2719 2637 2788 est)
2689 2717 2820 2772 finis
2872 2716 3272 2771 diminutionis
3330 2717 3654 2779 incurrerit,
3693 2716 3786 2769 erit
3827 2713 3913 2782 ejus

2286 2823 2561 2862 numerus
2594 2807 2691 2877 qui
2718 2807 2989 2861 metiatur
3008 2811 3279 2877 utrasque
3311 2823 3587 2874 summas,
3622 2810 3775 2876 atque
3802 2816 3914 2856 eum-

2284 2897 2414 2951 dem
2442 2897 2631 2966 ipsum
2656 2896 2751 2965 qui
2782 2894 3121 2949 remanserit
3150 2895 3405 2949 dicemus
3428 2900 3785 2963 utrorumque
3802 2905 3911 2944 com-

2286 3001 2523 3039 munem
2567 3000 2687 3038 esse
2748 2999 3094 3039 mensuram.
3142 2986 3262 3054 Age
3318 2984 3477 3037 enim
3523 2984 3659 3037 duos
3703 2993 3911 3034 numeros

2286 3072 2608 3144 propositos
2653 3072 2984 3138 habeamus,
3016 3087 3159 3142 quos
3184 3071 3499 3141 jubeamur
3554 3083 3826 3141 agnoscere
3862 3081 3910 3117 an

2286 3178 2383 3216 eos
2411 3162 2619 3232 [aliqua
2668 3176 2933 3215 mensura
2980 3159 3300 3213 communis
3347 3159 3637 3213 metiatur.
3690 3158 3842 3224 Atque
3873 3152 3911 3206 hi

2286 3251 2402 3304 sint
2425 3253 2455 3304 9
2484 3250 2696 3304 scilicet
2726 3252 2781 3303 et
2804 3251 2895 3316 29,
2931 3248 3039 3302 hoc
3066 3247 3247 3318 igitur
3290 3248 3566 3301 faciemus
3612 3245 3766 3300 modo
3810 3242 3909 3296 reci-

2286 3355 2518 3411 procam
2548 3338 3013 3392 diminutionem.
3052 3336 3393 3390 Auferamus
3426 3336 3496 3390 de
3537 3335 3739 3405 majore
3774 3330 3911 3385 mino-

2286 3444 2428 3494 rem,
2464 3428 2571 3481 hoc
2604 3431 2689 3481 est
2713 3427 2782 3481 de
2811 3428 2877 3481 29
2918 3426 3317 3491 novenarium,
3351 3425 3741 3496 relinquentur
3766 3423 3837 3473 20.
3862 3420 3909 3471 Et

2285 3516 2375 3570 his
2406 3532 2543 3587 ergo
2572 3518 2642 3569 20
2690 3531 2885 3569 rursus
2922 3514 3203 3568 minorem
3263 3514 3651 3575 detrahamus,
3698 3510 3747 3564 id
3788 3510 3852 3561 est
3876 3507 3912 3566 9,

2286 3609 2342 3659 et
2372 3606 2774 3675 relinquentur
2811 3608 2889 3658 11.
2923 3605 2995 3656 Ex
3030 3604 3118 3658 his
3149 3618 3347 3656 rursus
3394 3602 3633 3657 detraho
3679 3602 3724 3665 9,
3771 3593 3911 3666 {relicti

2286 3699 2419 3748 sunt
2446 3696 2499 3747 2.
2530 3694 2683 3758 Quos
2713 3692 2755 3746 si
2805 3692 3040 3747 detraho
3070 3691 3404 3759 novenario,
3441 3697 3501 3745 et
3546 3690 3717 3743 relicti
3746 3688 3848 3739 sunt
3876 3685 3910 3733 7.

2286 3784 2445 3849 Quod
2478 3782 2523 3836 si
2554 3783 2666 3837 duo
2687 3798 2886 3836 rursus
2914 3782 3238 3853 septenario
3274 3780 3643 3851 dempserim,
3675 3774 3911 3846 snpersunt

2287 3875 2339 3939 5,
2371 3877 2545 3942 atque
2571 3887 2636 3927 ex
2665 3871 2755 3927 his
2811 3871 2953 3925 alios
2994 3871 3157 3937 duos,
3209 3875 3324 3924 tres
3372 3885 3603 3923 rursum
3646 3864 3909 3920 exuberant.

2286 3976 2431 4031 quos
2481 3961 2593 4014 alio
2632 3959 2861 4014 binario
2919 3959 3255 4027 diminutos,
3303 3959 3423 4013 sola
3477 3958 3659 4012 unitas
3691 3952 3911 4022 superstes

2286 4049 2602 4119 egreditur.
2649 4050 2865 4103 Rursus
2896 4048 2942 4102 si
2997 4065 3061 4103 ex
3109 4048 3332 4102 duobus
3376 4063 3562 4101 unum
3602 4044 3839 4099 auferam,
3872 4035 3911 4087 in

2284 4152 2401 4191 uno
2432 4137 2711 4191 terminus
2732 4137 3101 4192 detractionis
3120 4137 3381 4199 hmrebit,
3399 4152 3573 4208 quem
3595 4135 3812 4188 duorum
3826 4123 3913 4179 illo-

2285 4242 2415 4280 rum
2447 4241 2848 4294 numerorum,
2880 4226 2939 4281 id
2968 4230 3052 4282 est
3078 4231 3109 4281 9
3162 4230 3218 4280 et
3246 4228 3335 4295 29,
3369 4227 3557 4280 solum
3585 4236 3758 4293 neque
3782 4215 3911 4271 alium

2216 4348 2259 4401 Β
2285 4319 2503 4370 constat
2541 4333 2661 4370 esse
2692 4332 3043 4372 mensuram.
3090 4317 3200 4371 Hos
3246 4332 3383 4386 ergo
3437 4317 3635 4369 contra
3676 4326 3727 4363 se
3746 4305 3913 4401 primos

2285 4404 2634 4461 vocabimus.
2671 4405 2780 4461 Sed
2811 4406 2925 4461 sint
2950 4406 3047 4461 alii
3078 4405 3308 4461 numeri
3334 4404 3502 4460 nobis
3549 4402 3734 4457 eadem
3769 4390 3914 4450 condi-

2283 4493 2440 4547 tione
2468 4494 2865 4567 propositidid
2897 4498 2981 4550 est
3004 4495 3175 4566 21ξθι
3202 4498 3253 4563 9,
3285 4498 3351 4549 ut
3379 4494 3579 4566 quales
3628 4490 3685 4545 bi
3719 4487 3815 4541 sint
3852 4480 3912 4573 in_-

2283 4582 2639 4653 vestigentur
2666 4599 2797 4639 cum
2831 4582 3063 4638 sibimet
3088 4583 3303 4637 fuerint
3347 4582 3593 4637 invicem
3619 4574 3910 4649 ,comparatl.

2283 4670 2738 4741 Rursus‘aufero
2770 4672 2839 4726 de
2888 4671 3107 4739 majore
3149 4670 3387 4726 minoris
3435 4668 3657 4725 numeri
3691 4658 3913 4737 quantita-

2282 4762 2420 4825 tem,
2454 4760 2508 4815 id
2548 4765 2632 4815 est
2678 4763 2709 4814 9
2733 4761 2800 4815 de
2843 4763 2933 4827 21,
2973 4760 3376 4832 relinquentur
3410 4762 3494 4815 12.
3540 4760 3613 4813 Ex
3642 4756 3723 4811 his
3765 4759 3913 4805 rursus

2281 4846 2448 4901 demo
2477 4851 2528 4915 9,
2563 4852 2871 4920 supersunt
2900 4850 2950 4904 3.
3006 4849 3115 4913 Qui
3143 4849 3190 4903 si
3223 4865 3287 4904 ex
3323 4847 3632 4903 novenario
3672 4838 3914 4897 retraham

2279 4938 2392 5003 tur,
2427 4937 2684 4992 senarius
2714 4938 3098 5010 relinquetur.
3125 4938 3345 5003 Quibus
3376 4938 3514 4993 item
3548 4935 3593 4990 si
3624 4932 3743 5004 quis
3771 4933 3913 5013 teruaj

2278 5021 2431 5076 rium
2457 5023 2669 5091 demat,
2702 5028 2732 5079 3
2775 5009 3197 5097 relinquentur,
3231 5027 3301 5081 de
3339 5026 3547 5098 quibus
3586 5027 3694 5077 tres
3738 5009 3908 5071 detrahi

2278 5117 2596 5181 nequeunt,
2619 5118 2786 5186 atque
2808 5115 2901 5170 hic
2920 5119 3004 5170 est
3023 5115 3131 5169 sibi
3142 5114 3253 5186 ipsi
3270 5116 3524 5187 aequalis.
3553 5114 3691 5168 Nam
3709 5110 3736 5162 3
3752 5099 3911 5177 quide'

2277 5200 2671 5273 trahebantur,
2704 5219 2887 5277 usque
2913 5206 2985 5260 ad
3016 5205 3337 5261 ternarium
3359 5216 3663 5259 numerum
3681 5202 3910 5282 perte“?

2278 5294 2436 5359 mm:
2471 5306 2503 5345 ³
2536 5307 2669 5362 (Ιυο,
2694 5292 2996 5363 (quoniam
3046 5295 3294 5365 aequales
3325 5298 3477 5362 sunt,
3508 5287 3720 5348 detrahi
3746 5281 3909 5339 minui-

2278 5394 2390 5449 que
2418 5395 2532 5434 non
2560 5385 2855 5452 poterunt.
2888 5384 3023 5451 :Hos
3049 5383 3228 5454 igitur
3259 5377 3780 5438 commensurabiles
3804 5382 3909 5461 ρξο-

2277 5467 2693 5536 nuntiabimus,
2732 5473 2787 5524 et
2817 5474 2902 5525 est
2933 5487 3133 5528 eorum
3158 5470 3259 5544 qui
3290 5476 3376 5526 est
3402 5470 3654 5542 reliquus
3681 5465 3910 5519 tamenus

2280 5571 2552 5613 mensura
2581 5560 2924 5617 communis.
