4104 6176
163 289 304 346 1097

822 422 1043 477 CAPUT
1072 423 1207 477 XIX.

161 514 302 569 Alia
340 514 573 581 partitio
618 514 773 581 paris
818 512 1110 566 secundum
1154 514 1444 581 perfectos,
1518 514 1858 581 imperfectos

663 586 712 637 et
741 585 890 638 ultra
920 600 1083 653 quam
1107 585 1395 653 perfectos.

236 692 316 745 Ac
350 689 418 744 de
441 688 759 760 imparibus
780 690 1056 755 numeris,
1090 695 1373 761 quantum
1421 689 1860 745 introductionis

165 780 543 852 permittebat
567 779 837 845 brevitas,
877 780 1208 850 expeditum
1240 785 1342 833 est.
1378 780 1591 833 Rursus
1648 796 1859 835 nume-

164 884 366 922 rorum
402 868 628 938 parium
678 868 757 921 sic
790 868 853 922 lit
882 869 1131 923 secunda
1160 869 1384 925 divisio.
1417 870 1525 923 Alii
1569 869 1724 922 enim
1757 886 1861 923 eo-

167 972 303 1013 rum
324 963 459 1011 sunt
486 956 785 1028 superﬂui,
804 958 902 1011 alii
932 958 1226 1024 diminuti,
1256 959 1567 1012 secundum
1589 965 1860 1028 utrasque

164 1046 538 1101 habitudines
562 1047 985 1117 inaaqualitatis.
1022 1047 1217 1101 Omnis
1239 1049 1453 1117 quippe
1472 1047 1856 1117 inaequalitas,

165 1138 371 1189 autin
440 1136 774 1205 majoribus,
835 1136 1019 1190 autin
1068 1136 1387 1190 minoribus
1442 1136 1855 1190 consideratur.

164 1224 256 1278 Illi
293 1226 444 1279 enim
468 1225 845 1279 immoderata
874 1226 1300 1296 quodammodo
1328 1224 1705 1296 plenitudine,
1731 1242 1861 1294 pro-

161 1315 281 1384 prii
311 1315 565 1385 corporis
599 1315 858 1379 modum,
892 1314 1143 1385 partium
1175 1330 1410 1367 suarum
1453 1314 1860 1368 numerositate

163 1404 523 1475 praecedunt.
558 1404 685 1457 Illos
708 1408 901 1457 autem
933 1403 1110 1458 veluti
1140 1409 1479 1474 paupertate
1514 1404 1715 1473 inopes
1757 1420 1857 1474 op-

164 1509 527 1564 pressosque,
563 1494 812 1563 quadam
848 1498 1068 1547 natura:
1089 1510 1207 1546 sum
1238 1493 1452 1563 inopia,
1471 1492 1659 1547 minor
1689 1509 1863 1563 quam

164 1583 285 1653 ipsi
316 1588 448 1636 sunt
478 1582 728 1653 partium
750 1598 977 1635 summa
995 1582 1306 1652 componit,
1328 1587 1498 1652 atque
1522 1582 1606 1635 illi
1628 1582 1863 1652 quidem

164 1689 421 1743 quorum
454 1678 643 1744 partes
671 1673 823 1726 ultra
849 1688 1023 1744 quam
1058 1673 1191 1725 satis
1231 1676 1314 1725 est
1344 1688 1463 1725 sese
1482 1676 1864 1741 porrexerunt

164 1761 452 1832 superﬂui
509 1762 904 1827 nominantur,
950 1767 1014 1814 ut
1053 1766 1189 1813 sunt
1222 1763 1285 1814 12
1337 1762 1421 1814 vel
1450 1762 1538 1814 24.
1592 1759 1658 1813 Hi
1708 1759 1863 1813 enim

167 1851 292 1904 suis
313 1850 570 1921 partibus
598 1850 933 1921 comparati,
980 1850 1257 1919 majorem
1296 1850 1549 1920 partium
1580 1865 1865 1902 summam

167 1944 295 1993 toto
319 1953 553 2009 corpore
586 1938 923 1993 sortiuntur.
962 1939 1055 1992 Est
1084 1938 1238 1991 enim
1271 1938 1612 1992 duodenarii
1646 1936 1865 1992 medie-

169 2034 257 2083 tas
280 2031 492 2099 6,pars
532 2028 702 2081 tertia
757 2028 809 2094 4,
845 2043 976 2097 pars
1048 2030 1252 2097 quarta
1305 2029 1357 2092 3,
1390 2042 1520 2096 pars
1577 2029 1754 2091 sexta,
1810 2027 1865 2091 2,

165 2134 307 2188 pars
332 2116 667 2172 duodecima
698 2120 717 2170 1
748 2120 850 2170 est.
886 2116 1200 2187 Omnisque
1230 2116 1323 2170 hic
1354 2115 1617 2169 cumulus
1652 2115 1865 2169 redun-

168 2208 270 2262 dat
296 2208 356 2261 in
392 2210 473 2273 16,
513 2212 570 2261 et
599 2206 778 2261 totius
830 2205 1089 2276 corporis
1142 2206 1230 2259 sui
1281 2205 1711 2259 multitudinem
1746 2204 1868 2257 vin-

169 2302 335 2351 cunt.
395 2297 610 2350 Rursus
665 2296 735 2350 24
776 2295 1004 2349 numeri
1058 2294 1333 2348 medietas
1391 2299 1475 2348 est
1508 2297 1589 2362 12,
1622 2294 1789 2347 tertia
1816 2295 1867 2360 8,

172 2392 386 2458 quarta
414 2387 467 2451 6,
501 2391 658 2439 sexta
688 2387 741 2451 4,
774 2389 967 2440 octava
1008 2387 1059 2450 3,
1109 2382 1449 2438 duodecima
1495 2386 1549 2447 2,
1607 2381 1874 2435 vicesima

174 2480 388 2546 quarta
424 2479 473 2543 1,
505 2474 605 2544 qui
638 2489 837 2527 omnes
897 2472 1136 2542 triginta
1166 2476 1222 2525 et
1252 2488 1348 2526 sex
1403 2471 1743 2541 rependunt.
1809 2470 1873 2523 In

173 2580 359 2636 quare
416 2564 781 2617 manifestum
824 2567 909 2616 est
940 2561 1094 2632 quod
1118 2576 1344 2614 summa
1387 2559 1638 2630 partium
1690 2559 1875 2629 major

174 2660 283 2718 est,
339 2655 397 2708 et
426 2668 599 2722 supra
647 2651 948 2722 proprium
989 2666 1198 2720 corpus
1231 2644 1497 2704 exundat.
1540 2652 1725 2719 Atque
1784 2648 1877 2701 hic

174 2742 417 2813 quidem
448 2740 719 2811 quoniam
770 2738 1101 2809 composita:
1143 2743 1334 2808 partes
1365 2738 1534 2792 totius
1592 2752 1877 2791 summam

178 2830 412 2885 numeri
458 2830 713 2894 vincunt,
765 2828 1086 2898 superﬂuus
1142 2827 1480 2898 appellatur.
1553 2827 1879 2881 Diminutus

177 2936 313 2975 vero
343 2919 461 2984 ille,
493 2918 654 2986 cujus
677 2917 880 2971 eodem
904 2916 1073 2970 modo
1110 2917 1443 2986 compositae
1475 2922 1665 2987 partes
1704 2916 1879 2970 totius

174 3008 420 3063 termini
453 3006 819 3060 multitudine
860 3011 1229 3076 superantur,
1281 3011 1343 3059 ut
1371 3009 1401 3059 8
1437 3006 1524 3059 vel
1585 3006 1650 3059 9:
1708 3006 1881 3059 habet

179 3100 337 3153 enim
374 3097 703 3151 octonarius
738 3100 959 3167 partem
1002 3095 1273 3162 mediam,
1299 3095 1355 3149 id
1386 3101 1468 3149 est
1495 3097 1554 3163 4;
1606 3095 1777 3149 habet
1824 3100 1881 3148 et

180 3194 473 3260 quartam,
507 3186 563 3239 id
595 3191 681 3240 est
710 3186 861 3253 duo;
897 3184 1071 3239 habet
1101 3190 1155 3237 et
1186 3189 1466 3251 octavam,
1494 3185 1549 3238 id
1578 3190 1665 3239 est
1695 3199 1878 3237 unum

179 3295 311 3349 qua:
346 3280 563 3329 cuncta:
591 3275 651 3328 in
700 3290 879 3329 unum
911 3273 1168 3345 {redactae
1192 3278 1221 3327 7
1269 3274 1564 3344 colligunt,
1595 3273 1878 3327 minorem

181 3368 398 3422 scilicet
428 3382 713 3420 summam
759 3371 880 3419 toto
916 3380 1156 3435 corpore
1179 3366 1606 3419 concludentes.
1661 3364 1881 3417 Rursus

190 3459 248 3509 14
282 3456 503 3511 habent
549 3455 934 3520 medietatem,
970 3454 1029 3507 id
1068 3460 1152 3507 est
1190 3454 1611 3523 septenarium;
1668 3452 1883 3507 habent

186 3548 515 3617 septimam,
552 3545 606 3598 id
627 3548 710 3598 est
743 3547 803 3609 2;
838 3543 1049 3597 habent
1070 3547 1334 3613 quartam
1367 3542 1674 3610 decimam,
1709 3542 1767 3595 id
1798 3545 1884 3595 est

194 3640 415 3706 1,.quae
474 3634 535 3687 in
582 3649 764 3687 unum
816 3632 863 3685 si
910 3633 1161 3687 collectae
1212 3632 1343 3699 sint,
1398 3630 1617 3687 denarii
1656 3629 1884 3686 numeri

188 3740 419 3779 summa
449 3722 778 3788 concrescit,
812 3725 928 3776 toto
948 3721 1159 3775 scilicet
1186 3722 1433 3775 termino
1468 3721 1673 3775 minor.
1699 3723 1883 3792 Atque

188 3814 243 3868 hi
276 3813 521 3885 quidem
568 3812 678 3865 hoc
708 3810 877 3865 modo
916 3813 1069 3875 sunt,
1102 3814 1167 3864 ut
1193 3810 1350 3880 prior
1399 3810 1493 3863 ille
1554 3826 1726 3880 quem
1770 3825 1886 3863 sua:

187 3909 381 3975 partes
414 3906 688 3971 superant
719 3900 845 3953 talis
871 3898 1150 3966 videatur,
1186 3904 1465 3969 tanquam
1496 3899 1543 3951 si
1575 3899 1704 3969 quis
1729 3898 1885 3951 mul-

186 3996 255 4048 tis
277 4008 457 4063 super
484 3996 750 4045 naturam
784 3990 1050 4043 manibus
1093 3993 1279 4057 natus,
1309 3994 1371 4043 ut
1400 3988 1759 4044 centimanus
1788 3987 1888 4043 Gi-

191 4100 307 4153 gas,
344 4082 434 4135 vel
466 4080 677 4151 triplici
702 4080 1041 4149 coujunctus
1071 4095 1334 4148 corpore,
1361 4082 1423 4133 ut
1452 4079 1675 4149 Geryon
1706 4082 1889 4148 terge-

192 4173 408 4226 minus.
440 4170 528 4223 vel
576 4168 859 4240 quidquid
918 4184 1172 4238 unquam
1220 4171 1653 4223 moustruosum
1688 4171 1891 4220 natura

194 4262 249 4315 in
280 4258 541 4332 partium
573 4256 1048 4327 multiplicatione
1074 4257 1370 4328 surripuit.
1418 4258 1516 4311 Ille
1547 4273 1679 4311 vero
1726 4260 1790 4310 ut
1845 4255 1890 4308 si

1480 289 1572 343 DE
1610 284 2084 345 ARITHMETICA
2125 286 2256 341 LIB.
2301 288 2344 341 l.

3528 289 3659 341 1098

1898 422 1945 475 A
1973 421 2279 491 septimam
2309 422 2363 484 4,
2393 436 2497 475 nec
2519 424 2671 474 caret
2697 424 2917 491 quarta,
2954 422 3007 475 id
3033 426 3115 475 est
3144 425 3196 489 7,
3220 423 3474 492 possidet
3495 441 3665 495 quar-

1972 515 2090 564 tam
2109 510 2392 564 decimam
2430 512 2482 577 2,
2533 514 2587 564 et
2624 510 2874 580 reperies
2904 511 2965 563 in
3013 528 3079 565 eo
3129 512 3457 567 vicesimam
3510 520 3662 569 octa-

1973 617 2102 654 vam
2142 604 2185 668 1,
2215 616 2343 671 quae
2372 599 2433 653 iu
2465 616 2645 654 unum
2673 601 2934 663 redactae,
2967 606 3150 654 totum
3170 601 3428 670 partibus
3457 618 3665 673 corpus

1972 691 2304 761 aequabunt,
2338 692 2406 744 28
2438 690 2590 745 enim
2606 691 2823 760 junctae
2845 696 3035 760 partes
3068 691 3334 746 el'ticient.

2643 779 2864 833 CAPUT
2896 780 2999 833 XX.

2326 873 2401 924 De
2429 872 2775 937 generatione
2811 873 3024 924 numeri
3057 874 3306 940 perfecti.

2043 961 2135 1013 Est
2165 963 2355 1013 autem
2388 958 2448 1011 in
2479 960 2566 1012 bis
2597 975 2827 1029 quoque
2858 975 3066 1029 magna
3098 958 3413 1015 similitudo
3443 961 3666 1016 virtutis

1969 1053 2025 1102 et
2054 1048 2197 1102 vitii.
2234 1047 2516 1102 Perfectos
2574 1048 2729 1100 enim
2763 1064 3035 1101 numeros
3069 1065 3199 1102 raro
3229 1048 3505 1114 invenies,
3540 1066 3664 1103 eos-

1971 1154 2082 1208 que
2112 1137 2276 1191 facile
2323 1136 2730 1205 numerabiles,
2761 1136 2975 1207 quippe
3028 1138 3129 1207 qui
3189 1139 3354 1208 pauci
3410 1144 3561 1201 sunt,
3612 1144 3669 1193 et

1972 1227 2146 1280 nimis
2172 1226 2453 1280 constanti
2484 1226 2683 1279 ordine
2712 1227 3024 1295 procreati;
3080 1233 3138 1280 at
3169 1243 3303 1281 vero
3344 1228 3664 1298 superﬂuos

1973 1332 2036 1369 ac
2070 1316 2381 1370 diminutos
2408 1315 2579 1385 longe
2610 1316 2821 1369 multos
2853 1315 3225 1387 infinitasque
3258 1318 3527 1386 reperies,
3563 1333 3667 1371 nec

1973 1405 2105 1459 ullis
2135 1405 2433 1458 ordinibus
2480 1406 2692 1474 passim
2742 1405 3184 1476 inordinateque
3217 1406 3547 1476 dispositos,
3609 1412 3665 1460 et

1975 1514 2006 1550 a
2028 1495 2185 1548 nullo
2216 1499 2369 1547 certo
2394 1494 2507 1547 ﬁne
2539 1500 2857 1564 generatos.
2894 1495 3035 1549 Sunt
3063 1501 3257 1549 autem
3288 1496 3521 1565 perfecti
3551 1511 3666 1551 nu-

1976 1582 2143 1649 meri,
2167 1583 2319 1635 intra
2344 1582 2645 1636 denarium
2674 1599 2979 1637 numerum
3012 1586 3063 1650 6,
3096 1583 3249 1637 intra
3267 1585 3665 1639 centenarium

1975 1674 2065 1736 28,
2100 1672 2253 1726 intra
2291 1671 2680 1725 millenarium
2751 1688 3059 1726 numerum
3100 1674 3224 1737 496,
3271 1674 3423 1727 intra
3468 1674 3667 1728 decem

1976 1761 2157 1816 millia
2187 1763 2346 1817 8128.
2393 1762 2457 1815 Et
2500 1776 2725 1831 semper
2753 1762 2814 1814 hi
2874 1762 3105 1815 numeri
3161 1762 3385 1816 duobus
3434 1762 3667 1832 paribus

1976 1850 2362 1905 terminantur
2392 1852 2422 1903 6
2454 1852 2510 1903 et
2535 1853 2588 1919 8,
2613 1855 2669 1902 et
2691 1866 2919 1921 semper
2951 1851 3276 1905 alternatim
3326 1851 3385 1904 in
3416 1852 3521 1905 hos
3552 1868 3667 1905 nu—

1976 1956 2187 2004 meros,
2212 1956 2570 1994 summarum
2591 1939 2735 1993 lines
2776 1940 3136 2009 perveniunt.
3169 1942 3308 1993 Nam
3341 1946 3397 1995 et
3416 1940 3669 2010 primum

1979 2046 2094 2096 sex,
2126 2030 2330 2083 deinde
2366 2032 2453 2083 28.
2488 2031 2617 2083 Post
2647 2028 2751 2081 hos
2780 2031 2904 2095 496,
2938 2029 3089 2082 idem
3123 2029 3382 2083 senarius
3414 2030 3513 2100 qui
3550 2030 3670 2099 pri-

1979 2134 2130 2183 mus,
2162 2124 2292 2187 post
2323 2133 2493 2188 quem
2519 2119 2678 2182 8128,
2705 2117 2859 2171 idem
2892 2118 3214 2171 octonarius
3248 2117 3345 2188 qui
3366 2118 3668 2171 secundus.

1979 2208 2278 2263 Generatio
2322 2210 2516 2260 autem
2567 2206 3003 2277 procreatioque
3048 2222 3249 2260 eorum
3280 2212 3365 2261 est
3412 2207 3522 2260 fixa
3574 2206 3671 2260 fir-

1982 2311 2211 2366 maque,
2264 2311 2366 2348 nec
2405 2310 2518 2365 quo
2565 2295 2676 2348 alio
2721 2295 2889 2349 modo
2931 2295 3055 2349 ﬁeri
3097 2296 3335 2365 possint,
3390 2312 3493 2349 nec
3534 2301 3596 2349 ut
3626 2295 3674 2349 si

1982 2386 2089 2439 hoc
2121 2385 2292 2439 modo
2324 2384 2483 2451 ﬁant,
2506 2383 2661 2438 aliud
2684 2384 2960 2455 quiddam
2990 2386 3107 2439 ullo
3138 2386 3306 2439 modo
3338 2387 3521 2439 valeat
3544 2401 3676 2455 pro-

1983 2474 2182 2529 creari.
2216 2473 2529 2545 Dispositos
2560 2474 2715 2527 enim
2747 2475 2817 2528 ab
2849 2490 2963 2528 uno
2996 2490 3194 2528 omnes
3260 2473 3473 2545 pariter
3512 2490 3676 2545 pares

1984 2580 2255 2619 numeros
2284 2564 2344 2617 in
2360 2564 2624 2618 ordinem
2647 2580 2945 2635 quousque
2964 2564 3232 2631 volueris,
3263 2566 3452 2635 primo
3480 2581 3679 2619 secun-

1985 2655 2122 2709 dum
2154 2654 2511 2724 aggregabis,
2546 2657 2601 2707 et
2622 2653 2668 2706 si
2700 2654 2920 2724 primus
2943 2671 3218 2708 numerus
3242 2659 3299 2707 et
3330 2655 3677 2725 incomposi-

1987 2749 2076 2797 tus
2105 2760 2174 2797 ex
2198 2744 2295 2795 illa
2346 2742 2775 2796 coacervatione
2798 2743 2977 2796 factus
3010 2744 3101 2810 sit,
3154 2748 3337 2797 totam
3390 2760 3677 2798 summam

1988 2832 2048 2885 in
2075 2832 2237 2885 illum
2268 2829 2693 2900 multiplicabis,
2732 2847 2902 2900 quem
2924 2831 3211 2900 posterius
3242 2848 3676 2901 aggregaveras.

1990 2920 2049 2974 Si
2078 2936 2210 2973 vero
2253 2919 2675 2972 coacervatione
2706 2918 2872 2984 facta,
2913 2920 3134 2988 primus
3162 2925 3217 2973 et
3266 2918 3679 2991 incompOsitus

1990 3027 2107 3064 non
2136 3010 2400 3063 inventus
2422 3008 2611 3076 fuerit,
2635 3009 2734 3062 sed
2756 3010 3106 3079 compositus
3127 3010 3494 3076 etsecundus,
3527 3011 3681 3064 hunc

1990 3098 2408 3169 transgredere,
2446 3102 2615 3168 atque
2662 3098 2836 3151 alium
2871 3097 2970 3168 qui
3012 3098 3272 3168 sequitur
3323 3099 3679 3170 aggregabis.

1988 3188 2047 3242 Si
2077 3204 2209 3241 vero
2242 3187 2485 3241 necdum
2514 3185 2927 3256 fueritprimus
2958 3190 3015 3241 et
3041 3187 3472 3257 incompositus,
3502 3188 3679 3241 alium

1990 3292 2185 3329 rursus
2238 3277 2509 3345 adjunge,
2543 3282 2599 3328 et
2629 3275 2755 3329 vide
2786 3276 2924 3346 quid
2950 3275 3067 3329 ﬁat.
3124 3276 3290 3340 Quod
3345 3276 3392 3329 si
3419 3277 3675 3347 primum

1990 3365 2551 3435 incompositumque
2583 3364 2854 3433 reperies,
2890 3369 3025 3418 tunc
3055 3364 3115 3418 in
3146 3365 3364 3419 ultima:
3422 3365 3681 3419 multitu-

1994 3454 2188 3509 dinem
2219 3470 2461 3507 summee
2488 3454 2978 3507 coacervationem
3014 3453 3442 3524 multiplicabis.
3476 3454 3685 3524 Dispo-

1994 3548 2203 3599 nantur
2234 3544 2388 3596 enim
2410 3559 2609 3597 omnes
2635 3542 3027 3614 pariterpares
3053 3544 3300 3611 numeri,
3334 3544 3440 3598 hoc
3472 3545 3643 3598 modo
3667 3560 3681 3598 :

2002 3638 2047 3699 1,
2079 3636 2133 3693 2,
2166 3633 2219 3699 4,
2256 3636 2307 3699 8,
2345 3635 2427 3698 16,
2482 3636 2569 3698 32,
2606 3634 2693 3699 64,
2756 3636 2873 3686 128.
2942 3632 3130 3686 Facies
3160 3649 3294 3703 ergo
3326 3634 3405 3687 ita
3437 3649 3449 3687 :
3507 3650 3686 3704 pones

1999 3727 2046 3789 1,
2080 3722 2248 3792 eique
2269 3721 2692 3792 aggregabis2;
2745 3726 2881 3774 tunc
2920 3721 3186 3791 respicies
3227 3738 3292 3775 ex
3328 3722 3434 3776 hac
3484 3739 3686 3793 aggre-

1996 3812 2225 3883 gatione
2247 3812 2346 3881 qui
2376 3825 2651 3863 numerus
2682 3809 2862 3863 factus
2888 3808 2962 3863 sit
2994 3826 3008 3863 :
3037 3815 3171 3864 sunt
3221 3813 3272 3879 3,
3316 3810 3415 3882 qui
3474 3812 3689 3867 scilicet

1996 3903 2218 3972 primus
2251 3904 2306 3952 et
2345 3899 2761 3967 incompositus
2804 3904 2908 3963 est,
2954 3903 3009 3952 et
3038 3903 3169 3969 post
3232 3900 3513 3955 unitatem
3554 3902 3690 3955 ulti-

1997 4006 2159 4044 mum
2184 3988 2473 4041 binarium
2506 4003 2814 4041 numerum
2832 4003 3265 4057 aggregaveras.
3294 3989 3351 4043 Si
3374 3990 3552 4059 igitur
3580 3994 3691 4043 ter-

2000 4078 2247 4145 narium,
2294 4078 2350 4131 id
2380 4082 2464 4130 est
2507 4077 2605 4147 qui
2657 4093 2725 4131 ex
2783 4076 3206 4132 coacervatione
3256 4079 3523 4132 collectus
3582 4084 3689 4144 est,

2000 4184 2103 4239 per
2133 4166 2423 4221 binarium
2457 4165 2823 4236 multiplices,
2849 4165 2945 4236 qui
2963 4171 3047 4220 est
3068 4166 3306 4220 ultimus
3324 4172 3689 4238 aggregatus,

2002 4256 2283 4329 perfectus
2315 4255 2435 4309 sine
2459 4256 2574 4308 ulla
2602 4255 2957 4309 dubitatione
2999 4260 3282 4309 nascetur.
3342 4256 3435 4310 Bis
3465 4256 3618 4311 enim
3661 4261 3692 4311 3

199 4349 540 4404 naturaliter
571 4347 820 4417 quadam
867 4346 1186 4400 necessaria
1237 4352 1397 4416 parte
1456 4347 1727 4413 detracta,
1796 4349 1894 4399 aut
1931 4355 1973 4408 Ι)
2001 4346 2215 4401 faciunt
2235 4347 2288 4410 6,
2322 4344 2419 4415 qui
2452 4345 2666 4399 habent
2691 4360 2866 4398 unam
2896 4344 3132 4415 quidem
3181 4362 3212 4399 a
3264 4362 3322 4400 se
3356 4346 3693 4400 denomina-

204 4440 400 4493 minus
432 4437 598 4491 oculo
629 4439 977 4503 nasceretur,
1014 4441 1077 4489 ut
1109 4434 1365 4505 Cyclopa:
1396 4435 1602 4489 frontis
1650 4434 1897 4489 dedecus

204 4529 327 4596 fuit,
363 4528 453 4580 vel
486 4542 599 4598 quo
650 4526 763 4579 alio
804 4529 1056 4579 curtatus
1109 4524 1391 4592 membro,
1422 4524 1680 4577 naturale
1724 4524 1898 4577 totius

208 4634 321 4671 sua:
356 4614 731 4687 plenitudinis
752 4614 1117 4685 dispendium
1150 4613 1469 4667 sortiretur.
1490 4614 1644 4666 Inter
1672 4612 1773 4666 hos
1803 4629 1899 4667 au-

205 4713 340 4773 tem,
374 4706 531 4759 velut
564 4704 715 4757 inter
744 4704 999 4773 aequales
1024 4702 1521 4773 intemperantias,
1540 4701 1715 4755 medii
1750 4706 1898 4755 tem-

205 4798 608 4867 peramentum
641 4794 843 4848 limitis
874 4791 1107 4847 sortitus
1129 4793 1322 4847 estille
1350 4807 1624 4845 numeros
1651 4790 1750 4861 qui
1780 4806 1902 4861 per-

203 4885 384 4941 fectus
442 4883 668 4951 dicitur,
728 4882 948 4937 virtutis
1007 4882 1222 4936 scilicet
1263 4880 1582 4947 temulator,
1644 4880 1743 4951 qui
1798 4896 1902 4933 nec

204 4990 557 5047 supervacua
606 4972 1009 5045 progressione
1061 4970 1397 5042 porrigitur,
1455 4986 1559 5024 nec
1613 4973 1903 5023 contracta

204 5080 404 5119 rursus
453 5063 839 5117 diminutione
880 5060 1212 5127 remittitur,
1271 5060 1367 5113 sed
1398 5058 1716 5113 medietatis
1748 5057 1902 5111 obti-

202 5169 340 5208 nens
374 5152 714 5221 terminum,
747 5152 863 5206 suis
904 5167 1105 5222 zequus
1148 5148 1427 5219 partibus,
1458 5164 1561 5202 nec
1619 5152 1905 5200 crassatur

205 5242 577 5309 abundantia,
631 5258 737 5296 nec
768 5246 898 5312 eget
924 5240 1138 5310 inopia,
1169 5243 1233 5294 ut
1260 5253 1353 5291 sex
1386 5238 1471 5291 vel
1521 5239 1608 5291 28.
1645 5236 1903 5307 Namque

203 5331 462 5385 senarius
497 5331 667 5386 habet
690 5335 915 5402 partem
938 5330 1209 5394 mediam,
1242 5327 1297 5381 id
1342 5332 1428 5380 est
1460 5328 1510 5392 3,
1546 5330 1603 5379 et
1646 5324 1901 5389 tertiam,

206 5418 259 5473 id
289 5427 379 5475 est
409 5423 463 5485 2,
499 5426 554 5475 et
575 5426 813 5489 sextam,
848 5420 904 5474 id
936 5422 1021 5473 est
1054 5422 1104 5483 1,
1136 5432 1265 5488 quae
1295 5416 1353 5469 iu
1396 5431 1573 5469 unam
1617 5429 1903 5468 summam

210 5509 252 5561 si
270 5511 523 5565 redacta:
551 5511 686 5577 sint,
722 5525 827 5581 par
858 5513 1043 5563 totum
1069 5505 1297 5561 numeri
1336 5521 1540 5577 corpus
1570 5503 1688 5557 suis
1720 5502 1902 5573 parti-

213 5597 315 5654 bus
377 5600 688 5655 invenitur.
736 5602 807 5653 28
858 5614 993 5653 vero
1045 5596 1221 5652 habet
1270 5594 1635 5650 medietatem
1709 5594 1791 5662 14,
1851 5596 1908 5647 et

596 5699 874 5765 PATBOL.
927 5697 1151 5764 LXIII.

2006 4440 2121 4489 tam
2154 4441 2395 4505 partem,
2443 4434 2500 4488 id
2550 4440 2634 4488 est
2683 4440 2922 4499 sextam,
2973 4439 3088 4489 tres
3130 4451 3265 4489 vero
3332 4436 3696 4490 medietatem

2006 4525 2321 4579 secundum
2353 4524 2710 4592 dualitatem,
2744 4529 2802 4581 at
2832 4541 2964 4579 vero
2998 4525 3109 4579 duo
3141 4526 3454 4579 secundum
3476 4541 3700 4580 coacer-

2006 4614 2312 4678 vationem,
2348 4614 2401 4668 id
2434 4618 2520 4668 est
2544 4615 2858 4668 secundum
2888 4614 3229 4681 ternarium,
3267 4615 3543 4685 quoniam
3572 4632 3698 4670 coa~

2006 4701 2215 4756 cervati
2268 4707 2403 4767 tres,
2464 4702 2830 4773 multiplicati
2867 4708 3019 4757 sunt.
3076 4702 3291 4773 Viginti
3347 4708 3475 4758 octo
3502 4711 3698 4761 autem

2009 4791 2212 4845 eodem
2244 4791 2411 4845 modo
2434 4796 2767 4845 nascuntur-
2799 4791 2857 4845 Si
2892 4792 3049 4845 enim
3080 4808 3252 4863 super
3271 4809 3452 4847 unum
3485 4797 3541 4848 et
3563 4794 3700 4864 duo,

2009 4879 2109 4951 qui
2149 4884 2279 4934 sunt
2309 4883 2444 4946 tres,
2480 4879 2654 4934 addas
2686 4884 3023 4949 sequentem
3055 4881 3272 4951 pariter
3293 4898 3512 4952 parem,
3539 4882 3597 4938 id
3618 4888 3702 4938 est

2008 4971 2064 5038 4,
2097 4968 2477 5040 septenariam
2511 4984 2797 5022 summam
2832 4968 3035 5036 facies;
3071 4970 3172 5024 sed
3202 4971 3472 5026 ultimum
3499 4989 3702 5027 nume-

2013 5075 2138 5113 rum
2158 5059 3375 5129 quaternariumconsequenteradjunxeras
3392 5082 3406 5129 ;
3426 5077 3532 5132 per
3553 5062 3704 5115 hunc

2010 5146 2186 5217 igitur
2211 5148 2257 5200 si
2288 5146 2445 5201 illam
2492 5148 2982 5201 coacervationem
3033 5149 3525 5221 multiplicaveris,
3575 5164 3705 5219 per-

2009 5234 2189 5289 fectus
2226 5251 2499 5289 numerus
2532 5239 2885 5305 procreatur.
2920 5236 3141 5307 Septies
3168 5237 3323 5292 enim
3369 5237 3421 5303 4,
3453 5239 3521 5289 28
3571 5238 3705 5290 sunt

2012 5324 2111 5395 qui
2144 5330 2228 5377 est
2249 5324 2363 5377 suis
2392 5324 2653 5394 partibus
2680 5340 2805 5393 par,
2837 5325 3051 5380 habens
3074 5342 3255 5379 unum
3289 5342 3321 5377 a
3359 5340 3418 5377 se
3446 5322 3707 5378 denomi-

2012 5418 2230 5478 uatum,
2263 5412 2319 5466 id
2348 5417 2432 5465 est
2465 5412 2807 5483 vigesimum
2843 5420 3143 5481 octavum;
3176 5412 3537 5466 medietatem
3570 5430 3704 5469 vero

2013 5501 2330 5556 secundum
2360 5500 2651 5556 binarium
2688 5504 2771 5568 14,
2805 5504 3120 5557 secundum
3162 5501 3600 5571 quaternarium
3652 5509 3705 5573 7,

2014 5590 2321 5663 septimam
2349 5607 2481 5647 vero
2526 5591 2840 5647 secundum
2871 5588 3263 5662 septenarium
3303 5590 3357 5659 4,
3390 5594 3709 5650 secundum

3274 5696 3357 5755 35
