4104 6176
466 267 598 320 1099
1788 260 1905 315 ΑΝ.
1947 259 2156 314 MANL.

461 397 718 452 omnium
748 392 1163 460 collectionem,
1195 395 1465 463 quartum
1513 390 1820 459 decimum,
1852 391 1989 457 duo,
2048 390 2147 461 qui
2183 395 2230 447 A

461 487 733 541 vocabulo
764 482 1084 537 medietatis
1114 481 1442 552 opponitur.
1490 482 1637 551 Ergo
1668 497 1798 534 cum
1849 480 1907 534 lii
1937 481 2150 550 reperti

460 578 591 642 sint,
623 574 667 628 si
698 572 1108 628 aliosinvenire
1138 571 1389 637 secteris,
1424 571 1624 624 eadem
1659 576 1886 641 oportet
1924 571 2150 625 ratione

459 673 515 721 ut
550 666 809 735 vestiges.
853 665 1034 716 Ponas
1062 662 1217 715 enim
1260 677 1441 715 unum
1485 660 1698 728 licebit,
1732 666 1789 714 et
1817 665 1945 729 post
1997 660 2150 713 hunc

457 759 567 809 2et
594 757 642 822 4,
669 754 767 825 qui
798 753 858 806 in
898 752 1289 823 septenarium
1341 751 1728 815 cumulantur,
1782 750 1881 803 sed
1930 749 1999 803 de
2046 749 2152 802 hoc

459 846 676 900 dudum
708 842 921 897 exstitit
942 845 1008 895 28
1040 841 1324 911 perfectus
1353 856 1647 893 numerus.
1679 839 1831 909 .lluic
1852 839 2030 909 igitur
2052 839 2152 909 qui

458 935 714 1005 sequitur
743 932 959 1004 pariter
988 946 1110 1002 par,
1143 930 1198 984 id
1227 934 1311 983 est
1349 932 1399 997 8,
1430 928 1727 983 continens
1755 928 2035 999 jungatur
2060 944 2151 981 ac-

457 1024 655 1088 cessio,
690 1023 789 1094 qui
818 1021 1112 1092 prioribus
1150 1019 1580 1089 superveniens,
1620 1022 1677 1071 15
1736 1018 2006 1072 restituit.
2042 1017 2149 1095 Sed

460 1115 548 1168 hic
577 1112 796 1184 primus
809 1117 866 1165 et
893 1109 1306 1180 incompositus
1330 1124 1447 1161 non
1470 1113 1571 1162 est.
1604 1108 1785 1162 Habet
1806 1107 1959 1161 enim
1982 1123 2151 1178 gene-

457 1204 535 1257 ris
565 1202 798 1257 alterius
829 1206 1050 1272 partem
1079 1215 1251 1269 super
1281 1199 1459 1265 illam,
1494 1214 1621 1268 quze
1662 1202 1745 1251 est
1773 1213 1805 1250 a
1844 1197 2151 1267 semetipsa

456 1293 845 1359 denominata,
897 1289 1161 1361 quintam
1214 1288 1520 1355 decimam,
1572 1287 1787 1340 scilicet
1839 1287 2145 1340 unitatem.

457 1384 617 1437 Hunc
647 1382 842 1452 igitur,
874 1379 1149 1450 quoniam
1175 1378 1457 1431 secundus
1487 1382 1571 1430 est
1601 1376 1953 1445 compositus
1992 1391 2145 1444 pree-

456 1472 649 1540 terito,
682 1474 736 1523 et
776 1469 1025 1538 adjunge
1054 1466 1445 1537 superioribus
1487 1465 1880 1518 continentem
1934 1464 2150 1534 pariter

456 1577 655 1632 parem
703 1573 1033 1622 numerum,
1084 1556 1144 1610 id
1203 1561 1286 1609 est
1336 1558 1419 1609 16.
1472 1554 1579 1618 Qui
1627 1570 1757 1607 cum
1812 1556 1874 1606 l5
1915 1554 2149 1621 junctus

456 1666 639 1704 unum
669 1664 730 1701 ac
753 1645 1119 1717 30'conﬁciet.
1153 1644 1259 1698 Sed
1284 1643 1379 1697 hic
1408 1642 1627 1713 primus
1654 1658 1851 1696 rursus
1871 1642 2151 1695 etincom-

458 1739 676 1809 positus
716 1739 813 1791 est.
845 1737 1004 1789 Hunc
1026 1734 1205 1804 igitur
1243 1748 1373 1785 cum
1404 1731 1647 1785 extremi
1679 1731 1974 1802 sggregati
1996 1746 2150 1785 sum-

457 1844 552 1882 ma
588 1824 922 1895 multiplica,
955 1827 1015 1875 ut
1040 1823 1183 1876 tiant
1212 1820 1561 1889 sedeciesBl,
1596 1820 1695 1890 qui
1722 1821 1824 1872 496
1842 1820 2145 1891 explicant.

458 1919 590 1972 Haec
622 1918 816 1969 autem
839 1916 921 1967 est
947 1911 1098 1965 intra
1124 1908 1513 1964 millenarinm
1542 1925 1849 1964 numerum
1875 1908 2147 1980 perfecta,

460 2012 517 2061 et
548 2005 663 2060 suis
694 2002 955 2074 partibus
985 2016 1152 2071 mqua
1174 1998 1577 2053 numerositas.
1603 1998 1785 2069 Igitur
1813 1998 2001 2069 prima
2028 1998 2152 2051 uni-

456 2102 544 2151 tas
562 2096 771 2151 virtute
800 2096 972 2163 atque
1003 2089 1279 2161 potentia,
1314 2105 1429 2143 non
1461 2088 1634 2143 etiam
1663 2093 1795 2142 actu
1856 2088 1947 2142 vel
1979 2104 2060 2155 re,
2095 2091 2151 2141 et

455 2187 580 2258 ipsa
610 2184 864 2254 perfecta
894 2184 994 2235 est.
1035 2180 1176 2234 Nam
1204 2178 1249 2232 si
1280 2178 1526 2250 primam
1558 2179 1741 2249 ipsam
1762 2193 2060 2248 sumpsero
2080 2178 2149 2231 de

456 2272 754 2346 proposito
788 2270 986 2325 ordine
1013 2267 1618 2335 numerorumhvideo
1668 2267 1914 2337 primam
1979 2270 2149 2337 atque

457 2360 918 2431 incompositam,
952 2375 1126 2430 quam
1160 2358 1205 2411 si
1237 2373 1340 2427 per
1371 2357 1620 2427 seipsam
1650 2356 1991 2427 multiplico,
2054 2372 2149 2410 ea-

460 2454 590 2507 dem
622 2450 765 2503 mihi
795 2447 983 2501 unitas
1014 2450 1368 2516 procreatur.
1393 2445 1752 2499 Semelenim
1773 2460 1953 2499 unum
1969 2444 2148 2498 solam

457 2539 631 2594 efﬁcit
660 2540 959 2600 unitatem,
990 2552 1116 2607 qua}
1142 2534 1403 2605 partibus
1430 2534 1545 2587 suis
1575 2534 1813 2605 aequalis
1835 2538 1919 2587 est
1947 2538 2148 2603 poten-

458 2628 537 2681 tia
564 2627 775 2694 solum,
816 2626 1035 2679 cmteris
1065 2624 1239 2679 etiam
1271 2630 1399 2677 actu
1427 2630 1598 2695 atque
1631 2640 1805 2693 opere
1866 2624 2149 2694 perfectis.

457 2719 627 2772 Recte
658 2716 835 2786 igitur
875 2715 1062 2768 unitas
1092 2714 1325 2784 propria
1363 2712 1573 2767 virtute
1601 2713 1852 2783 perfecta
1875 2714 2145 2783 est,quod

458 2814 513 2863 et
544 2806 731 2878 prima
761 2810 845 2859 est
875 2809 930 2858 et
960 2803 1360 2874 incomposita,
1392 2807 1447 2856 et
1476 2820 1579 2873 per
1607 2803 1852 2873 seipsam
1877 2803 2152 2873 multipli-

457 2903 580 2952 cata
604 2895 870 2966 seseipsa
909 2892 1375 2949 conservat..Sed
1416 2893 1692 2963 quoniam
1742 2893 1811 2946 de
1844 2908 1911 2945 ea
1963 2909 2148 2963 quan-

2199 260 2346 315 ssv.
2392 259 2615 315 BOETII
3772 268 3877 327 τωο

2897 389 3123 445 CAPUT
3163 390 3313 444 XXII.

2404 498 2765 568 Dezspeciebus
2794 498 3023 566 majoris
3048 499 3439 562 inmqualitatis
3459 502 3505 551 et
3522 498 3740 554 minoris.

2332 604 2560 675 Majoris
2607 621 2741 658 vero
2789 603 3195 675 inmqualitatis
3257 605 3508 675 quinque
3544 611 3713 675 partes
3758 615 3877 663 sunt.

2262 696 2354 750 Est
2382 694 2535 748 enim
2570 710 2685 747 una
2716 710 2844 765 quae
2874 700 3112 747 vocatur
3147 694 3467 763 multiplex,
3493 694 3598 748 alia
3630 711 3881 767 superpar-

2260 783 2536 849 ticularis,
2568 783 2738 837 tertia
2795 783 3246 853 superpartiens,
3282 789 3481 854 quarta
3510 785 3781 854 multiplex
3820 804 3885 840 su-

2261 872 2746 944 perparticularis,
2779 873 2979 943 quinta
3026 873 3322 943 multiplex
3350 874 3772 944 superpartiens.
3815 876 3885 931 liis

2260 960 2438 1032 igitur
2468 960 2723 1031 quinque
2745 958 2979 1030 majoris
3005 961 3282 1030 partibus,
3330 962 3601 1032 opposita:
3638 968 3756 1016 sunt
3795 965 3886 1018 alia:

2260 1051 2516 1121 quinque
2546 1054 2738 1120 partes
2770 1050 3027 1115 minoris,
3048 1050 3535 1120 quemadmodum
3554 1051 3728 1121 ipsum
3747 1051 3886 1121 majus

2258 1140 2474 1193 minori
2504 1155 2730 1209 semper
2759 1139 3092 1209 opponitur,
3138 1155 3263 1209 quas
3300 1140 3537 1193 minoris
3567 1141 3775 1210 species,
3830 1141 3885 1193 ita

2260 1228 2598 1299 singillatim
2620 1228 2915 1299 speciebus
2946 1226 3203 1299 quinque
3222 1228 3453 1298 majoris
3472 1227 3558 1282 his
3587 1244 3703 1299 quae
3731 1244 3885 1299 supra-

2260 1318 2424 1372 dicta:
2441 1322 2573 1371 sunt
2614 1322 3009 1388 opponuntur,
3043 1322 3104 1371 ut
3163 1317 3378 1372 eisdem
3423 1318 3740 1372 nominibus
3779 1335 3885 1371 nun-

2259 1412 2563 1479 cupentur,
2598 1407 2719 1460 sola
2764 1411 2991 1460 tantum
3034 1406 3140 1461 sub
3190 1406 3597 1477 praepositione
3647 1406 3884 1473 distantes,

2258 1497 2475 1551 Dicitur
2505 1496 2661 1551 enim
2684 1496 3110 1567 submultiplex,
3135 1495 3888 1567 subsuperparticularis,sub—

2259 1584 2705 1654 superpartiens,
2788 1584 3090 1655 multiplex
3150 1584 3788 1656 subsuperparticularis,
3847 1590 3885 1637 et

2190 1670 2230 1723 Β
2264 1674 2563 1745 multiplex
2596 1673 2878 1744 subsuper
2904 1673 3180 1743 partiens.

2878 1781 3104 1836 CAPUT
3136 1781 3318 1836 XXIII.

2328 1890 2403 1942 De
2455 1886 2755 1958 multiplici
2813 1887 3036 1957 ejusque
3089 1888 3384 1956 speciebus,
3439 1902 3718 1958 earumque
3768 1903 3883 1955 gene-

2935 1977 3264 2031 rationibus.

2328 2083 2545 2138 Rursus
2574 2083 2879 2154 multiplex
2910 2088 2997 2137 est
3020 2084 3205 2155 prima
3234 2100 3367 2155 pars
3393 2084 3626 2155 majoris
3649 2084 3886 2155 inaequali.

2256 2172 2413 2242 tatis,
2442 2172 2661 2227 cunctis
2682 2173 2806 2227 aliis
2818 2173 3112 2245 antiquior
3138 2178 3458 2245 naturaque
3483 2174 3825 2246 praestantior,
3843 2178 3888 2227 ut

2255 2263 2429 2333 paulo
2458 2268 2590 2333 post
2619 2262 3161 2318 demonstrabimus.
3196 2264 3293 2318 Hic
3317 2268 3513 2319 autem
3542 2280 3788 2319 numerus
3804 2264 3887 2317 hu-

2255 2351 2505 2422 jusmodi
2535 2356 2640 2422 est,
2668 2358 2733 2407 ut
2770 2356 3133 2424 comparatus
3165 2370 3298 2408 cum
3332 2354 3534 2423 altero,
3568 2352 3718 2407 illum
3738 2357 3886 2407 contra

2256 2458 2429 2513 quem
2459 2446 2821 2513 comparatus
2846 2448 2950 2509 est,
2974 2443 3182 2498 habeat
3211 2444 3340 2514 plus
3360 2460 3537 2514 quam
3559 2445 3737 2499 semel.
3768 2442 3888 2507 Quod

2255 2532 2512 2602 primum
2552 2532 2612 2586 in
2642 2533 2921 2587 naturalis
2954 2533 3181 2587 numeri
3220 2533 3593 2604 dispositione
3626 2532 3885 2589 conveniet.

2258 2637 2507 2692 namque
2538 2621 2609 2675 ad
2629 2637 2811 2675 unum
2851 2621 3039 2676 cuncti
3070 2622 3169 2693 qui
3194 2628 3538 2693 sequuntur,
3571 2623 3801 2677 omnium
3822 2637 3885 2675 or-

2259 2712 2393 2766 dine
2444 2711 2854 2781 multiplicium
2922 2712 3247 2783 sequentias
3296 2712 3705 2783 varietatesque
3750 2714 3888 2764 custo-

2256 2801 2437 2854 diunt.
2460 2800 2546 2854 Ad
2579 2800 2834 2870 primum
2878 2800 3055 2862 enim,
3085 2800 3143 2855 id
3174 2805 3257 2855 est
3287 2801 3588 2868 unitatem,
3619 2803 3650 2854 2
3706 2799 3885 2868 duplus,

2260 2892 2293 2943 3
2322 2889 2550 2959 triplus,
2584 2890 2617 2943 4
2649 2890 3217 2961 quadrnplus,atque
3238 2889 3315 2943 ita
3338 2890 3395 2944 in
3421 2891 3677 2945 ordinem
3710 2902 3887 2959 progre-

454 2990 613 3043 titate
653 3002 781 3057 quas
805 3001 906 3055 per
937 3000 993 3039 se
1044 2984 1114 3037 sit
1144 2984 1361 3037 dictum
1388 2988 1491 3051 est,
1545 2981 1734 3052 operis
1781 2982 2144 3052 sequentiam
2184 2980 2223 3035 C
2254 2978 2494 3046 dientes,
2559 2995 2757 3033 omnes
2837 2984 3111 3033 texuntur
3169 2978 3521 3050 multiplices
3579 2979 3883 3051 quantitates.

456 3079 527 3134 ad
551 3078 705 3132 illam
728 3091 856 3148 quae
876 3074 1122 3129 refertur
1140 3073 1208 3127 ad
1232 3073 1450 3143 aliquid
1479 3072 1907 3127 transferamus.

1111 3198 1338 3252 CAPUT
1369 3198 1495 3251 XXI.

804 3313 877 3364 De
906 3309 1082 3363 relata
1111 3306 1184 3360 ad
1210 3304 1427 3375 aliquid
1468 3305 1799 3373 quantitate.

525 3436 607 3490 Ad
638 3433 852 3504 aliquid
890 3448 1018 3485 vero
1050 3430 1406 3500 quantitatis,
1439 3429 1645 3499 duplex
1680 3434 1765 3482 est
1795 3428 1981 3498 prima
2003 3427 2145 3480 divi-

456 3526 559 3579 sio.
599 3526 778 3578 Omne
799 3520 972 3587 enim,
1016 3524 1115 3571 aut
1143 3518 1359 3587 aequale
1383 3522 1484 3582 est,
1518 3517 1939 3587 autinazquale,
1971 3516 2149 3585 quid-

458 3613 594 3685 quid
610 3609 840 3664 alterius
854 3606 1285 3676 comparatione
1306 3605 1556 3658 metitur.
1585 3605 1649 3656 Et
1680 3605 1899 3674 aequale
1914 3603 2147 3673 quidem

459 3700 734 3771 est,jquod
748 3698 817 3751 ad
840 3696 1059 3765 aliquid
1081 3698 1498 3764 comparatum,
1533 3709 1719 3764 neque
1751 3694 1972 3747 minore
2000 3710 2148 3747 sum-

458 3808 550 3844 ma
580 3790 728 3843 infra
760 3791 861 3853 est,
906 3801 1093 3856 neque
1126 3784 1341 3852 majore
1367 3783 1810 3853 transgreditur,
1856 3788 1922 3837 ut
1972 3782 2145 3836 dena-

458 3880 574 3932 rius
597 3876 856 3942 denario,
892 3875 977 3927 vel
1007 3874 1293 3927 ternarias
1322 3872 1595 3937 ternario,
1630 3872 1717 3925 vel
1744 3872 2000 3925 cubitum
2043 3889 2143 3925 cu-

454 3968 599 4033 bito,
628 3967 714 4021 vel
742 3980 844 4035 pes
889 3963 1041 4033 pedi,
1073 3964 1143 4030 ;et
1192 3960 1279 4014 his
1328 3960 1558 4016 similia.
1608 3962 1735 4014 Haec
1777 3965 1967 4014 autem
2016 3977 2147 4031 pars

455 4059 650 4111 relatae
679 4054 749 4109 ad
781 4053 998 4124 aliquid
1031 4052 1388 4123 quantitatis,
1420 4051 1477 4105 id
1507 4050 1947 4120 est,mqualitas,
1985 4056 2147 4103 natu-

456 4146 650 4200 raliter
680 4143 924 4197 indivisa
954 4146 1058 4195 est.
1115 4141 1315 4195 Nullus
1345 4140 1499 4193 enim
1532 4140 1719 4193 dicere
1762 4142 1948 4209 potest
1990 4139 2142 4208 quod

454 4233 797 4307 mqualitatis
814 4231 1173 4301 hoeLquidem
1204 4230 1315 4283 tale
1353 4232 1458 4295 est,
1476 4228 1617 4282 illud
1637 4243 1769 4282 vero
1789 4228 2142 4297 hujusmodi.

455 4324 651 4379 Omnis
686 4322 838 4376 enim
875 4319 1174 4390 aequalitas
1205 4333 1381 4372 unam
1405 4322 1590 4371 servat
1650 4318 1710 4371 in
1757 4316 1989 4387 propria
2020 4333 2145 4370 mo-

456 4412 747 4468 deratione
778 4423 1126 4463 mensuram.
1162 4406 1303 4461 Illud
1336 4406 1509 4460 etiam
1541 4407 1695 4477 quod
1727 4422 1856 4476 qum
1887 4405 1937 4459 ei
1972 4422 2149 4474 quan-

453 4503 585 4557 titas
615 4503 994 4570 comparatur,
1037 4511 1155 4549 non
1184 4495 1293 4548 alio
1325 4494 1598 4547 vocabulo
1650 4497 1821 4564 atque
1880 4494 2003 4564 ipsa
2055 4495 2147 4548 cui

455 4594 820 4661 comparatur
872 4585 1134 4641 edicitur.
1188 4585 1328 4637 Nam
1381 4583 1871 4653 quemadmodum
1929 4583 2147 4637 amicus

456 4681 638 4734 amico
693 4679 908 4732 amicus
971 4679 1074 4740 est,
1134 4672 1467 4743 vicinasque
1522 4671 1727 4739 vicino,
1786 4672 1868 4725 ita
1939 4672 2148 4727 dicitur

456 4768 692 4839 aequalis
718 4766 945 4837 zequali.
1002 4762 1304 4834 lnazqualis
1334 4778 1469 4815 vero
1524 4761 1867 4832 quantitatis
1911 4762 2146 4832 gemina

455 4858 656 4912 divisio
683 4862 786 4909 est.
820 4856 1051 4909 Secatur
1083 4853 1237 4907 enim
1270 4853 1423 4924 quod
1474 4851 1760 4921 inaequale
1802 4855 1885 4904 est
1910 4852 1969 4904 in
2028 4868 2147 4905 ma-

448 4948 543 5018 jus
563 4952 732 5016 atque
755 4944 966 5011 minus,
1006 4957 1134 5013 quae
1191 4940 1478 4995 contraria
1532 4939 1762 4994 sibimet
1810 4941 2146 4993 denomina-

452 5037 607 5091 tione
627 5036 966 5104 funguntur.
1018 5033 1276 5101 Namque
1316 5030 1503 5099 majus
1547 5029 1769 5083 minore
1816 5030 2000 5098 majus
2036 5034 2141 5095 est,

453 5133 509 5181 et
539 5128 731 5180 minus
763 5121 979 5191 majore
1012 5121 1200 5173 minus
1248 5126 1353 5189 est,
1412 5124 1467 5172 et
1494 5123 1738 5188 utraque
1772 5134 1889 5171 non
1931 5119 2145 5172 eisdem

450 5215 759 5280 vocabulis,
824 5210 1310 5284 quemadmodum
1382 5208 1701 5262 secundum
1750 5208 2142 5279 aequalitatem

451 5308 666 5361 dictum
701 5308 805 5370 est,
839 5302 935 5356 sed
959 5299 1195 5355 diversis
1226 5298 1681 5369 distantibusque
1707 5298 1932 5369 signata
1986 5303 2141 5367 sunt,

452 5396 518 5448 ad
545 5394 779 5449 modum
809 5389 1078 5446 discentis
1106 5386 1337 5453 scilicet,
1370 5388 1456 5439 vel
1484 5387 1754 5453 docentis,
1800 5388 1889 5441 vel
1919 5387 2140 5441 creden-

453 5483 544 5548 tis,
577 5484 665 5537 vel
699 5481 1041 5551 vapulantis,
1064 5478 1153 5533 vel
1188 5491 1548 5547 quaecunque
1578 5476 1648 5529 ad
1680 5476 1899 5547 aliquid
1939 5476 2141 5547 relata,

452 5570 618 5625 aliter
648 5568 1033 5626 denominatis
1074 5564 1371 5621 contrariis
1425 5570 1853 5635 comparantur.

2255 3068 2417 3133 Quod
2461 3072 2651 3123 autem
2680 3068 2895 3124 dictum
2921 3074 3024 3136 est,
3058 3069 3187 3138 plus
3213 3085 3387 3139 quam
3420 3070 3618 3135 semel,
3649 3068 3701 3122 id
3729 3066 3886 3121 abina—

2254 3159 2343 3213 rio
2372 3176 2613 3214 numero
2654 3160 3003 3232 principium
3035 3160 3206 3231 capit,
3239 3164 3295 3213 et
3315 3160 3675 3215 ininﬁnitum
3702 3172 3787 3229 per
3810 3161 3886 3209 ter-

2257 3249 2484 3303 narium
2516 3250 3065 3321 quaternariumque
3095 3254 3151 3304 et
3189 3254 3531 3304 caeterorum
3562 3249 3794 3304 ordinem
3830 3260 3886 3297 se-

2256 3340 2667 3409 quentiamque
2702 3340 3087 3409 progreditur.
3122 3340 3331 3393 Contra
3365 3340 3525 3393 hunc
3553 3355 3678 3392 vero
3734 3334 3885 3390 discri-

2255 3426 2505 3479 minatus
2553 3431 2637 3480 est
2692 3428 2787 3481 ille
2828 3428 2927 3498 qui
2959 3432 3193 3481 vocatur
3243 3427 3671 3498 submultiplex,
3703 3430 3749 3479 et
3802 3423 3886 3476 hac

2256 3530 2483 3585 quoque
2538 3514 2725 3585 prima
2758 3516 2998 3570 minoris
3056 3515 3391 3586 quantitatis
3431 3516 3646 3587 species
3688 3517 3777 3568 est.
3818 3509 3886 3566 [lis

2256 3609 2448 3657 autem
2473 3620 2747 3658 numerus
2778 3605 3110 3676 hujusmodi
3141 3610 3246 3669 est,
3273 3604 3370 3675 qui
3397 3604 3462 3659 in
3517 3604 3733 3659 alterius
3776 3614 3888 3653 com-

2253 3693 2548 3763 paratione
2578 3693 2910 3763 productus,
2944 3695 3073 3764 plus
3102 3710 3274 3765 quam
3290 3695 3470 3748 semel
3504 3694 3722 3764 majoris
3738 3703 3891 3744 nume-

2254 3788 2343 3835 rat
2368 3799 2672 3849 summam,
2708 3800 2809 3837 sua
2833 3784 3046 3838 scilicet
3080 3784 3392 3855 quantitate
3428 3800 3561 3837 cum
3610 3800 3671 3837 eo
3707 3777 3887 3850 arquali-

2256 3876 2339 3925 ter
2370 3872 2661 3939 inchoans,
2695 3873 3109 3943 aequaliterque
3136 3873 3552 3927 determinans.
3580 3872 3721 3926 [dem
3741 3872 3884 3921 autem

2254 3960 2377 4013 dico
2408 3966 2673 4014 numerat
2700 3962 2855 4031 quod
2887 3964 3138 4015 metitur.
3172 3961 3230 4015 Si
3262 3948 3545 4030 igiturhis
3565 3961 3735 4014 solum
3755 3955 3887 4022 majo'

2253 4049 2388 4102 rem’
2416 4065 2722 4104 numerum
2756 4050 2946 4103 minor
2976 4066 3251 4104 numerus
3289 4051 3580 4113 metiatur,
3628 4042 3886 4114 subduplus

2253 4138 2569 4205 vocabitur,
2611 4139 2658 4191 si
2690 4155 2819 4193 vero
2845 4144 2934 4193 ter
2969 4139 3306 4209 subtriplus,
3361 4140 3408 4193 si
3447 4146 3649 4210 quater
3694 4136 3887 4204 subque.

2263 4228 2520 4297 druplus,
2555 4232 2611 4282 et
2641 4228 2706 4281 ﬁt
2742 4244 2843 4299 per
2858 4229 2980 4283 haec
3004 4228 3064 4282 in
3087 4228 3377 4282 inﬁnitum
3404 4228 3734 4299 progressio,
3769 4219 3888 4277 addi-

2187 4286 2229 4339 D
2262 4319 2432 4385 taque
2462 4332 2558 4370 eos
2580 4332 2807 4386 semper
2825 4318 2929 4371 sub
2942 4317 3332 4387 propositione
3350 4317 3690 4381 nominabis,
3709 4319 3764 4368 ut
3778 4321 3888 4366 unus

2256 4404 2502 4459 duorum
2534 4406 2872 4475 subduplus,
2920 4406 3097 4460 trium
3130 4407 3467 4477 subtriplus,
3516 4409 3549 4461 4
3596 4401 3889 4475 subquadru-

2256 4494 2385 4563 plus
2412 4494 2752 4564 appelletur,
2787 4500 2839 4549 et
2871 4499 3305 4565 consequenter.
3343 4497 3488 4551 Cum
3533 4502 3715 4550 autem
3758 4493 3886 4544 natu-

2255 4582 2453 4637 raliter
2500 4584 2894 4655 multiplicitas
2938 4588 2995 4639 et
3036 4585 3538 4657 submultiplicitas
3577 4582 3784 4639 inﬁnita
3820 4576 3885 4633 sit.

2256 4687 2459 4726 eorum
2501 4689 2726 4744 quoque
2757 4675 2974 4745 species
3023 4691 3127 4745 per
3165 4675 3427 4745 proprias
3454 4673 3818 4745 generationes
3847 4664 3889 4717 in

2254 4760 2482 4817 inﬁnita
2518 4763 2975 4818 consideratione
3011 4770 3331 4819 versantur.
3367 4763 3424 4819 Si
3456 4764 3608 4819 enim
3650 4758 3820 4833 positis
3846 4754 3889 4807 in

2255 4851 2921 4907 naturaliconstitutione
2944 4854 3216 4923 numeris,
3247 4854 3507 4925 singulos
3539 4868 3639 4924 per
3667 4864 3782 4904 suas
3799 4858 3891 4899 cou-

2254 4941 2576 5009 sequentias
2594 4958 2759 5011 pares
2772 4942 2966 5012 eligas,
2988 4944 3250 4998 omnium
3276 4943 3343 4998 ab
3391 4960 3505 4999 uno
3525 4941 3737 5015 parium
3758 4940 3887 5003 atque

2254 5028 2562 5099 imparium
2602 5046 2723 5083 sese
2754 5034 3116 5102 sequentium
3142 5033 3397 5103 duplices
3432 5037 3619 5093 erunt,
3653 5032 3704 5083 et
3754 5027 3888 5088 huius

2251 5118 2655 5189 speculationis
2677 5121 2958 5175 terminus
2979 5138 3096 5176 non
3129 5121 3342 5176 deficit.
3373 5123 3621 5176 Ponatur
3649 5118 3787 5173 enim
3815 5126 3886 5165 na-

2253 5208 2451 5261 turalis
2482 5218 2784 5275 ,numerus
2835 5210 2940 5264 hoc
2989 5212 3185 5278 modo,
3224 5216 3271 5279 1,
3304 5215 3359 5274 2,
3390 5214 3443 5278 3,
3475 5213 3526 5277 4,
3558 5213 3607 5271 ὅ,
3630 5210 3681 5274 6,
3708 5208 3757 5269 7,
3781 5206 3825 5269 8,
3847 5198 3884 5261 θι

2258 5299 2452 5365 10,11,
2508 5300 2591 5363 12,
2658 5300 2862 5366 13,14,
2920 5303 3123 5369 15,16,
3186 5305 3266 5369 17,
3318 5304 3400 5366 18,
3454 5304 3532 5366 19,
3564 5300 3649 5352 20.
3711 5296 3885 5350 [lorum

2253 5402 2390 5457 ergo
2420 5386 2467 5440 si
2497 5387 2751 5457 primum
2781 5404 2972 5442 sumas
2988 5406 3210 5460 parem,
3244 5390 3303 5444 id
3334 5396 3419 5445 est
3448 5392 3499 5456 2,
3520 5385 3688 5460 primi
3717 5380 3885 5450 duplus

2208 5518 2213 5521 .
2253 5476 2379 5543 erit,
2403 5475 2462 5530 id
2493 5480 2577 5530 est
2597 5476 2852 5531 unitatis.
2889 5478 2948 5534 Si
2978 5495 3110 5535 vero
3140 5484 3474 5551 sequentem
3504 5491 3714 5549 parem,
3742 5470 3790 5526 id
3823 5468 3887 5521 est

2250 5564 2307 5635 4,
2349 5564 2581 5621 secundi
2613 5566 2823 5637 duplus
2853 5571 2960 5636 est,
2991 5568 3150 5626 idest
3178 5568 3447 5625 duorum.
3477 5566 3532 5624 Si
3552 5581 3679 5622 vero
3693 5558 3885 5617 tertium
