4048 6176
146 294 283 348 “Ol

1467 294 1558 347 DE
1594 292 2075 349 ARITHMETICA
2113 294 2247 349 LIB.
2289 297 2332 349 Ι.

3510 301 3647 354 1102

143 443 351 497 parem
377 441 591 494 sumas,
633 425 690 481 id
722 429 807 480 est
839 430 890 492 7,
912 425 1067 480 tertii
1099 426 1323 480 numeri
1345 426 1405 481 in
1426 429 1672 482 naturali
1703 445 1830 483 con-
1866 429 1913 483 A
1941 428 2210 483 tenditur.
2244 430 2392 482 Voco
2416 431 2607 483 autem
2647 428 2891 499 majores
2918 444 3194 484 numeros
3225 431 3418 496 duces,
3456 432 3646 487 mino-

141 516 449 571 stitutione
492 515 702 586 duplus
750 519 852 582 est,
902 515 960 569 id
998 520 1080 569 est
1111 516 1363 569 ternarii.
1397 515 1450 571 Si
1491 534 1623 571 vero
1664 535 1839 589 quar—

141 610 271 659 tum
300 622 501 676 parem
541 603 833 675 inspicias,
866 603 923 659 id
957 608 1041 659 est
1074 609 1125 671 8,
1175 606 1368 676 quarti
1398 607 1646 673 numeri,
1678 606 1733 661 id
1760 612 1844 661 est

140 694 505 765 quaternarii
553 695 762 764 duplus
818 698 920 748 est.
984 694 1141 749 Idem
1171 694 1232 749 in
1279 696 1500 749 caeteris
1547 696 1607 750 in
1640 696 1836 750 inﬁni-

138 791 273 840 tum
299 784 681 852 sumentibus,
729 784 851 839 sine
894 784 1087 856 aliquo
1115 785 1528 856 impedimento
1560 786 1837 856 procedit.

136 873 423 944 Triplices
444 878 635 928 autem
668 876 997 939 nascuntur,
1035 873 1083 927 si
1113 874 1173 928 in
1229 875 1427 929 eadem
1468 875 1841 946 dispositione

139 962 397 1018 naturali
427 962 539 1017 duo
570 978 796 1034 semper
822 962 1298 1033 intermittantur,
1328 969 1386 1018 et
1416 964 1519 1035 qui
1569 969 1696 1035 post
1728 965 1840 1019 duo

138 1057 277 1107 sunt
310 1053 383 1106 ad
436 1053 761 1107 naturalem
792 1068 1100 1107 numerum
1148 1058 1572 1124 comparentur,
1605 1059 1841 1125 excepto

136 1142 424 1210 ternario,
458 1141 557 1212 qui
597 1146 660 1195 ut
699 1141 932 1196 unitatis
975 1142 1181 1213 triplus
1213 1142 1302 1206 sit,
1338 1142 1522 1196 solum
1552 1141 1841 1196 binarium

138 1230 549 1303 praetermittit.
582 1232 714 1285 Post
740 1247 923 1286 unum
958 1235 1016 1287 et
1045 1231 1183 1298 duo,
1219 1235 1248 1286 3
1293 1236 1445 1300 sunt,
1482 1232 1583 1303 qui
1634 1231 1841 1302 triplus

138 1320 319 1374 unius
366 1325 469 1374 est.
529 1320 747 1375 Rursus
795 1325 925 1391 post
968 1326 1003 1375 4
1033 1325 1086 1375 et
1117 1323 1167 1389 5,
1217 1326 1350 1375 sunt
1381 1324 1432 1387 6,
1476 1321 1577 1392 qui
1607 1321 1842 1375 secundi

139 1409 395 1478 numeri,
430 1409 488 1464 id
535 1415 617 1463 est
663 1410 909 1464 duorum
956 1410 1163 1481 triplus
1210 1414 1311 1465 est.
1366 1411 1585 1465 Rursus
1631 1416 1760 1482 post
1787 1412 1838 1477 6,

136 1504 275 1553 sunt
304 1503 336 1553 7
361 1503 418 1553 et
447 1502 499 1565 8,
546 1504 602 1553 et
630 1504 758 1570 post
786 1500 890 1554 hos
939 1503 991 1566 9,
1041 1500 1141 1571 qui
1171 1499 1325 1554 tertii
1361 1499 1610 1567 numeri,
1658 1500 1717 1554 id
1760 1504 1842 1554 est

140 1587 386 1643 ternarii
413 1588 615 1659 triplus
660 1594 762 1643 est.
809 1592 994 1660 Atque
1024 1589 1129 1643 hoc
1158 1589 1313 1644 idem
1345 1588 1403 1643 in
1455 1589 1749 1643 inﬁnitum
1797 1589 1844 1643 si

138 1678 273 1751 quis
302 1678 492 1746 faciat,
518 1678 639 1732 sine
672 1678 785 1733 ulla
818 1679 1133 1733 offensione
1164 1679 1441 1749 procedit.
1476 1678 1843 1750 Quadruple-

140 1787 276 1824 rum
308 1786 443 1824 vero
502 1768 794 1840 generatio
852 1768 1077 1839 incipit,
1130 1768 1177 1821 si
1226 1767 1354 1838 quis
1405 1774 1516 1823 tres
1566 1785 1837 1823 numeros

138 1859 510 1914 intermittat.
544 1860 677 1914 Post
706 1874 888 1912 unum
929 1858 1141 1929 quippe
1172 1862 1225 1912 et
1261 1860 1292 1911 2
1326 1865 1380 1912 et
1409 1860 1461 1924 3,
1495 1863 1627 1912 sunt
1652 1860 1707 1927 4,
1741 1858 1841 1930 qui

140 1949 343 2023 primi,
374 1948 434 2002 id
464 1953 549 2002 est
574 1947 764 2017 unius,
798 1947 1153 2018 quadruplus
1184 1951 1285 2001 est.
1330 1948 1546 2002 Rursus
1577 1948 1623 2002 si
1652 1948 1838 2001 inter—

141 2040 360 2093 misero
393 2037 746 2105 quinarium,
807 2036 1117 2107 senarium,
1148 2040 1205 2091 et
1243 2037 1653 2108 septenarium,
1683 2042 1839 2091 octo-

140 2129 345 2182 narius
370 2126 516 2180 mihi
565 2130 804 2197 quartus
843 2127 1111 2194 occurrit,
1162 2126 1347 2181 tribus
1394 2127 1609 2181 scilicet
1656 2127 1836 2181 inter-

139 2216 365 2286 missis,
398 2215 499 2287 qui
528 2215 757 2283 binarii,
795 2214 852 2270 id
890 2220 974 2269 est
999 2216 1233 2270 secundi
1292 2216 1539 2285 numeri,
1585 2216 1837 2287 quadru-

138 2308 276 2379 plus
303 2310 409 2359 est.
444 2309 515 2359 At
542 2320 674 2359 vero
701 2304 747 2358 si
778 2309 904 2375 post
943 2308 1069 2358 octo
1100 2308 1215 2359 tres
1251 2306 1529 2359 terminos
1574 2304 1837 2360 intermi-

140 2412 295 2462 sero,
330 2395 388 2450 id
430 2399 515 2449 est
538 2396 569 2447 9
601 2399 656 2448 et
688 2397 752 2448 l0
781 2400 839 2448 et
890 2398 973 2463 11,
1007 2394 1394 2449 duodenarius
1443 2395 1541 2465 qui
1582 2395 1841 2465 sequitur

142 2484 387 2540 ternarii
416 2483 642 2539 numeri
666 2484 1017 2554 quadruplus
1044 2489 1146 2538 est.
1205 2486 1391 2554 Atque
1439 2485 1548 2538 hoc
1578 2483 1729 2539 idem
1780 2483 1840 2537 in

138 2575 441 2639 inﬁnitum
474 2573 790 2644 progressis
834 2588 1062 2627 necesse
1089 2578 1175 2627 est
1220 2573 1468 2639 evenire,
1500 2588 1840 2643 semperque

140 2681 265 2718 una
304 2663 688 2717 terminorum
745 2661 1164 2718 intermissione
1194 2662 1241 2715 si
1298 2667 1512 2716 crescat
1575 2661 1838 2732 adjectio,

140 2754 440 2808 ordinatas
464 2758 518 2805 te
536 2750 868 2822 multiplicis
898 2752 1128 2805 numeri
1148 2750 1298 2805 vices
1318 2751 1575 2806 invenire
1600 2751 1843 2807 mirabe-

139 2845 243 2898 ris.
280 2842 341 2897 Si
372 2841 526 2896 enim
556 2843 589 2895 4
620 2841 989 2910 intermittas,
1043 2840 1387 2913 quincuplus
1432 2841 1745 2910 invenitur,
1797 2842 1843 2895 si

139 2934 406 3005 quinque
429 2932 749 3002 sexcuplus,
777 2931 823 2985 si
846 2948 937 2985 sex
961 2932 1268 3002 septuplus,
1294 2947 1633 3002 semperque
1663 2931 1843 3002 ipsius

1952 534 2043 572 res
2067 518 2324 572 comites.
2367 518 2550 588 Super
2579 517 3016 588 particularium
3050 535 3281 590 quoque
3314 519 3540 575 inﬁnita
3565 526 3650 577 est

1952 607 2282 675 multitudo,
2323 607 2394 662 ob
2426 623 2549 661 eam
2582 623 2704 661 rem
2743 608 2898 678 quod
2931 607 3189 678 ejusdem
3231 608 3445 679 species
3475 609 3649 663 inter-

1952 696 2215 752 minabili
2244 696 2642 768 progressione
2662 696 3004 768 funguntur.
3031 700 3290 768 Namque
3309 697 3647 769 sesquialter

1950 786 2182 841 habebit
2208 786 2441 858 quidem
2473 787 2644 841 duces
2690 802 2888 841 omnes
2920 790 3049 857 post
3089 787 3407 841 ternarium
3441 803 3646 842 nume-

1945 892 2075 929 rum
2108 875 2446 930 naturaliter
2494 876 2765 946 triplices.
2803 876 3048 931 Comites
3079 893 3237 945 vero,
3271 894 3471 933 omnes
3517 882 3649 948 post

1948 965 2239 1019 binarium
2275 965 2613 1020 naturaliter
2633 981 2820 1036 pares,
2840 965 2947 1020 hoc
2977 966 3174 1036 modo,
3196 971 3257 1021 ut
3284 968 3506 1039 primus
3522 968 3667 1039 pri-‘

1950 1072 2064 1123 mo,
2091 1055 2372 1110 secundus
2416 1056 2690 1125 secundo,
2724 1055 2927 1111 tertius
2957 1056 3127 1111 tertio
3170 1061 3552 1128 comparetur,
3592 1060 3649 1112 et

1952 1143 2239 1215 deinceps.
2273 1145 2679 1200 Describantur
2712 1146 2868 1200 enim
2896 1144 3218 1217 longissimi
3246 1163 3441 1201 versus
3466 1146 3649 1218 tripli-

1950 1234 2103 1289 cium
2143 1235 2422 1290 naturalis
2470 1235 2701 1291 numeri
2746 1241 2914 1308 atque
2946 1235 3284 1307 duplicium,
3344 1240 3399 1292 et
3443 1235 3648 1292 sit'hoc

1951 1324 2122 1378 modo
2153 1341 2164 1377 :

1958 1426 3631 1509 ἿἿ-Π-ΓῑῖῙ-ῐἾῇίΓΓἿΤἙ-ΙΤΠΠ

2062 1511 2249 1572 Lua
2299 1511 2641 1572 LBJIJ‘U
2692 1511 2799 1572 mil
2850 1511 3598 1572 181211241271301

1995 1575 2093 1641 ΙᾼΞ
2154 1575 3634 1645 Ιᾖίἶ-ΓΪὅἶῙζΒῘ1ζἰᾷΕῘῈΞἾ“ῙῈ“ΓἾῩῨῙ’ῙὲἾ’Ξΰ“Γ

1954 1685 2179 1739 Primus
2210 1683 2386 1756 igitur
2416 1702 2611 1739 versus
2654 1685 2907 1740 continet
2952 1702 3259 1739 numerum
3300 1686 3644 1753 naturalem,

1951 1774 2229 1827 secundus
2262 1774 2381 1843 ejus
2413 1774 2717 1843 triplicem,
2753 1774 2949 1827 tertius
2982 1790 3113 1828 vero
3137 1773 3443 1844 duplicem,
3475 1779 3648 1844 atque

1946 1860 2005 1915 in
2035 1877 2102 1915 eo
2132 1862 2178 1915 si
2204 1862 2494 1916 ternarius
2523 1862 2771 1926 binario,
2794 1864 2880 1917 vel
2904 1863 2948 1916 si
2972 1863 3230 1917 senarius
3252 1863 3641 1934 quaternario.

1947 1952 2033 2005 vel
2066 1952 2411 2005 novenarius
2462 1952 2686 2005 senario
2738 1956 3125 2022 comparetur,
3171 1954 3257 2005 vel
3310 1969 3509 2007 omnes
3551 1953 3648 2006 tri-

1947 2041 2122 2110 plices
2153 2040 2476 2110 superiores
2521 2040 2569 2093 si
2599 2040 2923 2109 duplicibus
2956 2041 3211 2094 numeris
3250 2040 3647 2111 consequenti-

1946 2128 2050 2183 bus
2107 2133 2495 2199 opponantur,
2546 2129 2840 2195 hemiolia,
2875 2129 2933 2183 id
2984 2133 3070 2182 est
3099 2129 3473 2199 sesquialtera
3504 2145 3645 2198 pro-

1944 2218 2131 2290 portio
2162 2223 2446 2284 nascetur,
2491 2222 2606 2273 tres
2634 2217 2787 2271 enim
2841 2218 3056 2271 habent
3111 2218 3264 2271 intra
3320 2233 3377 2271 se
3420 2217 3551 2284 duo,
3588 2221 3645 2271 et

1948 2322 2146 2360 eorum
2178 2306 2430 2360 mediam
2467 2310 2709 2377 partem,
2746 2306 2803 2359 id
2837 2310 2919 2359 est
2952 2308 3002 2374 l,
3051 2321 3151 2360 sex
3199 2320 3431 2376 quoque
3462 2305 3642 2358 conti-

1948 2400 2087 2450 nent
2112 2396 2264 2450 intra
2314 2412 2373 2451 se
2403 2397 2457 2465 4,
2492 2401 2547 2450 et
2597 2412 2799 2450 eorum
2857 2395 3248 2462 medietatem,
3280 2394 3339 2449 id
3388 2398 3472 2448 est
3500 2397 3552 2461 2,
3588 2397 3646 2449 et

1949 2500 2154 2539 novem
2181 2485 2332 2539 intra
2371 2501 2429 2539 se
2456 2485 2746 2539 senarium
2780 2484 3075 2539 claudunt.
3130 2488 3186 2538 et
3217 2484 3339 2554 ejus
3389 2482 3642 2538 mediam

1948 2580 2190 2645 partem,
2220 2574 2278 2628 id
2301 2579 2385 2629 est
2419 2577 2471 2641 3,
2496 2574 2812 2645 eodemque
2844 2574 3016 2628 modo
3056 2573 3118 2627 in
3150 2572 3389 2627 caeteris.
3435 2572 3644 2628 Dicen-

1951 2664 2091 2717 dum
2120 2680 2253 2718 vero
2286 2663 2333 2717 si
2381 2664 2510 2735 quis
2556 2664 2867 2717 secundam
2917 2663 3162 2733 speciem
3215 2662 3647 2733 superparticu-

1950 2753 2084 2806 laris
2118 2754 2345 2807 numeri
2384 2752 2748 2807 considerare
2778 2753 3082 2819 desideret,
3126 2752 3182 2805 id
3215 2755 3299 2805 est
3335 2751 3645 2821 sesquiter—

1950 2843 2111 2909 tiam,
2164 2843 2321 2913 quali
2373 2842 2593 2897 ratione
2642 2842 2914 2913 reperiat.
2959 2844 3037 2895 Ac
3093 2840 3349 2894 deﬁnitio
3414 2840 3647 2909 quidem

1951 2931 2123 3001 hujus
2154 2932 2599 3002 comparationis
2630 2931 2758 2984 talis
2789 2935 2888 2985 est.
2938 2928 3341 2999 Sesquitertius
3391 2932 3495 2995 est,
3545 2928 3648 2998 qui

2645 1429 2853 1436 __..-

1956 1500 2802 1578 ΠΞΞΞΕΣΕΞΣΞΞΞΣΕΕΞΣΕΞΞ]

139 3021 587 3092 multiplicitatis
606 3021 842 3074 nomine
864 3037 974 3074 uno
1005 3020 1193 3073 minus
1214 3020 1657 3074 intermissionis
1677 3036 1843 3074 voca-
1883 3035 1923 3090 ρ
1954 3021 2167 3075 minori
2189 3026 2569 3090 comparatus,
2594 3020 2767 3074 habet
2806 3035 2939 3073 eum
2970 3018 3146 3072 semel
3178 3023 3233 3071 et
3262 3017 3384 3087 ejus
3415 3017 3645 3071 tertiam

142 3113 286 3167 bulo
319 3114 714 3181 procreantur.
752 3111 893 3164 Nam
926 3110 1131 3180 duplus
1157 3125 1339 3163 unum
1357 3108 1702 3175 intermittit,
1741 3109 1842 3163 tri-

144 3204 282 3273 plus
310 3205 365 3267 εὶ,
392 3200 743 3272 quadruplus
788 3203 840 3266 3,
888 3198 1231 3271 quincuplus
1272 3200 1322 3254 4.
1383 3201 1446 3253 Et
1475 3200 1742 3270 deinceps
1773 3200 1844 3253 ad

145 3290 428 3346 eumdem
459 3289 717 3343 ordinem
756 3288 1060 3359 sequentia
1108 3294 1209 3342 est.
1268 3288 1336 3342 Et
1366 3304 1564 3342 omnes
1610 3287 1845 3359 quidem

147 3379 319 3450 dupli
348 3378 660 3432 secundum
688 3378 948 3448 proprias
979 3377 1305 3448 sequentias
1332 3377 1560 3448 parium
1580 3394 1845 3432 numero-

144 3485 280 3524 rum
316 3483 485 3538 pares
505 3472 655 3520 sunt.
682 3466 858 3536 Tripli
892 3483 1044 3532 vero,
1078 3482 1227 3520 unus
1253 3482 1480 3536 semper
1510 3481 1613 3536 par
1641 3466 1843 3520 termi-

145 3575 281 3626 nus,
317 3557 504 3628 impar
534 3556 678 3610 alius
719 3554 1030 3610 invenitur.
1082 3555 1400 3625 Quadrupli
1445 3571 1596 3622 vero,
1648 3571 1846 3610 rursus

143 3663 381 3719 semper
417 3662 614 3718 parem
663 3646 992 3700 custodiunt
1022 3645 1420 3716 quantitatem.
1467 3645 1847 3700 Constituun—

144 3746 362 3811 turque
391 3756 424 3792 a
453 3743 655 3809 quarto
688 3754 949 3804 numero,
984 3753 1100 3792 uno
1143 3753 1208 3791 ex
1249 3736 1536 3808 prioribus
1564 3754 1668 3808 per
1691 3737 1848 3792 ordi-

143 3846 286 3885 nem
316 3828 520 3900 positis
566 3827 802 3898 paribus
849 3827 1196 3894 intermisso,
1230 3826 1416 3897 primo
1445 3827 1570 3897 pari
1599 3827 1845 3895 binario,

144 3926 283 3991 post
312 3920 467 3974 hunc
498 3917 875 3972 8intermisso
908 3917 1151 3983 senario,
1203 3920 1334 3987 post
1375 3918 1529 3971 hunc
1564 3920 1624 3969 12
1663 3922 1851 3971 trans-

145 4011 329 4065 misso
359 4008 616 4062 denario.
659 4010 843 4077 Atque
872 4007 980 4060 hoc
1021 4006 1175 4060 idem
1208 4007 1267 4060 in
1314 4006 1552 4060 caeteris.
1606 4006 1851 4071 Quincu-

146 4100 233 4171 pii
264 4114 401 4152 vero
419 4097 761 4167 propositio,
788 4097 1104 4151 secundum
1127 4096 1368 4166 triplicis
1392 4095 1850 4161 similitudinem,

149 4186 485 4244 alternatim
502 4185 737 4257 paribus
760 4190 929 4256 atque
950 4184 1265 4256 imparibus
1287 4183 1507 4255 positis,
1535 4184 1850 4238 ordinatur.

784 4294 1006 4349 CAPUT
1060 4294 1237 4347 XXIV.

230 4391 303 4442 De
344 4384 855 4454 superparticulari,
914 4383 1139 4451 ejusque
1176 4384 1467 4453 speciebus,
1501 4399 1791 4453 earumque

788 4455 1242 4523 generationibus,

227 4543 778 4617 Superparticularis
824 4559 960 4597 vero
1022 4547 1106 4598 est
1152 4559 1427 4597 numerus
1481 4543 1554 4597 ad
1611 4543 1857 4598 alterum

154 4640 545 4709 comparatus,
583 4633 847 4706 quotiens
876 4633 1053 4689 habet
1076 4634 1137 4688 in
1171 4650 1229 4689 se
1258 4636 1445 4688 totum
1489 4633 1776 4688 minorem
1804 4636 1858 4687 et

152 4732 386 4800 partem
421 4729 543 4795 ejus
574 4724 843 4795 aliquam.
885 4723 993 4789 Qui
1034 4723 1082 4778 si
1114 4723 1353 4778 minoris
1382 4723 1590 4777 habeat
1644 4722 1856 4777 medie-

152 4822 359 4884 tatem,
406 4819 643 4869 vocatur
682 4813 1040 4885 sesquialter,
1075 4813 1122 4867 si
1168 4829 1300 4868 vero
1347 4812 1577 4867 tertiam
1614 4816 1855 4883 partem,

150 4911 405 4963 vocatur
451 4903 863 4976 sesquitertius,
910 4903 956 4959 si
985 4920 1118 4958 vero
1151 4907 1438 4975 quartam,
1470 4907 1706 4957 vocatur
1736 4918 1856 4955 ses-

154 4996 529 5069 quiquartus,
561 4998 617 5049 et
646 4993 691 5048 si
721 4993 1004 5065 quintam,
1030 4997 1267 5047 vocatur
1284 4990 1737 5062 sesquiquintus.
1768 4991 1860 5045 At-

156 5103 275 5158 que
301 5086 392 5140 his
423 5083 761 5140 nominihus
810 5084 869 5138 in
898 5083 1192 5138 inﬁnitum
1221 5081 1426 5148 ductis,
1462 5080 1523 5135 in
1562 5080 1858 5135 inﬁnitum

157 5191 397 5249 quoque
454 5174 1063 5245 superparticnlarium
1124 5172 1308 5226 forma
1353 5171 1745 5242 progreditur.
1798 5172 1860 5225 Et

157 5266 415 5337 majores
444 5264 677 5335 quidem
696 5264 925 5318 numeri
955 5264 1063 5317 hoc
1090 5262 1260 5316 modo
1285 5267 1578 5327 vocantur,
1608 5260 1861 5314 minores

156 5371 300 5411 vero
334 5353 437 5425 qui
462 5353 748 5409 habentur
784 5352 891 5407 toti
942 5358 996 5406 et
1022 5367 1221 5407 eorum
1254 5350 1447 5422 aliqua
1502 5366 1656 5420 pars,
1712 5365 1860 5403 unus

161 5444 637 5515 subsesquialter,
688 5443 831 5496 alter
880 5441 1401 5513 subsesquitertius,
1437 5440 1581 5494 alius
1629 5438 1860 5493 subses-

162 5536 538 5607 quiquartus,
570 5532 715 5586 alius
743 5548 875 5587 vero
910 5530 1468 5603 subsesquiquintus,
1508 5534 1677 5599 atque
1707 5527 1861 5581 idem

162 5623 489 5680 secundum
519 5622 804 5693 majorum
846 5637 1112 5678 normam
1128 5620 1688 5695 multitudinemque
1722 5633 1862 5689 pro-

1953 3115 2178 3181 partem
2212 3130 2227 3177 ;
2258 3110 2354 3164 sed
2374 3110 2434 3164 hi
2450 3109 2825 3164 inveniuntur
2849 3108 2913 3176 si,
2936 3107 3203 3162 omnibus
3227 3123 3259 3159 a
3280 3108 3647 3176 quaternario

1952 3215 2194 3254 numero
2220 3199 2599 3253 continuatim
2644 3197 2980 3269 quadruplis
3019 3194 3355 3262 constitutis,
3392 3212 3422 3248 a
3452 3200 3647 3250 terna—

1952 3290 2037 3343 rio
2077 3305 2318 3342 numero
2359 3290 2613 3359 triplices
2664 3293 3089 3358 comparentur,
3150 3288 3435 3354 eruntque
3477 3285 3648 3339 duces

1955 3379 2282 3449 quadrupli,
2317 3378 2553 3432 comites
2581 3378 2757 3448 tripli.
2792 3376 2875 3432 Sit
2906 3375 3059 3430 enim
3084 3375 3145 3428 in
3168 3373 3365 3428 ordine
3395 3373 3501 3427 hoc
3532 3390 3649 3428 mo-

1953 3469 2025 3522 do
2056 3483 2332 3522 numerus
2353 3468 2654 3534 naturalis,
2687 3470 2749 3520 ut
2774 3466 2878 3520 sub
2907 3483 2974 3520 eo
3006 3462 3336 3536 quadrupli,
3370 3466 3425 3516 et
3445 3464 3549 3517 sub
3582 3481 3649 3518 eo

1954 3557 2113 3627 tripli
2144 3557 2278 3623 sint,
2311 3563 2671 3628 supponatur
2717 3558 2822 3611 sub
2845 3555 3035 3628 primo
3077 3552 3399 3625 quadruplo
3431 3554 3652 3622 primus

1955 3648 2181 3716 triplus,
2220 3647 2325 3700 sub
2366 3646 2610 3700 secundo
2645 3646 2948 3713 secundus,
2984 3645 3089 3698 sub
3118 3644 3286 3697 tertio
3329 3642 3555 3711 tertius,
3598 3646 3654 3695 et

1957 3736 2159 3790 eodem
2191 3736 2360 3789 modo
2389 3734 2577 3789 cuncti
2639 3735 2897 3805 ejusdem
2955 3733 3127 3804 primi
3174 3749 3370 3789 versus
3408 3731 3567 3803 tripli
3592 3730 3650 3785 in

1958 3825 2220 3879 ordinem
2241 3824 2583 3895 dirigantur.

3056 4003 3203 4010 ..-___._

2172 3940 3387 4010 |t|2|3|4|5|6J__Z_L§

2173 4018 2340 4074 141
2402 4013 3459 4085 8|12|16l_20_l_2t|‘28l32ml

2173 4094 2340 4153 I3,|
2402 4088 3455 4153 6A|_2_l_1_2_l_1_i|_18_l21|2-t|

1962 4192 2144 4263 Igitur
2173 4192 2426 4263 primum
2460 4191 2644 4262 primo
2692 4190 2739 4243 si
2768 4204 3084 4260 compares,
3116 4187 3480 4260 sesquitertia
3509 4189 3653 4243 ratio

1966 4280 2370 4336 continebitur.
2405 4281 2545 4334 Nam
2574 4279 2620 4333 si
2648 4281 2681 4331 4
2711 4279 2895 4333 tribus
2924 4294 3245 4350 compares,
3276 4278 3567 4333 habebunt
3596 4278 3656 4332 in

1967 4387 2025 4425 se
2048 4370 2103 4439 4,
2134 4374 2316 4423 totum
2352 4369 2668 4423 ternarium
2696 4374 2751 4423 et
2788 4368 2911 4439 ejus
2951 4368 3181 4423 tertiam
3210 4372 3454 4438 partem,
3484 4365 3541 4420 id
3574 4372 3657 4420 est

1971 4463 2015 4525 l,
2052 4463 2107 4512 et
2137 4458 2516 4512 sisecundum
2549 4458 2823 4526 secundo,
2854 4456 2913 4511 id
2936 4462 3021 4511 est
3049 4456 3403 4511 octonarium
3431 4455 3655 4509 senario

1965 4563 2283 4618 compares,
2328 4547 2484 4601 idem
2522 4547 2811 4603 invenies:
2848 4546 3082 4601 habebit
3131 4546 3289 4600 enim
3335 4543 3658 4599 octonarius

1966 4637 2257 4692 senarium
2289 4640 2496 4704 totum,
2533 4641 2588 4691 et
2619 4638 2742 4708 ejus
2771 4636 3001 4691 tertiam
3033 4640 3280 4705 partem,
3317 4633 3373 4689 id
3403 4638 3487 4687 est
3514 4637 3566 4701 2,
3603 4638 3661 4688 et

1964 4743 2069 4797 per
2097 4726 2357 4781 eamdem
2390 4728 2749 4797 sequentiam
2786 4742 2967 4796 usque
2999 4726 3060 4778 in
3082 4724 3376 4778 infinitum
3408 4739 3651 4795 progre-

1964 4817 2238 4871 diendum
2268 4820 2371 4869 est.
2410 4817 2729 4871 Notandum
2776 4831 3003 4886 quoque
3043 4818 3128 4868 est
3159 4814 3316 4885 quod
3347 4816 3375 4867 3
3424 4814 3660 4868 comites

1967 4910 2121 4969 sunt,
2152 4906 2322 4960 duces
2350 4907 2402 4960 4.
2439 4907 2655 4961 Rursus
2698 4909 2727 4960 6
2768 4904 3021 4968 comites,
3063 4904 3235 4958 duces
3280 4907 3334 4972 8,
3365 4908 3420 4958 et
3455 4904 3515 4957 in
3562 4921 3660 4958 eo-

1968 4997 2098 5050 dem
2130 4996 2331 5049 ordine
2354 4995 2547 5050 caateri
2568 4995 2743 5049 simili
2764 4993 2933 5047 modo
2953 4996 3229 5047 vocantur
3247 4994 3419 5048 duces
3441 4992 3659 5064 sesqui-

1968 5084 2145 5151 tertii,
2180 5085 2412 5139 comites
2432 5083 2912 5154 subsesquitertii,
2934 5087 2989 5136 et
3017 5083 3078 5137 in
3108 5084 3325 5138 cunctis
3345 5083 3658 5137 secundum

1969 5175 2121 5229 hunc
2153 5174 2389 5228 modum
2419 5172 2604 5243 posita
2628 5171 2894 5225 convenit
2933 5188 3158 5227 servare
3191 5173 3478 5228 vocabula.

2605 5258 2835 5317 (ΙΑΡυῖ
2859 5261 3020 5318 XXV.

1970 5354 2041 5406 De
2098 5351 2333 5421 quodam
2372 5351 2499 5405 utili
2546 5349 2620 5405 ad
2663 5353 3023 5419 cognitionem
3064 5348 3660 5420 superparticularz‘bus

2668 5441 2958 5495 accidente.

2042 5530 2158 5583 Hoc
2178 5532 2368 5583 autem
2402 5529 2745 5601 admirabile
2771 5527 3397 5601 profundissimumque
3434 5527 3495 5582 in
3525 5528 3663 5583 isto-

1972 5634 2104 5675 rum
2147 5619 2443 5676 ordinibus
2478 5620 2787 5688 invenitur,
2818 5618 2973 5690 quod
3010 5617 3232 5689 primus
3262 5617 3380 5674 dux
3418 5617 3667 5691 primus-
