4048 6176
150 316 285 369 HO?)

1462 318 1550 371 DE
1589 320 2078 377 ARITHMETICA
2121 322 2251 377 LIB.
2298 323 2339 378 Ι.

3519 333 3653 387 1106

142 447 451 502 titudinem
487 446 836 518 pernotabit.
875 448 1089 519 Hisque
1116 452 1199 503 est
1229 448 1563 504 ordinabilis
1595 466 1765 522 super
1788 468 1845 507 se
1885 455 1931 507 A
1964 470 2123 509 secus
2151 455 2373 524 anguli,
2415 457 2690 512 secundas
2728 457 2975 513 habeant
3018 460 3263 515 unitates
3294 468 3349 517 et
3391 464 3505 519 duo
3550 482 3650 520 an-

142 536 504 609 progressio,
550 540 614 591 ut
656 537 880 608 primus
910 537 1164 608 primum
1214 538 1397 593 tribus
1442 546 1688 610 superet,
1724 546 1786 596 ut
1814 543 1847 595 4

146 626 450 680 unitatem.
482 626 777 681 Secundus
807 627 1118 681 secundum
1142 628 1365 682 senario
1397 628 1603 697 vincat,
1638 635 1698 685 ut
1719 636 1845 686 octo

154 716 472 769 binarium.
521 716 747 770 Tertius
810 716 1044 770 tertium
1100 717 1407 771 novenario
1468 724 1737 788 transeat,
1789 724 1848 775 ut

146 804 539 859 duodenarius
557 805 894 872 ternarium,
930 809 985 859 et
1006 811 1309 877 sequentes
1339 810 1642 863 summula:
1670 810 1845 863 trium

146 912 204 948 se
238 910 472 964 semper
502 894 724 963 adjecta
772 896 1089 966 quantitate
1127 896 1471 951 transiliant.
1520 900 1579 952 Et
1631 898 1677 951 si
1718 897 1845 969 quis

142 983 496 1037 subteriores
526 984 767 1054 aspiciat
793 985 1053 1055 angulos,
1086 984 1239 1039 idem
1282 1002 1387 1057 per
1417 1002 1615 1041 omnes
1647 986 1841 1040 multi-

144 1072 417 1145 plicitatis
444 1073 679 1144 species,
728 1089 909 1143 usque
958 1074 1027 1128 ad
1059 1074 1363 1146 decuplum
1404 1075 1844 1146 dispositissima

144 1162 509 1217 ordinatione
562 1162 876 1233 perveniet.
929 1162 986 1218 Si
1031 1164 1156 1233 quis
1209 1180 1343 1218 vero
1392 1163 1447 1219 in
1492 1166 1598 1219 hac
1629 1164 1841 1220 descri-

141 1252 369 1323 ptione,
421 1252 955 1322 superparticularis
990 1252 1205 1323 species
1237 1253 1511 1325 requirat,
1544 1254 1643 1308 tali
1672 1254 1840 1308 modo

143 1341 415 1412 reperiet.
440 1340 496 1395 Si
527 1340 681 1393 enim
716 1341 1026 1395 secundum
1055 1343 1332 1412 angulum
1367 1348 1546 1410 notet,
1575 1344 1736 1413 cujus
1758 1347 1842 1397 est

144 1431 376 1484 initium
412 1430 832 1501 quaternarius,
874 1430 1040 1501 eique
1074 1433 1395 1503 superjacet
1443 1432 1714 1499 binarius,
1755 1435 1838 1485 at-

143 1536 251 1590 que
302 1520 457 1574 hunc
514 1524 848 1590 sequentem
914 1520 1042 1590 quis
1095 1522 1490 1575 accommodet
1549 1521 1834 1586 ordinem,

143 1610 517 1680 sesquialtera
545 1609 841 1679 proportio
887 1610 1288 1663 declarabitur.
1339 1610 1478 1665 Nam
1513 1612 1712 1665 tertius
1744 1627 1836 1663 se—

142 1699 315 1753 cundi
351 1715 565 1765 versus,
596 1698 937 1768 sesquialter
969 1704 1073 1763 est,
1110 1704 1171 1752 ut
1205 1705 1317 1753 tres
1347 1700 1415 1753 ad
1447 1700 1580 1766 duo,
1624 1700 1710 1753 vel
1745 1716 1836 1753 sex

142 1789 207 1842 ad
251 1792 522 1859 quatuor,
558 1788 641 1841 vel
669 1786 699 1839 9
730 1787 799 1841 ad
832 1792 883 1854 6,
919 1789 1004 1841 vel
1060 1791 1119 1841 l2
1152 1789 1221 1841 ad
1259 1792 1309 1843 8.
1344 1790 1601 1859 Itemque
1644 1789 1701 1841 iu
1729 1805 1835 1842 ca:-

143 1877 278 1930 teris
311 1877 413 1947 qui
441 1882 576 1930 sunt
607 1877 667 1930 in
698 1876 896 1930 eadem
932 1877 1075 1931 serie
1110 1877 1357 1944 numeri,
1391 1877 1434 1930 si
1483 1878 1612 1930 talis
1641 1878 1837 1947 conju-

144 1966 298 2036 gatio
333 1966 660 2033 misceatur,
691 1966 847 2019 nulla
880 1966 1163 2019 varietatis
1209 1966 1616 2020 dissimilitudo
1660 1966 1836 2019 surri-

143 2056 277 2126 piet.
336 2054 542 2108 Eadem
591 2058 783 2108 tamen
816 2071 1171 2109 summarum
1216 2055 1606 2127 supergressio
1655 2059 1739 2109 est
1778 2055 1837 2108 in

144 2146 247 2199 hoc
268 2160 525 2216 quoque,
546 2159 675 2214 quae
697 2144 757 2197 in
789 2144 1113 2214 duplicibus
1143 2144 1268 2199 fuit.
1294 2145 1519 2199 Primus
1546 2144 1699 2198 enim
1726 2143 1839 2215 pri-

142 2251 330 2301 mum,
381 2233 438 2288 id
472 2235 555 2287 est
588 2233 872 2288 ternarius
912 2233 1170 2288 binarius
1200 2248 1314 2288 uno
1354 2237 1603 2303 superat,
1637 2248 1839 2286 secun-

144 2325 245 2379 dus
272 2339 413 2377 vero
449 2324 789 2389 secundum,
837 2323 1059 2376 duobus
1100 2323 1319 2389 tertius,
1349 2323 1583 2376 tertium
1632 2322 1835 2386 tribus,

143 2418 198 2467 et
227 2413 523 2483 deinceps.
558 2412 615 2468 Si
646 2428 777 2465 vero
809 2417 1046 2483 quartus
1079 2412 1219 2465 ordo
1248 2412 1417 2466 tertio
1450 2416 1834 2482 comparetur,

142 2509 201 2557 ut
231 2504 266 2557 4
304 2503 374 2557 ad
407 2504 460 2569 3,
491 2506 546 2555 et
574 2502 776 2556 eodem
807 2507 1045 2555 caeteros
1082 2500 1281 2555 ordine
1324 2500 1684 2568 consecteris,
1719 2516 1835 2555 ses-

142 2592 417 2663 quitertia
448 2590 798 2661 comparatio
829 2590 1137 2661 colligitur,
1173 2594 1237 2643 ut
1266 2591 1297 2642 4
1330 2590 1399 2644 ad
1443 2590 1587 2654 3,vel
1618 2594 1649 2643 8
1679 2590 1749 2643 ad
1782 2592 1835 2655 6,

141 2691 192 2737 et
224 2685 292 2737 t‘Z
328 2681 395 2735 ad
428 2682 478 2744 9,
543 2680 770 2734 videsne
794 2730 803 2737 ,
829 2684 892 2733 ut
937 2679 994 2733 in
1043 2680 1311 2734 omnibus
1343 2680 1433 2733 bis
1476 2679 1836 2750 sesquitertia

141 2770 493 2841 comparatio
524 2772 888 2823 conservetur
912 2768 939 2821 ?
973 2770 1253 2823 Praeterea
1281 2784 1379 2822 eos
1427 2767 1526 2838 qui
1556 2770 1661 2823 sub
1700 2768 1835 2839 ipsis

143 2868 294 2925 sunt,
324 2863 369 2916 si
390 2862 541 2915 idem
572 2861 784 2915 faciens
806 2865 1110 2932 sequentes
1141 2877 1335 2915 versus
1366 2860 1655 2914 alterutris
1686 2876 1837 2913 com-

143 2951 458 3023 paraveris,
502 2966 703 3004 omnes
741 2949 862 3004 sine
902 2950 1020 3004 ullo
1052 2949 1462 3021 impedimento
1497 2948 1709 3019 species
1740 2964 1835 3003 su-

141 3037 607 3112 perparticularis
634 3052 923 3107 agnosces.
950 3038 1068 3092 Hoc
1098 3041 1287 3091 autem
1320 3036 1379 3090 in
1404 3037 1509 3091 hac
1535 3040 1618 3089 est
1648 3035 1836 3107 dispo-

142 3131 349 3183 sitione
424 3127 701 3189 divinum,
768 3127 917 3197 quod
967 3142 1169 3181 omnes
1229 3126 1534 3196 angulares
1607 3124 1832 3178 numeri

141 3216 431 3287 tetragoni
463 3219 615 3269 sunt.
646 3216 999 3285 Tetragonus
1030 3219 1219 3268 autem
1252 3213 1479 3279 dicitur,
1526 3219 1590 3267 ut
1619 3213 1832 3267 brevis-

139 3307 279 3361 sime
300 3306 507 3370 dicam,
542 3304 693 3375 quod
724 3309 855 3373 post
885 3303 1053 3360 latius
1091 3302 1484 3373 explicabitur,
1515 3318 1685 3374 quem
1718 3302 1831 3356 duo

139 3398 393 3467 aequales
422 3394 649 3448 numeri
682 3392 1083 3464 multiplicant,
1136 3397 1197 3445 ut
1224 3393 1285 3445 in
1329 3392 1434 3446 hac
1473 3408 1702 3462 quoque
1733 3390 1833 3445 de-

139 3484 452 3555 scriptione
484 3488 612 3548 est;
668 3498 815 3535 unus
864 3482 1019 3536 enim
1051 3482 1248 3547 semel,
1310 3497 1458 3534 unus
1507 3484 1612 3546 est,
1664 3484 1721 3534 et
1750 3483 1834 3532 est

139 3578 423 3645 potestate
452 3577 804 3642 tetragonus.
864 3572 1003 3625 Item
1036 3571 1124 3625 bis
1157 3570 1270 3624 duo
1302 3570 1334 3624 4
1361 3575 1513 3624 sunt.
1557 3570 1664 3623 Ter
1704 3572 1733 3622 3
1777 3571 1827 3636 9,

139 3677 279 3731 quos
341 3661 400 3714 in
446 3660 777 3730 semetipsas
840 3658 1351 3729 multiplicationes
1395 3659 1570 3730 primi
1614 3656 1833 3713 ordinis

138 3752 446 3821 perfecere.
484 3749 709 3804 Circum
742 3748 895 3820 ipsos
929 3764 1061 3802 vero
1098 3748 1197 3819 qui
1228 3753 1378 3815 sunt,
1410 3748 1467 3801 id
1504 3753 1585 3802 est
1619 3748 1829 3801 circum

139 3840 463 3909 angulares,
500 3838 824 3909 longilateri
854 3838 1079 3892 numeri
1125 3842 1273 3892 sunt.
1310 3837 1701 3907 Longilateros
1730 3852 1831 3889 au-

139 3933 248 3983 tem
286 3944 448 3994 voco,
474 3944 617 3999 quos
653 3944 767 3981 uno
801 3944 857 3982 se
893 3928 1395 3997 supergredientes
1425 3926 1652 3979 numeri
1681 3925 1830 3978 mul-

140 4018 421 4088 tiplicant.
457 4017 681 4071 Circum
723 4018 754 4069 4
787 4017 941 4070 enim
972 4020 1004 4069 2
1037 4021 1168 4070 sunt
1213 4021 1268 4069 et
1315 4019 1368 4082 6,
1414 4015 1509 4069 sed
1560 4015 1672 4069 duo
1730 4029 1828 4067 na-

140 4111 381 4161 scuntur
409 4122 473 4159 ex
510 4122 625 4159 uno
656 4111 710 4159 et
741 4106 983 4173 duobus,
1010 4120 1138 4159 cum
1173 4121 1349 4158 unum
1382 4104 1465 4157 bis
1490 4102 1831 4173 multiplica-

141 4197 313 4264 veris,
362 4195 457 4248 sed
492 4196 675 4249 unitas
716 4212 744 4249 a
796 4195 1018 4249 binario
1062 4195 1277 4248 unitate
1328 4193 1690 4264 praeceditur.
1724 4192 1832 4246 Sex

143 4302 269 4340 vero
306 4301 336 4338 a
366 4284 591 4338 duobus
617 4288 672 4337 et
701 4284 905 4349 tribus,
940 4284 1024 4337 bis
1056 4282 1209 4337 enim
1240 4288 1353 4336 tres
1384 4280 1674 4336 senarium
1702 4281 1827 4334 red-

139 4376 302 4429 dunt.
350 4374 735 4427 Novenarium
783 4389 941 4439 vero,
973 4389 1067 4426 sex
1100 4379 1155 4427 et
1190 4375 1251 4426 l2
1294 4372 1587 4437 claudunt,
1622 4370 1721 4441 qui
1773 4373 1834 4423 12

139 4479 201 4517 ex
231 4463 419 4517 tribus
450 4467 760 4517 nascuntur
798 4468 855 4516 et
892 4464 944 4515 4.
994 4463 1101 4516 Ter
1129 4461 1282 4516 enim
1317 4462 1349 4514 4
1400 4460 1547 4515 ﬁunt
1599 4463 1679 4514 t2.
1727 4458 1825 4513 Se-

138 4551 339 4604 narins
374 4565 524 4614 vero,
560 4565 623 4602 ex
665 4549 888 4603 duobus
928 4554 984 4603 et
1014 4549 1213 4616 tribus,
1245 4548 1331 4602 bis
1360 4548 1514 4602 enim
1555 4551 1584 4602 3
1617 4546 1831 4601 faciunt

138 4641 185 4690 6.
229 4637 343 4701 Qui
403 4653 621 4704 omnes,
684 4654 798 4691 uno
848 4637 1157 4708 majoribus
1214 4636 1486 4691 lateribus
1546 4633 1829 4707 procreati

138 4733 293 4781 sunt.
329 4727 469 4780 Nam
501 4742 631 4780 cum
676 4730 707 4780 6
748 4742 810 4781 ex
842 4727 1062 4781 binario
1094 4726 1461 4796 ternarioque
1492 4728 1827 4791 nascuntur,

137 4819 251 4869 tres
289 4814 579 4868 binarium
608 4831 912 4869 numerum
938 4831 1051 4869 uno
1074 4820 1362 4885 superant.
1392 4813 1707 4883 Cunctique
1736 4811 1833 4865 alii

140 4904 399 4972 ejusdem
426 4904 578 4958 modi
593 4910 742 4972 sunt,
760 4910 823 4958 ut
836 4904 1021 4971 primo
1033 4902 1351 4958 etsecunda
1366 4901 1565 4955 ordine
1585 4901 1651 4954 ad
1666 4901 1833 4953 alter-

138 5005 333 5047 utrum
399 4993 791 5064 multiplicatis
847 4993 1106 5047 terminis
1184 4996 1574 5063 procreentur,
1634 4989 1713 5042 ita
1776 4992 1835 5042 ut

138 5082 295 5151 quod
328 5082 578 5136 nascitur
597 5100 658 5136 ex
688 5083 912 5137 duobus
943 5082 1296 5152 longilateris
1328 5081 1661 5134 altrinsecus
1685 5078 1835 5149 posi-

139 5170 233 5237 tis,
271 5169 421 5224 etbis
440 5170 631 5224 medio
681 5175 999 5241 tetragono,
1043 5175 1377 5240 tetragonus
1422 5170 1513 5223 sit.
1545 5170 1605 5223 Et
1637 5182 1837 5225 rursus

142 5260 298 5329 quod
331 5276 393 5313 ex
428 5260 651 5313 duobus
672 5260 1010 5313 altrinsecus
1054 5259 1385 5329 tetragonis,
1419 5264 1474 5313 et
1504 5276 1621 5313 uno
1646 5261 1835 5315 medio

142 5348 485 5418 longilatero
514 5349 600 5403 bis
631 5349 776 5403 facto
800 5349 1071 5415 nascitur,
1103 5349 1225 5420 ipse
1248 5365 1475 5419 quoque
1505 5353 1838 5420 tetragonus

144 5438 239 5490 sit.
278 5439 339 5491 Et
363 5443 422 5492 ut
446 5440 787 5509 angulorum
811 5438 983 5492 totius
1016 5437 1417 5508 descriptionis
1439 5438 1510 5492 ad
1533 5439 1839 5509 angulares

146 5530 482 5598 tetragonos
510 5528 827 5598 positorum
865 5527 1038 5582 unius
1075 5527 1273 5598 anguli
1319 5528 1392 5581 sit
1423 5527 1609 5598 prima
1650 5528 1839 5583 unitas

148 5617 386 5671 alterius
428 5634 560 5673 vero
590 5617 691 5689 qui
722 5622 922 5673 contra
951 5622 1035 5672 est
1079 5616 1266 5672 tertia.
1301 5616 1425 5672 Bini
1456 5632 1588 5673 vero
1632 5618 1841 5673 altrin-

1961 546 2249 616 gularium
2280 551 2712 618 tetragonorum
2744 549 2961 619 anguli,
2995 566 3226 621 aequum
3256 551 3472 607 faciunt
3498 556 3651 625 quod

1958 634 2063 689 sub
2096 634 2235 705 ipsis
2265 636 2609 705 continetur,
2645 637 2728 691 illi
2761 638 2916 708 quod
2944 638 3011 692 tit
3039 639 3109 693 ab
3144 656 3256 693 uno
3288 640 3520 696 illorum
3551 643 3650 713 qui

1955 727 2041 777 est
2071 724 2405 780 altrinsecus
2438 728 2799 797 angulorum.
2834 729 3007 782 Multa
3034 730 3187 783 enim
3218 734 3351 784 sunt
3385 731 3498 785 alia
3521 749 3649 803 qum

1952 811 2013 865 in
2072 813 2179 867 hac
2219 814 2604 886 descriptione
2658 816 2822 870 utilia
2884 823 3121 888 possunt
3169 819 3649 892 admirabiliaque

1954 904 2257 972 perpendi,
2300 921 2427 975 qua)
2472 904 2701 959 interim
2736 914 2969 978 propter
3002 908 3336 978 castigatam
3386 910 3647 965 introdu-

1954 992 2121 1045 cendi
2144 992 2480 1048 brevitatem
2506 994 2703 1065 ignota
2734 1012 2854 1050 esse
2888 999 3292 1066 permittimus.
3338 1000 3495 1053 Nunc
3515 1016 3647 1055 vero

1952 1081 2019 1134 ad
2062 1082 2359 1151 sequentia
2392 1086 2749 1154 propositum
2780 1092 3189 1140 convertemus.

2548 1192 2774 1246 CAPUT
2813 1193 3038 1247 XXVIII.

1951 1281 2023 1332 De
2051 1282 2214 1352 tertia
2248 1281 2594 1347 inaequalitas
2625 1286 2797 1349 specie
2835 1298 2953 1351 qua
2984 1283 3187 1336 dicitur
3214 1286 3644 1352 superpartiens,

2058 1349 2227 1419 deque
2256 1352 2528 1418 speciebus
2562 1353 2676 1421 ejus
2709 1349 3005 1421 earumque
3041 1349 3499 1420 generationibus.

2022 1438 2201 1508 Igitur
2232 1446 2358 1508 post
2382 1439 2522 1493 duas
2560 1441 2772 1510 primas
2806 1442 3174 1496 habitudines
3206 1444 3560 1515 multiplices
3590 1450 3646 1499 et

1951 1527 2518 1598 superparticulares,
2552 1536 2607 1583 et
2645 1546 2737 1583 eas
2764 1547 2888 1601 quae
2920 1531 3024 1585 sub
3054 1532 3194 1601 ipsis
3222 1537 3356 1587 sunt
3379 1534 3639 1588 submul-

1950 1615 2173 1687 tiplices
2220 1622 2275 1670 et
2318 1616 2998 1688 subsuperparticulares,
3031 1621 3201 1674 tertia
3236 1621 3644 1693 inasqualitatis

1951 1705 2168 1775 species
2216 1706 2527 1772 invenitur,
2575 1724 2703 1778 quaa
2747 1724 2780 1761 a
2821 1709 2983 1762 nobis
3030 1710 3293 1779 superius
3343 1727 3645 1781 superpar-

1950 1794 2098 1848 tiens
2123 1796 2269 1849 dicta
2302 1801 2405 1849 est.
2443 1797 2570 1850 Haec
2609 1803 2693 1850 est
2736 1800 2947 1862 autem,
2993 1814 3121 1867 quae
3171 1798 3237 1852 ﬁt
3280 1814 3410 1852 cum
3440 1816 3641 1854 nume-

1947 1899 2044 1937 rus
2073 1884 2141 1937 ad
2181 1884 2357 1938 alium
2389 1891 2770 1955 comparatus,
2795 1885 2969 1940 habet
2998 1902 3131 1940 eum
3168 1890 3351 1941 totum
3387 1887 3537 1941 infra
3561 1904 3639 1954 se,

1948 1975 2003 2024 et
2030 1972 2153 2042 ejus
2198 1972 2435 2041 insuper
2482 1974 2702 2043 aliquas
2750 1979 2963 2043 partes,
3014 1975 3101 2029 vel
3134 1975 3295 2041 duas,
3328 1976 3415 2029 vel
3449 1979 3501 2041 3,
3555 1977 3643 2029 vel

1946 2061 1999 2128 4,
2032 2061 2119 2113 vel
2163 2064 2306 2131 quot
2344 2061 2467 2131 ipsa
2506 2061 2704 2115 tulerit
2750 2063 3125 2132 comparatio.
3176 2064 3313 2127 Qum
3360 2064 3640 2119 habitudo

1946 2148 2144 2220 incipit
2174 2166 2207 2203 a
2257 2149 2477 2203 duabus
2522 2150 2782 2220 partibus
2832 2150 3037 2205 tertiis.
3070 2153 3212 2205 Nam
3261 2153 3308 2205 si
3342 2152 3483 2206 duas
3513 2169 3637 2207 me-

1948 2238 2184 2293 dietates
2210 2238 2497 2306 habuerit,
2547 2239 2647 2309 qui
2693 2240 2859 2293 illum
2890 2240 3040 2293 intra
3080 2256 3137 2293 se
3170 2244 3353 2294 totum
3397 2246 3636 2307 coercet,

1946 2327 2155 2398 duplus
2173 2343 2276 2398 pro
2302 2329 2758 2399 superpartiente
2782 2329 3166 2398 componitur.
3184 2330 3425 2383 Habebit
3445 2334 3638 2385 autem

1945 2417 2032 2469 vel
2074 2417 2214 2470 duas
2233 2416 2449 2483 tertias,
2483 2417 2571 2471 vel
2593 2417 2733 2471 duas
2758 2417 3009 2487 quintas,
3052 2419 3140 2472 vel
3169 2419 3310 2473 duas
3343 2418 3637 2489 septimas,

1947 2505 2033 2559 vel
2065 2505 2206 2559 duas
2236 2522 2438 2571 nonas,
2474 2511 2531 2559 et
2565 2506 2645 2559 ita
2694 2506 3196 2576 progredientibus
3236 2508 3282 2561 si
3326 2509 3465 2562 duas
3494 2509 3641 2563 solas

1947 2599 2136 2665 partes
2184 2595 2425 2649 minoris
2474 2596 2701 2649 numeri
2750 2596 3214 2666 superhabuerit,
3261 2613 3363 2668 per
3405 2598 3635 2652 easdem

1945 2689 2137 2755 partes
2183 2684 2502 2756 imparibus
2556 2685 2815 2740 numeris
2859 2685 3147 2739 minorem
3183 2688 3368 2756 major
3415 2703 3642 2741 summa

1945 2773 2318 2828 transcendit.
2354 2776 2492 2828 Nam
2522 2774 2569 2826 si
2617 2789 2749 2827 eum
2780 2773 2987 2829 habeat
3030 2778 3218 2827 totum
3249 2779 3304 2828 et
3342 2774 3482 2828 duas
3515 2775 3638 2845 ejus

1945 2867 2197 2932 quartas,
2230 2860 2763 2930 superparticularis
2794 2862 3112 2915 necessario
3143 2862 3447 2931 reperitur.
3496 2863 3638 2916 Nam

1946 2949 2072 3003 dua:
2101 2954 2321 3020 quarta:
2362 2949 2639 3003 medietas
2672 2954 2776 3016 est,
2816 2954 2874 3003 et
2901 2950 2967 3004 ﬁt
2995 2950 3368 3021 sesquialtera
3406 2965 3635 3019 compa-

1878 3035 1918 3091 C
1947 3039 2113 3092 ratio.
2142 3038 2198 3093 Si
2245 3053 2376 3092 vero
2427 3038 2569 3092 duas
2599 3042 2803 3104 sextas,
2850 3054 3046 3092 rursus
3090 3042 3174 3093 est
3207 3039 3634 3109 superparticu-

1945 3128 2099 3181 laris.
2141 3128 2279 3181 Dum
2326 3126 2479 3181 enim
2529 3131 2717 3194 sextus,
2767 3142 2899 3197 pars
2937 3127 3105 3180 tertia
3154 3131 3255 3181 est.
3291 3127 3451 3191 Quod
3495 3128 3541 3181 si
3574 3127 3636 3182 in

1943 3217 2370 3287 comparatione
2418 3220 2687 3285 ponatur,
2715 3215 3091 3286 sesquitertiaa
3120 3215 3474 3270 habitudinis
3504 3217 3635 3271 efﬁ-

1943 3306 2053 3360 ciet
2084 3306 2352 3359 formam.
2389 3306 2523 3359 Post
2551 3306 2654 3359 hos
2684 3310 3001 3359 nascuntur
3040 3304 3297 3371 comites,
3341 3303 3442 3374 qui
3500 3302 3631 3357 sub-

1942 3394 2431 3465 superpartientes
2456 3399 2727 3448 vocantur
2752 3414 2766 3460 ;
2797 3393 2859 3449 hi
2887 3398 3081 3448 autem
3112 3397 3244 3447 sunt
3270 3392 3371 3463 qui
3416 3390 3633 3446 haben-

1941 3489 2037 3539 tur
2064 3485 2136 3539 ab
2167 3485 2277 3538 alio
2315 3500 2579 3553 numero,
2612 3488 2666 3537 et
2703 3499 2905 3538 eorum
2936 3484 3022 3537 vel
3064 3483 3217 3550 dum,
3250 3482 3336 3536 vel
3367 3484 3415 3545 3,
3462 3481 3549 3535 vel
3576 3482 3630 3547 4,

1944 3575 2031 3627 vel
2064 3573 2351 3645 quotlibet
2381 3574 2505 3627 alia:
2536 3577 2746 3644 partes.
2777 3572 2835 3627 Si
2865 3588 2999 3642 ergo
3036 3588 3312 3625 numerus
3342 3571 3518 3624 alium
3550 3570 3634 3625 in-

1942 3666 2030 3715 tra
2062 3678 2119 3715 se
2164 3677 2470 3715 numerum
2519 3661 2757 3728 habens,
2797 3660 2919 3729 ejus
2949 3660 3089 3714 duas
3120 3665 3310 3730 partes
3345 3659 3630 3726 habuerit,

1942 3749 2432 3819 superbipartiens
2462 3749 2834 3819 nominatur;
2867 3748 2913 3801 si
2938 3764 3071 3802 vero
3094 3755 3223 3814 tres,
3255 3748 3634 3819 supertripar-

1941 3837 2127 3905 tiens;
2162 3839 2315 3910 quod
2344 3838 2391 3892 si
2422 3840 2477 3903 4,
2511 3836 3163 3908 superquadripartiens,
3195 3844 3366 3909 atque
3397 3837 3476 3891 ita
3504 3853 3634 3908 pro-

1941 3928 2334 3998 gredientibus
2360 3928 2419 3980 in
2448 3926 2742 3980 inﬁnitum
2767 3926 2986 3997 ﬁngere
3028 3928 3263 3981 nomina
3294 3927 3443 3981 licet.
3482 3926 3631 3980 Ordo

1941 4022 2134 4071 autem
2180 4032 2378 4070 eorum
2424 4016 2697 4069 naturalis
2747 4019 2850 4084 est,
2896 4016 3123 4086 quoties
3172 4017 3558 4085 disponuntur
3601 4033 3635 4069 a

1940 4106 2127 4161 tribus
2159 4122 2359 4160 omnes
2390 4120 2553 4176 pares
2593 4110 2765 4175 atque
2797 4104 3048 4174 impares
3087 4104 3315 4158 numeri
3355 4104 3630 4157 naturali-

1943 4201 2031 4251 ter
2075 4195 2386 4263 constituti,
2438 4199 2495 4248 et
2534 4194 2639 4249 sub
2688 4194 2777 4248 his
2828 4198 3100 4264 aptantur
3150 4194 3248 4247 alii
3289 4192 3389 4264 qui
3439 4196 3570 4246 sunt
3601 4209 3633 4246 a

1943 4286 2210 4357 quinario
2264 4302 2506 4339 numero
2562 4284 2900 4355 incipientes
2950 4300 3148 4337 omnes
3212 4282 3481 4353 impares.
3535 4281 3632 4337 His

1944 4376 2121 4446 igitur
2150 4376 2228 4429 ita
2272 4374 2580 4445 dispositis,
2614 4374 2658 4427 si
2712 4373 2931 4445 primus
2959 4372 3169 4443 primo,
3211 4370 3492 4425 secundus
3538 4386 3632 4423 se-

1938 4464 2147 4532 cundo,
2202 4464 2406 4517 tertius
2448 4463 2641 4529 tertio,
2675 4467 2730 4517 et
2772 4463 2962 4516 caeteri
3024 4460 3243 4515 caateris
3292 4474 3629 4529 comparen-

1936 4560 2051 4619 tur,
2086 4553 2485 4625 superpatiens
2514 4551 2792 4608 habitudo
2824 4554 3173 4623 procreatur.
3222 4548 3307 4604 Sit
3337 4549 3490 4602 enim
3522 4547 3632 4601 dis-

1936 4643 2144 4713 positio
2176 4644 2284 4696 hoc
2316 4642 2487 4696 modo
2516 4655 2528 4696 :

1995 4738 3578 4804 |3|4|5l6l7l778A|49_|LJ

1939 4905 1998 4961 Si
2046 4906 2224 4975 igitur
2254 4903 2501 4974 quinarii
2534 4903 2757 4957 numeri
2808 4903 2873 4956 ad
2923 4904 3241 4958 ternarium
3282 4902 3634 4972 comparatio

1941 4994 2348 5057 consideretur,
2400 4992 2509 5046 erit
2548 4990 2974 5061 superpartiens
3006 4992 3099 5045 ille
3146 4990 3245 5062 qui
3276 4997 3507 5044 vocatur
3538 5008 3633 5045 su-

1942 5082 2386 5155 perbipartiens.
2433 5080 2775 5136 Habetenim
2801 5080 3101 5149 quinarius
3123 5086 3270 5135 totos
3319 5082 3380 5136 in
3401 5098 3458 5135 se
3496 5084 3631 5144 tres,

1943 5177 2001 5225 et
2022 5187 2220 5225 eorum
2248 5172 2389 5225 duas
2420 5174 2630 5239 partes,
2661 5170 2719 5223 id
2750 5174 2835 5223 est
2863 5170 2916 5224 2.
2951 5170 3010 5224 Si
3055 5187 3188 5225 vero
3218 5172 3288 5225 ad
3315 5169 3631 5225 secundum

1947 5260 2210 5314 ordinem
2262 5258 2571 5330 speculatio
2612 5258 2917 5326 referatur,
2964 5260 3465 5331 supertripartiens
3498 5273 3631 5326 pro-

1946 5349 2135 5420 portio
2164 5354 2557 5420 cognoscetur,
2598 5353 2769 5420 atque
2812 5350 2869 5403 in
2901 5349 3271 5421 sequentibus
3302 5363 3404 5417 per
3436 5361 3635 5399 omnes

1948 5438 2255 5509 dispositos
2299 5453 2565 5491 numeros
2606 5454 2806 5492 omnes
2840 5438 2901 5492 in
2943 5437 3235 5492 inﬁnitum
3282 5433 3500 5505 species
3525 5434 3633 5488 hu-

1945 5529 2039 5599 jus
2079 5527 2305 5582 numeri
2348 5526 2751 5583 convenientes
2793 5527 3195 5596 ordinatasque
3239 5522 3529 5595 respicies.
3566 5528 3636 5578 At

1950 5634 2083 5673 vero
2114 5617 2601 5688 quemadmodum
2634 5617 2845 5689 singuli
2893 5619 3291 5687 procreentur,
3327 5614 3374 5668 si
3422 5613 3483 5668 in
3514 5613 3639 5668 inﬁ-
