4104 6176
430 246 561 298 1107

1733 239 1845 295 ΛΝ.
1890 237 2097 293 MANL.
2141 239 2294 297 SEV.
2336 236 2586 293 BOETlI.

3755 240 3771 290 1
3786 240 3865 295 108

420 377 611 433 nitum
656 375 782 448 quis
827 378 985 428 curet
1022 388 1350 443 agnoscere,
1398 371 1492 425 hic
1541 370 1746 425 modus
1786 375 1889 425 est.
1940 370 2105 425 Habi-
2146 371 2194 424 Α
2232 385 2541 424 numerum
2589 369 2715 440 plus
2767 383 2944 437 quam
2974 366 3151 421 semel
3192 365 3381 435 habet,
3422 366 3738 437 multiplicis
3778 374 3864 422 est.

420 469 560 523 tudo
587 466 741 521 enim
773 461 1327 534 superbipartientis,
1359 461 1407 513 si
1435 461 1690 531 utrisque
1722 458 1983 513 terminis
2012 459 2107 512 du-

421 558 683 629 plicetur,
716 569 942 625 semper
991 550 1476 622 superbipartiens
1516 549 1814 620 proportio
1855 565 2114 619 procrea-

419 652 531 700 tur.
569 644 627 698 Si
656 643 810 699 enim
842 642 971 712 quis
1000 642 1251 712 duplicet
1282 644 1333 706 ὅ,
1363 640 1530 695 faciet
1562 642 1621 693 10
1650 658 1661 706 ;
1698 639 1744 692 si
1781 644 1918 708 tres,
1949 639 2117 693 faciet

420 739 493 789 6:
526 734 625 804 qui
680 736 739 786 10
779 737 976 786 contra
1018 730 1314 784 senarium
1369 729 1704 800 comparati,
1756 728 2117 799 superbipar-

418 825 657 879 tientem
700 823 916 877 faciunt
958 819 1378 885 habitudinem,
1427 823 1483 872 et
1528 819 1627 872 hos
1658 819 1813 887 ipsos
1843 835 2038 872 rursus
2070 819 2117 871 si

420 912 820 985 duplicaveris,
853 911 1006 964 idem
1035 909 1179 963 ordo
1204 908 1591 979 proportionis
1619 908 1903 961 accrescit.
1936 909 2118 962 Idem-

421 1021 533 1075 que
565 1002 609 1055 si
639 1003 698 1056 in
728 1000 1023 1055 inﬁnitum
1059 998 1250 1064 facies,
1283 1002 1495 1051 statum
1526 997 1733 1067 prioris
1763 996 2115 1050 habitudinis

420 1109 540 1147 non
572 1090 831 1146 mutabit.
852 1088 909 1143 Si
941 1104 1075 1143 vero
1107 1086 1670 1157 supertripartientes
1699 1086 1954 1140 invenire
1987 1102 2117 1139 con-

420 1180 639 1246 tendas,
668 1178 887 1248 primos
918 1175 1502 1246 supertripartientes,
1527 1174 1583 1228 id
1611 1178 1697 1228 est
1726 1180 1755 1227 7
1790 1179 1844 1227 et
1873 1175 1906 1227 4
1937 1174 2115 1244 tripli-

422 1266 594 1332 cabis,
649 1268 703 1318 et
756 1264 1086 1335 hujusmodi
1135 1269 1459 1319 nascentur.
1503 1263 1560 1317 Si
1594 1279 1728 1318 vero
1765 1263 1864 1334 qui
1919 1280 1982 1317 ex
2026 1264 2114 1317 his

422 1355 542 1409 nati
615 1354 848 1422 fuerint,
906 1353 1143 1407 ternarii
1207 1352 1680 1424 multiplicatione
1753 1351 2110 1422 produxeris,

424 1444 580 1499 idem
612 1460 803 1497 rurses
836 1443 1105 1497 efﬁcient.
1142 1443 1300 1507 Quod
1329 1443 1375 1495 si
1420 1440 2114 1513 superquadripartientes

426 1533 911 1605 quemadmodum
959 1532 1022 1586 in
1086 1532 1378 1585 inﬁnitum
1434 1530 1879 1601 progrediantur
1957 1534 2114 1599 eptes

426 1623 738 1689 addiscere,
794 1622 1011 1691 primas
1071 1637 1273 1674 eorum
1334 1620 1550 1673 radices
1604 1618 1666 1673 in
1724 1619 2112 1690 quadruplum

426 1710 772 1780 multiplices
800 1710 951 1777 licet,
985 1709 1043 1762 id
1074 1713 1159 1763 est
1208 1710 1237 1760 9
1270 1711 1324 1761 et
1353 1712 1403 1774 5,
1436 1712 1493 1763 et
1523 1725 1617 1763 eos
1651 1709 1751 1779 qui
1792 1709 1889 1761 illa
1920 1708 2117 1762 multi-

426 1800 730 1872 plicatione
774 1798 1156 1869 proferentur,
1201 1796 1441 1851 'rursum
1485 1797 1547 1851 in
1600 1797 2009 1869 quadruplum,
2065 1801 2121 1850 et

425 1889 689 1943 eamdem
733 1888 859 1941 ﬁeri
905 1887 1338 1958 proportionem
1380 1886 1659 1941 inoffensa
1699 1887 1975 1941 nimirum
2022 1904 2119 1940 ra-

422 1981 579 2034 tione
612 1977 884 2048 reperies.
921 1978 984 2031 Et
1032 1981 1249 2030 caetera:
1285 1977 1501 2047 species
1542 1993 1658 2031 una
1707 1993 1935 2047 semper
1992 1977 2119 2047 plus

423 2066 901 2139 multiplicatione
946 2066 1330 2120 crescentibus
1361 2066 1649 2121 radicibus
1681 2066 1963 2120 oriuntur.
2011 2067 2118 2119 Ra-

425 2159 577 2213 dices
630 2160 821 2211 autem
868 2154 1310 2227 proportionum
1347 2171 1504 2225 voco,
1544 2170 1816 2209 numeros
1855 2155 1915 2208 in
1945 2170 2121 2225 supe—

424 2249 575 2303 riore
636 2246 1010 2318 dispositione
1063 2245 1398 2315 descriptos,
1451 2246 1613 2316 quasi
1667 2244 1875 2315 quibus
1934 2244 2121 2298 omnis

428 2354 653 2391 summa
711 2335 1053 2405 supradictae
1087 2334 1531 2404 comparationis
1574 2334 1864 2389 innititur.
1919 2335 1985 2387 ln
2015 2335 2123 2388 hoc

429 2441 661 2497 quoque
690 2423 1004 2477 videndum
1036 2427 1119 2476 est
1147 2423 1444 2493 quoniam,
1485 2439 1614 2476 cum
1646 2422 1769 2476 duae
1806 2427 1990 2493 partes
2022 2422 2124 2476 mi-

428 2531 569 2569 nore
600 2513 729 2583 plus
762 2512 823 2565 in
869 2511 1183 2582 majoribus
1215 2516 1366 2577 sunt,
1414 2512 1571 2565 tertii
1609 2527 1837 2581 semper
1876 2512 2121 2565 vocabu-

428 2604 550 2657 lum
581 2600 942 2655 subauditur.
978 2602 1047 2654 Ut
1079 2599 1563 2671 superbipartiens
1590 2599 1689 2671 qui
1720 2599 1947 2667 dicitur,
1980 2617 2120 2671 quo-

430 2692 585 2747 niam
635 2691 774 2745 duas
805 2688 1047 2743 minoris
1088 2688 1316 2743 numeri
1346 2689 1541 2743 tertias
1574 2694 1763 2759 partes
1806 2689 1995 2755 habet,
2030 2688 2120 2742 di—

432 2786 591 2836 catur
638 2779 1125 2850 superbipartiens
1171 2777 1408 2845 tertias;
1462 2783 1518 2832 et
1566 2794 1696 2832 cum
1748 2778 1874 2832 dico
1925 2795 2124 2849 super-

431 2870 782 2942 tripartiens,
849 2868 1146 2922 subaudiri
1198 2884 1428 2922 necesse
1483 2867 1556 2921 sit
1616 2868 2123 2938 supertripartiens

433 2964 683 3030 quartas,
732 2958 1005 3029 quoniam
1047 2958 1229 3012 tribus
1280 2956 1675 3028 superquartis
1723 2958 2010 3011 exuberat.
2058 2958 2123 3010 Et

432 3047 1106 3121 superquadripartienti,
1184 3047 1525 3102 subauditur
1606 3046 2119 3117 superquadripar-

429 3140 576 3193 tiens
608 3139 855 3209 quintas,
891 3142 948 3192 et
972 3138 1045 3191 ad
1076 3138 1340 3191 eumdem
1372 3137 1610 3191 modum
1641 3136 1700 3190 in
1732 3136 1973 3205 caeteris,
2008 3152 2121 3189 uno

434 3244 661 3299 semper
690 3227 908 3299 adjecto
945 3243 1116 3297 super
1156 3226 1379 3280 habitas
1430 3230 1639 3297 partes,
1683 3224 2009 3279 subauditio
2045 3224 2123 3278 fa-

435 3318 636 3371 cienda
680 3321 783 3382 est,
817 3320 880 3370 ut
912 3332 1114 3370 eorum
1168 3332 1444 3386 germana
1490 3314 2006 3386 convenientiaque
2034 3314 2124 3367 his

435 3405 674 3460 nomina
714 3405 835 3457 haec
892 3405 1025 3471 sint,
1089 3409 1149 3457 ut
1210 3405 1548 3474 quidicitur
1612 3404 2122 3475 superbipartiens,

434 3494 588 3548 idem
618 3493 839 3546 dicatur
866 3491 1323 3561 superbitertius.
1358 3493 1466 3556 Qui
1501 3492 1707 3546 dicitur
1747 3493 2131 3564 supertripar-

436 3583 606 3648 tiens,
638 3581 686 3635 is
716 3581 787 3635 sit
807 3580 1311 3651 supertriquartus,
1350 3586 1405 3635 et
1436 3580 1536 3651 qui
1567 3580 1777 3635 dicitur
1806 3598 2125 3653 superqua-

438 3670 804 3742 dripartiens,
864 3670 1014 3725 idem
1067 3670 1289 3725 dicatur
1340 3671 1981 3742 superquadriquintus,
2041 3689 2129 3727 ea-

440 3763 686 3832 demque
719 3760 1092 3816 similitudine
1120 3776 1301 3832 usque
1332 3760 1392 3815 in
1421 3760 1714 3816 inﬁnitum
1745 3761 1983 3817 nomina
2003 3778 2131 3833 pro-

437 3849 737 3904 ducantur.

1078 3938 1306 3994 CAPUT
1336 3938 1508 3993 XXIX.

723 4030 797 4083 De
824 4022 1119 4098 multiplici
1143 4030 1655 4099 superpartieulari.

509 4118 694 4189 Igitur
724 4118 915 4172 relata).
953 4118 1023 4172 ad
1067 4118 1286 4190 aliquid
1317 4119 1682 4189 quantitatis,
1740 4118 2029 4190 simplices
2075 4122 2133 4174 et

440 4208 642 4280 primae
674 4208 889 4279 species
910 4207 997 4261 hae
1028 4211 1178 4261 sunt.
1208 4208 1345 4261 Duae
1384 4224 1517 4262 vero
1564 4208 1712 4275 alite,
1754 4225 1820 4262 ex
1850 4208 1939 4263 his
1976 4210 2132 4264 velut

443 4310 509 4349 ex
536 4295 824 4365 aliquibus
854 4294 1154 4367 principiis
1203 4301 1647 4367 componuntur,
1691 4301 1756 4352 ut
1788 4298 2135 4369 multiplices

442 4384 1008 4454 superpartieulares,
1086 4388 1143 4438 et
1202 4384 1549 4455 multiplices
1628 4388 2136 4457 superpartientes,

441 4474 768 4545 horumque
799 4473 1033 4527 comites
1078 4474 1533 4544 submultipliees
1567 4476 2135 4546 superpartieulares,

444 4566 501 4617 et
529 4563 984 4633 submultipliees
1016 4563 1521 4633 superpartientes.
1558 4565 1814 4633 Namque
1843 4564 1905 4618 in
1947 4565 2036 4619 his
2078 4571 2137 4620 ut

443 4651 505 4705 in
536 4640 825 4721 praedictis
868 4652 1359 4722 proportionibus,
1396 4651 1651 4707 minores
1683 4653 1931 4721 numeri,
1960 4659 2016 4708 et
2046 4671 2112 4709 eo

445 4756 575 4793 rum
632 4756 862 4812 quoque
914 4742 1127 4811 species
1176 4757 1395 4808 omnes,
1456 4742 1649 4797 addita
1702 4743 1802 4797 sub
1860 4744 2135 4815 prazposi-

444 4827 623 4895 tione,
657 4829 942 4885 dicuntur.
980 4831 1237 4895 Quorum
1260 4831 1516 4885 deﬁnitio
1557 4831 1686 4886 talis
1710 4832 1870 4887 reddi
1900 4838 2088 4904 potest
2122 4851 2134 4889 :

446 4918 751 4988 multiplex
783 4920 1313 4991 superpartieularis
1339 4925 1440 4986 est,
1476 4922 1742 4992 quotiens
1767 4938 2044 4976 numerus
2066 4924 2137 4978 ad

444 5024 757 5063 numerum
797 5014 1181 5081 comparatus,
1214 5011 1385 5066 habet
1415 5027 1545 5065 eum
1576 5012 1705 5081 plus
1754 5028 1928 5083 quam
1961 5015 2139 5068 semel

446 5101 501 5152 et
532 5098 654 5169 ejus
682 5114 860 5152 unam
904 5103 1148 5170 partem,
1191 5101 1302 5156 hoc
1348 5105 1451 5167 est,
1502 5101 1675 5155 habet
1704 5117 1838 5155 eum
1881 5106 1979 5156 aut
2034 5103 2135 5156 du-

443 5188 628 5258 plum,
660 5192 758 5242 aut
791 5187 1031 5260 triplum
1079 5194 1180 5243 aut
1209 5190 1621 5261 quadruplum,
1670 5194 1770 5244 aut
1805 5191 2140 5261 quotiensli-

443 5277 561 5344 bet,
596 5282 653 5333 et
683 5279 807 5348 ejus
838 5279 1157 5349 quamlibet
1186 5277 1438 5350 aliquam
1470 5284 1716 5349 partem,
1747 5279 1836 5334 vel
1863 5280 2136 5348 mediam,

446 5361 531 5413 vel
570 5361 818 5429 tertiam,
868 5363 955 5416 vel
1014 5365 1297 5432 quartam,
1332 5362 1420 5415 vel
1460 5378 1819 5433 quaecunque
1851 5363 1961 5416 alia
2014 5379 2139 5432 par-

446 5447 593 5501 tium
625 5451 1033 5505 exuberatione
1064 5450 1387 5521 contigerit.
1418 5450 1517 5504 Hic
1548 5467 1684 5522 ergo
1719 5457 1774 5506 et
1806 5452 2139 5523 multiplici-

448 5540 503 5588 et
532 5539 1037 5609 superpartieulari
1067 5538 1344 5595 consistit.
1369 5538 1529 5603 Quod
1560 5540 1713 5594 enim
1740 5545 2136 5611 comparatum

2222 463 2337 515 lloc
2361 475 2497 513 vero
2530 458 2683 531 quod
2712 458 3004 511 minorum
3046 456 3109 510 in
3143 456 3406 511 habenda
3434 459 3594 526 parte
3623 460 3868 511 transcen-

2223 552 2325 621 dit,
2360 548 2911 621 superpartieularis.
2958 550 3040 601 Ita
3087 562 3153 601 ex
3198 551 3442 618 utroque
3482 546 3706 599 nomine
3746 548 3867 601 facto

2222 641 2515 707 vocabulo,
2563 642 2667 705 est,
2720 636 3053 709 speciesque
3084 636 3238 690 illius
3268 636 3339 690 ad
3376 636 3627 700 illarum,
3668 635 3865 704 scilicet,

2222 730 2369 783 ﬁunt
2399 728 2709 799 imaginem
2737 726 3198 797 proportionum,
3232 741 3298 778 ex
3321 724 3532 796 quibus
3563 725 3677 794 ipse
3707 740 3869 778 nume-

2225 835 2321 872 rus
2355 818 2641 889 originem
2669 816 2863 872 trahit.
2894 817 3033 870 Nam
3063 816 3249 887 prima
3278 831 3409 885 pars
3451 814 3623 883 hujus
3650 814 3868 867 vocabuli

2225 925 2352 979 quae
2387 908 2720 979 multiplicis
2742 906 2977 962 nomine
3010 921 3265 977 possessa
3304 910 3407 972 est,
3441 902 3758 973 multiplicis
3788 920 3867 957 nu-

2225 998 2370 1051 meri
2400 997 2719 1067 specierum
2768 996 3041 1050 vocabulo
3090 994 3441 1048 nominanda
3480 996 3580 1047 est.
3615 993 3741 1056 Quae
3766 1008 3869 1046 vero

2226 1086 2760 1157 superpartieularis
2791 1088 2895 1152 est,
2930 1084 3131 1138 eodem
3163 1083 3436 1137 vocabulo
3470 1082 3869 1151 nuncupabitur,

2224 1193 2339 1247 quo
2396 1175 2931 1247 superpartieularis
2986 1173 3214 1229 numeri
3272 1173 3490 1243 species
3539 1172 3867 1227 vocabantur.

2223 1266 2450 1319 Dicetur
2467 1265 2621 1319 enim
2645 1266 2741 1336 qui
2776 1264 3061 1336 duplicem
3082 1264 3349 1318 habuerit
3379 1263 3560 1315 alium
3582 1278 3867 1321 numerum,

2223 1359 2278 1409 et
2308 1355 2431 1425 ejus
2462 1354 2709 1409 mediam
2734 1359 2977 1421 partem,
3010 1353 3217 1424 duplex
3241 1352 3618 1424 sesquialter;
3651 1350 3741 1421 qui
3767 1367 3869 1403 vero

2222 1445 2468 1509 tertiam,
2506 1444 2712 1515 duplex
2761 1442 3191 1514 sesquitertius;
3247 1444 3346 1514 qui
3378 1446 3664 1513 quartam,
3700 1440 3866 1509 duplex

2223 1534 2675 1605 sesquiquartus,
2738 1537 2795 1587 et
2836 1533 3118 1604 deinceps.
3157 1532 3215 1586 Si
3261 1548 3395 1585 vero
3427 1536 3517 1585 ter
3546 1546 3675 1584 eum
3725 1533 3869 1583 totum

2227 1624 2520 1679 contineat
2547 1627 2601 1676 et
2654 1624 2775 1692 ejus
2807 1623 3056 1676 mediam
3105 1625 3351 1693 partem,
3403 1622 3495 1674 vel
3542 1620 3774 1685 tertiam,
3806 1620 3867 1671 vel

2229 1719 2511 1785 quartam,
2540 1712 2746 1767 dicitur
2778 1712 2979 1781 triplex
3004 1712 3360 1783 sesquialter,
3388 1710 3596 1780 triplex
3620 1710 3871 1779 sesquiter-

2228 1804 2362 1869 tius,
2397 1802 2601 1873 triplex
2633 1801 3087 1872 sesquiquartus,
3122 1806 3177 1854 et
3215 1800 3419 1854 eodem
3455 1798 3623 1852 modo
3668 1797 3723 1850 in
3748 1800 3869 1849 caete-

2228 1892 2326 1945 ris.
2364 1892 2705 1961 Diceturque
2747 1891 3104 1961 quadruplus
3152 1888 3516 1959 sesquialter,
3568 1886 3871 1958 quadruplus

2230 1979 2642 2051 sesquitertius,
2679 1980 3030 2051 quadruplus
3073 1978 3530 2049 sesquiquartus,
3578 1982 3632 2030 et
3657 1972 3869 2046 quotiens

2230 2074 2415 2125 totum
2444 2086 2753 2124 numerum
2796 2069 2858 2123 in
2892 2069 3199 2139 semetipso
3227 2066 3598 2135 continuerit,
3644 2081 3737 2135 per
3758 2063 3870 2117 mul-

2228 2159 2440 2230 tiplicis
2490 2160 2720 2214 numeri
2754 2159 2969 2230 species
3013 2158 3356 2229 appellatur,
3410 2171 3587 2227 quam
3635 2169 3755 2208 vero
3779 2168 3873 2223 paro

2230 2254 2347 2303 tem
2396 2249 2707 2320 comparati
2762 2248 2991 2303 numeri
3043 2247 3328 2314 clauserit,
3382 2245 3693 2300 secundum
3723 2257 3873 2312 super-

2158 1675 2198 1728 Β

2230 2340 2636 2409 partieularem
2689 2337 3176 2409 comparationem
3224 2336 3729 2404 habitudinemque
3753 2346 3872 2385 voea-

2228 2429 2401 2483 bitur.
2441 2431 2658 2483 Horum
2716 2432 2909 2483 autem
2940 2428 3199 2497 exempla
3229 2426 3566 2497 hujusmodi
3619 2428 3739 2477 sunt
3764 2439 3775 2476 :
3799 2421 3872 2475 du-

2230 2519 2359 2588 plex
2417 2519 2755 2590 sesquialter
2808 2522 2912 2585 est,
2968 2521 3033 2571 ut
3091 2517 3347 2588 quinque
3406 2516 3477 2569 ad
3536 2515 3666 2582 duo,
3703 2511 3871 2566 habent

2232 2608 2387 2661 enim
2416 2612 2467 2675 5,
2502 2608 2793 2662 binarium
2824 2622 3133 2661 numerum
3165 2606 3251 2660 bis
3300 2610 3355 2659 et
3386 2606 3512 2676 ejus
3564 2602 3804 2665 mediam,
3829 2599 3869 2653 id

2232 2702 2316 2752 est
2352 2701 2397 2751 1.
2443 2698 2663 2768 DUplex
2706 2713 2836 2751 vero
2877 2696 3274 2767 sesquitertius
3332 2699 3420 2748 est
3469 2691 3797 2763 septenarius
3820 2687 3870 2741 ad

2230 2788 2545 2841 ternarium
2594 2790 2973 2856 comparatus.
3031 2789 3102 2839 At
3147 2801 3279 2839 vero
3311 2782 3655 2838 novenarius
3675 2782 3734 2836 ad
3775 2796 3871 2851 qua-

2232 2878 2445 2947 duplex
2466 2877 2918 2947 sesquiquartus.
2945 2876 3010 2929 Et
3042 2876 3104 2929 hi
3128 2890 3355 2944 semper
3386 2877 3706 2937 nascentur,
3732 2868 3873 2938 dispo-

2163 2981 2203 3036 C
2233 2966 2352 3019 sitis
2380 2964 2439 3019 in
2474 2965 2732 3019 ordinem
2762 2982 2793 3018 a
2822 2964 3047 3019 binario
3079 2980 3320 3018 numero
3348 2963 3617 3017 omnibus
3644 2957 3870 3014 naturali-

2233 3059 2319 3109 ter
2366 3055 2599 3125 paribus
2654 3053 3088 3124 imparibusque
3146 3052 3437 3119 terminis,
3501 3051 3547 3104 si
3582 3054 3754 3103 contra
3802 3062 3873 3099 eos

2235 3160 2433 3198 omnes
2464 3161 2495 3197 a
2540 3143 2805 3214 quinario
2835 3159 3076 3197 numero
3126 3142 3376 3212 impares
3412 3144 3807 3210 comparentur,
3829 3138 3875 3186 ut

2237 3234 2491 3303 primum
2544 3234 2752 3303 primo,
2805 3232 3119 3286 secundum
3151 3231 3426 3297 secundo,
3476 3229 3698 3284 tertium
3722 3222 3873 3285 tertio,

2236 3328 2400 3377 caute
2432 3328 2490 3377 et.
2546 3321 2852 3392 diligenter
2886 3337 3160 3392 apponas,
3214 3326 3275 3375 ut
3313 3321 3386 3374 sit
3416 3317 3710 3391 dispositio
3738 3314 3871 3368 talis:

2232 3426 3875 3509 TTWWW—W

2240 3644 2295 3701 Si
2334 3661 2464 3699 vero
2496 3662 2529 3699 a
2561 3645 2784 3699 duobus
2822 3643 3057 3715 paribus
3102 3642 3369 3697 omnibus
3404 3640 3687 3713 dispositis
3725 3634 3873 3691 termi-

2240 3736 2350 3801 nis,
2382 3734 2468 3789 illi
2503 3734 2603 3806 qui
2635 3751 2667 3788 a
2698 3732 2961 3805 quinario
2994 3748 3236 3787 numero
3269 3731 3624 3799 inchoantes,
3658 3723 3870 3800 quinario

2241 3841 2482 3879 numero
2514 3840 2710 3878 rursus
2750 3839 2869 3877 sese
2898 3821 3226 3877 transiliunt
3270 3831 3691 3892 comparentur,
3721 3827 3874 3870 omnes

2242 3914 2501 3985 duplices
2554 3913 2959 3985 sesquialteros
3012 3915 3227 3980 creant,
3277 3916 3343 3966 ut
3389 3916 3482 3966 est
3532 3909 3757 3980 subjecta
3798 3902 3873 3958 de-

2242 4004 2493 4075 scriptio.

2326 4122 2337 4184 l
2445 4128 2476 4175 2
2579 4124 2587 4181 I
2695 4124 2729 4177 4
2830 4122 2838 4180 I
2947 4119 3123 4184 6J2
3201 4118 3740 4184 8,777|7,10,_|_Q

2329 4184 3741 4253 W30
3800 4184 3819 4253 l

2175 4287 2219 4341 θ
2246 4312 2302 4368 Si
2331 4327 2465 4366 vero
2498 4328 2529 4364 a
2550 4311 2733 4365 tribus
2759 4311 3033 4366 inchoent
3063 4310 3485 4380 dispositiones,
3519 4314 3574 4362 et
3602 4305 3761 4360 tribus
3786 4312 3876 4352 sese

2245 4400 2593 4468 transiliant,
2635 4406 2690 4456 et
2734 4401 2804 4455 ad
2836 4416 2931 4455 eos
2972 4405 3244 4471 aptentur
3272 4399 3373 4470 qui
3411 4415 3445 4451 a
3494 4390 3783 4467 septenario
3806 4387 3875 4440 in—

2247 4490 2540 4555 choantes,
2586 4490 2907 4560 septenario
2960 4505 3080 4543 sese
3128 4504 3367 4543 numero
3412 4481 3873 4556 transgrediuntur,

2248 4596 2445 4634 omnes
2492 4580 2747 4649 duplices
2787 4578 3157 4650 sesquitertii,
3196 4577 3389 4631 habita
3427 4577 3716 4643 diligenter
3752 4580 3874 4621 com-

2246 4669 2570 4740 paratione,
2611 4673 2943 4737 nascuntur,
2985 4673 3050 4723 ut
3093 4667 3346 4737 subjecta
3378 4663 3674 4734 descriptio
3704 4658 3872 4713 monet.

2865 4795 3139 4802 ___.___.—

2273 4804 2510 4871 I-_3__I
2546 4795 2882 4872 ζῖΓῙΤῖ-ε»
3074 4778 3869 4873 η’ῗῗῑδηι,-ίὲῗῖἮ

2273 4860 2285 4942 ι’
2310 4866 2510 4933 ’“7’”1
2546 4867 2568 4870 ί
2596 4868 2709 4927 ur
2739 4860 2753 4933 ι·
2794 4868 2803 4871 ίδ
2829 4860 3798 4956 '_l;_3_§“’i"4-2‘I"49
3852 4860 3859 4915 ι

2246 5002 2301 5057 Si
2331 5018 2464 5057 vero
2499 5019 2695 5058 omnes
2724 5003 2781 5057 in
2811 5002 3072 5058 ordinem
3103 5002 3413 5073 quadrupli
3445 5002 3806 5071 disponantur,
3832 4988 3875 5043 hi

2247 5091 2346 5161 qui
2376 5092 2655 5145 naturalis
2672 5091 2899 5145 numeri
2929 5090 3237 5161 quadrupli
3260 5096 3414 5156 sunt,
3448 5096 3508 5144 ut
3536 5085 3751 5142 unitatis
3767 5093 3869 5152 qua-

2248 5180 2507 5250 druplus,
2568 5184 2623 5234 et
2671 5180 2941 5247 duorum,
2972 5179 3265 5251 triumque
3319 5184 3375 5233 et
3433 5182 3686 5251 quatuor,
3741 5176 3871 5239 atque

2247 5268 2518 5340 quinarii,
2551 5274 2609 5323 et
2638 5274 2978 5323 caeterorum
3027 5285 3149 5324 sese
3198 5270 3579 5341 sequentium,
3625 5270 3684 5319 ut
3707 5260 3768 5315 ad
3800 5268 3871 5310 eos

2247 5364 2513 5431 aptentur
2569 5377 2599 5413 a
2646 5359 2953 5413 novenario
3010 5376 3252 5414 numero
3310 5360 3653 5420 inchoantes,
3691 5357 3871 5415 semper

2248 5465 2366 5502 sese
2405 5448 2709 5503 novenario
2758 5450 3169 5518 praecedentes,
3224 5455 3362 5504 tunc
3409 5445 3640 5521 duplicis
3685 5434 3868 5508 sesqui‘

2248 5544 2467 5611 quartae
2498 5538 2883 5611 proportionis
2912 5540 3097 5595 forma
3130 5544 3371 5596 texetur.
