4104 6176
234 315 373 369 1109

1556 319 1644 405 ΠΕ
1684 319 2155 378 ARITHMETICA
2194 321 2321 376 LIB.
2366 324 2409 375 Ι.

3607 326 3735 377 lllO

1972 459 2018 512 A
2049 458 2219 526 tiens,
2251 462 2305 511 et
2353 458 2557 530 triplex
2593 459 3115 530 supertripartiens,
3166 465 3222 514 et
3272 462 3481 531 triplex
3532 478 3735 533 super~

428 463 1758 523 418112116ιὲ0124

234 526 1933 600 W—BTI—

227 645 305 698 Ea
334 660 469 697 vero
497 643 715 715 species
758 643 931 714 hujus
961 646 1209 713 numeri,
1261 664 1390 718 qum
1422 654 1506 703 est
1550 650 1755 720 triplex
1807 669 1931 707 ses-

227 730 529 801 quialtera,
583 732 689 786 hoc
738 733 910 787 modo
956 740 1325 805 procreatur;
1376 738 1422 791 si
1470 738 1851 809 dispo'nantur
1898 760 1930 797 a

224 819 453 873 binario
485 837 730 875 numero
761 839 961 877 omnes
989 824 1050 878 in
1098 826 1360 880 ordinem
1392 844 1576 897 pares,
1619 834 1675 883 et
1713 834 1784 885 ad
1833 849 1928 887 eos

224 910 555 979 septenario
605 926 848 965 numero
896 912 1246 969 inchoantes.
1290 918 1615 987 septenario
1660 935 1780 974 sese
1826 937 1927 975 su—

223 1000 683 1070 pergredientes,
715 1002 883 1057 solito
915 1004 986 1058 ad
1038 1006 1379 1061 alterutrum
1419 1008 1587 1064 modo
1621 1026 1926 1082 compara-

220 1088 400 1143 tionis
444 1094 740 1161 aptentur.

1602 1225 1911 1239 ἣ

522 1300 569 1350 ’7
722 1297 763 1357 IV
870 1302 935 1352 14
1033 1297 1848 1377 ίιῄὴὲνίή-Ιξδ-Ἥ

1624 1297 1888 1306 ς---

219 1420 275 1475 Si
307 1426 507 1475 autem
538 1438 571 1476 a
611 1423 863 1477 ternario
891 1439 1131 1477 numero
1176 1423 1440 1493 ingressi,
1486 1430 1715 1479 cunctos
1754 1431 1921 1479 natu-

217 1515 355 1568 ralis
390 1516 620 1568 numeri
651 1515 903 1587 triplices
950 1516 1347 1586 disponamus,
1388 1522 1443 1571 et
1485 1518 1567 1571 eis
1606 1535 1639 1572 a
1683 1518 1921 1572 denario

219 1621 465 1659 numero
497 1605 734 1659 denario
767 1621 890 1659 sese
931 1606 1433 1676 supergredientes
1464 1608 1661 1661 ordine
1690 1624 1919 1678 compa-

216 1709 435 1760 remus,
466 1710 665 1748 omnes
708 1696 959 1765 triplices
1008 1695 1360 1766 sesquitertii
1418 1697 1476 1750 in
1526 1713 1593 1751 ea
1639 1696 1915 1751 termino—

215 1800 348 1837 rum
378 1784 813 1838 continuatione
842 1784 1203 1855 provenient.

224 1918 643 1988 ,ΨΑ-ἠδ
678 1917 863 1988 ___I__
896 1924 925 1973 ο
956 1920 1137 1989 ωιψ
1175 1910 1435 1989 9‘*I_w
1461 1921 1906 1989 12_H7I_____

1283 1992 1342 2060 ,1
1454 1992 1651 2060 40,_|

1512 2054 1905 2067 ...ι-.-

962 2055 1227 2064 ——_

1234 2058 1509 2067 -——————

861 2118 1087 2172 CAPUT
1130 2118 1272 2172 XXX.

215 2210 289 2261 De
312 2223 499 2262 eorum
528 2207 786 2277 exemplis
838 2209 898 2261 in
949 2210 1227 2277 superiore
1266 2208 1509 2275 formula
1555 2208 1912 2263 inveniendis.

285 2314 511 2369 Horum
551 2319 744 2369 autem
789 2330 1108 2386 eorumque
1152 2314 1249 2386 qui
1290 2320 1612 2386 sequuntur
1659 2316 1917 2385 exempla

210 2403 443 2474 integre
470 2405 757 2476 planeque
777 2420 1082 2475 possumus
1113 2410 1440 2475 pernotare,
1475 2405 1521 2458 si
1567 2405 1625 2458 in
1663 2404 1915 2475 priorem

212 2492 683 2563 descriptionem,
712 2510 885 2565 quam
908 2493 1147 2549 fecimus
1164 2509 1295 2547 cum
1316 2493 1387 2548 de
1408 2492 1915 2564 superparticulari

212 2587 270 2637 et
303 2582 608 2652 multiplici
638 2584 1028 2654 loqueremur,
1060 2582 1158 2637 ubi
1188 2582 1257 2638 ab
1289 2599 1406 2637 uno
1441 2598 1619 2653 usque
1650 2582 1711 2636 in
1740 2582 1915 2636 dena-

208 2673 366 2726 rium
414 2673 963 2742 multiplicationum
1007 2688 1233 2727 summa
1281 2672 1589 2739 concrevit,
1667 2671 1915 2741 diligens

208 2760 456 2814 velimus
486 2776 729 2814 acumen
771 2761 1087 2815 intendere.
1140 2760 1225 2814 Ad
1281 2760 1537 2831 primum
1589 2760 1744 2815 enim
1786 2776 1912 2814 ver-

208 2865 342 2904 sum
390 2865 591 2904 omnes
621 2850 721 2921 qui
753 2855 1074 2921 sequuntur
1115 2850 1322 2917 collati,
1359 2850 1653 2904 ordinatas
1701 2866 1911 2904 conve-

207 2940 551 3010 nientesque
594 2939 929 3009 multiplicis
979 2941 1193 3010 species
1236 2939 1497 2993 reddent.
1553 2939 1611 2994 Si
1663 2956 1796 2993 vero
1839 2939 1912 2993 acl

208 3029 528 3082 secundum
576 3033 809 3083 cunctos
864 3028 962 3099 qui
992 3029 1147 3083 tertii
1193 3034 1328 3083 sunt
1359 3028 1576 3083 ordinis
1605 3028 1907 3099 aptaveris,

205 3118 498 3172 ordinatas
546 3118 763 3187 species
818 3119 1351 3189 superparticularis
1401 3134 1692 3190 agnosces.
1745 3118 1909 3182 Quod

206 3208 254 3260 si
301 3207 476 3261 tertio
533 3207 747 3273 ordini,
815 3207 1145 3279 quicunque
1189 3212 1323 3262 sunt
1382 3208 1442 3261 in
1500 3207 1702 3278 quinto
1740 3223 1910 3262 versu

204 3312 527 3366 compares,
583 3296 1056 3367 superpartientis
1124 3297 1350 3351 numeri
1418 3297 1633 3368 species
1695 3296 1908 3367 positas

200 3385 616 3440 convenienter
652 3385 912 3456 aspicies.
965 3385 1255 3457 Multiplex
1303 3402 1439 3441 vero
1479 3386 1906 3457 superpartien-

196 3475 340 3529 laris
371 3474 716 3541 ostenditur,
748 3490 882 3529 cum
932 3475 1003 3529 ad
1058 3476 1369 3529 secundum
1421 3492 1649 3530 versum
1705 3490 1906 3529 omnes

197 3563 298 3634 qui
348 3570 486 3618 sunt
521 3564 707 3635 quinti
752 3581 949 3618 versus
993 3564 1138 3618 serie
1180 3568 1609 3634 comparentur,
1660 3565 1748 3618 vel
1799 3564 1899 3636 qui

198 3657 334 3706 sunt
364 3652 427 3706 in
458 3652 723 3723 septimo,
756 3654 843 3707 vel
883 3653 983 3724 qui
1014 3659 1149 3708 sunt
1172 3653 1233 3707 in
1258 3670 1431 3720 nono,
1466 3659 1637 3725 atque
1670 3654 1751 3708 ita
1775 3654 1821 3707 si
1845 3653 1906 3707 in

195 3741 497 3795 inﬁnitum
540 3741 612 3795 sit
642 3742 751 3795 ista
778 3742 1105 3813 descriptio,
1153 3742 1215 3796 in
1243 3742 1535 3797 inﬁnitum
1565 3742 1738 3813 hujus
1764 3758 1905 3813 pro-

199 3830 488 3900 portionis
518 3830 735 3900 species
787 3831 1260 3902 procreabuntur.
1319 3832 1677 3885 Manifestum
1712 3838 1905 3887 autem

197 3919 379 3973 etiam
416 3919 523 3973 hoc
554 3924 656 3987 est,
704 3920 862 3991 quod
899 3921 1107 3975 horum
1137 3920 1371 3975 comites
1393 3936 1620 3991 semper
1646 3936 1775 3975 cum
1805 3921 1903 3974 sub

197 4008 611 4078 prmpositione
645 4008 926 4070 dicentur,
961 4014 1023 4064 ut
1069 4015 1155 4064 est
1193 4009 1512 4080 subduplex
1544 4008 1899 4080 sesquialter,

196 4094 527 4165 subduplex
558 4097 979 4167 sesquitertius,
1014 4097 1333 4169 subduplex
1363 4099 1813 4171 sesquiquartus,
1848 4104 1903 4154 et

194 4185 397 4239 caeteri
426 4185 663 4255 quidem
695 4186 764 4240 ad
785 4186 939 4240 hunc
967 4187 1233 4242 modum.

844 4293 1069 4348 CAPUT
1088 4294 1256 4348 XXXI.

591 4383 665 4435 De
706 4382 1002 4451 multiplici
1048 4385 1502 4455 superpartiente.

266 4470 561 4541 Multiplex
605 4486 741 4525 vero
773 4472 1200 4543 superpartiens
1231 4477 1332 4540 est,
1366 4472 1591 4544 quoties
1621 4489 1893 4528 numerus

185 4561 264 4614 ad
303 4576 614 4615 numerum
659 4566 1025 4631 comparatus
1056 4561 1229 4616 habet
1258 4562 1318 4615 in
1358 4577 1418 4617 se
1451 4563 1640 4631 {alium
1685 4579 1891 4618 nume-

182 4665 323 4703 rum
346 4653 537 4703 totum
565 4651 696 4720 plus
727 4666 899 4721 quam
930 4651 1128 4718 semel,
1176 4655 1234 4705 et
1266 4652 1389 4722 ejus
1418 4652 1505 4705 vel
1530 4652 1694 4722 duas,
1724 4654 1812 4707 vel
1837 4656 1887 4721 3,

184 4741 278 4793 vel
328 4739 616 4810 quotlibet
668 4740 861 4811 plures
908 4740 1241 4810 particulas,
1296 4741 1612 4796 secundum
1664 4744 1892 4797 numeri

185 4829 668 4899 superpartientis
699 4830 965 4901 ﬁguram.
992 4831 1057 4884 In
1085 4831 1195 4885 hoc
1224 4846 1457 4902 quoque
1499 4836 1735 4902 propter
1754 4848 1889 4886 cau-

184 4934 313 4972 sam
346 4918 610 4988 superius
642 4918 874 4985 dictam,
895 4935 1014 4974 non
1045 4922 1213 4973 erunt
1238 4920 1367 4975 duae
1393 4920 1747 4985 medietates,
1781 4937 1891 4975 ne-

186 5023 305 5078 que
336 5008 467 5061 duae.
499 5013 739 5078 quartae,
774 5025 961 5079 neque
993 5009 1122 5063 duae
1156 5014 1347 5075 sextae,
1390 5010 1487 5064 sed
1525 5010 1653 5065 duae
1682 5011 1887 5076 tertias,

181 5096 277 5150 vel
310 5096 441 5150 duas
478 5097 718 5167 quintaz,
748 5099 837 5151 vel
870 5098 998 5151 duae
1039 5097 1320 5168 septimas,
1346 5099 1416 5153 ad
1447 5100 1697 5169 priorem
1728 5100 1889 5154 simi-

184 5186 303 5239 lem
333 5185 828 5256 consequentiam.
878 5187 999 5241 Non
1041 5192 1126 5242 est
1168 5192 1362 5241 autem
1411 5188 1641 5242 difﬁcile
1679 5204 1887 5242 secun-

188 5276 335 5329 dum
392 5276 653 5346 priorum
708 5277 971 5347 exempla
1018 5276 1357 5347 positorum,
1419 5278 1524 5331 hos
1559 5294 1788 5349 quoque
1834 5284 1890 5333 et

180 5368 402 5434 praeter
430 5369 625 5418 nostra
671 5366 932 5436 exempla
963 5382 1231 5420 numeros
1270 5367 1547 5421 invenire.
1586 5368 1889 5421 Vocahun-

181 5458 396 5525 turque
423 5454 504 5514 bi,
537 5455 853 5509 secundum
898 5455 1160 5526 proprias
1187 5462 1398 5527 partes,
1434 5457 1645 5527 duplex
1690 5473 1890 5527 super-

180 5543 528 5613 bipartiens,
568 5544 656 5598 vel
706 5544 914 5615 duplex
962 5546 1487 5615 supertripartiens,
1542 5546 1630 5600 vel
1679 5546 1888 5617 duplex

185 5633 847 5705 superquadripartiens.
900 5636 967 5689 Et
1014 5651 1209 5690 rursus
1266 5636 1473 5707 triplex
1526 5636 1890 5708 superbipar-

2043 548 2527 620 quadripartieus,
2559 554 2614 603 et
2659 548 2939 603 similiter.
2996 552 3062 605 Ut
3085 554 3115 605 8
3149 551 3219 605 ad
3246 554 3276 605 3
3308 554 3626 622 comparati
3652 555 3732 608 fa-

2040 638 2197 692 ciunt
2248 638 2536 707 duplicem
2596 639 3195 709 superbipartientem,
3259 648 3315 694 et
3376 643 3436 694 16
3470 642 3538 695 ad
3588 645 3638 709 6,
3679 649 3735 697 et

2038 743 2237 781 omnes
2298 727 2628 798 quicunque
2662 727 2732 781 ab
2777 730 2807 781 8
2866 728 3228 798 incipientes,
3280 730 3573 783 octonario
3612 748 3733 787 sese

2037 832 2277 870 numero
2310 816 2831 886 transgrediuntur,
2866 819 3179 888 comparati
3212 818 3281 872 ad
3314 836 3408 872 eos
3442 818 3595 889 quia
3625 820 3730 873 tri-

2034 906 2142 960 bus
2175 906 2531 971 inchoantes,
2570 906 2810 959 ternarii
2842 923 2961 960 sese
2994 907 3309 977 quantitate
3360 912 3727 979 praetereunt.

2036 997 2145 1050 Nec
2178 996 2286 1050 erit
2318 995 2548 1049 difﬁcile
2580 995 2721 1049 alias
2762 996 2884 1066 ejus
2927 1000 3118 1065 partes
3166 998 3479 1051 secundum
3519 998 3728 1066 przedi-

2033 1089 2189 1139 ctum
2221 1086 2456 1139 modum
2490 1084 2861 1155 diligentibus
2891 1086 3164 1154 reperire.
3194 1087 3295 1141 Hic
3327 1103 3557 1158 quoque
3588 1087 3730 1141 illud

2032 1175 2361 1228 meminisse
2400 1174 2674 1228 debemus
2714 1174 2864 1244 quod
2915 1174 3165 1228 minores
3214 1181 3271 1230 et
3328 1176 3565 1230 comites
3609 1192 3727 1230 non

2033 1264 2155 1317 sine
2186 1264 2285 1317 sub
2317 1263 2767 1334 praeposititione
2789 1263 3183 1328 nominantur,
3218 1270 3283 1319 ut
3312 1265 3383 1319 sit
3410 1265 3728 1335 subduplex

2032 1353 2544 1424 superbipartiens,
2575 1353 2895 1423 subduplex
2924 1354 3449 1424 supertripartiens.

2652 1443 2878 1496 CAPUT
2917 1443 3122 1498 XXXII.

2106 1532 2507 1587 Demonstratz‘o
2558 1532 3016 1599 quemadmodum
3056 1535 3228 1587 omnis
3269 1534 3618 1602 inaequalitas
3653 1534 3722 1587 ab

2534 1622 2847 1689 aequalitate
2882 1625 3224 1689 processerit.

2100 1712 2294 1765 Restat
2368 1713 2560 1763 autem
2628 1709 2791 1763 nobis
2847 1710 3359 1779 profundissimam
3416 1712 3727 1781 quamdam

2028 1800 2251 1854 tradere
2279 1798 2659 1869 disciplinam,
2693 1815 2821 1869 quae
2870 1799 2939 1853 ad
2970 1816 3202 1853 omnem
3228 1804 3448 1853 natura:
3484 1801 3597 1854 vim
3639 1817 3727 1854 re-

2025 1906 2271 1960 rumque
2300 1888 2689 1959 integritatem
2725 1888 2972 1943 maxima
3002 1888 3225 1942 ratione
3263 1889 3564 1959 pertineat.
3596 1890 3723 1959 {Ma-

2026 1996 2173 2049 gnus
2206 1978 2420 2049 quippe
2452 1978 2512 2031 in
2544 1979 2649 2032 hac
2687 1979 2922 2032 scientia
2962 1980 3179 2033 fructus
3211 1984 3313 2044 est,
3362 1979 3409 2032 si
3449 1978 3579 2049 quis
3609 1994 3724 2031 non

2026 2069 2242 2122 nesciat
2277 2068 2433 2139 quod
2472 2067 2699 2121 bonitas
2747 2066 2984 2121 deﬁnita
3028 2072 3113 2121 est
3168 2073 3225 2122 et
3264 2069 3368 2122 sub
3426 2068 3724 2121 scientiam

2025 2158 2253 2223 cadens,
2285 2157 2596 2227 animoque
2640 2173 2866 2227 semper
2911 2156 3207 2211 imitabilis
3239 2161 3292 2211 et
3332 2156 3724 2227 perceptibilis

2025 2247 2211 2317 prima
2243 2250 2445 2299 natura
2477 2250 2577 2314 est,
2613 2250 2669 2299 et
2722 2262 2839 2299 suae
2873 2246 3213 2301 substantiae
3270 2246 3471 2301 decore
3520 2262 3721 2316 perpe-

2024 2341 2141 2389 tua.
2187 2335 2482 2389 Inﬁnitum
2514 2352 2648 2390 vero
2696 2336 2930 2391 malitias
2961 2336 3206 2390 dedecus
3240 2339 3341 2404 est,
3384 2334 3558 2390 nullis
3588 2351 3720 2405 pro-

2024 2428 2163 2499 priis
2185 2429 2486 2499 principiis
2538 2430 2761 2495 nixum,
2812 2429 2906 2484 sed
2952 2435 3159 2484 natura
3202 2445 3428 2499 semper
3471 2442 3723 2482 erransa

2024 2518 2162 2573 boni
2190 2518 2524 2573 deﬁnitione
2542 2519 2833 2589 principii,
2864 2522 3144 2590 tanquam
3167 2518 3356 2589 aliquo
3386 2517 3550 2588 signo
3573 2515 3722 2587 opti-

2024 2625 2133 2662 mae
2176 2608 2376 2679 ﬁguras
2416 2608 2697 2679 impressa
2740 2608 3124 2679 componitur,
3168 2612 3223 2661 et
3254 2624 3318 2660 ex
3364 2606 3463 2660 illo
3509 2604 3720 2659 erroris

2024 2698 2203 2752 ﬂuctu
2251 2698 2549 2751 retinetur.
2605 2699 2745 2752 Nam
2796 2698 3036 2751 nimiam
3077 2696 3451 2766 cupiditatem
3498 2694 3719 2766 ineque

2023 2786 2393 2840 immodicam
2419 2787 2877 2852 effrenationem,
2906 2786 3069 2857 quasi
3105 2786 3339 2856 quidam
3372 2788 3559 2837 rector
3591 2783 3716 2837 ani-

2022 2892 2171 2942 mus,
2204 2891 2351 2946 pura
2380 2875 2759 2946 intelligentia
2807 2876 3126 2942 roboratus,
3180 2873 3462 2944 astringit,
3514 2877 3570 2927 et
3615 2872 3716 2926 has

2021 2964 2446 3034 quodammodo
2478 2964 2882 3035 inaequalitatis
2924 2964 3156 3029 formas,
3194 2966 3511 3032 temperata
3549 2961 3716 3015 boni-

2022 3057 2137 3107 tate
2165 3054 2476 3108 constituit.
2512 3055 2626 3107 Hoc
2654 3058 2845 3107 autem
2892 3053 3000 3106 erit
3045 3052 3435 3123 perspicuum,
3468 3051 3512 3105 si
3548 3050 3714 3105 intel-

2018 3142 2265 3213 ligamus
2292 3159 2491 3197 omnes
2534 3141 2935 3213 inaequalitatis
2991 3141 3229 3211 species,
3264 3141 3332 3194 ab
3371 3140 3715 3211 aequalitatis

2018 3232 2258 3286 crevisse
2308 3232 2660 3302 primordiis,
2708 3237 2769 3285 ut
2814 3231 2939 3301 ipsa
2977 3230 3406 3302 quodammodo
3448 3229 3712 3301 aequitas,

2018 3321 2217 3375 matris
2248 3328 2304 3375 et
2330 3321 2538 3375 radicis
2566 3322 2831 3375 obtinens
2861 3321 2996 3383 vim,
3039 3320 3164 3390 ipsa
3213 3336 3412 3373 omnes
3462 3319 3713 3390 inaequa-

2016 3410 2192 3465 litatis
2222 3412 2439 3481 species
2471 3411 2815 3482 ordinesque
2848 3410 3177 3480 profundat.
3213 3410 3339 3463 Sint
3360 3409 3516 3463 e'nim
3548 3408 3713 3463 nobis

2014 3506 2129 3555 tres
2162 3502 2411 3573 aequales
2450 3500 2703 3568 termini,
2738 3499 2795 3553 id
2846 3503 2929 3553 est
2971 3505 3085 3553 tres
3116 3498 3382 3564 unitates,
3448 3497 3537 3551 vel
3596 3502 3713 3552 tres

2012 3590 2157 3658 bini,
2190 3593 2274 3645 vel
2318 3595 2431 3645 tres
2482 3589 2653 3657 terni,
2685 3587 2786 3657 [vel
2834 3592 2945 3641 tres
2994 3587 3279 3659 quaterni,
3328 3588 3416 3641 vel
3469 3591 3713 3658 quantos

2012 3681 2164 3733 ultra
2194 3680 2329 3734 libet
2355 3696 2590 3750 ponere.
2626 3679 2792 3743 Quod
2832 3679 2985 3733 enim
3017 3678 3092 3743 {in
3123 3677 3252 3731 unis
3300 3677 3487 3731 tribus
3517 3676 3713 3731 termi-

2016 3770 2102 3822 nis
2134 3770 2342 3836 evenit,
2376 3769 2529 3822 idem
2574 3767 2854 3838 contingit
2893 3767 2952 3820 in
2990 3766 3236 3820 caeteris.
3276 3768 3348 3820 Ex
3398 3766 3483 3819 his
3509 3764 3707 3836 igitur,

2014 3858 2323 3912 secundum
2356 3857 2628 3927 praecepti
2667 3855 2848 3909 nostri
2899 3855 3185 3922 ordinem,
3218 3855 3407 3908 videas
3446 3854 3702 3925 primum

2013 3945 2168 4000 nasci
2190 3944 2555 4014 multiplices,
2588 3948 2645 3998 et
2679 3944 2738 3998 in
2768 3943 2856 3997 his
2887 3943 3143 4014 duplices
3173 3943 3335 4013 prius
3376 3944 3583 3998 dehinc
3612 3945 3709 3997 tri-

2011 4036 2158 4106 plos,
2209 4034 2417 4088 deinde
2469 4033 2839 4104 quadruplos,
2892 4038 2948 4086 et
3005 4033 3075 4086 ad
3122 4033 3391 4086 eumdem
3443 4033 3708 4087 ordinem

2011 4128 2445 4195 consequentes.
2500 4123 2737 4187 Rursus,
2781 4120 3126 4191 multiplices
3176 4121 3223 4174 si
3276 4125 3704 4184 convertantur,

2011 4231 2076 4269 ex
2107 4214 2196 4267 his
2257 4212 2804 4284 superparticulares
2851 4210 3128 4278 orientur,
3170 4215 3225 4265 et
3272 4226 3341 4264 ex
3383 4209 3706 4280 duplicibus

2009 4302 2264 4373 quidem,
2321 4301 2700 4373 sesquialteri,
2750 4317 2815 4354 ex
2875 4299 3199 4371 triplicibus
3235 4298 3604 4368 sesquitertii,
3639 4315 3704 4352 ex

1937 4410 1978 4463 ι)
2010 4389 2349 4463 quadruplis
2381 4388 2787 4460 sesquiquarti,
2840 4392 2895 4442 et
2940 4388 3130 4443 cwteri
3161 4388 3222 4442 in
3264 4387 3415 4442 hunc
3444 4387 3699 4444 modum.

2006 4482 2083 4534 Ex
2115 4478 2729 4551 superparticularibus
2759 4494 2892 4532 vero
2924 4478 3232 4544 conversis,
3276 4476 3703 4548 superpartien-

2003 4573 2087 4623 tes
2111 4569 2265 4623 nasci
2296 4585 2525 4623 necesse
2557 4573 2658 4634 est,
2710 4568 2787 4621 ita
2828 4573 2892 4622 ut
2927 4585 2995 4623 ex
3026 4567 3398 4638 sesquialtero
3439 4570 3704 4620 nascatur

2002 4658 2511 4729 superbipartiens,
2550 4657 3147 4729 supertripartientem
3198 4655 3593 4726 sesquitertius
3616 4656 3702 4726 gi-

2001 4752 2160 4819 gnat,
2195 4750 2251 4801 et
2284 4764 2349 4800 ex
2376 4747 2774 4819 sesquiquarto
2820 4745 3479 4817 superquadripartiens.
3512 4746 3702 4801 Rectis

2002 4842 2197 4891 autem
2235 4836 2454 4907 positis,
2502 4852 2688 4908 neque
2733 4828 3018 4891 conversis
3064 4836 3352 4907 prioribus
3397 4852 3701 4907 superpar-

2000 4925 2356 4993 ticularibus,
2408 4926 2751 4997 multiplices
2816 4923 3363 4996 superparticulares
3410 4924 3695 4981 oriuntur.

2002 5015 2188 5069 Rectis
2228 5031 2361 5069 vero
2400 5013 2975 5085 superpartientibus,
3011 5014 3358 5085 multiplices
3390 5030 3697 5086 superpar-

1999 5105 2204 5159 tientes
2250 5104 2585 5158 efﬁcientur.
2631 5103 2923 5173 Praecepta
2981 5108 3173 5158 autem
3222 5104 3332 5158 tria
3377 5104 3499 5158 hazc
3541 5109 3691 5171 sunt,

1999 5197 2064 5246 ut
2085 5191 2334 5263 primum
2368 5207 2673 5245 numerum
2709 5191 2897 5261 primo
2926 5191 3096 5246 facias
3129 5208 3345 5262 parem,
3380 5191 3694 5245 secundum

1999 5298 2131 5335 vero
2160 5283 2344 5351 primo
2384 5286 2439 5335 et
2489 5282 2756 5348 secundo,
2803 5282 3036 5335 tertium
3069 5282 3279 5352 primo,
3336 5280 3559 5333 duobus
3608 5296 3692 5333 se-

2000 5370 2200 5423 cundis
2228 5376 2283 5424 et
2310 5370 2497 5423 tertio.
2550 5372 2663 5423 Hoc
2694 5370 2871 5440 igitur
2916 5387 3045 5424 cum
3078 5371 3132 5423 in
3167 5368 3428 5423 terminis
3458 5366 3692 5438 inquali-

1998 5458 2101 5512 bus
2130 5458 2350 5523 feceris,
2385 5476 2450 5512 ex
2493 5458 2581 5512 his
2610 5459 2710 5529 qui
2743 5465 3045 5514 nascentur
3087 5459 3341 5527 duplices
3376 5462 3565 5511 erunt.
3617 5457 3693 5509 De

2000 5548 2207 5618 quibus
2231 5547 2553 5617 duplicibus
2579 5548 2625 5601 si
2664 5549 2815 5603 idem
2853 5548 3069 5613 feceris,
3107 5546 3353 5616 triplices
3384 5561 3691 5615 procrean-

1998 5642 2112 5702 tur,
2144 5642 2203 5691 et
2240 5638 2309 5691 de
2356 5636 2444 5691 his
2473 5638 2893 5709 quadruplices,
2940 5641 3111 5707 atque
3148 5635 3211 5689 in
3241 5634 3536 5692 inﬁnitum
3568 5652 3692 5691 οων
