4104 6176
207 326 340 379 1113

303 537 920 606 l_9__l:,
1002 548 1059 595 21
1284 545 1291 603 l
1505 549 1571 601 49
1786 584 1793 606 .

202 648 275 698 At
299 662 431 699 vero
462 647 509 699 si
556 647 625 700 ad
650 648 1137 718 superpartientes
1185 652 1441 706 animum
1480 660 1897 723 convertamus,

203 748 419 804 eosque
452 736 766 790 ordinatim
801 739 1115 792 secundum
1148 742 1447 810 superiora
1476 748 1759 814 prmcepta
1792 745 1901 799 dis-

199 839 511 892 ponamus,
596 826 941 895 multiplices
1017 830 1509 899 superpartientes
1590 833 1899 888 ordinatim

198 913 538 979 progenitos
572 916 943 981 reperiemus.
972 916 1318 985 Disponatur
1368 920 1521 971 enim
1593 937 1900 991 superpar-

198 999 399 1053 tientis
428 1001 549 1054 haec
568 1001 815 1055 formula
852 1019 865 1056 :

191 1225 535 1280 Ascribatur
561 1242 697 1296 ergo
728 1227 968 1298 primus,
1001 1230 1188 1300 primo
1221 1249 1439 1304 aequus,
1491 1235 1547 1289 id
1579 1241 1664 1291 est
1691 1240 1758 1304 9;
1814 1253 1901 1292 se-

190 1315 425 1367 cundus
458 1315 643 1384 primo
668 1321 724 1369 et
769 1320 1042 1386 secundo,
1089 1320 1142 1375 id
1178 1327 1257 1374 est
1290 1324 1399 1391 2i;
1433 1325 1636 1379 tertius
1688 1326 1900 1397 primo,

191 1401 425 1455 duobus
457 1404 719 1457 secundis
751 1410 805 1459 et
837 1406 1028 1475 tertio,
1064 1408 1117 1462 id
1148 1416 1230 1464 est
1253 1413 1342 1465 64.

192 1587 557 1595 ——__

1044 1597 1279 1604 Α*

1294 1600 1547 1607 ξῆν

1552 1604 1902 1612 ‘—

305 1603 313 1658 Ι
535 1608 564 1654 9
780 1605 787 1662 Ι
1004 1610 1070 1660 24
1131 1603 1796 1675 Ιῄὸῖῆ

1511 331 1599 385 DE
1637 331 2115 389 ARITHMETICA
2155 334 2285 389 LIB.
2330 335 2399 388 ll.

210 454 1911 533 ’7—9T—T—F‘T—i—

303 537 315 593 ι
533 544 563 593 9
778 541 787 593 I
1002 548 1059 593 21
1284 545 1291 593 l
1505 549 1571 593 2.9
1786 584 1793 593 .

3572 344 3708 397 1114

1945 463 1992 517 Α
2023 464 2263 519 Videsne
2312 470 2374 520 ut
2417 482 2482 522 ex
2529 469 3047 541 superbipartiente
3085 470 3295 543 duplus
3343 473 3704 545 superbipar-

2010 553 2158 608 tiens
2188 560 2417 609 exortus
2448 556 2557 611 sit?
2591 560 2659 613 At
2700 575 2832 613 vero
2880 559 2927 614 si
2964 562 3565 631 supertripartientem
3598 581 3700 635 po-

2006 660 2160 711 nam,
2187 644 2398 716 duplex
2415 646 2537 700 sine
2574 648 2746 703 dubio
2780 650 3112 720 tripartiens
3160 652 3468 717 invenitur,
3532 659 3595 707 ut
3643 656 3701 708 in

2008 733 2261 802 subjecta
2290 734 2669 806 descriptione
2700 738 3065 808 perspicuum
3094 744 3179 793 est
3212 756 3224 793 :

2012 824 3689 909 ”Ἶ-Ἧῖ-Ἷ-“ἛΓ-Ἷ”-Ἶῖ-Ἷ-

2095 905 2105 965 Ι
2328 912 2385 961 16
2599 905 3700 982 tW]

2008 994 2097 1049 Sic
2125 1012 2258 1066 ergo
2276 998 2343 1051 de
2367 1000 2977 1070 superparticularibus
3004 1003 3087 1054 vel
3126 1002 3194 1055 de
3226 1002 3702 1072 superpartienti-

2010 1083 2114 1137 bus
2166 1086 2510 1156 multiplices
2578 1090 3124 1158 superparticulares
3180 1090 3267 1144 vel
3354 1091 3702 1161 multiplices

2009 1175 2493 1244 superpartientes
2515 1177 2798 1232 oriuntur.
2840 1178 3025 1242 Quare
3056 1184 3275 1233 constat
3306 1180 3569 1234 omnium
3617 1180 3703 1234 in-

2010 1263 2402 1333 mqualitatum
2436 1267 2822 1337 aequalitatem
2853 1283 2973 1320 esse
3005 1267 3373 1337 principium,
3400 1284 3469 1321 ex
3500 1268 3698 1323 eadem

2012 1350 2166 1405 enim
2196 1352 2504 1424 inaequalia
2524 1360 2726 1409 cuncta
2755 1360 3083 1410 nascuntur.
3135 1358 3212 1409 Ac
3242 1356 3310 1409 de
3334 1356 3423 1410 his
3456 1356 3693 1427 quidem

2011 1440 2282 1494 hactenus
2319 1442 2715 1498 disserendum
2756 1460 2875 1498 esse
2905 1445 3269 1511 credidimus,
3319 1462 3390 1499 ne
3426 1446 3513 1499 vel
3567 1446 3698 1499 inti-

2011 1530 2130 1582 nita
2162 1536 2463 1595 sectemur,
2488 1532 2570 1585 vel
2602 1533 2749 1586 circa
2781 1550 2868 1586 res
2891 1533 3321 1588 obscurissimas
3368 1534 3702 1605 ingredien-

2010 1619 2153 1672 tium
2184 1618 2405 1675 animos
2448 1622 2787 1688 detinentes,
2833 1622 2903 1676 ab
2943 1623 3267 1678 utilioribus
3315 1639 3695 1679 moraremur.

188 1763 3695 1799 Mm

1376 1908 1745 2006 [ABER
1855 1912 2510 2012 SECUNDUS.

1805 2086 2096 2099 -——

767 2186 994 2242 CAPUT
1030 2189 1319 2244 PRIMUM.

260 2293 728 2359 Quemadmodum
787 2295 861 2348 ad
906 2298 1272 2365 aequalitatem
1320 2301 1493 2353 omnis
1554 2301 1900 2370 inmqualitas

888 2386 1209 2440 reducatur.

271 2505 746 2577 Superiorislibri
771 2506 1157 2578 disputatione
1190 2509 1475 2579 digestum
1506 2516 1590 2565 est
1620 2513 1901 2583 quemad-

200 2596 445 2650 modum
481 2602 600 2650 tota
632 2598 1037 2669 inaequalitatis
1081 2599 1399 2654 substantia
1451 2617 1483 2654 a
1514 2600 1769 2673 principe
1813 2602 1899 2656 sui

195 2685 433 2755 generis
455 2686 782 2757 mqualitate
809 2686 1180 2755 'processerit.
1219 2688 1325 2742 Sed
1370 2705 1496 2760 quae
1547 2706 1739 2744 rerum
1784 2691 1897 2745 ele-

197 2778 402 2827 menta
433 2779 582 2842 sunt,
640 2792 707 2828 ex
740 2775 953 2829 eisdem
994 2776 1388 2848 principaliter
1425 2778 1617 2832 omnia
1675 2796 1903 2851 compo-

196 2868 445 2929 nuntur,
501 2869 556 2917 et
598 2864 657 2918 in
695 2864 894 2919 eadem
923 2881 1117 2919 rursus
1139 2867 1487 2921 resolutione
1521 2867 1666 2922 facta
1722 2870 1896 2923 resol-

196 2959 439 3006 vuntur.
478 2954 549 3007 Ut
588 2954 862 3021 quoniam
896 2946 1214 3008 articularis
1246 2955 1397 3008 vocis
1432 2957 1715 3010 elementa
1767 2961 1901 3011 sunt

198 3042 434 3109 litterae,
476 3042 547 3095 ah
582 3042 662 3095 eis
691 3048 774 3095 est
808 3044 1152 3114 syllabarum
1202 3061 1503 3115 progressa
1552 3046 1899 3117 conjunctio,

199 3137 255 3184 et
282 3130 346 3185 in
379 3132 606 3185 easdem
640 3146 838 3187 rursus
877 3132 1221 3187 terminatur
1249 3138 1545 3203 extremas,
1604 3136 1902 3189 eamdem-

200 3237 318 3290 que
347 3220 464 3273 vim
497 3219 716 3274 obtinet
737 3237 910 3274 sonus
941 3222 1000 3274 in
1028 3221 1278 3276 musicis.
1311 3224 1578 3277 Jamvero
1606 3224 1900 3288 mundum

198 3312 232 3363 4
265 3324 509 3379 corpora
538 3325 651 3363 non
692 3311 1024 3381 ignoramus
1064 3312 1309 3365 efﬁcere.
1344 3313 1602 3383 Namque
1659 3312 1745 3381 (ut
1804 3312 1897 3381 ait)

199 3415 268 3451 ex
302 3398 482 3451 imbri
514 3403 781 3470 terraque
810 3400 1004 3455 omnia
1035 3400 1355 3471 gignuntur
1385 3408 1440 3456 et
1460 3402 1615 3472 igni;
1664 3403 1763 3457 sed
1810 3403 1900 3456 in-

197 3488 329 3541 haac
355 3504 555 3541 rursus
596 3490 717 3559 ejus
750 3490 782 3542 4
828 3491 1115 3544 elementa
1171 3490 1236 3544 ﬁt
1273 3497 1564 3560 postrema
1608 3492 1899 3546 resolutio.
1942 3487 1983 3543 C

200 3580 290 3633 Ita
334 3578 532 3647 igitur,
567 3579 840 3649 quoniam
869 3596 937 3633 ex
970 3581 1311 3651 aequalitatis
1365 3582 1626 3652 margine
1670 3586 1903 3637 cunctas

198 3668 617 3737 inaequalitatis
644 3669 860 3739 species
881 3670 1169 3739 proﬁcisci
1202 3670 1480 3737 videmus,
1525 3671 1713 3725 omnis
1742 3688 1774 3724 a
1805 3688 1903 3726 no-

196 3758 289 3811 bis
306 3758 663 3827 inaequalitas
691 3757 757 3811 ad
786 3758 1174 3829 aequalitatem
1207 3760 1596 3828 rursus,1velut
1622 3760 1695 3813 ad
1725 3760 1903 3831 quod-

199 3846 343 3900 dam
377 3845 727 3899 elementum
760 3847 975 3916 proprii
1013 3848 1242 3917 generis
1275 3849 1612 3901 resolvatur.
1644 3850 1755 3902 Hoc
1800 3866 1901 3902 au-

198 3940 325 3989 tem
359 3934 510 3988 trina
533 3951 727 3987 rursus
760 3935 1137 4006 imperatione
1170 3937 1477 4007 colligitur,
1513 3953 1695 4009 eaque
1726 3938 1901 3992 resol-

199 4021 379 4075 vendi
411 4037 522 4075 ars.
547 4020 1079 4092 Datisfquibuslibet
1110 4022 1291 4076 tribus
1331 4025 1609 4088 terminis,
1654 4025 1904 4095 inaequa-

201 4112 361 4165 libus
384 4110 639 4181 quidem,
693 4111 789 4165 sed
818 4111 1331 4182 proportionaliter
1360 4112 1699 4179 constitutis,
1725 4112 1779 4166 id
1800 4117 1903 4180 est,

200 4210 268 4254 ut
303 4200 570 4253 eamdem
602 4200 824 4253 medius
847 4201 911 4254 ad
950 4201 1203 4271 primum
1228 4201 1340 4253 vim
1383 4201 1773 4271 proportionis
1808 4201 1905 4254 ob-

202 4292 396 4344 tineat
427 4306 599 4358 quam
633 4290 732 4360 qui
756 4295 840 4343 est
859 4295 1143 4344 extremus
1171 4290 1241 4343 ad
1276 4290 1530 4343 medium
1565 4290 1623 4343 in
1654 4290 1907 4361 qualibet

202 4379 624 4450 inec-qualitatis
644 4378 883 4445 ratione,
928 4380 1011 4432 vel
1036 4379 1095 4432 in
1124 4378 1561 4449 multiplicibus,
1602 4380 1689 4432 vel
1716 4380 1774 4431 in
1809 4395 1906 4432 su-

202 4469 781 4542 perparticularibus,
806 4469 893 4521 vel
926 4469 983 4521 in
1012 4468 1588 4540 supcrpartientibus,
1648 4468 1733 4521 vel
1754 4468 1811 4521 in
1839 4467 1909 4521 iis

206 4576 341 4631 qum
385 4575 454 4611 ex
486 4558 573 4611 his
604 4561 1001 4627 procreantur,
1033 4558 1142 4611 hoc
1164 4562 1248 4611 est
1279 4557 1690 4628 multiplicibus
1710 4572 1907 4627 super-

200 4647 675 4721 particularibns,
733 4648 819 4701 vel
878 4647 1293 4717 multiplicibus
1338 4646 1905 4718 superpartientibus.

203 4739 418 4793 eadem
478 4741 650 4808 atque
730 4752 846 4790 una
911 4737 1132 4790 ratione
1200 4735 1519 4790 indubitata
1599 4734 1903 4789 constabit.

204 4827 530 4898 Propositis
556 4826 709 4880 enim
738 4826 921 4880 tribus
939 4826 1022 4895 (ut
1040 4825 1255 4879 dictum
1279 4825 1383 4895 est)
1416 4823 1698 4891 terminis,
1723 4824 1905 4895 requis

201 4915 690 4989 proportionibus
739 4915 1036 4978 ordinatis,
1097 4914 1365 4967 ultimum
1418 4929 1647 4982 semper
1719 4913 1909 4967 medio

203 5004 611 5072 detrahamus,
666 5007 721 5056 et
773 5004 960 5073 ipsum
1022 5002 1249 5074 quidem
1307 5002 1597 5069 ultimum,
1654 5002 1907 5073 primum

202 5094 533 5149 terminum
582 5093 944 5158 collocemus,
979 5092 1136 5163 quod
1181 5092 1251 5147 de
1288 5091 1475 5145 medio
1538 5091 1908 5162 relinquitur,

197 5182 553 5237 secundum.
586 5182 662 5235 De
690 5182 861 5235 tertia
889 5197 1022 5235 vero
1055 5181 1482 5252 propositorum
1530 5181 1910 5235 terminorum

202 5286 443 5325 summa
461 5269 800 5339 :auferemus
832 5285 1012 5323 unum
1040 5270 1315 5339 primum,
1346 5274 1401 5323 et
1459 5270 1602 5323 duos
1633 5270 1910 5323 secundos

202 5377 308 5414 eos
331 5359 435 5429 qui
456 5359 527 5414 de
557 5360 863 5414 medietate
886 5358 1068 5413 relicti
1095 5362 1248 5427 sunt,
1279 5363 1337 5412 et
1364 5358 1417 5412 id
1454 5358 1609 5429 quod
1640 5374 1708 5411 ex
1740 5358 1907 5412 tertia

201 5464 442 5503 summa
476 5447 841 5520 relinquitur,
870 5447 1106 5502 tertium
1146 5446 1903 5502 terminumconstituemus.

201 5538 444 5593 Videbis
467 5537 643 5608 igitur
672 5538 779 5591 hoc
800 5538 968 5606 facto,
998 5537 1057 5590 in
1089 5535 1375 5591 minorem
1397 5536 1631 5591 modum
1654 5552 1908 5591 summas

203 5627 448 5694 reverti,
481 5631 542 5682 et
568 5627 638 5682 ad
662 5626 1131 5699 principaliorem
1164 5624 1561 5681 habitudinem
1608 5642 1906 5697 compara-

1937 2196 1977 2249 B
2008 2198 2191 2253 tiones
2232 2203 2751 2275 proportionesque
2806 2206 3021 2274 reduci,
3062 2211 3126 2261 ut
3156 2208 3203 2262 si
3260 2208 3333 2262 sit
3382 2208 3703 2280 quadrupla

2009 2290 2326 2359 proportio,
2352 2292 2537 2360 primo
2574 2294 2642 2347 ad
2676 2294 2926 2365 triplam,
2961 2296 3093 2350 inde
3153 2297 3222 2351 ad
3262 2298 3517 2367 duplam,
3567 2297 3701 2351 inde

2010 2378 2081 2431 ad
2112 2380 2497 2449 aequalitatem
2527 2399 2708 2453 usque
2732 2400 3007 2439 remeare.
3044 2388 3110 2440 Et
3159 2386 3203 2439 si
3236 2386 3306 2440 sit
3343 2386 3698 2457 superparti-

2008 2467 2214 2520 cularis
2236 2469 2688 2540 sesquiquartus,
2730 2473 2917 2541 primo
2945 2474 3012 2528 ad
3067 2475 3511 2545 sesquitertium,
3569 2475 3702 2530 inde

2009 2555 2080 2608 ad
2111 2557 2549 2627 sesquialterum
2574 2565 2870 2629 postremo
2904 2564 2972 2616 ad
3000 2568 3112 2617 tres
3140 2564 3391 2634 aequales
3428 2564 3703 2618 terminos

2007 2644 2215 2699 redire.
2254 2646 2373 2700 Hoc
2402 2653 2591 2702 autem
2624 2666 2725 2703 nos
2756 2652 2999 2722 exempli
3036 2653 3215 2722 gratia
3259 2652 3317 2706 in
3376 2652 3706 2724 multiplici-

2010 2736 2234 2787 tautum
2277 2738 2650 2806 proportione
2699 2739 3031 2794 docebimus
3102 2742 3381 2795 Solertem
3428 2758 3583 2807 vero,
3644 2742 3704 2795 in

2008 2823 2135 2876 aliis
2166 2840 2393 2895 quoque
2425 2826 2829 2896 inrequalitatis
2853 2830 3149 2897 speciebus
3180 2830 3237 2884 id
3290 2828 3704 2900 experientem,

2009 2912 2210 2966 eadem
2287 2913 2430 2967 ratio
2480 2922 2902 2986 praeceptorum
2968 2918 3208 2987 juvabit.
3266 2918 3706 2974 Constituantur

2009 3002 2163 3055 enim
2198 3006 2311 3055 tres
2350 3002 2414 3055 ad
2438 3019 2496 3055 se
2526 3004 2757 3058 termini
2792 3006 3120 3075 quadrupli.

2126 3129 2134 3188 Ι
2180 3192 2183 3193 ν
2350 3134 2380 3184 8
2595 3132 2611 3193 ι
2818 3129 3394 3193 327W

2008 3245 2180 3299 Aufer
2209 3246 2387 3316 igitur
2443 3264 2509 3301 ex
2542 3249 2729 3303 medio
2773 3249 3079 3316 minorem,
3138 3250 3195 3305 id
3225 3257 3311 3305 est
3349 3267 3416 3305 ex
3466 3250 3703 3322 triginta

2011 3333 2258 3401 duobus,
2292 3337 2669 3403 octonarium,
2730 3339 3139 3408 relinquuntur
3200 3341 3288 3406 24,
3347 3345 3403 3394 et
3445 3340 3704 3411 primum

2010 3424 2365 3477 octonarium
2414 3426 2731 3480 terminum
2761 3443 2963 3498 pones,
2996 3428 3309 3482 secundum
3345 3444 3498 3493 vero,
3550 3429 3706 3499 quod

2011 3512 2302 3584 reliquum
2348 3514 2521 3568 fuerit
2551 3531 2615 3568 ex
2646 3516 2858 3583 medio,
2894 3517 2949 3569 id
2987 3522 3075 3570 est
3102 3518 3191 3581 24,
3224 3522 3289 3571 ut
3319 3517 3432 3570 sint
3475 3515 3533 3570 bi
3592 3516 3705 3571 duo

2012 3603 2264 3673 termini,
2298 3606 2329 3657 8
2361 3610 2417 3658 et
2444 3606 2533 3659 24.
2566 3606 2642 3659 De
2698 3605 2867 3658 tertio
2915 3622 3067 3673 vero,
3116 3607 3175 3661 id
3224 3612 3307 3660 est
3368 3608 3488 3673 128,
3545 3606 3708 3659 aufer

2013 3708 2194 3746 unum
2240 3693 2515 3764 primum,
2546 3694 2603 3747 id
2656 3700 2742 3748 est
2769 3698 2821 3760 8,
2857 3700 2914 3748 et
2962 3694 3107 3748 duos
3137 3694 3419 3749 secundos
3441 3694 3543 3764 qui
3574 3699 3709 3748 sunt

2012 3781 2240 3852 reliqui,
2274 3782 2332 3836 id
2363 3788 2446 3836 est
2461 3782 2548 3836 bis
2578 3784 2665 3849 2i,
2706 3789 2760 3836 ct
2787 3783 3195 3853 relinquuntur
3234 3786 3319 3837 72.
3361 3783 3457 3837 His
3515 3782 3704 3853 dispo-

2012 3871 2135 3924 sitis
2187 3871 2467 3938 terminis,
2526 3887 2591 3924 ex
2645 3872 2982 3942 quadruplis
3021 3871 3408 3943 propinquior
3448 3870 3710 3942 mquitati

2011 3959 2308 4031 proporio,
2333 3959 2503 4030 tripla
2538 3960 2766 4014 redacta
2797 3968 2900 4014 est.
2930 3961 3074 4015 Sunt
3103 3962 3259 4015 enim
3300 3962 3536 4016 termini
3566 3978 3579 4015 :

2014 4064 3712 4140 T—rﬂF—I—T—l—

2017 4196 2091 4249 Ex
2110 4195 2198 4249 his
2227 4199 2421 4249 autem
2450 4194 2589 4264 ipsis
2621 4194 2773 4249 idem
2805 4194 2851 4248 si
2880 4194 3098 4262 feceris,
3127 4196 3199 4250 ad
3229 4195 3471 4265 duplum
3512 4211 3709 4249 rursus

2018 4283 2369 4353 comparatio
2421 4282 2721 4338 remeabit.
2778 4285 2931 4337 Pone
2976 4283 3132 4337 enim
3187 4283 3442 4354 primum
3498 4282 3710 4337 minori

2018 4387 2270 4442 equum,
2306 4372 2364 4426 id
2401 4376 2483 4425 est
2531 4375 2582 4439 8,
2624 4376 2681 4425 et
2724 4388 2789 4426 ex
2821 4372 3070 4426 secundo
3113 4373 3271 4425 aufer
3317 4370 3590 4442 primum,
3648 4373 3709 4425 l6

2018 4460 2436 4532 relinquentur.
2494 4461 2600 4515 Sed
2647 4478 2712 4515 ex
2747 4462 2934 4529 tertio,
2976 4461 3035 4515 id
3060 4461 3159 4515 lest
3189 4477 3251 4516 ex
3286 4464 3375 4527 72,
3408 4460 3571 4514 aufer
3597 4458 3713 4531 pri-

2020 4565 2204 4615 mum,
2231 4549 2290 4604 id
2313 4555 2397 4604 est
2425 4554 2479 4617 8,
2505 4556 2561 4604 et
2587 4550 2729 4605 duos
2759 4550 3061 4617 secundos,
3090 4550 3149 4605 id
3183 4555 3267 4604 est
3295 4549 3383 4604 bis
3419 4552 3503 4616 16,
3532 4553 3587 4604 et
3603 4548 3712 4603 erit

2020 4640 2243 4711 reliqua
2272 4656 2404 4710 pars
2429 4641 2516 4694 32.
2546 4640 2762 4704 Quibus
2792 4640 3012 4712 positis,
3048 4640 3115 4694 ad
3138 4639 3341 4710 duplas
3384 4638 3715 4710 proportio-

2021 4745 2122 4784 nes
2152 4728 2427 4783 habitudo
2457 4729 2758 4799 redigitur.

2124 4849 2133 4907 Ι
2348 4849 2379 4899 8
2595 4846 2603 4908 l
2824 4851 2884 4900 16
3100 4846 3107 4908 Ι
3322 4849 3389 4899 32
3605 4845 3613 4905 Ι

2020 4964 2177 5018 Idem
2207 4979 2340 5017 vero
2371 4978 2438 5017 ex
2486 4962 2574 5016 his
2606 4963 2652 5015 si
2693 4963 2810 5025 ﬁat,
2854 4977 2972 5014 rem
3006 4976 3235 5014 omnem
3267 4961 3334 5015 ad
3371 4960 3715 5031 aequalitatis

2023 5068 2275 5106 summas
2330 5051 2730 5123 eliquabimus.
2782 5052 2935 5104 Pone
2987 5049 3143 5104 enim
3209 5050 3465 5120 primum
3502 5048 3713 5103 minori

2021 5157 2272 5212 azquum,
2323 5140 2380 5195 id
2424 5145 2511 5195 est
2546 5144 2598 5205 8,
2629 5145 2705 5193 'et
2733 5139 2894 5192 aufer
2925 5154 2990 5192 ex
3046 5141 3105 5193 16
3127 5138 3505 5205 octonarium,
3534 5152 3715 5191 rema-

2022 5234 2159 5284 nent
2188 5235 2239 5298 8,
2268 5230 2477 5301 quibus
2502 5229 2815 5300 dispositis,
2840 5244 2904 5282 ex
2948 5227 3141 5295 tertio,
3178 5226 3235 5282 id
3282 5231 3369 5280 est
3425 5228 3512 5290 32,
3555 5239 3711 5278 sum-

2020 5320 2131 5390 ptis
2160 5318 2366 5389 primo,
2396 5319 2454 5373 id
2494 5326 2578 5372 est
2618 5322 2671 5387 8,
2706 5324 2763 5374 et
2786 5317 3013 5372 duobus
3046 5316 3333 5381 secundis,
3366 5313 3426 5368 id
3447 5318 3533 5367 est
3574 5312 3712 5367 duo-

2020 5410 2124 5463 bus
2153 5409 2480 5475 octonariis,
2513 5413 2825 5478 supersunt
2847 5412 2901 5463 8.
2927 5408 3145 5472 Quibus
3176 5402 3485 5474 dispositis,
3520 5400 3711 5473 prima

2018 5498 2182 5552 nobis
2201 5498 2498 5569 aequalitas
2519 5498 2690 5567 cadit,
2721 5504 2786 5552 ut
2839 5497 3111 5566 subjectae
3144 5492 3447 5546 summula!
3476 5491 3706 5546 docent.

2379 5622 2789 5680 87—1—7
2849 5627 2880 5677 8
3093 5622 3101 5679 Ι
3318 5622 3350 5674 8
