4104 6176
440 279 573 333 1115

431 411 575 467 Hinc
594 410 771 483 igitur
791 409 839 464 si
868 408 998 479 quis
1032 408 1102 463 ad
1128 407 1268 462 alias
1292 406 1700 479 inaequalitatis
1734 408 1949 481 species
2005 408 2123 463 ani-
2158 412 2204 466 Α

434 517 595 556 mum
633 500 851 568 tendat,
874 498 1133 553 eamdem
1164 497 1625 553 convenientiam
1660 498 2131 553 intitubanterin-

434 590 641 646 veniet.
679 589 863 653 Quare
895 587 1389 658 pronuntiandum
1423 591 1527 655 est,
1560 604 1664 643 nec
1703 589 1816 642 ulla
1875 589 2128 660 trepida-

436 680 590 735 tione
622 678 1022 743 dubitandum,
1059 677 1211 747 quod
1240 678 1731 749 quemadmodum
1762 695 1865 749 per
1896 695 1954 733 se
1992 694 2129 733 cou-

434 767 638 823 stantis
659 766 996 839 quantitatis
1062 766 1253 822 unitas
1292 767 1641 838 principium
1674 772 1730 822 et
1780 769 2131 824 elementum

435 862 538 927 est,
574 858 653 912 ita
720 861 777 911 et
835 857 903 910 ad
954 856 1170 927 aliquid
1219 858 1412 911 relatae
1465 858 1797 928 quantitatis
1838 858 2132 930 aequalitas

432 952 618 1002 mater
647 949 749 1001 est.
802 946 1329 1001 Demonstravimus
1360 947 1531 1002 enim.
1562 948 1714 1017 quod
1744 947 1878 1002 hinc
1907 953 1963 1003 et
2012 948 2135 1019 ejus

445 1036 766 1107 procreatio
806 1035 993 1107 prima
1050 1036 1213 1104 foret,
1256 1042 1313 1091 et
1350 1036 1411 1090 in
1444 1052 1567 1091 eam
1599 1053 1799 1092 rursus
1844 1042 2137 1109 postrema

435 1125 645 1181 solutio
674 1131 777 1181 est.

1124 1215 1346 1271 CAPUT
1376 1217 1445 1270 II.

436 1326 509 1378 De
564 1322 883 1377 inveniendo
940 1324 999 1375 in
1054 1338 1372 1391 unoquoque
1425 1337 1645 1377 numero
1707 1327 1837 1389 quot
1888 1338 2135 1378 numeros

509 1394 749 1462 ejusdem
796 1395 1164 1463 proportionis
1217 1395 1393 1461 possit
1452 1393 1772 1463 pracedere,
1842 1409 2134 1463 eorumque

510 1466 824 1535 descriptio,
859 1466 1346 1534 descriptionzsque
1375 1468 1661 1533 expositio.

511 1574 603 1627 Est
635 1578 827 1628 autem
868 1573 1132 1644 quaedam
1162 1572 1221 1625 in
1252 1571 1358 1626 hac
1388 1588 1449 1626 re
1479 1571 1768 1642 profunda
1787 1574 1844 1626 et
1874 1571 2138 1626 miranda

440 1662 775 1732 speculatio,
815 1667 871 1716 et
901 1662 983 1730 (ut
1011 1661 1092 1714 ait
1116 1660 1512 1731 Nicomachus)
1546 1659 1863 1733 ἐννοιόφατον
1896 1663 2137 1734 θεώρημα

438 1751 763 1820 perficiens,
787 1756 844 1805 et
876 1750 947 1804 ad
973 1750 1330 1805 Platonicam
1362 1749 1419 1803 in
1451 1750 1664 1805 Timaeo
1704 1749 1913 1803 animae
1961 1765 2133 1820 gene-

439 1839 745 1908 rationem,
808 1843 866 1892 et
934 1839 1004 1892 ad
1054 1838 1354 1892 intervalla
1400 1836 1749 1891 harmonicae
1793 1837 2129 1909 disciplinae.

444 1928 529 1982 Ibi
550 1927 703 1980 enim
731 1927 1005 1997 jubemur
1030 1928 1343 1999 perducere
1373 1932 1543 1998 atque
1567 1928 1869 1982 extendere
1903 1932 2016 1982 tres
2045 1928 2132 1981 vel

443 2020 693 2088 quatuor
722 2017 1146 2087 sesquialteros,
1168 2017 1256 2071 vel
1286 2016 1567 2087 quotlibet
1594 2016 1981 2087 sesquitertias
2002 2034 2132 2088 pro-

439 2105 756 2176 portiones,
779 2110 833 2159 et
878 2106 1305 2176 sesquiquartas
1351 2105 1830 2176 comparationes,
1873 2121 1965 2159 eas
2006 2120 2134 2175 quae

439 2194 755 2249 secundum
793 2196 1150 2265 propositum
1175 2194 1460 2259 ordinem,
1496 2211 1647 2265 saepe
1704 2194 2004 2248 continuas
2047 2193 2132 2263 ju-

437 2283 644 2340 bemur
701 2284 1028 2339 extendere.
1080 2285 1160 2338 Ne
1220 2288 1414 2338 autem
1465 2282 1591 2350 hoc,
1643 2283 1839 2337 labore
1884 2282 2136 2354 quodam

439 2388 667 2443 semper
705 2373 937 2444 quidem
977 2372 1248 2440 maximo,
1306 2372 1667 2443 frequentius
1714 2372 1952 2427 inferaci
2014 2372 2134 2438 ﬁat,

440 2462 546 2516 hac
602 2462 767 2516 nobis
809 2460 1052 2523 ratione,
1092 2460 1153 2513 in
1198 2465 1340 2532 quot
1369 2461 1627 2514 numeris
1659 2460 1861 2526 quanti
1919 2459 2138 2530 possint

442 2563 563 2602 esse
626 2546 1173 2617 superparticulares
1241 2544 1705 2615 investigandum
1764 2550 1864 2599 est.
1927 2545 2137 2599 Omnes

445 2635 600 2689 enim
651 2635 1016 2705 multiplices,
1063 2638 1356 2689 tantarum
1402 2634 1677 2688 similium
1730 2634 1963 2688 sibimet
2010 2651 2140 2705 pro-

441 2724 781 2794 portionum
809 2724 1096 2795 principes
1128 2729 1315 2791 erunt,
1350 2728 1523 2795 quoto
1544 2724 1653 2795 ipsi
1685 2724 1806 2778 loco
1831 2724 1900 2778 ab
1918 2724 2137 2778 unitate

439 2813 840 2869 discesserunt.
872 2813 1033 2878 Quod
1062 2818 1255 2867 autem
1287 2812 1436 2881 dico,
1459 2812 1689 2867 sibimet
1718 2813 2006 2867 similium"
2026 2816 2137 2867 tale

442 2908 546 2970 est,
577 2908 640 2957 ut
665 2903 825 2973 dupli
844 2915 1071 2973 semper
1101 2901 1497 2972 multiplicitas
1519 2903 1606 2970 (ut
1634 2902 1895 2973 superius
1921 2902 2135 2956 dictum

1744 277 1863 332 AN.
1912 275 2116 331 MANL.
2162 276 2325 333 SEV.
2379 272 2610 331 BOETII

3774 282 3878 334 lll6

2946 406 3214 458 Latitudo.

2278 533 3882 601 '_l_'__|._‘2__l_4|8—_
3330 522 3822 595 l46|32l

2243 1044 2397 1099 Idem
2432 1043 2714 1115 contingit
2737 1044 2909 1099 etiam
2935 1045 2995 1099 in
3026 1044 3363 1115 triplicibus,
3386 1060 3457 1098 ex
3488 1044 3604 1099 illis
3628 1044 3771 1099 enim
3795 1063 3883 1100 ses-

2245 1133 2496 1204 qnitertii
2528 1137 2923 1204 procreantur.
2966 1134 3108 1189 Nam
3139 1133 3413 1205 quoniam
3456 1132 3679 1204 primus
3722 1135 3888 1204 triplex

2247 1224 2330 1275 est
2355 1222 2639 1276 ternarius
2670 1238 2965 1290 numerus,
2999 1222 3173 1277 habet
3195 1238 3376 1277 unum
3408 1220 3890 1293 sesquitertium,id

2247 1315 2331 1365 est
2359 1312 2411 1365 4.
2445 1312 2618 1382 Cujus
2649 1311 3003 1383 quaternarii
3033 1311 3200 1367 tertia
3229 1328 3361 1382 pars
3392 1327 3513 1365 non
3553 1314 3733 1381 potest
3770 1310 3890 1364 inve-

2248 1399 2382 1468 niri,
2415 1400 2729 1472 atqueideo
2750 1400 2843 1455 hic
2872 1401 3103 1472 epitrito
3135 1406 3308 1456 caret.
3344 1399 3643 1457 Secundus
3660 1399 3888 1470 vero,qui

2249 1492 2335 1544 est
2362 1505 2587 1557 novem,
2620 1489 2792 1546 habet
2820 1491 2892 1545 ad
2922 1506 2980 1545 se
3010 1490 3431 1545 duodenarium
3460 1504 3759 1543 numerum
3802 1504 3891 1541 ses-

2254 1578 2605 1650 quitertium.
2641 1579 3040 1635 Duodenarius
3070 1582 3288 1648 autem,
3320 1578 3602 1650 quoniam
3630 1577 3784 1631 habet
3800 1582 3886 1631 ter-

2248 1667 2389 1722 tiam
2412 1672 2657 1739 partem,
2690 1669 2751 1722 in
2781 1668 3143 1740 sesquitertia
3170 1668 3550 1740 proportione
3581 1670 3892 1737 comparatur

2249 1758 2317 1811 ad
2361 1773 2494 1812 eum
2521 1774 2796 1812 numerus
2827 1758 3095 1827 sedecim,
3129 1758 3230 1830 qui
3260 1758 3450 1813 tertia:
3478 1755 3658 1828 partis
3686 1755 3889 1809 sectione

2244 1847 2465 1901 solutus
2496 1847 2829 1918 est.Viginti
2849 1852 3068 1919 septem
3088 1852 3305 1917 autem,
3337 1847 3618 1919 quoniam
3639 1846 3889 1901 tertiusest

2244 1935 2472 2006 triplex,
2501 1936 2671 1991 habet
2700 1937 2769 1991 ad
2801 1954 2860 1992 se
2890 1938 3320 2009 sesquitertium
3348 1936 3590 2007 triginta
3620 1952 3728 1999 sex,
3759 1939 3805 1987 et
3821 1934 3889 1987 hic

2245 2044 2442 2083 rursus
2473 2029 2543 2083 ad
2573 2029 2952 2101 quadraginta
2981 2033 3106 2083 octo
3136 2030 3337 2083 eadem
3366 2026 3732 2099 pr0portione
3758 2040 3884 2078 com-

2244 2122 2501 2188 paratur.
2544 2118 2649 2173 Cui
2673 2118 2719 2171 si
2772 2118 3067 2189 sexaginta
3105 2123 3354 2189 quatuor
3401 2116 3653 2188 appositi
3700 2114 3888 2177 fuerint,

2246 2207 2507 2261 eamdem
2563 2223 2761 2261 rursus
2800 2207 2916 2262 vim
2975 2207 3366 2279 proportionis
3417 2205 3737 2277 explebunt.
3772 2204 3887 2267 Quos

2244 2296 2536 2367 sexaginta
2575 2300 2824 2368 quatuor
2854 2297 2925 2351 ad
2982 2297 3208 2351 nullum
3259 2295 3692 2367 sesquitertium
3729 2307 3886 2346 rursus

2244 2385 2487 2456 aptabis,
2513 2386 2789 2457 quoniam
2818 2390 2980 2457 parte
3021 2384 3191 2440 tertia
3219 2401 3337 2439 non
3394 2388 3684 2439 tenentur.
3737 2384 3881 2451 Atque

2245 2476 2351 2529 hoc
2397 2475 2457 2528 in
2512 2474 2729 2529 cunctis
2789 2475 3110 2546 triplicibus
3176 2474 3488 2541 invenitur,
3528 2477 3593 2528 ut
3648 2474 3885 2527 extremus

2247 2563 2503 2636 ejusdem
2531 2564 2916 2635 preportionis
2976 2580 3272 2632 numerus,
3296 2568 3491 2618 tantos
3518 2567 3648 2617 ante
3675 2578 3729 2615 se
3768 2576 3881 2633 pra:-

2246 2653 2507 2707 cedentes
2562 2653 2787 2716 habeat,
2832 2657 3046 2724 quanto
3097 2652 3318 2723 primus
3351 2668 3556 2707 eorum
3592 2651 3659 2705 ab
3708 2650 3883 2703 unitate

2246 2740 2585 2796 discesserit.
2616 2742 2683 2796 Et
2708 2741 2903 2813 quitot
2929 2758 3102 2813 super
3121 2758 3179 2796 se
3213 2742 3477 2812 ejusdem
3546 2736 3883 2812 proportionis

2247 2830 2511 2886 habuerit
2540 2847 2834 2901 numeros,
2866 2836 3074 2903 quotus
3095 2831 3164 2885 ab
3194 2831 3438 2899 ,unitate
3470 2830 3687 2901 primus
3728 2840 3885 2881 eorum

2248 2920 2409 2990 jacet,
2434 2920 2556 2991 ejus
2576 2937 2709 2991 pars
2740 2937 2854 2992 qua
2882 2920 2965 2975 illi
2991 2925 3356 2993 comparatus
3407 2935 3702 2984 numerus,
3749 2914 3888 2986 possit

440 2993 545 3080 θεῖ)
569 2992 973 3063 δθείίυίδίῖθτοε
1016 2995 1185 3057 πεδί»
1216 2991 1503 3080 θῖῄῖΓίΡῙθξ
1558 2990 1630 3045 Sit
1658 2992 1773 3045 dux
1828 2990 2131 3062 δεδίῖυίίθτ·
2172 3002 2212 3057 C
2246 2990 2506 3063 eamdem
2537 2990 2722 3063 facere
2756 2990 3230 3080 proportionem,
3280 3008 3532 3063 inveniri
3577 3010 3813 3078 nequeat.
3840 3004 3888 3057 Et

440 3079 677 3147 tiorum,
713 3080 1067 3151 quadruplus
1096 3078 1792 3150 sesquiquartis..Primus
1850 3096 1986 3150 ergo
2031 3080 2140 3134 du-

441 3169 569 3239 plex
612 3184 793 3222 unum
848 3170 1036 3222 solum
1077 3167 1308 3222 habebit
1340 3167 1801 3239 sesquialterum,
1858 3168 2138 3222 secundus

442 3256 605 3325 duos,
665 3257 864 3312 tertius
908 3261 1043 3325 tres,
1106 3261 1343 3327 quartus
1390 3261 1654 3327 quatuor,
1707 3263 1764 3311 et
1812 3258 2130 3312 secundum

441 3346 597 3400 hunc
660 3346 922 3399 ordinem
983 3346 1182 3399 eadem
1243 3346 1307 3399 ﬁt
1335 3345 1397 3399 in
1461 3344 1751 3400 inﬁnitum
1791 3347 2134 3416 progressio.

444 3435 642 3504 Neque
673 3449 931 3503 unquam
953 3434 1077 3487 ﬁeri
1106 3438 1292 3503 potest
1318 3436 1379 3487 ut
1407 3432 1495 3486 vel
1530 3439 1761 3504 superet
1817 3436 2139 3504 proportio-

442 3537 583 3576 num
622 3537 949 3587 numerum,
974 3522 1060 3574 vel
1094 3521 1161 3575 ab
1183 3537 1250 3574 eo
1276 3520 1347 3574 sit
1370 3520 1710 3575 diminutior
1740 3523 2039 3593 aaquabilis
2065 3525 2137 3579 ab

441 3610 659 3666 unitate
690 3608 915 3664 locatio.
950 3609 1176 3664 Primus
1206 3625 1343 3680 ergo
1376 3609 1585 3680 duplex
1605 3614 1688 3664 est
1731 3609 1989 3665 binarius
2035 3629 2140 3667 nu-

443 3714 655 3766 merus,
688 3697 787 3769 qui
819 3713 999 3753 unum
1028 3699 1216 3752 solum
1241 3697 1684 3769 sesquialterum
1716 3698 1937 3769 recipit,
1964 3699 2020 3754 id
2052 3704 2139 3756 est

440 3788 779 3843 ternarium.
803 3787 1080 3842 'Binarius
1120 3787 1273 3842 enim
1328 3791 1525 3842 contra
1556 3787 1872 3841 ternarium
1914 3804 2139 3860 compa-

442 3882 601 3931 ratus
632 3875 1064 3948 sesquialteram
1112 3875 1287 3932 efﬁcit
1328 3876 1780 3948 proportionem.
1832 3878 2138 3934 Ternarius

442 3982 597 4027 vero,
626 3966 902 4039 quoniam
935 3967 1299 4021 medietatem
1322 3983 1438 4021 non
1458 3967 1684 4036 recipit,
1716 3982 1832 4021 nou
1882 3973 1968 4021 est
1998 3969 2140 4022 alter

443 4071 721 4111 numerus
744 4055 814 4110 ad
861 4072 1033 4127 quem
1062 4056 1122 4111 in
1151 4057 1373 4110 ratione
1428 4056 1800 4126 sesquialtera
1840 4072 2138 4127 compare-

445 4149 559 4201 tur.
612 4146 1019 4211 Quaternarius
1048 4161 1182 4200 vero
1230 4161 1524 4213 numerus,
1586 4145 1870 4200 secundus
1927 4146 2140 4217 duplex

445 4239 547 4303 est,
575 4234 669 4289 hic
698 4251 835 4305 ergo
888 4235 1031 4289 duos
1070 4234 1472 4306 sesquialteros
1491 4233 1803 4305 (praecedit.
1839 4235 1933 4289 Est
1981 4235 2137 4290 enim

446 4324 518 4378 ad
544 4324 733 4396 ipsum
756 4324 990 4395 quidem
1010 4329 1374 4395 comparatus
1412 4324 1667 4378 senarius
1719 4339 2016 4393 numerus,
2067 4324 2137 4379 ad

444 4412 735 4466 senarium
764 4428 915 4473 vero.
947 4413 1222 4483 quoniam
1252 4412 1640 4478 :medietatem
1683 4412 1857 4468 habet
1896 4430 2140 4468 novena-

440 4500 579 4568 rius,
612 4505 667 4555 et
701 4506 835 4555 sunt
862 4501 973 4555 duo
992 4500 1374 4572 sesquialteri,
1404 4501 1476 4555 ad
1504 4502 1539 4555 4
1587 4500 1802 4555 scilicet
1829 4507 1880 4570 6,
1927 4502 1996 4557 ad
2043 4519 2141 4558 sex

443 4605 579 4644 vero
612 4591 661 4645 9.
698 4590 1048 4645 Novenarius
1090 4604 1243 4656 vero,
1291 4589 1565 4660 quoniam
1599 4588 1905 4645 medietate
1962 4596 2136 4646 caret.

442 4678 512 4734 ab
545 4680 650 4733 hac
670 4680 1094 4750 comparatione
1138 4679 1390 4734 seclusus
1421 4684 1525 4734 est.
1575 4680 1797 4735 Tertius
1854 4697 1987 4736 vero
2041 4682 2141 4737 du-

442 4768 570 4838 plex
598 4770 683 4821 est
705 4772 757 4835 8,
789 4768 879 4822 hic
909 4784 1044 4839 ergo
1075 4771 1105 4822 3
1151 4768 1555 4839 sesquialteros
1612 4770 1915 4825 antecedit.
1966 4771 2140 4826 Com-

442 4860 677 4928 paratur
732 4856 886 4912 enim
937 4858 1008 4911 ad
1063 4858 1253 4929 ipsum
1291 4857 1678 4913 duodenarius
1720 4874 2016 4926 numerus,
2066 4859 2139 4913 ad

445 4943 863 4998 duodenarium
894 4948 974 5012 18,
1000 4945 1070 5000 ad
1096 4948 1158 5000 18
1205 4962 1400 5001 rursus
1430 4950 1517 5002 27.
1562 4950 1633 5001 At
1675 4962 1810 5001 vero
1850 4949 1918 5001 27
1945 4946 2137 5002 medio

441 5039 653 5089 carent.
690 5033 845 5088 Idem
869 5036 1181 5106 quoquein
1205 5036 1574 5108 sequentibus
1624 5034 1850 5090 evenire
1910 5052 2138 5091 necesse

442 5128 527 5178 est
563 5124 714 5195 quod
772 5139 877 5177 nos
908 5140 1040 5180 cum
1071 5125 1307 5196 propria
1346 5124 1708 5180 ordinatione
1753 5125 2133 5180 subdidimus.

443 5213 680 5283 Semper
702 5212 853 5268 enim
886 5213 1011 5282 hoc,
1046 5214 1238 5269 divina
1263 5215 1513 5286 quadam
1557 5231 1662 5269 nec
1710 5214 1965 5270 humana
2008 5231 2139 5270 con-

445 5300 755 5357 stitutione.
790 5302 1273 5373 speculationibus
1320 5303 1586 5369 occurrit,
1632 5309 1695 5358 ut
1737 5305 2139 5375 quotienscun-

442 5407 553 5461 que
581 5392 817 5448 ultimus
847 5409 1124 5448 numerus
1148 5393 1454 5459 invenitur,
1480 5393 1580 5463 qui
1606 5393 1733 5448 loco
1783 5394 2025 5466 duplicis
2065 5394 2136 5448 ab

440 5478 660 5534 unitate
688 5482 760 5535 sit
782 5498 907 5553 par,
935 5482 1064 5537 talis
1102 5482 1181 5536 sit
1216 5486 1275 5536 ut
1308 5481 1367 5535 in
1417 5481 1755 5538 medietates
1786 5483 1961 5539 dividi
1983 5499 2137 5539 seca-

454 5567 618 5641 rique
649 5585 763 5624 non
783 5569 982 5641 possit.

2246 3097 2484 3169 triplicis
2515 3098 2749 3169 quidem
2772 3098 2894 3153 haec
2925 3103 3010 3153 est
3033 3098 3341 3170 descriptio
3375 3116 3387 3154 :

2958 3212 3226 3263 Latitudo.

2582 3400 3825 3479 i—F‘Im—aiﬂ

2582 3471 2904 3539 Γ--Αη
2824 3483 2832 3539 ι
2924 3485 2985 3535 16
3076 3482 3084 3539 1
3175 3484 3245 3535 48
3336 3481 3344 3539 l
3418 3485 3520 3535 14!.-
3586 3498 3595 3537 l
3664 3476 3825 3539 432,,J

2581 3471 3560 3541 WWT
3586 3471 3757 3541 ι’ῖῇ

2374 3401 2721 3408 ——-—_—————

2259 3684 2321 3689 Μ,
2334 3685 2398 3691 _
2724 3620 3764 3696 ﬁvr—la—FQREW‘GB
3815 3620 3824 3696 ΙΔ

2390 3762 2397 3763 ,
2444 3692 3825 3763 ΛᾙἿᾸΈῌ

2246 3845 2317 3897 At
2338 3839 2648 3913 quadrupli
2674 3841 2993 3896 secundum
3023 3840 3171 3895 hanc
3198 3841 3446 3896 formam
3480 3836 3766 3909 descriptio
3805 3835 3882 3895 est,

2247 3932 2319 3986 ad
2347 3947 2520 4004 quam
2544 3931 2776 3999 scilicet,
2807 3931 2909 4002 qui
2940 3948 2973 3985 a
3000 3931 3289 4001 prioribus
3325 3932 3637 3985 instructus
3686 3938 3885 3982 accesse-

2246 4021 2341 4089 rit,
2376 4021 2533 4075 nulla
2591 4020 2814 4075 ratione
2844 4020 3177 4091 trepidabit,
3236 4024 3294 4075 et
3318 4022 3406 4077 'de
3446 4020 3662 4077 caeteris
3701 4015 3885 4089 quidem

2247 4110 2684 4182 multiplicibus,
2707 4110 2970 4166 eamdem
2999 4108 3457 4166 convenientiam
3490 4106 3805 4182 pernotabit.

2265 4495 2675 4504 ———_—_

3194 4499 3453 4510 ἰο-σῇ.-

2959 4244 3228 4295 Latitudo.

2570 4437 2906 4505 |__5_____|
2905 4441 2933 4503 ‘2.
2938 4438 3323 4505 .0_|_.80_l

2563 4511 2570 4558 I
2601 4503 2626 4504 ί
2639 4503 3788 4569 ΑῃζιῖρδίἿἿῡ(ῆἯῄΓΙἽ6ᾶΓ
3806 4504 3814 4562 l

3311 4720 3387 4783 ιζ
3416 4720 3754 4783 ι’ἱεἾίῖιῖὅ
3790 4722 3810 4783 J

2247 4858 2389 4914 Hinc
2446 4873 2677 4930 quoque
2733 4856 3105 4927 perspicuum
3157 4858 3262 4917 est,
3324 4844 3874 4926 superpartieulariom

2250 4947 2760 5020 (quemadmodum
2810 4946 2973 5016 prius
3034 4949 3329 4999 ostensum
3379 4946 3487 5012 est)
3530 4941 3734 5014 primos
3782 4944 3873 4987 esse

2247 5037 2610 5108 multiplices.
2633 5034 2930 5106 Siquidem
2959 5034 3215 5105 duplices
3238 5033 3656 5105 sesquialteros,
3678 5022 3881 5115 triplices

2248 5107 2665 5198 sesquitertios,
2705 5128 2763 5179 et
2814 5124 3004 5179 cuncti
3032 5123 3376 5194 multiplices
3413 5126 3637 5177 cunctos
3682 5116 3736 5170 in
3768 5107 3879 5165 ordi-

2244 5232 2380 5271 nem
2412 5214 2956 5286 superparticulares
2991 5218 3208 5268 creant.
3243 5213 3337 5267 Est
3368 5211 3539 5266 etiam
3574 5208 3631 5262 in
3670 5205 3756 5290 his,
3794 5199 3873 5290 hos

2246 5284 2790 5376 quoque—mirabile.
2826 5304 3084 5373 Namque
3110 5300 3209 5355 ubi
3238 5299 3425 5371 prima
3460 5293 3687 5352 latitudo
3738 5284 3874 5376 fuerit

2247 5370 2474 5463 duplex,
2500 5398 2557 5446 et
2586 5393 2691 5446 sub
2738 5390 2950 5445 eisdem
2975 5370 3076 5462 qui
3108 5370 3257 5444 sunt
3295 5404 3490 5442 versus
3541 5376 3770 5439 continui
3810 5370 3871 5426 al-

2246 5481 2517 5537 ternatim
2549 5480 2738 5552 positi,
2773 5480 3086 5534 secundum
3110 5478 3315 5534 seriem
3340 5471 3650 5532 latitudinis
3663 5464 3869 5537 duplices

2249 5576 2438 5627 erunt.
2471 5569 2529 5627 Si
2565 5586 2700 5626 vero
2733 5569 2950 5626 fuerint
2978 5570 3231 5641 triplices
3248 5572 3305 5624 et
3330 5566 3617 5623 inferiores
3671 5552 3870 5613 ordines.
