4104 6176
216 251 361 303 1117
1535 259 1624 313 DE
1663 258 2137 319 ARITHMETICA
2179 264 2310 321 LIB.
2355 265 2423 319 ll.
3587 277 3725 332 Hl8

209 378 393 449 tripla
423 396 482 435 se
514 381 576 436 in
610 382 726 437 suis
760 385 1022 441 terminis
1053 390 1525 462 multiplicatione
1555 393 1912 464 superabunt
1946 397 1993 451 A
2763 415 2966 481 Triplus

202 466 283 520 At
308 468 365 521 in
387 471 731 543 quadrupla,
762 476 1093 548 quadrupli,
1119 484 1291 551 atque
1311 481 1417 535 hoc
1434 482 1658 538 inﬁnita
1678 485 1911 540 ductum

202 559 610 626 speculatione
655 578 773 617 non
820 565 985 620 fallit.
1048 570 1364 639 Angulares
1410 577 1604 629 autem
1653 575 1911 632 omnium

200 648 561 719 multiplices
597 654 825 708 evenire
876 672 1101 712 necesse
1135 665 1239 713 est.
1274 662 1451 735 Erunt
1499 670 1689 719 autem
1721 667 1909 737 dupli-

198 734 363 790 cium
443 740 679 807 quidem
751 743 1027 815 triplices,
1098 734 1411 819 triplicium
1482 734 1905 825 quadruplices,

196 826 676 898 quadruplorum
702 848 833 887 vero
858 835 1177 907 quincupli,
1212 844 1269 893 et
1298 844 1613 897 secundum
1645 846 1907 902 eamdem

195 915 431 970 ordinis
482 918 1015 978 incommutabilem
1073 927 1380 998 rationem,
1428 931 1661 988 sibimet
1705 941 1907 991 cuncta

191 1006 588 1073 consentient,
643 1010 849 1081 quibus
887 1016 1180 1085 expositis,
1216 1019 1286 1073 ad
1330 1027 1665 1092 sequentem
1715 1027 1904 1096 operis
2402 1010 2427 1096 Κ
2476 1011 2487 1020 ’

188 1093 414 1149 seriem
449 1104 781 1169 competens
816 1102 1124 1173 disputatio
1159 1112 1544 1167 convertatur.

845 1218 1070 1276 CAPUT
1129 1224 1223 1279 111.
2536 1218 2730 1323 97,33;
2950 1218 3252 1327 Same:

186 1316 361 1409 Quod
390 1322 679 1390 multiplex
708 1326 1058 1383 intervallum
1093 1347 1161 1385 ea:
1190 1334 1386 1402 quibus
1422 1345 1898 1409 superparticula-

259 1407 427 1462 ribus
458 1412 743 1467 medietate
764 1420 965 1485 posita,
1006 1423 1311 1479 intervallis
1339 1430 1457 1495 ﬁat,
1489 1407 1713 1499 ejusque
1750 1438 1895 1488 inve-

261 1499 463 1551 niendi
486 1503 691 1568 regula.

2887 903 3163 915 —————~———

2006 1370 2072 1423 Et
2100 1371 2296 1441 positis
2328 1373 2567 1439 eisdem,
2600 1379 2630 1429 6
2677 1381 2732 1430 et
2765 1380 2849 1443 l8,
2882 1379 3227 1433 novenarius
3276 1379 3336 1435 in
3392 1380 3695 1436 medietate

2004 1465 2269 1527 ponatur,
2322 1462 2432 1515 erit
2471 1464 2539 1517 ad
2572 1466 2860 1519 senarium
2919 1468 3278 1539 sesquialter,
3338 1469 3437 1540 qui
3478 1470 3546 1524 ad
3610 1473 3691 1525 18.

2000 1548 2329 1619 Subduplus
2359 1556 2462 1617 est,
2496 1558 2550 1606 et
2580 1554 2649 1606 ad
2681 1556 2971 1610 senarium
3006 1560 3069 1610 18
3098 1557 3303 1628 triplus
3335 1562 3439 1613 est.

261 1610 328 1665 Si
386 1615 566 1683 igitur
632 1618 758 1672 dum
813 1622 1014 1692 primae
1072 1632 1616 1700 superparticulares
1672 1641 1888 1710 species

181 1701 639 1774 conjungantur,
674 1709 860 1777 prima
893 1715 1107 1783 species
1135 1722 1568 1794 multiplicitatis
1609 1732 1879 1787 exoritur.

179 1788 393 1843 Omnis
424 1797 614 1848 autem
646 1797 855 1868 duplex
879 1817 947 1856 ex
977 1785 1348 1877 sesquialtero
1405 1785 1883 1894 sesquitertioque

179 1882 576 1973 componitur,
638 1889 693 1939 et
740 1891 926 1944 omnis
982 1897 1321 1967 sesquialter
1376 1909 1432 1959 et
1487 1911 1883 1973 sesquitertius

2733 1689 2811 1738 Tri
2820 1692 2929 1751 plus

176 1882 576 1980 componitur,
638 1889 693 1939 et
740 1891 926 1944 omnis
982 1897 1321 1967 sesquialter
1376 1909 1432 1959 et
1487 1882 1883 1980 sesquitertius

175 1967 479 2038 duplicem
534 1974 806 2045 jungunt.
864 1981 1002 2035 Nam
1053 1989 1353 2057 ternarius,
1414 1967 1749 2067 sesquialter
1800 2011 1885 2061 est
2381 1976 2452 2110 /

175 2056 457 2110 duorum.
493 2068 740 2110 auatnnr
797 2084 931 2110 vnrn
1012 2076 1407 2110 εοεηηῖθωςις..-
1486 2089 1718 2110 ι-----εε
1864 2096 1879 2110 ι

170 2056 457 2124 duorum,
493 2068 740 2131 quatuor
797 2084 954 2139 vero,
1011 2076 1410 2145 sesquitertius
1486 2089 1742 2159 ternarii,
1784 2096 1879 2149 sed

172 2146 207 2197 4
241 2146 464 2217 duplus
491 2150 759 2208 duorum.
1730 2146 1742 2159 1
1796 2146 1877 2149 Π
2155 2146 3498 2275 ῑζῖ-’ῇΊῄἾ““-ἿῌᾙῙέἷή-Ἷ

2155 2114 3067 2281 ῑὲ-ῖῐῐζξῖι.

2365 2270 3294 2505 Καχλκίλ

648 2466 661 2485 ,
674 2429 693 2450 '
944 2419 1125 2481 e‘uplus
2365 2282 2539 2501 \\
2658 2281 2912 2499 //\
2926 2452 3148 2505 κθ]

589 2501 639 2602 l/
694 2281 1486 2610 ΚΝ
2435 2497 2741 2591 Sesqiii'a’llcr
2961 2536 3148 2589 nimius

356 2604 1692 2770 Cf—T..__._____L_
1991 2632 2071 2685 Ex
2102 2631 2317 2703 duplici
2346 2634 2525 2704 igitur
2563 2641 2617 2691 et
2661 2638 3055 2710 sesquialtero,
3111 2640 3319 2712 triplex
3367 2642 3512 2697 ratio
3543 2659 3678 2713 pro-

565 2688 594 2784 ἓ
1991 2722 2267 2784 portionis
2301 2723 2574 2784 exoritur.
2610 2731 2665 2779 et
2711 2726 2768 2779 in
2794 2744 2887 2781 eas
2920 2745 3117 2783 rursus
3152 2730 3504 2784 resolutione
3536 2731 3678 2784 facta

1256 2735 1260 2739 ’
1472 2722 1498 2747 ³
1678 2722 1703 2784 ,Ι
1991 2722 2267 2790 portionis
2301 2723 2574 2792 exoritur,
2610 2731 2665 2779 et
2711 2726 2768 2779 in
2794 2744 2887 2781 eas
2920 2745 3117 2783 rursus
3152 2730 3504 2785 resolutione
3536 2731 3681 2787 facta

1992 2815 2307 2865 revocatur.
2346 2812 2405 2867 Si
2437 2818 2630 2869 autem
2662 2816 2773 2881 hic,
2809 2817 2863 2870 id
2909 2822 2991 2872 est
3023 2818 3229 2888 triplus
3261 2835 3555 2887 numerus,
3582 2821 3681 2892 qui

952 2900 999 2941 λ’
1066 2900 1173 2979 \
1354 2900 1461 2979 /
1993 2904 2075 2953 est
2108 2900 2324 2969 species
2355 2905 2605 2958 secunda
2654 2906 2986 2978 multiplicis
3031 2909 3295 2962 secundae
3342 2909 3551 2979 speciei
3581 2926 3682 2964 su-

639 3018 673 3069 s
1078 3030 1098 3045 η
1182 2989 1363 3045 θ’,
1923 2989 2453 3059 cperparticularis
2510 2998 2758 3063 aptetur,
2814 2997 3123 3066 quadrupli
3179 2997 3448 3052 continuo
3496 2999 3683 3054 forma

680 3032 946 3084 cswiulmr
1069 3034 1426 3087 Sesquiteruus
2113 3083 2120 3087 ,
2207 3078 2238 3087 .,
2411 3080 2472 3087 ..
2670 3083 2684 3087 -

1084 3064 1426 3087 ’“”“¹“”⁶’““’
1996 3078 2337 3146 contexitur,
2370 3085 2426 3134 et
2459 3080 2519 3135 in
2557 3083 2782 3137 easdem
2810 3100 3007 3139 rursus
3032 3090 3223 3156 partes
3270 3088 3515 3142 naturali
3544 3105 3682 3159 par-

170 3151 262 3205 Sic
286 3150 477 3223 igitur
506 3153 846 3222 sesquialter
872 3158 930 3207 et
960 3154 1355 3224 sesquitertius
1384 3170 1568 3209 unum
1596 3155 1885 3226 duplicem
1998 3167 2199 3221 titione
2257 3169 2522 3236 solvetur,
2581 3174 2893 3228 secundum
2923 3175 3159 3230 modum
3192 3192 3365 3247 quem
3421 3178 3683 3250 superius

170 3246 566 3310 componunt.
621 3244 692 3295 At
718 3258 852 3297 vero
905 3242 949 3295 si
997 3242 1175 3297 fuerit
1234 3243 1511 3297 medietas
1560 3249 1618 3297 et
1650 3245 1882 3315 duplus,
1996 3256 2533 3314 demonstravimus,

170 3328 658 3399 interduplicem
690 3334 745 3384 et
774 3330 1029 3385 medium
1060 3336 1246 3402 potest
1280 3348 1397 3385 una
1425 3334 1704 3387 medietas
1753 3334 1884 3387 talis
2709 3393 3013 3437 maxumus

169 3398 467 3482 inveniri,
493 3435 623 3489 qua:
653 3419 724 3473 ad
756 3420 995 3473 alteram
1040 3421 1459 3475 extremitatem
1510 3423 1887 3494 sesquialtera
2709 3398 2860 3494 UT:

168 3508 265 3574 sit,
331 3508 403 3561 ad
438 3508 675 3561 alteram
711 3509 1093 3580 sesquitertia.
1126 3510 1476 3565 Altrinsecus
1507 3511 1663 3565 enim
1682 3512 1886 3583 positis

170 3596 417 3650 senario
468 3602 523 3650 et
573 3598 846 3663 ternario,
900 3598 959 3652 id
1004 3605 1090 3653 est
1119 3599 1337 3670 duplici
1376 3605 1431 3655 et
1463 3601 1790 3670 medietate,
1840 3601 1887 3655 si

168 3686 590 3757 quaternarius
620 3686 680 3740 in
724 3687 914 3742 medio
950 3688 1280 3755 collocetur,
1332 3690 1400 3743 ad
1433 3691 1751 3745 ternarium
1786 3707 1889 3745 nu-

168 3791 415 3829 merum
440 3777 864 3839 sesquitertiam
884 3782 1140 3831 continet
1160 3780 1466 3847 rationem,
1491 3780 1559 3834 ad
1594 3780 1888 3836 senarium

168 3880 311 3918 vero
349 3864 810 3936 sesquialteram.

2656 3972 3275 4197 ΛΑ

2780 4008 2847 4137 /
3274 4088 3275 4094 ι

2534 4232 2730 4288 Triplus
2915 4233 3269 4287 Sesquitertiul

1133 4394 1481 4400 ________
1511 4396 1540 4400 Α
1923 4358 1965 4400 n
1998 4342 2056 4397 Si
2084 4360 2216 4399 vero
2248 4348 2602 4400 auadrunlus
2650 4366 2772 4400 sese
2806 4365 2870 4400 ac
2909 4350 3275 4400 aesauimiart

943 4148 1119 4210 duplus

2534 4232 2730 4288 Triplus
2915 4233 3269 4287 Sesquitertiul

1328 4342 1701 4427 ____l‘~__,_j
1920 4358 1965 4412 ι)
1998 4342 2056 4397 Si
2084 4360 2216 4399 vero
2248 4348 2602 4420 quadruplus
2650 4366 2772 4404 sese
2806 4365 2870 4404 ac
2909 4350 3351 4424 qesquiquartus
3391 4354 3684 4427 agglomc-

566 4401 630 4470 5—
803 4430 814 4491 ι
1017 4420 1049 4469 4
1110 4426 1134 4449 '
1990 4437 2134 4502 rent,
2165 4401 2510 4509 qui‘ncuplu‘s
2541 4439 2817 4494 continuo
2850 4439 2949 4494 ﬁet
2976 4456 2988 4494 :

803 4430 814 4491 ι
911 4419 1687 4494 ,

988 4489 1175 4629 Γ
1467 4486 1490 4608 Ξ
2694 4566 2992 4625 υωιιοιιριιις

636 4756 990 4813 Sesquitertius
1119 4755 1417 4804 Sesuuiahe:

160 4880 349 4934 Recte
383 4879 569 4951 igitur
600 4881 814 4936 dictum
849 4885 951 4950 est,
1004 4885 1059 4936 et
1098 4881 1384 4952 duplicem
1422 4899 1452 4936 a
1500 4884 1877 4955 sesquialtero

154 4969 655 5041 sesquitertioque
687 4972 987 5042 conjungi,
1022 4975 1078 5025 et
1107 4970 1213 5025 has
1264 4971 1405 5026 duas
1434 4974 1876 5044 superparticu-
2171 5042 2325 5064 ’κ’-Μ
2375 4969 2401 5039 Ι
3058 5062 3063 5064 Α
3272 4969 3304 5045 \
3334 5053 3392 5064 __

3256 5076 3319 5127 20
3493 5076 3508 5127 Ι
3580 5122 3587 5127 .

157 5058 307 5112 laris
372 5059 592 5129 species
651 5061 938 5132 duplicem
995 5076 1315 5131 procreare,
1373 5060 1433 5116 id
1492 5067 1574 5117 est
1626 5062 1874 5134 primam
2168 5048 2401 5149 :1:
2607 5077 2619 5119 ι
2811 5072 2866 5121 16
3054 5062 3065 5139 Ι

160 5147 431 5217 speciem
453 5149 788 5220 multiplicis
809 5150 1163 5223 quantitatis.
1184 5152 1401 5205 Rursus
1420 5168 1485 5205 ex
1502 5151 1691 5222 prima
1710 5154 1876 5209 muli-

160 5148 431 5217 speciem
453 5149 788 5220 multiplicis
809 5150 1163 5223 quantitatis.
1184 5152 1401 5205 Rursus
1420 5168 1485 5205 ex
1502 5151 1691 5222 prima
1710 5154 1876 5209 muli-
2300 5148 2303 5149 ⁷
2336 5148 2345 5149 ί
2368 5148 2391 5149 ί
2637 5148 3295 5381 Μ

160 5238 344 5307 plicis
365 5238 573 5307 specie,
610 5239 665 5293 id
697 5245 780 5294 est
810 5256 875 5294 ex
907 5239 1141 5311 duplici,
1168 5244 1225 5295 et
1248 5239 1438 5311 prima
1457 5244 1874 5313 superparticu-
2378 5151 2635 5381 Κ

160 5326 293 5381 lari.
324 5324 385 5378 id
414 5330 498 5379 est
518 5328 912 5381 sesuuialtera.
937 5328 1236 5381 continens
1263 5330 1596 5381 multiplicis
1635 5333 1870 5381 snecies.

158 5326 293 5391 lari,
324 5324 385 5378 id
414 5330 498 5379 est
518 5328 912 5398 sesquialtera,
937 5328 1236 5385 continens
1263 5330 1596 5401 multiplicis
1635 5333 1870 5402 species,

154 5415 211 5468 id
242 5418 339 5468 est
368 5414 541 5486 tripla
575 5419 962 5489 conjungitur.
998 5422 1253 5491 Namque
1298 5423 1363 5475 12
1402 5421 1613 5475 senarii
1644 5424 1871 5477 numeri

2484 5408 2788 5467 Quarlruplns
2879 5411 3259 5474 Sesquiquartul

158 5503 385 5575 duplus
431 5509 534 5572 est,
595 5506 793 5561 decem
838 5524 972 5562 vero
1021 5513 1078 5563 et
1120 5513 1269 5577 octo,
1322 5510 1391 5564 ad
1444 5510 1869 5569 duodenarium
1982 5518 2045 5571 Et
2082 5517 2128 5572 si
2185 5518 2533 5592 quincuplus
2591 5538 2723 5581 cum
2775 5523 3199 5597 sesquiquinto,
3231 5540 3366 5580 mox
3435 5526 3680 5598 sescupli

156 5592 536 5664 sesquialter.
586 5595 687 5666 qui
736 5597 807 5653 ad
837 5597 1128 5656 senaiium
1156 5615 1467 5658 numerum
1524 5600 1729 5674 triplus
1763 5607 1865 5660 est.
1978 5609 2278 5680 proportio
2311 5612 2735 5685 conjugabitur.

2329 5045 2717 5055 ———————__
