4104 6176
466 296 603 349 1119

1167 445 1467 512 Sescuplus

857 1001 1768 1217 ξω

934 1228 1282 1289 Quincuplus
1368 1228 1775 1291 Sesquiquinua

458 1328 641 1397 Atque
699 1328 776 1382 ita
824 1330 1135 1385 secundum
1201 1330 1345 1384 banc
1410 1334 1875 1404 progressionem
1928 1336 2146 1391 cunctae

458 1417 896 1487 multiplicitatis
928 1419 1141 1489 species
1195 1420 1317 1473 sine
1358 1422 1470 1476 ulla
1517 1425 1623 1477 rati
1654 1426 1873 1479 ordinis
1915 1443 2144 1496 permu-

458 1506 669 1560 tatione
701 1513 1020 1563 nascentur.
1074 1511 1157 1563 Ita
1201 1527 1333 1565 vero
1366 1516 1426 1565 ut
1464 1513 1672 1585 duplus
1703 1531 1829 1569 cum
1865 1515 2147 1587 sesquial-

457 1598 574 1650 tero
631 1597 915 1667 triplicem
962 1604 1133 1665 creet,
1197 1605 1251 1654 et
1307 1600 1510 1671 triplus
1566 1620 1696 1656 cum
1755 1604 2144 1676 sesquitertio,

459 1686 847 1757 quadruplum
881 1689 1235 1758 quadruplus
1282 1705 1409 1743 cum
1443 1692 1859 1762 sesquiquarto,
1904 1693 2144 1765 quincu‘

456 1774 637 1844 plum,
674 1779 729 1828 et
768 1777 956 1830 caeteri
989 1778 1187 1830 eodem
1221 1779 1411 1845 modo,
1462 1784 1523 1833 ut
1556 1780 1749 1836 nullus
1780 1782 1926 1837 hanc
1955 1783 2146 1838 conti-

457 1861 793 1917 nuationem
824 1862 955 1917 ﬁnis
987 1864 1280 1935 impediat.

1132 1954 1356 2009 CAPUT
1382 1956 1470 2010 ιν.

457 2040 533 2093 De
569 2056 669 2109 per
704 2055 760 2095 se
798 2045 1074 2097 constante
1112 2046 1441 2112 quantitate,
1474 2061 1591 2115 qum
1628 2048 1684 2101 in
1721 2050 1916 2116 ﬁguris
1946 2065 2145 2117 geome-

526 2130 678 2185 tricis
709 2130 1086 2186 consideratur
1111 2148 1125 2202 ;
1162 2137 1454 2189 communis
1495 2138 1637 2191 ratio
1668 2139 1905 2193 omnium
1936 2144 2146 2208 magni-

529 2218 800 2275 tudinum.

528 2308 661 2363 Haec
684 2307 913 2380 quidem
945 2309 1013 2364 de
1047 2311 1368 2381 quantitate
1401 2329 1576 2385 quam
1608 2317 1921 2372 secundum
1949 2318 2018 2372 ad
2051 2319 2149 2371 ali-

458 2396 595 2467 quid
645 2399 1026 2467 speculamur,
1060 2400 1128 2453 ad
1177 2417 1428 2470 praesens
1458 2403 1607 2458 dicta
1643 2404 1947 2459 sufﬁciant.
1987 2408 2147 2461 Nunc

459 2488 649 2538 autem
697 2485 755 2538 in
807 2486 912 2539 hac
957 2489 1274 2559 sequentia,
1308 2492 1573 2562 quaedam
1609 2492 1677 2547 de
1722 2510 1788 2548 ea
1827 2496 2145 2565 quantitate

458 2586 588 2640 quas
637 2586 740 2640 per
778 2571 1022 2643 seipsam
1056 2580 1298 2642 constat,
1349 2593 1538 2648 neque
1578 2579 1647 2633 ad
1696 2580 1912 2651 aliquid
1967 2582 2145 2636 refer-

455 2661 571 2723 tur,
626 2659 946 2729 expediam,
994 2678 1124 2733 quaa
1170 2664 1333 2719 nobis
1388 2666 1456 2720 ad
1489 2683 1553 2720 ea
1584 2668 1853 2737 prodesse
1882 2676 2143 2739 possunt,

457 2763 584 2819 quae
617 2753 746 2819 post.
777 2748 898 2803 haec
926 2766 1125 2805 rursus
1159 2754 1227 2807 de
1258 2755 1437 2809 relata
1478 2756 1545 2809 ad
1578 2757 1792 2827 aliquid
1828 2760 2143 2823 quantitate

456 2837 847 2892 tractabimus.
930 2842 1097 2894 Amat
1180 2842 1333 2897 enim
1417 2844 1838 2915 quodammodo
1896 2849 2148 2916 {mathe-

459 2941 583 2980 seos
610 2926 927 2996 speculatio
973 2929 1189 2983 alterna
1220 2931 1625 3001 probationum
1674 2936 1893 2992 ratione
1936 2939 2145 2992 consti-

460 3015 567 3069 tui.
604 3016 766 3071 Nunc
802 3021 994 3072 autem
1026 3019 1192 3074 nobis
1235 3021 1305 3075 de
1337 3022 1426 3076 his
1465 3024 1723 3080 numeris
1767 3043 1953 3082 sermo
1989 3027 2144 3082 futu-

456 3120 555 3159 rus
585 3110 684 3169 est,
721 3105 820 3176 qui
844 3106 992 3162 circa
1007 3108 1219 3180 ﬁguras
1240 3114 1617 3182 geometricas
1646 3120 1703 3169 et
1734 3131 1931 3170 earum
1963 3118 2146 3188 spatia

458 3193 958 3267 dimensionesque
1006 3207 1324 3262 versantur,
1369 3201 1426 3256 id
1460 3208 1547 3257 est
1572 3204 1642 3258 de
1672 3204 1986 3260 linearibus
2033 3223 2147 3259 nu—

457 3283 649 3352 meris,
682 3289 737 3339 et
768 3286 837 3340 de
869 3287 1316 3360 triangularibus
1350 3294 1435 3347 vel
1469 3295 1782 3365 quadratis,
1813 3296 2148 3367 caeterisque

458 3388 604 3441 quos
647 3374 762 3427 sola
795 3377 993 3444 pandit
1047 3379 1217 3448 plana
1266 3381 1569 3449 dimensio,
1605 3401 1706 3438 nec
1754 3401 1866 3439 non
1900 3387 1968 3440 de
2000 3386 2140 3439 inae-

458 3461 615 3530 quali
668 3461 911 3516 laterum
968 3467 1380 3536 compositione
1428 3474 1762 3541 conjunctis.
1816 3476 1893 3529 De
1952 3474 2149 3529 solidis

458 3547 652 3614 etiam,
686 3548 739 3602 id
764 3555 849 3602 est
867 3552 1030 3604 cubis
1055 3556 1112 3606 et
1132 3555 1426 3624 sphaericis
1450 3560 1534 3611 vel
1560 3560 1949 3629 pyramidicis,
1981 3563 2149 3617 later-

458 3635 600 3690 culis
630 3635 805 3691 etiam
832 3637 921 3693 vel
949 3639 1187 3710 tignulis
1210 3648 1265 3696 et
1285 3645 1502 3713 cuneis,
1524 3664 1654 3718 quae
1684 3650 1877 3703 omnia
1911 3650 2149 3721 quidem

457 3726 815 3795 geometricas
846 3729 1095 3800 propria
1142 3733 1618 3790 considerationis
1656 3742 1806 3792 sunt.
1842 3739 1953 3794 Sed
2000 3740 2147 3795 sicut

458 3812 582 3884 ipsa
619 3817 985 3884 geometrica:
1023 3818 1263 3874 scientia
1289 3822 1359 3877 ab
1405 3825 1763 3881 arithmetica
1795 3828 1952 3882 velut
2003 3843 2147 3900 qua-

458 3899 591 3988 dam
622 3902 810 3957 radice
862 3920 927 3959 ac
985 3914 1165 3963 matre
1220 3911 1494 3980 producta
1528 3921 1632 3983 est,
1680 3915 1760 3970 ita
1798 3916 1971 3971 etiam
2025 3899 2149 3988 ejus

459 3986 771 4058 ﬁguraram
799 3994 1020 4049 semina
1051 3997 1110 4050 in
1139 3998 1339 4068 primis
1364 4004 1621 4058 numeris
1651 4006 1993 4062 invenimus.
2028 4008 2150 4061 Pla-

458 4091 598 4131 num
640 4078 922 4149 siquidem
962 4084 1201 4140 fecimus
1233 4090 1384 4157 quod
1433 4108 1633 4146 omnes
1672 4093 2000 4164 disciplinas
2028 4095 2151 4149 haec

457 4165 805 4241 interempta
842 4182 1227 4243 consumeret,
1261 4194 1402 4249 quas
1450 4181 1688 4236 minime
1720 4185 2029 4239 constituta
2059 4184 2148 4239 in-

1790 296 1905 351 AN.
1950 293 2160 351 MANL.

2205 293 2350 350 SEV.
2394 293 2623 352 BOETII

2189 428 2232 481 A
2265 442 2323 482 se
2353 427 2582 495 retinet,
2617 431 2698 483 tot
2725 428 3042 484 unitatibus
3064 429 3360 502 designare
3391 447 3561 504 quam
3585 436 3791 493 notulis.
3812 439 3889 495 Est

2258 517 2438 589 igitur
2475 519 2667 573 unitas
2696 519 2877 574 vicem
2926 519 3192 575 obtinens
3233 521 3452 592 puncti,
3483 521 3764 591 intervalli,
3789 529 3885 581 lon-

2262 607 2654 679 gitudinisque
2702 608 3071 679 principium,
3122 610 3247 680 ipsa
3293 627 3424 665 vero
3481 627 3582 666 nec
3629 614 3881 685 intervalli,

2258 712 2364 751 nec
2420 697 2801 768 longitudinis
2865 713 3066 769 capax,
3125 699 3608 769 quemadmodum
3658 710 3881 772 punctum

2258 786 2606 859 principium
2640 786 2871 859 quidem
2895 787 3061 842 lineae
3084 792 3169 842 est
3209 793 3377 860 atque
3413 789 3708 859 intervalli,
3735 793 3881 862 ipsum

2257 892 2390 932 vero
2445 892 2547 931 nec
2597 877 2962 932 intervallum
3012 894 3118 933 nec
3164 878 3337 933 linea.
3383 880 3575 951 Neque
3610 880 3749 934 enim
3777 899 3887 953 pun-

2257 966 2408 1020 ctum
2442 970 2655 1036 puncto
2685 967 3107 1039 superpositum
3137 968 3322 1023 ullum
3352 967 3523 1023 efficit
3551 968 3883 1037 intervallum,

2257 1056 2413 1108 velut
2453 1054 2500 1108 si
2531 1055 2674 1110 nihil
2725 1057 2867 1110 nulli
2912 1058 3138 1128 jungas.
3168 1056 3317 1111 Nihil
3365 1058 3520 1111 enim
3562 1062 3643 1113 est
3670 1060 3801 1130 quod
3839 1078 3885 1115 ex

2256 1144 2545 1199 nullorum
2613 1145 3012 1217 procreatione
3091 1150 3370 1202 nascatur.
3447 1148 3651 1202 Eadem
3718 1150 3885 1222 quippe

2257 1235 2429 1287 etiam
2479 1234 2625 1288 circa
2676 1236 3036 1306 aequalitates
3085 1236 3379 1307 proportio
3434 1242 3649 1291 manet.
3700 1237 3818 1290 Nam
3854 1237 3887 1290 si

2260 1324 2542 1395 quotlibet
2574 1325 2787 1380 fuerint
2816 1325 3048 1380 termini
3100 1342 3287 1396 pares,
3339 1329 3567 1380 tantum
3595 1326 3802 1397 quidem
3827 1331 3888 1380 est

3779 306 3886 360 11ἳο

2256 1413 2495 1483 aprimo
2530 1414 2597 1468 ad
2626 1414 2961 1483 secundum,
3008 1420 3290 1487 quantum
3335 1432 3368 1469 a
3414 1416 3664 1470 secundo
3708 1416 3765 1469 ad
3800 1420 3889 1468 ter-

2254 1502 2420 1556 tium.
2452 1502 2561 1557 Sed
2593 1503 2743 1556 inter
2772 1503 3025 1574 primum
3060 1508 3116 1558 et
3147 1505 3489 1571 secundum,
3522 1505 3609 1558 vel
3635 1505 3889 1558 secundum

2257 1593 2314 1643 et
2345 1589 2777 1655 tertium,nulla
2797 1590 3173 1646 estintervalli
3219 1591 3619 1661 longitudovel
3664 1591 3887 1661 spatium.

2256 1678 2311 1733 Si
2350 1678 2502 1732 enim
2528 1684 2643 1733 tres
2676 1678 2929 1733 senarios
2960 1696 3138 1751 ponas
3158 1681 3266 1735 hoc
3294 1681 3469 1736 modo
3499 1682 3550 1747 6,
3584 1683 3632 1748 6,
3665 1684 3714 1748 6,
3743 1696 3890 1751 quem-

2258 1766 2568 1821 admodum
2599 1768 2818 1838 primus
2849 1774 2935 1823 est
2966 1770 3034 1823 ad
3067 1770 3403 1837 secundum,
3440 1770 3522 1823 sic
3552 1775 3635 1823 est
3661 1768 3888 1823 secundus

2255 1857 2323 1910 ad
2359 1856 2615 1911 tertium.
2653 1857 2760 1912 Sed
2796 1858 2946 1911 inter
2972 1860 3228 1928 primum
3259 1865 3316 1914 et
3349 1859 3661 1913 secundum
3690 1858 3811 1913 nihil
3833 1858 3890 1911 iu-

2254 1950 2448 2011 terest,
2474 1950 2503 2001 6
2535 1948 2689 2001 enim
2723 1951 2778 2000 et
2799 1950 2829 2002 6
2862 1948 3020 2001 nulla
3050 1948 3222 2019 spatii
3254 1948 3560 2003 intervalla
3585 1949 3887 2018 disjungunt.

2254 2036 2336 2089 Ita
2366 2036 2539 2091 etiam
2572 2036 2763 2090 unitas
2784 2037 2843 2089 in
2867 2037 3052 2107 seipsa
3084 2038 3465 2109 multiplicata
3495 2037 3639 2092 nihil
3661 2040 3888 2108 procreat.

2256 2123 2443 2178 Semel
2484 2126 2639 2179 enim
2676 2125 2736 2179 in
2764 2141 2947 2179 unum
2979 2126 3122 2179 nihil
3159 2126 3312 2180 aliud
3344 2142 3414 2181 ex
3449 2142 3509 2181 se
3560 2125 3734 2196 gignit
3760 2141 3889 2197 quam

2255 2214 2377 2285 ipsa
2418 2219 2518 2269 est.
2558 2216 2695 2268 Nam
2729 2214 2883 2285 quod
2916 2214 3217 2269 intervallo
3250 2219 3424 2282 caret,
3459 2214 3634 2269 etiam
3669 2214 3771 2267 vim
3797 2213 3890 2284 gig-

2255 2303 2432 2358 nendi
2465 2304 2764 2357 intervalla
2813 2320 2930 2357 non
2958 2303 3181 2374 recipit,
3230 2304 3382 2375 quod
3430 2304 3492 2358 in
3539 2304 3661 2357 aliis
3690 2304 3893 2356 numeris

2255 2409 2372 2447 non
2392 2392 2618 2447 videtur
2637 2392 2886 2447 evenire.
2916 2394 3111 2447 Omnis
3142 2393 3296 2447 enim
3315 2409 3594 2448 numerus
3613 2393 3670 2446 in
3690 2392 3891 2462 seipsum

2255 2481 2668 2551 multiplicatus
2699 2481 2877 2536 alium
2912 2483 3221 2553 quemdam
3252 2482 3429 2537 eiﬁcit
3459 2482 3727 2552 majorem
3758 2496 3890 2551 quam

2255 2568 2379 2639 ipse
2410 2575 2513 2636 est,
2549 2569 2757 2624 idcirco
2780 2570 3051 2641 quoniam
3083 2571 3380 2625 intervalla
3406 2569 3773 2639 multiplicata
3804 2582 3892 2619 ma-

2249 2658 2375 2729 jore
2416 2674 2535 2712 sese
2567 2660 2735 2728 spatii
2767 2659 3095 2728 prolixitate
3144 2659 3498 2714 distendunt.
3534 2658 3593 2713 1d
3634 2673 3753 2711 vero
3776 2656 3895 2728 quod

2256 2746 2377 2801 sine
2408 2747 2704 2801 intervallo
2733 2752 2834 2814 est,
2870 2748 2998 2818 plus
3039 2763 3212 2818 quam
3251 2748 3373 2818 ipsa
3402 2751 3510 2813 est,
3540 2746 3781 2818 pariendi
3808 2760 3895 2798 non

2255 2838 2428 2894 habet
2478 2841 2864 2908 postestatem.
2922 2837 2996 2890 Ex
3041 2838 3148 2890 hoc
3191 2837 3367 2907 igitur
3417 2837 3719 2908 principio,
3761 2835 3809 2889 id
3833 2838 3896 2888 est

2255 2929 2476 2985 unitate
2540 2927 2724 2998 prima
2771 2925 3028 2981 omnium
3077 2926 3377 2997 longitudo
3444 2926 3749 2989 succrescit,
3798 2938 3893 2995 qua

2175 3004 2230 3071 ,Ο
2258 3035 2290 3073 a
2319 3017 2527 3072 binarii
2558 3016 2787 3071 numeri
2826 3015 3111 3087 principio
3160 3016 3217 3070 in
3249 3019 3486 3070 cunctos
3528 3032 3645 3070 sese
3672 3028 3891 3069 numeros

2257 3107 2521 3177 explicat,
2585 3105 2858 3177 quoniam
2904 3106 3158 3177 primum
3212 3106 3581 3159 intervallum
3636 3106 3771 3159 linea
3813 3105 3890 3164 est,

2257 3197 2369 3251 duo
2396 3212 2529 3249 vero
2554 3195 2853 3250 intervalla
2883 3199 3017 3249 sunt
3057 3194 3355 3265 longitudo
3380 3199 3435 3249 et
3467 3194 3720 3261 latitudo,
3758 3193 3805 3246 id
3829 3196 3891 3244 est

2256 3285 2408 3339 linea
2438 3288 2496 3338 et
2520 3284 2866 3356 superﬁcies.
2917 3284 3046 3339 Tria
3091 3301 3226 3356 ergo
3267 3286 3570 3363 intervalla
3619 3289 3754 3345 sunt,
3798 3284 3888 3334 lon-

2256 3374 2478 3444 gituc’o,
2529 3374 2794 3441 latitudo,
2852 3374 3115 3441 altitudo,
3164 3375 3218 3429 id
3269 3380 3355 3428 est
3394 3374 3567 3439 linea,
3616 3370 3891 3443 superﬁcies

2255 3467 2427 3535 atque
2472 3463 2746 3517 soliditas.
2807 3465 3022 3518 Praeter
3069 3464 3192 3517 haec
3242 3466 3434 3517 autem
3490 3463 3600 3517 alia
3653 3458 3893 3515 intervalla

2254 3552 2498 3607 inveniri
2532 3569 2643 3606 non
2694 3556 2953 3623 possunt.
2990 3554 3102 3606 Aut
3127 3553 3281 3607 enim
3339 3569 3525 3606 unum
3584 3548 3889 3604 intervallum

2256 3642 2367 3696 erit
2394 3641 2551 3713 quod
2582 3642 2886 3712 longitudo
2908 3646 3011 3708 est,
3048 3648 3148 3695 aut
3180 3641 3394 3712 aliquid
3418 3642 3576 3711 quod
3607 3638 3807 3694 duobus
3833 3637 3892 3687 in-

2254 3730 2509 3786 tervallis
2547 3732 2868 3802 expositum
2909 3735 3014 3791 est,
3062 3734 3125 3784 ut
3164 3729 3210 3782 si
3255 3746 3365 3800 qua
3398 3744 3492 3783 res
3529 3724 3891 3797 longitudinem

2255 3819 2461 3874 habeat
2514 3824 2571 3872 et
2616 3819 2999 3885 latitudinem,
3051 3818 3140 3872 vel
3196 3818 3345 3871 trina
3394 3817 3681 3872 intervalli
3717 3815 3894 3869 dimen-

2256 3910 2415 3963 sione
2447 3909 2784 3979 porrigitur,
2817 3908 2863 3962 si
2902 3908 3279 3979 longitudine,
3335 3905 3661 3971 altitudine,
3694 3900 3893 3958 latitudi-

2256 4014 2444 4069 neque
2492 4002 2777 4064 censetur,
2834 4013 3120 4068 supraque
3163 3997 3303 4051 adeo
3354 3996 3504 4050 nihil
3555 3992 3777 4049 inveniri
3820 4004 3893 4061 po-

2256 4091 2381 4153 test,
2415 4091 2479 4140 ut
2519 4086 2776 4157 ipsorum
2829 4102 2920 4139 sex
2980 4092 3241 4139 motuum
3292 4086 3496 4139 formae
3555 4086 3622 4139 ad
3680 4079 3893 4136 interval-

2258 4177 2443 4230 lorum
2494 4181 2725 4229 naturas
2782 4180 2837 4229 et
2893 4190 3200 4229 numerum
3261 4179 3697 4244 componantur.
3747 4172 3891 4224 Unum

458 4254 731 4312 firmaret.
788 4261 904 4315 Hoc
946 4272 1139 4319 autem
1178 4270 1637 4338 cognoscendum
1708 4278 1792 4327 est
1837 4274 1987 4344 quod
2026 4273 2145 4328 haec

2259 4265 2413 4320 enim
2444 4264 2805 4319 intervallum
2833 4264 2977 4319 duos
3024 4265 3082 4318 in
3124 4281 3182 4317 se
3229 4263 3486 4318 continet
3540 4268 3739 4326 motus,
3774 4257 3892 4311 utin

458 4343 622 4414 signa
650 4362 1023 4405 numerorum
1054 4354 1239 4423 posita
1282 4373 1410 4427 quae
1444 4374 1595 4413 nunc
1629 4377 1855 4431 quoque
1887 4363 2147 4418 homines

456 4431 519 4486 in
540 4450 895 4492 summarum
940 4440 1332 4512 designatione
1362 4446 1710 4516 describunt,
1744 4466 1857 4504 non
1899 4452 2147 4507 naturali

456 4519 821 4580 institutione
839 4527 1083 4583 formata
1107 4537 1270 4600 sunt;
1296 4539 1359 4588 ut
1380 4536 1536 4590 enim
1562 4537 1812 4608 quinarii
1830 4540 2145 4611 subjectum

458 4612 717 4666 notulam
743 4615 971 4685 signant
992 4618 1061 4671 de
1084 4635 1134 4676 v.
1168 4621 1257 4674 vel
1279 4622 1521 4691 denarii,
1548 4642 1722 4696 quam
1744 4627 2147 4699 descripsimus

461 4696 529 4750 de
560 4715 613 4766 x,
674 4704 732 4754 et
783 4705 926 4759 alias
955 4706 1306 4779 hujusmodi,
1368 4728 1483 4766 non
1515 4718 1722 4769 natura
1778 4717 1992 4786 posuit,
2047 4718 2147 4772 sed

459 4800 595 4875 usus
625 4790 865 4848 afﬁnxit.
900 4795 1163 4868 Quinque
1193 4801 1347 4854 enim
1372 4802 1459 4856 Vel
1494 4803 1713 4868 decem,
1750 4806 1838 4859 vel
1866 4806 2150 4875 quotlibet

460 4873 604 4928 alios
654 4878 766 4932 illis
813 4886 1024 4939 notulis
1071 4904 1175 4958 pro
1206 4890 1545 4960 compendio
1585 4897 1784 4948 notare
1818 4896 2145 4963 voluerunt,

458 4979 528 5016 ne
564 4969 832 5040 quotiens
862 4974 1111 5030 unitates
1133 4978 1259 5048 quis
1291 4984 1610 5035 monstrare
1640 4983 1830 5050 vellet,
1861 4984 2068 5039 totiens
2093 4986 2147 5040 ei

459 5060 703 5135 virgulas
730 5064 1093 5119 ducerentur.
1128 5067 1238 5120 Nos
1274 5072 1466 5123 autem
1509 5070 2003 5144 quotienscunque
2034 5074 2145 5127 ali-

459 5150 599 5223 quid
630 5157 948 5207 monstrare
978 5155 1259 5224 volumus,
1291 5159 1352 5212 in
1377 5158 1466 5213 his
1494 5161 1813 5230 praesertim
1856 5162 2143 5229 formulis,

459 5241 854 5297 ordinaturum
876 5242 1231 5314 virgularum
1256 5248 1684 5304 multitudinem
1708 5266 1822 5303 non
1838 5266 2144 5321 gravamur

458 5345 769 5400 apponere.
798 5332 939 5387 Cum
970 5335 1124 5388 enim
1150 5335 1407 5407 quinque
1436 5339 1698 5393 volumus
1728 5338 2140 5408 demonstrare,

457 5415 697 5472 facimus
714 5419 971 5490 quinque
993 5421 1260 5491 virgulas,
1295 5423 1671 5495 ducimusque
1702 5442 1796 5480 eas
1819 5427 1926 5481 hoc
1947 5426 2140 5495 modo,

465 5505 484 5555 1
528 5507 548 5557 1
588 5509 607 5559 1
654 5510 670 5559 1
713 5510 757 5573 1,
791 5513 849 5561 et
874 5524 1003 5564 cum
1040 5514 1070 5563 7
1116 5509 1372 5579 totidem,
1409 5516 1466 5564 et
1489 5528 1621 5566 cum
1674 5516 1739 5567 10
1768 5514 2143 5571 nihilominus

459 5591 596 5664 quia
624 5596 943 5652 naturalius
990 5603 1074 5653 est
1099 5599 1416 5672 quemlibet
1452 5615 1761 5658 numerum
1789 5609 2034 5676 quantas
2082 5605 2143 5661 in

2255 4355 2438 4409 tribus
2466 4354 2778 4408 intervallis
2830 4370 2928 4409 sex
2975 4371 3095 4409 sese
3128 4358 3389 4408 motuum
3420 4368 3645 4408 summa
3678 4346 3894 4405 conﬁciat

2255 4445 2361 4500 hoc
2396 4444 2588 4501 modo.
2646 4446 2740 4499 Est
2767 4444 2922 4500 enim
2979 4445 3038 4499 in
3097 4445 3458 4517 longitudine
3489 4449 3618 4498 ante
3662 4448 3713 4496 et
3756 4444 3892 4493 retro.

2254 4534 2316 4589 in
2340 4534 2642 4589 latitudine
2689 4535 2917 4589 sinistra
2945 4540 3001 4590 et
3029 4536 3241 4602 dextra,
3289 4536 3348 4590 in
3378 4534 3678 4589 altitudine
3710 4539 3891 4619 sursum

2257 4639 2320 4677 ac
2371 4623 2659 4677 deorsum.
2693 4624 2929 4678 Necesse
2970 4628 3053 4679 est
3099 4629 3292 4678 autem
3350 4626 3415 4677 ut
3463 4620 3732 4693 quidquid
3758 4618 3893 4708 fuerit

2256 4711 2500 4766 solidum
2534 4727 2761 4782 corpus,
2793 4713 2900 4767 hoc
2934 4713 3138 4767 habeat
3184 4711 3632 4782 longitudinem,
3679 4701 3891 4761 latitudi-

2256 4816 2503 4870 nemque
2525 4806 2582 4854 et
2607 4801 2987 4866 altitudinem,
3040 4806 3095 4855 et
3124 4802 3406 4873 quidquid
3456 4801 3578 4855 haec
3629 4798 3731 4852 tria
3766 4795 3812 4847 in
3852 4805 3895 4842 se

2255 4890 2527 4955 continet,
2582 4890 2727 4944 illud
2775 4906 2877 4944 suo
2943 4890 3175 4944 nomine
3225 4890 3471 4945 solidum
3515 4893 3752 4944 vocetur.
3800 4881 3897 4934 H330

2255 4979 2409 5034 enim
2438 4979 2547 5033 tria
2576 4978 2724 5033 circa
2747 4995 2915 5033 omne
2934 4995 3136 5050 corpus
3153 4978 3519 5051 inseparabili
3539 4972 3893 5047 conjunctione

2252 5073 2577 5136 versantur,
2611 5073 2668 5123 et
2714 5068 2770 5123 in
2822 5074 3027 5122 natura
3075 5084 3382 5139 corporum
3431 5066 3731 5121 constituta
3773 5060 3893 5112 sunt.

2253 5167 2448 5230 Quare
2488 5158 2765 5229 quidquid
2823 5173 2939 5211 uno
2988 5157 3287 5211 intervallo
3331 5161 3503 5222 caret,
3553 5153 3688 5209 illud
3728 5159 3895 5217 corpus

2255 5246 2502 5300 solidum
2536 5262 2651 5299 non
2685 5250 2785 5299 est.
2827 5247 2967 5299 Nam
3018 5245 3171 5316 quod
3204 5245 3316 5299 duo
3366 5246 3488 5298 sola
3517 5237 3800 5297 intervalla
3824 5248 3895 5287 re-

2250 5333 2417 5403 tinet,
2451 5334 2595 5389 illud
2625 5334 2951 5405 superficies
2973 5334 3313 5405 appellatur.
3338 5331 3532 5388 Omnis
3563 5330 3711 5384 enim
3735 5338 3896 5395 super-

2250 5424 2408 5478 ficies
2460 5425 2579 5478 sola
2625 5423 2987 5493 longitudine
3045 5428 3099 5478 et
3158 5423 3463 5478 latitudine
3498 5418 3821 5480 continetur,
3855 5413 3897 5462 et

2249 5513 2343 5569 hic
2365 5514 2563 5569 eadem
2591 5513 2688 5568 illa
2716 5513 3012 5568 conversio
3058 5518 3335 5568 remanet.
3371 5514 3546 5568 Omne
3593 5508 3737 5564 enim
3769 5496 3894 5573 quod

2248 5603 2577 5676 superﬁcies
2606 5607 2711 5673 est,
2739 5602 3162 5675 longitudinem
3211 5608 3268 5659 et
3309 5601 3664 5659 latitudinem
3693 5593 3892 5651 retinet.
