4104 6176
231 261 359 314 1121

1544 266 1630 320 DE
1670 268 2150 325 ARITHMETICA
2193 270 2324 326 LIB.
2369 273 2417 326 ΙΙ

3592 290 3727 343 H22

221 402 278 451 et
311 397 466 468 quod
507 397 629 451 haec
666 398 895 466 retinet,
945 399 1084 454 illud
1117 404 1198 454 est
1245 402 1592 471 superﬁcies.
1649 407 1777 461 Haec
1822 424 1914 460 au-
1952 412 1996 463 Α
2031 410 2347 477 continent,
2379 416 2431 464 et
2480 412 2663 465 omnis
2715 412 3079 484 triangularis
3132 415 3336 486 ﬁgura,
3397 419 3486 472 vel
3543 425 3723 476 tetra-

219 493 339 540 tem
375 488 702 557 superﬁcies
744 504 860 541 uno
893 493 1115 543 tantum
1147 491 1450 545 intervallo
1504 495 1672 548 solidi
1719 512 1914 566 corpo-

219 577 297 628 ris
321 577 682 630 dimensione
716 585 1039 648 superatur,
1066 597 1192 650 qua:
1227 597 1338 634 uno
1380 598 1575 635 rursus
1615 584 1912 640 intervallo

217 664 436 718 lineam
484 667 679 733 vincit,
733 684 859 737 quae
909 669 1284 738 longitudinis
1333 679 1596 726 naturam
1638 674 1910 741 retinens,

217 755 541 809 latitudinis
571 773 771 827 expers
802 763 900 811 est.
947 758 1084 821 Quae
1111 760 1261 813 linea
1310 777 1376 815 eo
1404 763 1556 832 quod
1587 764 1775 831 ,unius
1830 770 1914 818 est

211 844 502 898 intervalli
553 847 755 900 sortita
801 852 1083 913 naturam,
1129 866 1160 902 a
1211 849 1510 920 superﬁcie
1560 869 1676 906 uno
1729 853 1911 906 inter—

212 934 390 1000 vallo,
423 951 456 988 a
485 935 768 990 soliditate
809 937 1032 990 duobus
1063 938 1260 1008 spatiis
1307 940 1570 994 vincitur.
1627 943 1910 996 Punctum

212 1021 395 1091 igitur
432 1023 543 1077 alio
581 1040 777 1078 rursus
810 1025 1108 1080 intervallo
1140 1028 1346 1082 alinea
1367 1029 1632 1097 vincitur,
1670 1031 1789 1100 ipsa
1807 1032 1910 1085 sci-

210 1113 350 1165 licet
391 1129 518 1183 qnaa
549 1115 774 1184 reliqua
810 1120 894 1168 est
934 1116 1313 1186 longitudine.
1343 1119 1525 1182 Quare
1552 1121 1599 1172 si
1630 1127 1907 1190 punctum

209 1217 334 1254 uno
370 1202 602 1272 quidem
633 1203 931 1258 intervallo
961 1222 994 1258 a
1030 1206 1182 1260 linea
1213 1209 1664 1278 supergreditur,
1689 1211 1840 1265 idem
1877 1228 1908 1264 a

209 1291 518 1360 superﬁcie
547 1292 796 1346 vincitur
841 1295 1083 1360 duobus,
1113 1296 1294 1349 tribus
1327 1314 1456 1351 vero
1502 1299 1782 1353 intervalli
1817 1301 1905 1354 di-

208 1372 608 1426 mensionibus
639 1389 670 1425 a
690 1373 975 1428 soliditate
1001 1376 1362 1447 relinquitur,
1386 1383 1606 1432 constat
1627 1388 1905 1450 punctum

209 1459 404 1529 ipsum
437 1461 559 1514 sine
594 1462 712 1515 ulla
758 1463 1010 1532 corporis
1048 1466 1450 1534 magnitudine
1479 1469 1566 1522 vel
1621 1469 1906 1524 intervalli

208 1548 588 1614 dimensione,
616 1566 748 1604 cum
775 1556 829 1605 et
865 1554 1244 1621 longitudinis
1275 1565 1328 1608 et
1358 1557 1679 1611 latitudinis
1704 1564 1762 1612 et
1777 1575 1906 1628 pro-

208 1639 511 1694 funditatis
577 1657 776 1712 expers
831 1643 924 1708 sit,
977 1643 1237 1697 omnium
1296 1645 1727 1701 intervallorum
1781 1664 1902 1703 esse

206 1730 583 1800 principium,
612 1735 668 1784 et
699 1737 902 1785 natura
931 1732 1257 1801 insecabile,
1277 1735 1428 1804 quod
1460 1735 1637 1789 Graeci
1669 1740 1903 1790 atomon

206 1824 436 1885 vocant,
470 1820 524 1874 id
553 1824 639 1875 est
667 1819 745 1873 ita
774 1821 1120 1875 diminutum
1172 1828 1343 1893 atque
1390 1825 1810 1894 parvissimum,
1841 1831 1908 1880 ut

203 1908 332 1976 ejus
357 1925 485 1978 pars
506 1909 749 1964 inveniri
771 1927 890 1964 non
909 1912 1108 1981 possit.
1129 1912 1412 1983 Estigitur
1442 1920 1716 1983 punctum
1731 1915 1907 1986 primi

205 1996 497 2052 intervalli
517 1999 888 2072 principium,
911 2017 1028 2055 non
1050 2006 1242 2056 tamen
1258 2003 1642 2073 intervallum,
1665 2010 1722 2059 et
1739 2005 1905 2060 lineae

204 2095 404 2158 caput,
435 2091 532 2144 sed
572 2091 828 2145 nondum
858 2092 1028 2146 linea.
1061 2092 1217 2147 Sicut
1247 2093 1400 2147 linea
1443 2110 1672 2165 quoque
1706 2111 1906 2165 super-

203 2177 358 2232 ﬁciei
391 2179 739 2250 principium
787 2187 894 2247 est,
945 2182 1047 2236 sed
1095 2182 1218 2252 ipsa
1265 2183 1595 2252 superﬁcies
1634 2200 1751 2237 non
1798 2189 1902 2250 est,

202 2274 258 2322 et
291 2270 530 2323 secundi
555 2270 838 2324 intervalli
865 2257 1033 2341 caput
1074 2275 1179 2337 est,
1217 2272 1532 2325 secundum
1575 2277 1769 2325 tamen
1817 2272 1905 2326 in-

203 2359 515 2412 tervallum
546 2359 670 2429 ipsa
694 2375 812 2413 non
842 2360 1065 2413 retinet.
1117 2360 1270 2413 Idem
1316 2377 1545 2431 quoque
1595 2365 1651 2414 et
1694 2361 1756 2414 in
1804 2378 1904 2416 su-

201 2447 462 2516 perﬁciei
488 2448 769 2503 rationem
800 2449 973 2514 cadit,
1007 2465 1135 2519 quas
1192 2454 1249 2503 et
1283 2449 1405 2518 ipsa
1445 2449 1614 2503 solidi
1650 2449 1906 2519 corporis

203 2543 264 2590 et
293 2537 537 2607 triplicis
567 2538 856 2592 intervalli
897 2539 1159 2592 naturale
1199 2538 1434 2592 sortitur
1481 2538 1732 2605 initium,
1781 2539 1906 2608 ipsa

199 2643 339 2680 vero
375 2643 479 2681 nec
509 2627 660 2682 trina
689 2628 977 2683 intervalli
1005 2628 1360 2682 dimensione
1403 2628 1765 2695 distenditur,
1803 2643 1906 2682 nec

199 2716 323 2770 ulla
353 2717 730 2772 crassitudine
762 2719 1060 2773 solidatur.

898 2807 1124 2861 CAPUT
1153 2807 1213 2860 V.

773 2899 844 2950 De
870 2912 1089 2950 numero
1130 2897 1344 2950 lineari.

273 2983 364 3038 Sic
397 2983 572 3038 etiam
602 2984 660 3039 in
692 3001 933 3039 numero
991 2985 1181 3039 unitas
1211 2985 1445 3056 quidem
1495 3001 1625 3038 cum
1668 2984 1794 3054 ipsa
1840 2983 1904 3036 li-

199 3074 396 3126 nearis
427 3089 700 3128 numerus
734 3090 850 3128 non
881 3074 972 3142 sit,
1009 3075 1067 3128 in
1100 3075 1521 3143 longitudinem
1573 3079 1763 3127 tamen
1790 3073 1904 3126 dis-

202 3163 346 3216 tenti
383 3165 607 3217 numeri
652 3165 999 3235 principium
1049 3170 1152 3219 est.
1209 3166 1269 3218 Et
1331 3163 1564 3218 linearis
1633 3177 1905 3216 numerus

199 3268 334 3305 cum
367 3252 491 3322 ipse
519 3254 691 3308 totius
722 3254 1043 3308 latitudinis
1074 3269 1274 3324 expers
1306 3253 1396 3320 sit,
1433 3252 1491 3305 in
1526 3252 1681 3305 aliud
1713 3255 1905 3305 tamen

198 3341 456 3409 spatium
497 3343 816 3398 latitudinis
866 3344 1078 3398 extenti
1119 3344 1346 3397 numeri
1385 3342 1620 3396 sortitur
1649 3340 1899 3394 initium.

194 3428 544 3498 Superﬁcies
588 3449 817 3503 quoque
867 3449 1239 3487 numerorum
1289 3448 1419 3487 cum
1473 3432 1597 3501 ipsa
1655 3430 1903 3484 solidum

193 3534 406 3589 corpus
437 3537 550 3574 non
579 3521 668 3588 sit,
703 3521 892 3575 addita
924 3529 1114 3576 tamen
1145 3521 1437 3575 altitudini
1490 3519 1659 3573 solidi
1701 3534 1901 3589 corpo-

191 3610 272 3662 ris
305 3617 480 3679 caput
505 3619 604 3666 est.
642 3612 757 3664 Hoc
779 3615 971 3664 autem
1023 3610 1250 3681 planius
1285 3611 1370 3664 his
1402 3608 1678 3678 exemplis
1711 3608 1899 3678 lique—

188 3700 295 3755 bit.
334 3700 591 3754 Linearis
614 3716 887 3754 numerus
915 3704 998 3753 est
1043 3717 1075 3753 a
1109 3699 1328 3752 duobus
1361 3698 1656 3765 inchoans,
1682 3696 1900 3766 adjecta

190 3806 426 3859 semper
459 3790 674 3843 unitate
700 3790 756 3842 in
789 3805 968 3843 unum
995 3789 1378 3858 eumdemque
1413 3789 1646 3841 ductum
1675 3786 1901 3856 quanti-

189 3881 324 3933 tatis
358 3880 636 3949 explicata
667 3883 981 3949 congeries,
1020 3879 1095 3933 ud
1123 3883 1206 3932 est
1239 3877 1294 3931 id
1335 3877 1492 3947 quod
1527 3876 1894 3944 subjecimus.

311 3983 362 4044 Γ
478 3987 512 4047 ij
637 3983 676 4046 7|
713 3983 727 3984 ί
761 3983 766 3984 ⁷
828 3987 885 4047 iij
1043 3988 1052 4046 |
1193 3986 1269 4044 iiij
1411 3988 1418 4043 |
1546 3983 1644 4043 iiiij
1770 3983 1777 4041 |

874 4087 1099 4140 CAPUT
1130 4087 1217 4139 VI.

189 4179 262 4230 De
286 4179 476 4246 planis
506 4179 796 4231 rectilineis
826 4179 1040 4245 ﬁguris,
1066 4175 1316 4300 quqdque
1345 4188 1530 4228 earum
1559 4172 1896 4240 principium

831 4252 902 4300 sit
929 4251 1151 4300 trianau
1178 4262 1259 4300 us.

831 4262 902 4302 sit
929 4262 1259 4313 triangulus.

261 4347 442 4399 Plana
473 4363 603 4399 vero
635 4346 962 4416 superﬁcies
1007 4345 1064 4398 in
1112 4343 1369 4398 numeris
1398 4342 1706 4408 invenitur,
1749 4355 1891 4410 quo-

189 4436 341 4488 tiens
375 4452 404 4487 a
439 4436 620 4489 tribus
653 4436 1020 4489 inchoatione
1059 4434 1206 4487 facta
1254 4433 1447 4487 addita
1493 4428 1893 4499 descriptionis

189 4523 520 4585 latitudine,
585 4525 948 4595 sequentium
1001 4539 1059 4576 se
1111 4522 1463 4578 naturalium
1518 4533 1892 4574 numerorum

188 4612 564 4666 multitudine
604 4614 797 4684 anguli
831 4615 1159 4679 dilatantur,
1195 4616 1258 4666 ut
1287 4612 1358 4664 sit
1384 4609 1600 4680 primus
1634 4607 1890 4675 triangu-

187 4705 280 4758 lus
327 4721 622 4770 numerus,
674 4705 957 4758 secundus
1007 4703 1341 4774 quadratus,
1391 4701 1594 4754 tertius
1640 4700 1739 4769 qui
1785 4700 1888 4752 sub

186 4795 450 4864 quinque
467 4796 694 4864 angulis
711 4795 1055 4860 continetur,
1083 4809 1254 4863 quem
1286 4797 1681 4861 pentagonum
1710 4790 1889 4843 Graeci

186 4885 529 4949 nominant;
564 4890 801 4953 quartus
845 4884 1195 4952 hexagonus,
1241 4882 1294 4935 id
1326 4886 1412 4934 est
1450 4881 1549 4951 qui
1580 4895 1674 4933 sex
1708 4895 1885 4948 angu-

185 4971 252 5025 lis
281 4973 595 5026 includitur
618 4990 630 5039 ;
657 4973 888 5044 quintus
905 4973 1285 5043 heptagonus,
1311 4969 1882 5038 sextuslogdogonus,

182 5059 239 5114 id
269 5068 358 5113 est
390 5061 491 5130 qui
523 5065 550 5113 7
574 5061 660 5114 vel
692 5064 724 5114 8
763 5061 1105 5130 angulorum
1158 5058 1418 5113 terminis
1464 5058 1797 5122 dilatantur,
1831 5061 1887 5110 et

181 5151 377 5203 caeteri
431 5150 628 5205 eodem
677 5152 847 5204 modo
883 5149 1217 5219 singillatim
1260 5163 1362 5218 per
1408 5147 1732 5201 naturalem
1780 5163 1885 5200 nu-

179 5256 412 5293 merum
455 5242 696 5310 angulos
726 5245 992 5310 augeant,
1043 5241 1102 5292 in
1153 5239 1323 5309 plana
1371 5236 1582 5290 scilicet
1630 5235 1881 5304 descrip-

177 5330 339 5382 tione
374 5330 711 5398 ﬁgurarum.
740 5331 807 5383 Hi
844 5345 974 5383 vero
1023 5328 1232 5383 idcirco
1263 5344 1294 5380 a
1341 5325 1593 5379 ternario
1639 5340 1880 5378 numero

173 5418 472 5482 inchoant,
504 5419 659 5488 quod
693 5418 1010 5472 latitudinis
1043 5423 1099 5470 et
1120 5414 1442 5486 superﬁciei
1480 5414 1634 5467 solus
1676 5418 1883 5466 terna-

173 5507 293 5560 rius
326 5508 677 5578 principium
710 5513 811 5562 est.
847 5509 907 5561 ln
935 5505 1285 5578 geometrica
1315 5519 1545 5575 quoque
1567 5502 1720 5555 idem
1749 5503 1876 5571 pla-

171 5598 304 5651 nius
333 5598 645 5653 invenitur.
682 5599 815 5652 Duae
850 5597 1005 5652 enim
1035 5597 1201 5650 lineae
1247 5599 1418 5649 recti-Ie
1465 5592 1713 5663 spatium
1759 5607 1877 5645 non

2023 500 2180 569 goni,
2240 500 2326 552 vel
2388 501 2721 570 pentagoni,
2779 503 2863 555 vel
2917 505 3220 574 liexagoni,
3283 507 3367 560 vel
3423 510 3726 578 cujuslibet

2024 589 2122 658 qui
2150 588 2408 658 pluribus
2447 591 2671 660 angulis
2696 591 3042 660 continetur,
3091 594 3138 646 si
3189 612 3221 647 a
3260 596 3566 652 medietate
3612 617 3717 670 per

2022 677 2273 747 singulos
2301 680 2543 748 angulos
2585 679 2747 733 lineae
2799 681 3212 750 producantur,
3260 690 3344 737 tot
3389 702 3519 740 eum
3573 689 3717 742 divi-

2022 767 2167 820 dunt
2196 768 2486 838 trianguli,
2534 774 2672 838 quot
2702 769 2885 838 ipsam
2931 770 3176 841 ﬁguram
3224 775 3466 844 angulos
3509 776 3718 833 habere

2021 856 2338 927 contigerit.
2393 857 2743 920 Quadratum
2793 859 2949 911 enim
3005 860 3084 913 ita
3143 862 3328 916 ducta:
3364 863 3528 919 lineas
3559 866 3619 919 in
3660 869 3714 935 4,

2018 951 2410 1016 pentagonum
2441 946 2497 998 in
2531 949 2580 1014 5,
2603 946 2967 1017 hexagonum
2991 948 3049 1002 in
3073 951 3123 1016 6,
3159 950 3554 1021 heptagonum
3585 955 3644 1009 in
3664 961 3715 1025 7,

2020 1041 2077 1089 et
2106 1042 2342 1089 casteros
2374 1037 2431 1090 in
2463 1053 2698 1090 suorum
2729 1039 3073 1107 angulorum
3108 1041 3277 1093 modo
3331 1058 3717 1116 mensuraque

2018 1141 2120 1196 per
2151 1125 2466 1196 triangulos
2496 1126 2845 1196 partiuntur,
2894 1131 2956 1180 ut
2983 1132 3065 1180 est
3101 1129 3356 1198 subjecta
3388 1131 3710 1205 descriptio.

2015 1837 2084 1889 At
2113 1851 2245 1889 vero
2276 1830 2568 1901 triangula
2596 1830 2783 1900 ﬁgura
2806 1847 2936 1886 cum
2983 1850 3108 1888 eam
3142 1833 3270 1903 quis
3312 1834 3390 1888 ita
3441 1837 3714 1906 diviserit,

2015 1929 2074 1982 in
2108 1925 2245 1978 alias
2275 1923 2491 1992 ﬁguras
2523 1935 2638 1973 non
2665 1921 2973 1976 resolvitur
2997 1924 3107 1977 nisi
3139 1923 3200 1976 in
3230 1924 3497 1994 seipsam,
3522 1927 3582 1981 in
3608 1930 3716 1983 tria

2016 2015 2174 2070 enim
2204 2009 2497 2079 triangula
2525 2006 2852 2077 dissipatur.

2632 2163 2938 2491 Α

2013 2898 2170 2953 Adeo
2184 2899 2306 2953 haec
2318 2900 2502 2970 ﬁgura
2525 2901 2787 2972 princeps
2810 2907 2893 2957 est
2915 2903 3259 2970 latitudinis,
3276 2902 3571 2956 utcaeteraa
3586 2911 3709 2950 oma-

1943 3003 1983 3059 ί]
2014 3003 2114 3041 nes
2135 2988 2462 3058 superﬁcies
2485 2989 2544 3043 in
2567 2989 2714 3043 hanc
2736 2992 3114 3059 resolvantur,
3134 2993 3260 3063 ipsa
3281 3006 3415 3044 vero
3431 2986 3708 3058 quoniam

2016 3077 2190 3130 nullis
2227 3081 2312 3131 est
2342 3077 2638 3148 principiis
2665 3079 2927 3146 obnoxia,
2966 3096 3152 3152 neque
3175 3079 3245 3134 ab
3267 3079 3380 3134 alia
3405 3075 3709 3131 latitudine

2016 3166 2260 3236 sumpsit
2297 3166 2547 3232 initium,
2575 3167 2634 3219 in
2662 3183 2782 3221 sese
2812 3168 2937 3236 ipsa
2963 3169 3300 3222 resolvatur.
3327 3168 3485 3222 Idem
3517 3169 3709 3219 autem

2014 3260 2072 3310 et
2097 3255 2156 3309 in
2199 3255 2454 3310 numeris
2484 3255 2609 3310 ﬁeri
2653 3272 2896 3326 sequens
2947 3257 3136 3326 operis
3174 3258 3315 3312 ordo
3346 3253 3704 3311 monstrabit.

2675 3344 2899 3399 CAPUT
2929 3346 3043 3399 V11.

2297 3436 2592 3503 Dispositio
2624 3435 3021 3502 triangulorum
3059 3450 3422 3488 numerorum.

2085 3525 2180 3578 Est
2226 3523 2404 3593 igitur
2447 3522 2668 3592 primus
2717 3524 3040 3593 triangulus
3089 3539 3366 3577 numerus
3423 3520 3524 3592 qui
3575 3521 3709 3575 solis

2011 3613 2194 3667 tribus
2255 3610 2571 3664 unitatibus
2644 3610 2974 3680 dissipatur,
3016 3612 3328 3664 secundum
3384 3608 3710 3680 superficiei

2011 3701 2375 3772 positionem,
2428 3699 2716 3768 triangula
2772 3699 2986 3752 scilicet
3034 3699 3437 3769 descriptione,
3487 3704 3542 3752 et
3585 3703 3710 3768 post

2010 3807 2162 3845 nunc
2186 3790 2515 3860 quicunque
2556 3787 2944 3856 aequalitatem
2990 3787 3255 3854 laterum,
3293 3786 3352 3840 in
3377 3786 3528 3841 trina
3573 3787 3711 3841 late-

2006 3896 2134 3934 rum
2171 3878 2357 3948 spatia
2379 3881 2700 3946 segregant.

2451 3969 2470 4018 l
2802 3966 2831 4016 3
3179 3967 3210 4017 6

2387 4070 2444 4151 β
2725 4087 2841 4215 [χ]
3131 4050 3208 4179 ,λς

2387 4050 3208 4395 LW!

2029 4449 2033 4452 .
2494 4405 2578 4450 40
3104 4401 3164 4447 15
