4104 6176
478 294 614 348 1123

1125 428 1352 484 CAPUT
1384 430 1522 483 VIII.

718 538 790 588 De
828 535 1086 588 lateribus
1121 536 1521 601 triangulorum
1551 552 1916 591 numerorum.

540 642 623 696 Ad
674 641 827 695 hunc
857 641 1092 695 modum
1120 641 1347 695 inﬁnita
1394 642 1719 713 progressio
1779 647 1882 711 est,
1935 659 2168 699 omnes-

472 744 581 799 que
641 728 843 782 ordine
893 728 1169 799 trianguli
1216 727 1536 799 aaquilateri
1583 730 2060 799 procreabuntur,
2108 736 2165 787 et

471 817 723 888 primum
754 816 1017 871 omnium
1047 821 1283 887 ponent,
1309 817 1366 871 id
1401 817 1554 887 quod
1602 834 1667 871 ex
1719 818 1937 873 unitate
1981 819 2165 874 nasci-

471 910 583 973 tur,
617 911 681 960 ut
728 906 845 960 haec
895 907 946 960 vi
1003 922 1106 959 sua
1151 905 1475 977 triangulus
1518 907 1610 973 sit,
1660 923 1776 961 non
1820 907 1953 962 inde
1994 909 2165 964 etiam

467 1011 638 1066 opere
666 1000 837 1066 atque
867 1000 1015 1049 actu.
1046 997 1184 1049 Nam
1233 995 1281 1049 si
1323 1000 1661 1051 cunctorum
1694 1001 1778 1051 est
1828 1001 2017 1053 mater
2061 1015 2167 1053 nu-

467 1100 780 1151 merorum,
825 1084 1104 1155 quidquid
1148 1084 1208 1138 in
1248 1085 1317 1138 iis
1365 1086 1463 1157 qui
1495 1086 1565 1140 ab
1597 1102 1665 1140 ea
1704 1093 2018 1142 nascuntur
2064 1104 2166 1143 nu-

466 1173 636 1227 meris
669 1173 977 1242 invenitur,
1004 1188 1232 1228 uecesse
1264 1176 1348 1226 est
1377 1179 1437 1227 ut
1467 1173 1591 1245 ipsa
1632 1175 1883 1229 naturali
1910 1177 2157 1247 quadam

466 1267 740 1334 potestate
770 1262 1079 1328 contineat,
1114 1266 1167 1317 et
1189 1262 1361 1331 hujus
1408 1262 1685 1334 trianguli
1720 1265 1868 1319 latus
1903 1269 1985 1319 est
2033 1265 2162 1319 uni-

463 1357 567 1407 tas.
600 1352 907 1406 Ternarius
935 1367 1068 1405 vero
1098 1351 1197 1422 qui
1223 1351 1445 1421 primus
1474 1357 1558 1406 est
1588 1368 1762 1423 opere
1793 1358 1850 1407 et
1882 1359 2010 1408 actu
2035 1354 2160 1426 ipso

464 1442 808 1511 triangulus,
839 1445 1127 1495 crescente
1158 1441 1379 1496 unitate
1408 1441 1695 1496 binarium
1736 1458 2045 1498 numerum
2072 1446 2159 1499 la-

463 1534 551 1584 tus
601 1530 852 1585 habebit.
915 1530 979 1584 Vi
1037 1530 1191 1585 enim
1224 1536 1281 1585 et
1306 1536 1584 1600 potestate
1615 1531 1790 1601 primi
1822 1533 2053 1603 ianguli,
2105 1533 2160 1589 id

463 1624 546 1674 est
592 1620 849 1687 unitatis,
909 1619 1100 1673 unitas
1164 1620 1314 1675 latus
1363 1624 1467 1686 est,
1517 1625 1646 1673 actu
1694 1636 1830 1674 vero
1878 1626 1937 1675 et
1986 1638 2158 1692 opere

461 1708 733 1778 trianguli
771 1707 963 1778 primi,
995 1707 1054 1761 id
1085 1712 1172 1761 est
1199 1708 1439 1761 ternarii
1472 1708 1739 1778 dualitas,
1772 1725 1947 1781 quam
1981 1711 2155 1765 Graeci

460 1797 641 1867 dyada
662 1801 883 1851 vocant.
913 1796 1157 1850 Secundi
1185 1812 1320 1850 vero
1353 1796 1629 1868 trianguli
1650 1799 1749 1870 qui
1782 1815 1955 1870 opere
1986 1806 2157 1871 atque

462 1890 588 1940 actu
637 1886 922 1940 secundus
954 1889 1058 1951 est,
1085 1885 1143 1940 id
1174 1890 1260 1940 est
1289 1886 1521 1955 senarii,
1571 1892 1857 1943 crescente
1905 1888 2157 1943 naturali

461 1990 703 2029 numero
768 1975 827 2029 in
886 1974 1160 2029 lateribus
1217 1975 1503 2029 ternarias
1559 1975 1870 2031 invenitur.
1934 1978 2156 2032 Tertius

462 2079 617 2131 vero,
650 2063 709 2117 id
736 2068 820 2118 est
869 2062 1111 2129 denarii,
1146 2064 1548 2135 quateruarius
1598 2065 1747 2119 latus
1790 2065 2057 2133 continet,
2099 2071 2155 2121 et.

457 2153 647 2224 quarti
684 2168 837 2220 vero,
880 2151 939 2206 id
971 2156 1057 2206 est
1082 2155 1164 2219 15,
1193 2152 1491 2224 quinarius
1510 2153 1662 2209 latus
1692 2158 1866 2225 tenet,
1886 2160 1941 2211 et
1965 2156 2154 2228 quinti

458 2242 736 2297 senarius.
770 2241 1045 2313 Idemque
1073 2258 1253 2314 usque
1282 2244 1342 2296 in
1380 2243 1694 2298 inﬁnitum.

1130 2349 1355 2403 CAPUT
1386 2349 1473 2404 IX.

674 2456 748 2509 De
769 2456 1109 2523 generatione
1136 2456 1534 2522 triangulorum
1554 2470 1919 2511 numerorum.

524 2561 844 2615 Nascuntur
874 2567 1065 2615 autem
1095 2560 1371 2631 trianguli
1398 2560 1673 2631 disposita
1700 2561 1947 2615 naturali
1968 2577 2151 2633 quan-

455 2651 613 2705 titate
657 2666 1057 2719 numerorum,
1126 2651 1173 2705 si
1221 2651 1508 2723 prioribus
1569 2666 1796 2721 semper
1843 2651 2148 2706 multitudo

454 2741 817 2811 sequentium
849 2745 1249 2812 congregetur.
1282 2739 1641 2812 ’Dispouatur
1671 2740 1826 2795 enim
1877 2740 2149 2795 naturalis

456 2846 733 2884 numerus
764 2831 873 2884 hoc
903 2832 1074 2885 modo
1107 2847 1120 2885 :

568 2955 2014 3017 1112131415161718Ι9Ι

453 3073 530 3125 Ex
561 3071 649 3127 his
700 3071 880 3143 igitur
919 3070 966 3124 si
1008 3071 1264 3142 primum
1318 3086 1622 3127 numerum
1672 3086 1916 3139 sumam,
1958 3069 2018 3125 id
2066 3075 2150 3125 est

452 3160 752 3229 unitatem,
784 3160 971 3215 habeo
998 3160 1253 3231 primum
1296 3160 1674 3232 triangulum,
1723 3160 1823 3231 qui
1854 3165 1938 3215 est
1993 3161 2047 3214 vi
2095 3165 2150 3215 et

449 3254 753 3321 potestate,
791 3250 1046 3304 nondum
1075 3250 1249 3305 etiam
1276 3255 1407 3306 actu
1434 3266 1540 3305 nec
1569 3266 1759 3322 opere.
1796 3249 1939 3304 Huic
1976 3250 2023 3303 si
2052 3266 2148 3304 se-

448 3339 699 3393 cundum
750 3352 1157 3408 aggregavero,
1211 3335 1312 3407 qui
1360 3336 1419 3391 in
1468 3338 1720 3392 naturali
1768 3353 2148 3392 numerorum

448 3425 826 3495 dispositione
857 3425 1174 3494 descriptus
1218 3427 1320 3493 est,
1355 3425 1415 3480 id
1447 3430 1531 3479 est
1572 3426 1883 3491 binarium,
1928 3426 2147 3498 primos

449 3513 593 3567 mihi
620 3513 944 3583 triangulus
979 3530 1150 3584 opere
1184 3517 1241 3568 et
1273 3519 1403 3567 actu
1435 3514 1700 3580 nascitur,
1743 3517 1799 3569 id
1830 3521 1913 3570 est
1962 3522 2146 3571 terna-

447 3602 584 3657 rius.
620 3602 677 3657 Si
725 3618 862 3659 vero
892 3602 1027 3657 huic
1057 3602 1293 3657 tertium
1342 3618 1411 3656 ex
1462 3604 1709 3657 naturali
1752 3620 1991 3658 numero
2040 3605 2146 3659 ad-

441 3692 649 3762 jecero,
687 3693 967 3748 secundus
1001 3692 1143 3746 mihi
1189 3708 1364 3763 opere
1394 3695 1452 3746 et
1482 3696 1611 3746 actu
1642 3692 1961 3763 triangulus
2005 3710 2144 3764 pro-

445 3786 688 3836 creatur.
724 3782 908 3854 Super
937 3798 1120 3836 nnum
1158 3784 1315 3837 enim
1355 3786 1410 3836 et
1437 3782 1552 3836 duo
1593 3782 1637 3835 si
1670 3782 1925 3849 tertium,
1961 3783 2019 3837 id
2061 3788 2145 3838 est

445 3872 783 3941 ternarium,
826 3887 1235 3943 aggregavero,
1266 3872 1526 3927 senarius
1569 3872 1919 3939 extenditur,
1948 3889 2145 3926 secun-

443 3961 548 4015 dus
579 3961 794 4016 scilicet
831 3962 1173 4033 triangulus.
1229 3962 1371 4017 Huic
1418 3978 1552 4016 vero
1597 3962 1644 4015 si
1693 3967 2141 4032 consequentem

442 4051 879 4120 quateruarium
911 4067 1357 4122 superposuero,
1392 4052 1658 4106 denarius
1681 4051 2015 4121 explicatur,
2042 4052 2141 4121 qui

441 4144 527 4194 est
559 4140 762 4195 tertius
809 4144 936 4195 actu
988 4140 1337 4211 triangulus,
1382 4157 1528 4212 quos
1575 4157 1681 4211 per
1724 4141 1904 4194 latera
1944 4141 2140 4210 dispo-

438 4245 601 4296 nens,
631 4230 701 4284 ad
739 4229 1054 4301 superioris
1100 4229 1496 4299 descriptionis
1542 4231 1857 4300 exemplar,
1907 4235 2140 4284 cunctos

438 4318 759 4388 triaugulos
789 4334 1060 4372 numeros
1080 4316 1203 4373 sine
1236 4318 1407 4372 ullius
1436 4318 1812 4373 dubitationis
1844 4319 2135 4374 erroribus
2173 4325 2217 4379 D

436 4406 785 4477 pernotabis,
819 4412 877 4462 et
906 4412 1150 4478 quantas
1190 4408 1428 4462 ultimus
1460 4423 1736 4461 numerus
1757 4408 1817 4461 iu
1848 4424 1905 4462 se
1944 4408 2137 4463 unita-

436 4501 519 4549 tes
584 4495 777 4559 habet,
831 4511 1004 4566 quem
1052 4494 1445 4565 superioribus
1498 4494 1858 4566 aggregabis,
1893 4500 1980 4549 tot
2015 4496 2138 4566 ipse

436 4583 537 4653 qui
584 4583 650 4638 ﬁt
689 4583 1013 4655 triangulus
1062 4583 1312 4638 unitates
1352 4582 1587 4638 habebit
1628 4583 1690 4638 in
1738 4585 1940 4641 latere.
1996 4585 2138 4639 Nam

436 4672 774 4740 ternarium,
816 4673 917 4745 qui
960 4677 1044 4728 est
1082 4672 1305 4744 primus
1337 4677 1464 4728 actu
1507 4672 1852 4745 triangulus,
1913 4674 2133 4746 adjecto

432 4760 658 4816 binario
684 4761 893 4817 unitati
925 4761 1280 4834 feceramus;
1329 4766 1388 4818 at
1412 4763 1503 4818 hic
1547 4763 1690 4817 duos
1737 4762 1909 4817 habet
1956 4764 2014 4818 in
2043 4764 2135 4818 la-

433 4854 570 4912 tere,
624 4855 684 4905 et
738 4851 1029 4906 senarium
1081 4852 1172 4907 his
1238 4852 1456 4923 adjecta
1508 4851 1747 4908 ternarii
1812 4853 2133 4924 quantitate

432 4939 826 5013 produximus,
858 4941 1019 5011 cujus
1051 4941 1200 4997 latus
1227 4942 1333 4996 soli
1362 4948 1476 4998 tres
1507 4941 1825 5009 continent,
1872 4946 1928 4997 et
1974 4942 2129 4996 idem

430 5029 493 5085 in
553 5030 681 5086 aliis
724 5031 942 5085 cunctis
988 5036 1127 5102 quot
1167 5032 1417 5087 unitates
1462 5032 1774 5087 habentem
1820 5047 2130 5086 numerum

428 5120 824 5191 superioribus
866 5120 1219 5192 aggregabis,
1270 5124 1353 5175 tot
1399 5121 1718 5177 uuitatibus
1775 5121 1898 5193 ejus
1947 5121 2131 5176 latera

429 5210 900 5267 continebuntur.

1105 5299 1330 5353 CAPUT
1378 5299 1437 5353 X.

934 5411 1009 5463 De
1047 5406 1336 5475 quadratis
1354 5409 1611 5462 numeris.

498 5512 818 5576 Quadratus
876 5529 1011 5569 vero
1066 5528 1345 5569 numerus
1393 5517 1478 5567 est
1505 5514 1606 5585 qui
1632 5514 1803 5569 etiam
1832 5514 1953 5585 ipse
2002 5515 2125 5586 qui-

428 5600 562 5658 dem
592 5603 953 5661 latitudinem
970 5604 1195 5676 pandit,
1227 5604 1325 5661 sed
1356 5618 1475 5660 non
1501 5604 1563 5662 in
1590 5604 1777 5661 tribus
1810 5606 2035 5677 angulis
2060 5610 2125 5661 ut

1811 294 1925 350 AN.
1969 294 2176 349 MANL.

2220 293 2364 349 SEV.
2410 294 2641 352 ΒΟΕΤΙΙ

2203 433 2249 485 Α
2277 433 2541 502 superior
2571 434 2770 501 forma,
2805 434 2903 489 sed
2933 438 3198 505 quatuor.
3233 436 3357 507 Ipse
3390 452 3609 508 quoque
3635 440 3813 509 aequali
3827 443 3896 495 1a-

2277 525 2463 575 terum
2480 523 2833 578 dimensione
2854 526 3188 596 porrigitur.
3216 526 3357 580 Sunt
3376 530 3563 581 autem
3584 527 3893 597 hujusmodi:

3789 307 3893 359 11⁸24

2946 1222 3173 1277 CAPUT
3202 1224 3293 1279 XI.

2824 1340 2897 1393 be
2917 1355 3098 1394 eorum
3129 1341 3411 1396 lateribus.

2339 1454 2447 1509 Sed
2476 1454 2536 1509 in
2565 1454 2653 1508 his
2685 1471 2912 1527 quoque
2935 1458 3250 1512 secundum
3271 1460 3593 1514 naturalem
3621 1477 3892 1530 numerum,

2266 1544 2514 1598 laterum
2546 1550 2858 1615 augmenta
2910 1553 3291 1601 succrescunt.
3351 1548 3578 1603 Primus
3608 1551 3746 1605 enim
3786 1553 3830 1605 vi
3864 1559 3900 1605 et

2266 1634 2523 1704 potentia
2554 1634 2887 1704 quadratus,
2929 1635 2985 1689 id
3018 1641 3101 1689 est
3133 1636 3340 1704 unitas,
3374 1654 3561 1692 unum
3594 1638 3751 1693 habet
3776 1639 3823 1693 in
3848 1640 3899 1693 la-

2196 1720 2238 1775 B
2270 1729 2407 1779 tere.
2441 1723 2731 1778 Secundus
2762 1741 2917 1790 vero,
2949 1724 3049 1795 qui
3088 1730 3214 1779 actu
3246 1726 3494 1795 primus,
3529 1728 3585 1782 id
3614 1734 3691 1783 est
3718 1729 3763 1794 4,
3791 1730 3896 1782 duo-

2268 1814 2373 1868 bus
2400 1829 2502 1883 per
2541 1812 2722 1867 latera
2752 1813 2952 1883 positis
2982 1813 3326 1868 continetur.
3360 1815 3584 1869 Tertius
3611 1832 3752 1882 vero,
3772 1816 3818 1871 id
3838 1824 3898 1871 est

2264 1916 2495 1969 novem,
2529 1902 2629 1973 qui
2669 1902 2952 1957 secundus
2984 1906 3069 1957 est
3108 1919 3302 1975 opere,
3334 1904 3521 1959 tribus
3562 1908 3621 1959 in
3646 1907 3797 1960 latere
3823 1923 3895 1976 po-

2265 1992 2388 2045 sitis
2419 1997 2791 2063 aggregatur.
2832 1994 2897 2048 Et
2954 1992 3024 2047 ad
3052 1994 3315 2049 eamdem
3364 1996 3713 2067 sequentiam
3757 1994 3898 2050 cuncti

2264 2081 2603 2151 procedunt.

2927 2191 3150 2246 CAPUT
3178 2191 3290 2248 XII.

2262 2307 2337 2360 De
2391 2305 2788 2376 quadratorum
2832 2311 3195 2377 generatione,
3254 2323 3555 2379 rursusque
3604 2324 3765 2365 eorum
3801 2310 3895 2362 late-

3020 2398 3193 2452 ribus.

2334 2514 2655 2569 Nascuntur
2684 2517 2876 2567 autem
2906 2514 3046 2567 tales
3075 2514 3301 2568 numeri
3329 2531 3397 2569 ex
3429 2515 3696 2570 naturalis
3717 2512 3893 2568 numeri

2260 2603 2655 2673 dispositione,
2684 2606 2817 2672 {non
2869 2603 3357 2673 quemadmodum
3412 2605 3721 2675 superiores
3763 2603 3895 2657 trian-

2258 2693 2402 2763 guli,
2437 2696 2498 2746 ut
2524 2692 2799 2747 ordinatis
2829 2692 2898 2746 ad
2929 2709 2987 2745 se
3013 2692 3261 2746 invicem
3294 2694 3557 2749 numeris
3596 2708 3891 2763 congregan-

2260 2785 2373 2844 tur,
2407 2781 2503 2834 sed
2542 2796 2657 2835 uno
2690 2796 2918 2850 semper
2946 2781 3294 2851 intermisso,
3327 2782 3430 2853 qui
3458 2783 3720 2852 sequitur,
3742 2782 3778 2834 si
3798 2795 3893 2834 cum

2258 2869 2542 2940 superiori
2572 2870 2658 2923 vel
2690 2869 3080 2939 superioribus
3126 2871 3452 2943 colligatur,
3490 2872 3759 2926 ordinatos
3782 2885 3893 2924 exse

2259 2959 2567 3030 quadratos
2597 2958 2822 3014 efﬁciet.
2859 2959 3204 3030 Disponatur
3237 2961 3394 3015 enim
3441 2960 3707 3016 naturalis
3732 2974 3888 3014 nume-

2187 3023 2228 3081 (δ
2259 3023 2356 3102 rus
2386 3048 2492 3103 hoc
2520 3047 2690 3101 modo
2724 3062 2737 3102 :

2261 3166 2329 3174 ﬁ"
2344 3166 2617 3242 ΙἿὟΩἾ
2638 3166 2751 3234 ῨΓΙ
2772 3163 3885 3236 WIW

2256 3296 2331 3348 Ex
2360 3292 2450 3348 his
2476 3292 2651 3364 igitur
2673 3292 2719 3345 si
2749 3308 2929 3346 unum
2955 3292 3280 3362 respiciam,
3323 3292 3547 3363 primus
3588 3290 3719 3346 mihi
3757 3294 3881 3343 natus

2257 3388 2340 3437 est
2370 3388 2645 3455 potestate
2688 3382 3017 3452 quadratus.
3066 3381 3225 3444 Quod
3281 3381 3329 3434 si
3371 3398 3489 3436 uno
3537 3381 3718 3436 relicto
3755 3376 3889 3450 priori

2254 3472 2492 3526 tertium
2518 3470 2781 3541 junxero,
2822 3468 3104 3523 secundus
3132 3468 3275 3523 mihi
3325 3470 3637 3540 quadratus
3675 3466 3884 3522 efficitur.

2254 3564 2395 3616 Nam
2452 3560 2498 3614 si
2559 3559 2658 3613 uni
2713 3558 2910 3613 relicto
2956 3558 3178 3613 binario
3227 3559 3561 3629 quinarium
3608 3569 3886 3629 apposuero,

2254 3649 2653 3721 quaternarius
2668 3648 2805 3703 mihi
2829 3648 3138 3719 quadratus
3162 3649 3439 3703 exoritur.
3468 3648 3630 3712 Quod
3657 3647 3699 3700 si
3717 3659 3885 3706 rursus,

2253 3740 2451 3795 relicto
2492 3738 2680 3793 medio
2734 3737 3120 3809 quaternario,
3176 3738 3513 3808 quinarium
3560 3736 3793 3791 similiter
3814 3747 3885 3800 ag-

2253 3844 2583 3899 gregavero,
2619 3827 2931 3898 quadratus
2962 3827 3104 3881 mihi
3134 3828 3356 3894 tertius,
3403 3829 3463 3883 id
3495 3832 3577 3882 est
3606 3823 3887 3881 novenarius

2249 3923 2603 3987 procreatur.
2638 3918 2794 3971 Unus
2835 3917 2992 3971 enim
3024 3921 3079 3970 et
3108 3919 3136 3971 3
3167 3922 3222 3969 et
3254 3919 3283 3971 ὅ
3304 3933 3514 3972 novem
3546 3916 3810 3985 colligunt.
3835 3912 3885 3962 At

2250 4022 2383 4060 vero
2411 4006 2456 4059 si
2486 4007 2595 4073 his,
2628 4005 2954 4061 intermisso
2989 4006 3234 4061 senario.
3271 4008 3656 4077 septenarium
3671 4005 3881 4075 jungam.

2249 4101 2370 4150 tota
2390 4096 2450 4150 in
2484 4098 2542 4149 16
2573 4096 2697 4166 ejus
2725 4112 2949 4151 summa
2978 4095 3312 4162 concrescit,
3345 4095 3404 4149 id
3458 4102 3541 4150 est
3576 4093 3745 4166 quarti
3781 4104 3883 4160 Qua-

2250 4185 2398 4239 drati
2428 4184 2930 4238 numerositasEt
2974 4190 3038 4239 ut
3080 4184 3328 4239 breviter
3370 4185 3546 4255 hujus
3583 4184 3745 4238 forma
3784 4193 3881 4249 pro-

2248 4273 2551 4328 creationis
2581 4277 2869 4344 appareat,
2900 4274 2948 4327 si
2990 4275 3179 4327 cuncti
3208 4274 3458 4345 impares
3502 4273 3716 4327 sibimet
3743 4281 3879 4338 appo-

2248 4369 2475 4431 nantur,
2506 4363 2777 4418 collocato
2826 4362 3038 4417 scilicet
3089 4364 3335 4417 naturali
3381 4378 3642 4427 numero,
3684 4356 3879 4430 quadra-

2245 4456 2438 4507 torum
2491 4453 2630 4507 ordo
2680 4457 2923 4508 texetur.
2964 4454 3059 4507 Est
3104 4453 3275 4509 etiam
3328 4453 3386 4507 iu
3423 4454 3510 4507 his
3554 4453 3669 4507 haec
3706 4451 3879 4501 natura!

2245 4542 2528 4597 subtilitas
2555 4544 2623 4597 ’et
2666 4541 2976 4597 immobilis
3024 4541 3328 4609 ordinatio,
3373 4540 3528 4611 quod
3572 4542 3651 4595 tot
3686 4535 3883 4589 unitates

2242 4632 2639 4703 unusquisque
2669 4632 3083 4703 quadratorum
3104 4631 3378 4687 retinebit
3404 4631 3469 4684 in
3498 4630 3689 4693 latere,
3719 4617 3879 4695 quanti

2240 4721 2456 4776 fuerint
2485 4722 2715 4776 numeri
2759 4722 2830 4777 ad
2873 4721 3336 4793 conjunctionem
3378 4718 3666 4791 propriam
3700 4723 3883 4780 congre-

2240 4811 2376 4882 gati.
2404 4813 2547 4865 Nam
2573 4811 2634 4865 in
2664 4811 2852 4881 primo
2887 4811 3188 4882 quadrato,
3243 4810 3521 4882 quoniam
3564 4823 3627 4862 ex
3673 4819 3773 4859 uno
3815 4799 3878 4861 ﬁt,

2238 4916 2390 4953 unus
2420 4904 2505 4953 est
2534 4901 2594 4954 in
2625 4900 2822 4955 latere.
2877 4902 2943 4956 In
2992 4902 3263 4968 secundo,
3314 4899 3374 4953 id
3417 4903 3502 4953 est
3544 4886 3877 4968 quaternario,

2239 4990 2515 5059 quoniam
2543 5006 2611 5044 ex
2640 5006 2755 5044 uno
2780 4994 2835 5045 et
2872 4990 3055 5046 tribus
3101 4994 3451 5061 procreatur,
3495 4986 3591 5058 qui
3625 4984 3729 5038 duo
3778 4978 3877 5031 sunt

2236 5079 2493 5146 termini,
2522 5080 2749 5134 binario
2778 5080 2926 5135 latus
2966 5080 3204 5146 texitur,
3241 5083 3298 5133 et
3332 5078 3394 5133 in
3422 5073 3739 5137 novenario,
3766 5079 3877 5138 quo-

2236 5168 2394 5223 niam
2414 5168 2597 5224 tribus
2629 5169 2886 5224 numeris
2910 5174 3263 5239 procreatur,
3288 5169 3436 5222 latus
3457 5162 3698 5222 ternario
3732 5152 3876 5213 conti.

2234 5263 2425 5314 netur.
2468 5261 2651 5330 Atque
2679 5259 2832 5315 idem
2858 5258 2917 5313 in
2939 5258 3067 5312 aliis
3095 5258 3275 5313 videri
3304 5257 3455 5313 licet.

2872 5377 3101 5431 CAPUT
3134 5376 3283 5431 XIII.

2552 5494 2625 5546 De
2642 5493 2966 5561 pentagom’s
3001 5507 3294 5561 eorumque
3325 5488 3598 5544 lateribus.

2304 5606 2664 5677 Pentagonus
2698 5622 2832 5663 vero
2862 5623 3137 5665 numerus
3167 5612 3253 5664 est
3281 5608 3382 5678 qui
3418 5606 3537 5677 ipse
3566 5598 3779 5674 quidem
3823 5590 3872 5645 in
