4104 6176
158 262 299 313 1125

1476 264 1565 318 DE
1605 264 2097 323 ARITHMETICA
2138 269 2271 323 LIB.
2316 270 2386 324 Il.

3536 278 3669 331 H26

152 396 527 454 latitudinem
558 397 871 454 secundum
917 398 1201 455 unitatem
1250 399 1549 472 descriptis
1598 403 1857 475 quinque
1896 407 1941 459 A
1966 421 2096 459 cum
2136 422 2196 461 se
2234 406 2461 462 binario
2492 413 2873 480 superarent;
2913 411 3226 482 pentagoni
3276 427 3416 467 vero
3460 418 3672 468 natura

152 487 388 556 angulis
416 487 762 555 continetur,
805 487 1020 543 cunctis
1068 489 1281 543 scilicet
1322 490 1599 547 lateribus
1647 494 1857 564 aequali

153 576 519 632 dimensione
552 576 858 649 dispositis.
898 578 1042 632 Sunt
1081 583 1273 633 autem
1303 579 1364 634 hi
1398 597 1411 635 :

152 716 1856 801 ’Ῑ’“Ῑ“-Τ“-ξ““Γ“ῙΞ“Ἶ’Ἷῇἵ“Γ“ῖῗ“Ἶ“ἝἩ““Γ-ἷῦ“Ἷς

114 892 123 893 ί
157 871 378 925 Eodem
402 888 634 943 quoque
662 872 833 926 modo
865 888 1066 926 eorum
1096 872 1276 927 latera
1300 877 1681 928 succrescunt.
1718 874 1861 928 Nam

154 962 338 1031 primi
366 965 645 1033 potestate
683 962 1015 1033 pentagoni,
1060 962 1119 1017 id
1161 966 1246 1017 est
1295 962 1490 1032 unius,
1520 962 1675 1017 idem
1713 979 1862 1017 unus

156 1051 417 1121 spatium
446 1051 641 1105 lateris
668 1056 844 1105 tenet.
880 1050 1127 1105 Secundi
1154 1067 1286 1106 vero
1321 1051 1594 1122 quinarii,
1651 1052 1752 1123 qui
1781 1055 1865 1107 est

155 1145 291 1194 actu
324 1141 452 1211 ipso
482 1146 656 1211 atque
683 1140 871 1211 {opere
900 1144 907 1210 ρ
920 1140 1141 1211 primus
1188 1147 1567 1212 pentagonus,
1609 1140 1733 1194 bini
1761 1156 1866 1212 per

157 1229 347 1283 latera
387 1229 488 1284 ﬁxi
518 1234 669 1285 sunt.
702 1230 927 1284 Tertius
958 1245 1113 1295 vero,
1168 1229 1228 1284 id
1275 1235 1359 1284 est
1416 1233 1497 1296 12,
1566 1229 1750 1284 tribus
1804 1230 1866 1284 in

157 1317 314 1372 latus
341 1324 540 1373 auctus
571 1323 672 1373 est.
708 1318 956 1383 Quartus
984 1321 1072 1385 22,
1108 1319 1141 1372 4
1173 1334 1548 1373 numerorum
1572 1320 1583 1388 ί
1596 1319 1656 1373 in
1690 1320 1865 1373 latere

160 1409 492 1478 quantitate
555 1408 917 1462 distenditur.
974 1410 1157 1479 Atque
1201 1407 1349 1462 idem
1392 1407 1451 1462 in
1504 1407 1726 1462 caeteris
1783 1424 1867 1461 se-

160 1497 425 1551 cundum
457 1498 689 1553 unitatis
726 1497 1213 1569 progressionem,
1248 1496 1307 1550 in
1355 1497 1605 1551 naturali
1652 1496 1867 1552 scilicet

160 1602 436 1651 numero,
459 1587 775 1642 secundum
792 1586 1149 1658 superiorem
1170 1586 1489 1658 ﬁgurarum
1510 1587 1866 1642 incrementa

163 1675 506 1731 tenduntur.

533 1826 567 1859 οι
954 1824 1015 1872 ..ς
1082 1849 1087 1853 ~
1428 1836 1468 1872 ιι

322 1886 750 2022 //\
811 1988 823 2024 .
987 1909 1000 1943 '

342 2026 397 2134 χχχ
533 2037 549 2063 ,
677 2008 747 2141 /
1423 1999 1440 2121 ε
1556 1995 1632 2119 νγ

396 2138 675 2211 \._..__./
828 2121 1087 2210 \L._.J
1328 2134 1577 2215 ιη’-,εί

491 2340 526 2387 2
557 2321 607 2385 ’λ’
927 2314 1003 2377 ἶς
1347 2287 1382 2363 ς
1410 2294 1419 2351 Ι
1546 2288 1549 2291 γ

385 2522 487 2657 ξε
594 2518 698 2653 εςγ
819 2499 1049 2631 Essszz
1256 2508 1493 2651 isséé‘s‘e;

427 2808 451 2855 1
488 2807 642 2858 basis
832 2811 858 2856 5
889 2808 1043 2857 basis
1264 2812 1291 2858 6
1317 2809 1469 2858 basis

828 2949 1052 3003 CAPUT
1081 2950 1212 3003 XIV.

567 3068 642 3121 De
655 3067 997 3134 generatione
1025 3070 1474 3135 pentagonorum.

241 3183 571 3238 Nascuntur
595 3187 787 3239 autem
816 3184 877 3238 hi
924 3184 1153 3238 numeri
1184 3183 1283 3255 qui
1314 3184 1531 3239 extensi
1573 3185 1633 3240 in
1680 3186 1877 3240 latitu-

169 3270 392 3338 dinem,
420 3271 678 3344 quinque
711 3274 953 3344 angulos
983 3273 1264 3343 pandunt,
1296 3273 1366 3327 ab
1398 3274 1599 3328 eadem
1619 3274 1875 3343 {natura-

170 3360 241 3415 lis
273 3361 504 3416 numeri
536 3362 858 3432 quantitate
888 3362 950 3416 in
987 3377 1110 3416 sese
1141 3368 1491 3431 coacervata,
1526 3362 1607 3417 ita
1636 3369 1700 3418 ut
1739 3364 1877 3418 duo-

170 3450 281 3503 bus
311 3466 543 3522 semper
587 3450 902 3523 interjectis
951 3450 1207 3505 numeris
1255 3452 1537 3523 superiori
1577 3453 1664 3507 vel
1715 3469 1879 3524 supe-

96 3534 99 3537 ’
169 3539 444 3607 rioribus,
520 3540 752 3595 vincens
812 3540 1064 3595 ternario
1113 3557 1245 3595 eum
1288 3540 1377 3594 cui
1411 3541 1746 3613 jungendus
1795 3546 1880 3597 est

172 3634 544 3701 aggregetur.
601 3631 861 3701 Namque
896 3630 1137 3696 unitate,
1189 3630 1526 3684 intermissis
1561 3632 1784 3686 duobus
1814 3636 1870 3685 et

172 3718 385 3784 tribus,
422 3718 471 3772 si
500 3723 747 3789 quatuor
782 3720 1014 3791 jungas,
1048 3718 1147 3790 qui
1178 3719 1363 3773 tribus
1394 3719 1579 3790 ipsam
1608 3725 1881 3792 superent

173 3807 485 3875 unitatem,
542 3809 843 3879 quinarius
898 3812 1261 3879 pentagonus
1292 3810 1702 3879 procreabitur.
1748 3812 1880 3865 Post

173 3898 207 3951 4
234 3914 373 3951 vero
396 3897 464 3963 si,
497 3898 819 3952 intermisso
861 3898 1128 3969 quinario
1151 3902 1208 3952 et
1237 3899 1481 3966 senario,
1515 3902 1546 3952 7
1578 3914 1879 3969 aggreges,

175 3986 608 4041 duodenarium
646 3992 1038 4058 pentagonum
1069 3986 1413 4058 procreabis.
1457 3988 1715 4058 Namque
1774 3991 1789 4040 1
1826 3992 1883 4042 et

174 4077 208 4129 4
238 4082 301 4131 et
330 4081 361 4131 7
396 4077 624 4131 numeri
668 4079 728 4130 12
759 4076 1086 4147 explebunt.
1138 4076 1250 4130 Hoc
1276 4074 1451 4130 etiam
1495 4076 1555 4130 in
1587 4076 1711 4130 aliis
1760 4076 1877 4131 ﬁet.

177 4166 327 4219 Nam
358 4164 407 4218 si
448 4168 530 4233 10,
575 4166 664 4219 vel
708 4168 789 4233 l3,
830 4165 920 4219 vel
956 4168 1042 4232 16,
1074 4165 1161 4219 vel
1196 4167 1280 4233 19,
1314 4165 1399 4219 vel
1428 4167 1518 4231 22,
1551 4165 1639 4219 vel
1676 4167 1745 4217 25
1787 4180 1882 4218 su-

177 4255 513 4327 perioribus
560 4255 778 4309 cunctis
820 4254 1167 4325 adjunxeris,
1221 4255 1424 4309 eodem
1458 4255 1586 4326 :quo
1620 4253 1884 4325 superius

180 4345 362 4399 modo
418 4344 731 4415 pentagoni
780 4344 941 4413 ﬁent,
1010 4344 1327 4400 secundum
1368 4343 1736 4416 superiorem
1782 4344 1888 4398 de-

181 4434 584 4504 scriptionem.

273 4569 1218 4630 I22l35|5l|70

184 4637 375 4645 -ρ

1409 4571 1476 4621 92
1566 4568 1574 4627 ι
1638 4570 1734 4622 H7
1797 4570 1883 4637 ιη

857 4745 1082 4799 CAPUT
1120 4745 1225 4798 XV.

435 4856 506 4906 De
539 4853 835 4920 hemagonis
876 4866 1162 4921 eorumque
1190 4850 1650 4918 generationibus.

258 4969 561 5039 Hexagoni
610 4973 824 5035 autem,
878 4967 978 5037 qui
1027 4982 1121 5021 sex
1165 4966 1411 5037 angulis,
1459 4970 1515 5020 et
1556 4964 1892 5036 heptagoni,

182 5060 283 5131 qui
317 5064 349 5113 7
376 5075 574 5113 rursus
609 5057 883 5112 lateribus
928 5057 1318 5122 continentur,
1372 5055 1686 5109 secundum
1743 5056 1898 5109 hunc

183 5150 432 5204 modum
464 5164 665 5202 eorum
698 5149 941 5201 laterum
963 5150 1274 5217 augmenta
1303 5148 1684 5198 succrescunt.
1722 5143 1895 5196 Nam-

185 5256 302 5311 qoe
333 5239 395 5292 in
419 5236 695 5308 trianguli
719 5237 948 5291 numeri
971 5241 1178 5290 natura
1204 5235 1716 5307 procreationeque
1741 5233 1899 5303 ipsos

186 5344 471 5383 numeros
496 5326 901 5398 jungebamus,
944 5325 1041 5397 qui
1104 5341 1225 5380 sese
1264 5325 1326 5379 in
1368 5323 1616 5379 naturali
1657 5320 1899 5391 disposi-

186 5419 354 5473 tione
386 5422 786 5489 sequerentur,
822 5420 879 5470 et
906 5432 965 5470 se
1011 5419 1239 5470 tantum
1284 5414 1505 5470 unitate
1547 5411 1896 5477 transirent;

191 5508 467 5580 quadrati
506 5523 639 5561 vero
683 5505 935 5573 numeri,
984 5506 1042 5561 id
1090 5510 1178 5561 est
1220 5504 1508 5575 tetragoni
1554 5500 1899 5574 procreatio,

190 5599 375 5655 ﬁebat
400 5613 471 5653 ex
501 5597 758 5652 numeris
788 5595 889 5668 qui
929 5611 1043 5652 uno
1089 5594 1420 5651 intermisso
1459 5591 1901 5666 copulabantur,

1969 495 2078 550 fuit
2103 513 2167 549 ex
2192 496 2415 551 duobus
2446 497 2799 569 interpositis
2826 500 3154 571 relictisque
3187 502 3287 571 qui
3319 517 3376 555 se
3416 503 3668 557 ternario

1968 583 2277 639 vincerent.
2314 585 2641 641 Secundum
2674 603 2905 658 quoque
2952 589 3087 642 talia
3135 593 3445 660 augmenta
3491 591 3665 645 hexa-

1969 689 2277 743 gonorum,
2315 675 2404 729 vel
2451 680 2886 746 octogonorum,
2940 678 3029 732 vel
3078 681 3109 732 9
3152 679 3400 732 laterum
3447 678 3652 749 ﬁgura,

1969 763 2057 816 vel
2094 764 2175 831 l0,
2229 764 2320 818 vel
2362 764 2643 835 quotlibet
2689 766 2955 833 aliorum,
3010 767 3360 839 competenti
3398 784 3673 839 progres-

1972 852 2131 906 sione
2157 853 2475 908 conﬁcitur.
2514 856 2585 910 Ut
2638 855 2793 909 enim
2836 856 2896 910 in
2925 861 3272 928 pentagouo,
3317 857 3542 912 duobus
3585 859 3673 912 iu-

1970 942 2251 995 termissis
2284 959 2380 997 eos
2399 944 2790 1014 jungebamus
2808 946 2910 1017 qui
2942 962 3000 1001 se
3028 946 3279 1002 ternario
3313 952 3671 1018 superarent,

1971 1034 2053 1094 ita
2081 1046 2235 1085 nunc
2262 1032 2323 1086 in
2351 1033 2670 1105 hexagono,
2702 1035 2887 1089 tribus
2915 1035 3274 1091 'intermissis
3319 1052 3416 1091 eos
3459 1037 3672 1107 junge-

1972 1135 2100 1174 mus
2128 1122 2226 1191 qui
2256 1137 2313 1175 se
2345 1124 2713 1194 quaternario
2751 1128 3065 1193 transeant,
3118 1130 3173 1179 et
3217 1129 3387 1179 erunt
3433 1124 3672 1197 quidem

1974 1225 2174 1264 eorum
2200 1210 2418 1266 radices
2448 1216 2505 1266 et
2533 1212 2926 1283 fundamenta,
2959 1231 3027 1269 ex
3057 1215 3268 1285 quibus
3292 1215 3507 1285 junctis
3540 1231 3673 1269 om-

1975 1314 2073 1351 nes
2100 1298 2386 1371 hexagoni
2410 1306 2743 1356 nascuntur.

1977 1424 3672 1500 WW—

1978 1561 2039 1614 Et
2072 1559 2145 1614 ad
2189 1561 2457 1615 eumdem
2500 1562 2764 1617 ordinem
2807 1570 3243 1635 consequentes,
3280 1568 3451 1636 atque
3486 1565 3554 1619 ab
3586 1565 3676 1619 his

1979 1650 2421 1719 sexangulorum
2452 1650 2651 1704 forma:
2685 1656 3012 1707 nascuntur.

2058 1786 2067 1846 l
2180 1791 2197 1840 l
2314 1786 2735 1851 11611111εά
2828 1787 3606 1851 1281451661

1982 1910 2135 1974 Quos
2166 1910 2237 1965 ad
2266 1910 2929 1982 superiorem‘modum,
2978 1912 3192 1967 scilicet
3239 1912 3574 1984 descriptos,
3620 1912 3679 1966 in

1983 2000 2234 2071 propriis
2265 2000 2567 2055 ordinibus
2596 2001 2946 2072 pernotabis.

2632 2127 2855 2181 CAPUT
2893 2127 3027 2181 XVI.

1985 2218 2057 2269 De
2089 2214 2409 2285 heptagonis
2453 2230 2739 2285 eorumque
2781 2215 3240 2282 generationibus,
3292 2219 3344 2270 et
3384 2217 3682 2269 communis

2054 2306 2292 2358 omnium
2338 2307 2644 2373 ﬁgurarum
2690 2304 3027 2360 invenienda:
3054 2307 3420 2372 generationis
3465 2304 3678 2371 regula,

2055 2392 2560 2462 descriptionisque.

2057 2481 2286 2553 Septem
2312 2497 2446 2535 vero
2477 2482 2823 2552 angulorum
2845 2482 3049 2553 i‘ﬁgura
3080 2486 3183 2549 est,
3224 2498 3356 2536 cum
3394 2481 3465 2536 ad
3514 2496 3682 2535 eum-

1987 2571 2117 2624 dem
2150 2570 2413 2624 ordinem
2451 2570 2869 2641 progressionis
2899 2587 3012 2625 uno
3038 2571 3167 2642 plus
3199 2587 3372 2642 quam
3394 2571 3453 2624 in
3484 2585 3683 2623 sexan-

1986 2660 2252 2729 gulorum
2284 2659 2471 2729 ﬁgura
2499 2676 2741 2713 numero
2773 2661 3097 2714 intermisso
3127 2662 3412 2730 superiori
3444 2660 3683 2729 conjun-

1984 2746 2154 2801 xeris.
2199 2748 2341 2801 Nam
2374 2747 2421 2800 si
2461 2753 2708 2818 quatuor
2730 2748 3101 2819 interpositis,
3131 2748 3229 2818 qui
3268 2764 3387 2801 sese
3420 2746 3685 2818 quinario

1986 2836 2234 2901 vincant,
2280 2837 2704 2906 aggregaveris,
2782 2836 3095 2907 heptagoni
3158 2838 3429 2890 continuo
3496 2836 3684 2905 ﬁgura

1989 2930 2274 2991 nascetur,
2306 2931 2372 2978 ut
2396 2924 2456 2978 hi
2482 2926 2709 2979 numeri
2741 2926 2854 2979 sint
2883 2941 3083 2979 eorum
3122 2924 3361 2993 radices,
3394 2928 3450 2980 et
3474 2926 3561 2995 (ut
3589 2939 3681 2977 su-

1916 3013 1955 3067 C
1986 3014 2180 3086 perius
2220 3014 2435 3068 dictum
2477 3016 2587 3085 est)
2616 3014 3014 3069 fundamenta.

1992 3213 2271 3220 —_—

2282 3214 2515 3221 *-

2518 3213 2955 3220 ,ε--Α

3280 3209 3677 3219 __.——_——_———

1993 3142 2271 3220 :I__
2114 3138 3563 3241 ‘TWT—M
2982 3148 3272 3219 __16__|
3280 3136 3684 3219 _2_i__l:

1988 3271 2095 3337 Qui
2125 3287 2258 3326 vero
2290 3288 2359 3326 ex
2398 3271 2487 3325 his
2514 3273 2777 3325 constant
2805 3270 2867 3325 hi
2893 3274 3044 3325 sunt.

2107 3406 2115 3467 I
2243 3410 2259 3459 1
2392 3405 2400 3468 Ι
2522 3409 2551 3457 7
2674 3404 2683 3464 Ι
2798 3407 2860 3458 18
2968 3404 3571 3468 l,3j_,|#55_|

1989 3530 2201 3584 Novem
2233 3546 2367 3584 vero
2399 3529 2746 3599 angulorum
2777 3529 3091 3583 secundum
3122 3528 3390 3582 eumdem
3424 3526 3691 3581 ordinem

1990 3618 2177 3672 forma
2224 3624 2576 3688 procreatur,
2626 3618 2705 3672 ita
2752 3623 2817 3671 ut
2852 3617 3167 3671 secundum
3212 3617 3493 3687 aequalem
3545 3631 3689 3684 pro-

1988 3708 2342 3778 gressionem
2417 3706 2588 3776 primi
2636 3722 2867 3776 quoque
2911 3722 3114 3759 eorum
3180 3704 3407 3759 numeri
3457 3704 3688 3772 distent.

1991 3797 2130 3851 Nam
2173 3796 2232 3849 in
2265 3795 2557 3865 triangulo
2591 3795 2692 3864 qui
2722 3799 2854 3847 sunt
2898 3794 3146 3861 numeri,
3189 3810 3318 3865 qua:
3373 3794 3559 3863 prima
3603 3809 3697 3846 su-

1992 3884 2247 3955 perﬁciei
2276 3884 2461 3953 ﬁgura
2492 3888 2597 3948 est,
2633 3899 2746 3935 uno
2778 3898 2899 3935 sese
2936 3888 3160 3936 tantum
3200 3881 3429 3937 numeri
3472 3896 3689 3952 praece-

1995 3974 2158 4039 dunt,
2194 3974 2293 4044 qui
2319 3972 2531 4026 scilicet
2560 3987 2763 4025 eorum
2810 3975 3073 4025 naturam
3124 3970 3688 4041 descriptionemque

1994 4063 2321 4134 perﬁciunt.
2360 4062 2423 4114 In
2454 4067 2755 4130 tetragono
2794 4076 2927 4113 vero
2958 4059 3058 4130 qui
3096 4060 3376 4113 secundus
3412 4063 3519 4127 est,
3554 4058 3697 4111 duo-

1996 4154 2103 4207 bus
2142 4168 2262 4205 sese
2298 4150 2482 4221 juncti
2540 4150 2763 4203 numeri
2813 4149 3071 4213 vincunt,
3131 4154 3185 4202 et
3246 4148 3304 4201 in
3358 4151 3693 4217 pentagono

2000 4244 2052 4307 3,
2085 4246 2140 4295 et
2169 4242 2229 4294 in
2258 4241 2553 4311 hexagono
2590 4240 2644 4304 4,
2668 4242 2724 4293 et
2751 4237 2811 4291 in
2842 4238 3166 4308 heptagono
3198 4241 3252 4304 5,
3285 4236 3572 4305 hujusque
3613 4226 3700 4286 rei

2000 4332 2194 4385 nullus
2240 4335 2323 4384 est
2354 4330 2575 4384 modus.
2616 4330 2728 4382 Hoc
2777 4333 2968 4382 autem
3018 4344 3119 4382 nos
3164 4327 3551 4397 subjectarum
3587 4322 3697 4376 for-

2002 4436 2226 4475 marum
2250 4418 2661 4490 descriptiones
2692 4418 2999 4472 docebunt.

2316 4615 2350 4664 2

3071 4696 3177 4965 \
3411 4745 3439 4778 .

2647 4818 2681 4851 ο
3040 4840 3070 4871 ⁸
3374 4801 3465 4835 σο

2134 5059 2139 5065 ,
2549 5007 2581 5040 ⁸
2742 5010 2774 5040 ο
2883 4998 2966 5047 ίο
3026 5012 3058 5040 ο
3120 4982 3306 5061 o\/O
3359 5015 3392 5040 .
3437 5010 3467 5036 ο
3523 5018 3552 5050 ο
