4048 6176
475 256 614 309 1127

548 1208 1477 1659 (“Nu

612 2104 1275 2749 [ἦ
1378 2113 1720 2463 βῖ
1957 2422 1976 2473 .

1536 3320 1862 3642 te)

1097 3848 1321 3906 CAPUT
1359 3849 1514 3907 XVII.

600 3974 902 4042 Descriptio
934 3975 1291 4043 ﬁguratorum
1320 3994 1666 4034 numerorum
1707 3982 1765 4034 in
1803 3978 2009 4034 ordine.

524 4095 797 4151 Similiter
822 4102 1012 4151 autem
1048 4098 1241 4153 licebit
1266 4105 1323 4155 et
1352 4102 1596 4157 aliarum
1631 4103 1967 4171 formarum,
2023 4119 2152 4175 quas

452 4185 716 4256 pluribus
747 4187 974 4255 angulis
1016 4189 1405 4257 continentur,
1449 4192 1796 4262 quantitates
1846 4192 2149 4248 ascribere.

453 4274 562 4329 Sed
594 4274 870 4345 quoniam
903 4275 1124 4329 facilius
1165 4278 1345 4331 oculis
1368 4279 1622 4350 subjecta
1666 4281 2007 4350 retinentur,
2049 4298 2149 4336 su-
2187 4291 2231 4346 D

451 4363 840 4433 pradictarum
888 4364 1206 4420 formarum
1258 4369 1642 4423 numerositas
1708 4370 1766 4425 in
1831 4370 2149 4427 subteriare

457 4451 839 4523 descriptione
870 4458 1136 4524 ponatur.

451 4738 1923 4875 Ἷ-ΡρὴῖᾱᾱδιῆἿὟΙἜἿἿῗΓὲῗΓδὸἾ⁷51ίί
1969 4758 2037 4809 7o
2079 4738 2114 4815 Γ

450 4877 547 4882 .-_
640 4819 875 4872 exaaoni
930 4821 1021 4879 lt
1157 4825 1864 4882 6115128145166
1967 4829 2086 4882 911

508 4597 863 4679 μᾟτίἒῐξθεζξῌ
931 4597 2037 4679 ΙξϐζΙᾹΟίΙΪίδ-ξ-[ΞΓΙῙΒ
2081 4606 2119 4679 Ις

451 4662 1487 4752 Ἐυξὲἓῇῖᾼᾼῐῐῐθῖι]
1504 4662 1923 4752 θλῖὲξίζίῗδδίί
1971 4662 2036 4737 49
2081 4662 2116 4752 ij

586 4743 1733 4815 pentagoni—I'Tl's‘l‘l{1123735
1750 4752 1758 4812 ι
1778 4746 1859 4807 “51
1880 4748 1893 4749 ί
1914 4754 1923 4815 ι
1969 4758 2037 4809 7o
2079 4743 2090 4815 1

450 4819 547 4897 .-1-
581 4819 893 4897 sexageni
930 4819 2086 4897 l_1j:6:l:i5;l:§W|T€—JTJ

460 4952 487 4957 ὴ
514 4892 524 4947 l
586 4884 913 4961 Ηθυίδερηίί
933 4884 2086 4971 ΙΪἷζιζῖιᾞῖ[3ἑῖιῖὕὸίίζδέξῷἓ]

1078 5065 1303 5119 CAPUT
1340 5066 1527 5121 XVIII.

447 5188 553 5255 Qui
584 5186 815 5257 ﬁgurati
844 5186 1058 5238 numeri
1088 5202 1154 5240 ex
1194 5189 1388 5256 quibus
1434 5193 1693 5260 ﬁguratis
1741 5194 1977 5247 numeris
2015 5196 2153 5262 ﬁant

516 5282 681 5348 atque
710 5274 858 5345 quod
902 5277 1213 5342 triangulus
1248 5294 1502 5335 numerus
1547 5283 1785 5336 omnium
1818 5282 2151 5352 reliquorum

514 5369 855 5437 principium
877 5368 971 5419 sit.

518 5473 613 5527 llis
644 5473 820 5544 igitur
847 5474 929 5527 ita
952 5488 1072 5527 sese
1104 5471 1471 5537 habentibus,
1525 5476 1663 5545 quid
1716 5477 1775 5531 in
1820 5477 1929 5533 hac
1969 5493 2030 5532 re
2080 5478 2150 5533 sit

449 5576 800 5632 consequens
829 5563 1259 5635 investigemus.
1299 5561 1509 5617 Omnes
1539 5564 1691 5620 enim
1720 5567 2008 5639 tetragoni
2039 5568 2146 5639 qui

1819 254 1935 309 ΑΝ.
1977 252 2185 309 MANL.
2230 254 2375 311 SEV.
2421 254 2653 312 BOETII

3778 270 3871 323 1128

2204 388 2250 439 Α
2277 386 2383 441 sub
2415 386 2721 459 triangulis
2750 391 2883 442 sunt
2914 389 3165 445 naturali
3192 389 3549 447 ordinatione
3584 393 3813 466 dispositi,
3833 417 3876 455 ex

2288 476 2678 547 superioribus
2706 478 3009 549 triangulis
3036 486 3431 550 procreantur,
3462 481 3763 557 illorumque
3785 487 3879 541 ’col-

2287 567 2529 622 lectione
2575 570 2840 636 quadrati
2882 570 3069 640 ﬁgura
3107 571 3488 642 componitur.
3519 572 3740 637 Quatuor
3772 578 3879 632 enim

2284 660 2618 727 tetraganus
2652 658 2714 712 ﬁt
2739 674 2803 712 ex
2836 675 2949 713 uno
2979 663 3035 713 et
3064 661 3272 727 tribus,
3312 661 3371 716 id
3414 666 3498 716 est
3523 678 3583 716 ex
3614 663 3795 717 duobus
3822 682 3879 719 su-

2286 746 2610 816 perioribus
2641 748 2965 820 triangulis.
3003 751 3210 804 Novem
3233 767 3389 812 vero,
3421 751 3667 805 extribus
3693 758 3740 806 et
3762 756 3880 819 6,sed

2286 835 2513 907 utrique
2563 842 2697 891 sunt
2724 837 3016 908 trianguli.
3060 842 3132 893 At
3166 840 3230 894 16
3262 856 3326 893 ex
3358 843 3388 893 6
3418 844 3474 894 et
3506 842 3583 902 10,
3613 846 3665 894 et
3688 843 3743 893 25
3768 846 3877 895 exlo

2285 927 2341 977 et
2376 928 2459 979 15.
2494 925 2765 997 Idemque
2793 927 2852 980 in
2884 928 3147 998 sequenti
3176 928 3376 983 ordine
3398 930 3767 999 quadratorum
3796 947 3880 985 con-

2283 1016 2437 1067 stans
2459 1018 2629 1085 atque
2650 1016 3010 1070 immutabile
3030 1018 3334 1088 reperitur.
3360 1020 3781 1089 Pentagonorum
3794 1036 3879 1074 vero

2280 1118 2518 1157 summa:
2542 1104 2924 1160 conﬁciuntur
2961 1122 3030 1161 ex
3061 1124 3176 1162 uno
3217 1124 3388 1179 super
3437 1125 3494 1162 se
3533 1114 3809 1179 tetragono,
3844 1116 3877 1163 et

2281 1192 2614 1247 altrinsecus
2646 1194 2934 1266 triangula
2969 1198 3296 1251 constituto.
3336 1199 3587 1269 Namque
3612 1201 3639 1252 ὅ
3679 1205 3880 1269 pentago-

2284 1297 2408 1347 nus,
2440 1298 2507 1337 ex
2540 1288 2787 1354 quatuor
2814 1301 2989 1356 super
3023 1303 3081 1340 se
3112 1286 3300 1357 posito
3331 1292 3641 1358 tetragono,
3663 1293 3711 1341 et
3735 1304 3789 1342 ex
3808 1305 3879 1341 uno

2282 1371 2381 1441 qui
2402 1371 2462 1425 in
2482 1372 2908 1443 triangularum
2932 1374 3134 1430 ordine
3154 1377 3411 1447 ponitur,
3443 1382 3764 1447 aggregatur.
3781 1379 3879 1431 Duco

2282 1459 2466 1514 decim
2489 1478 2621 1516 vero
2654 1468 3031 1535 pentagonus,
3070 1481 3138 1518 ex
3174 1466 3485 1520 novenario
3526 1482 3683 1536 super
3718 1482 3763 1519 se
3795 1482 3882 1537 qua.

2281 1548 2464 1611 drato,
2497 1555 2553 1604 et
2601 1552 2783 1607 tribus
2830 1555 3077 1608 secundo
3117 1554 3406 1625 triangula
3446 1555 3699 1609 nascitur.
3738 1555 3881 1625 Viginti

2286 1636 2399 1693 duo
2434 1655 2567 1694 vero
2594 1657 2659 1694 ex
2708 1644 2771 1695 16
2803 1647 2858 1696 et
2889 1646 2942 1710 6,
2995 1644 3275 1714 quadrato
3325 1645 3541 1698 scilicet
3588 1648 3736 1715 atque
3768 1644 3881 1696 trian-

2280 1729 2437 1799 gula,
2473 1733 2529 1783 et
2562 1732 2627 1785 35
2660 1747 2722 1785 ex
2754 1733 2823 1785 25
2875 1738 2930 1787 et
2961 1735 3046 1802 l0,
3078 1738 3135 1787 et
3187 1733 3244 1787 in
3291 1734 3551 1788 ordinem
3598 1734 3661 1788 ad
3696 1734 3879 1786 eumdem

2278 1818 2517 1872 modum
2556 1819 2883 1875 intuentem
2912 1822 3071 1875 nulla
3097 1823 3382 1877 cunctatio
3417 1822 3788 1877 cantrarietatis
3813 1823 3879 1873 im-

2276 1908 2488 1974 pediet.
2522 1912 2594 1963 At
2623 1926 2754 1964 vero
2797 1910 2845 1964 si
2907 1911 3236 1983 liexaganos
3299 1912 3509 1967 librata
3556 1912 3881 1967 examinatione

2276 1996 2608 2067 perspicias,
2642 2015 2711 2054 ex
2745 1999 2958 2055 eisdem
3002 2000 3304 2072 triangulis
3360 2007 3418 2056 et
3460 2016 3625 2071 super
3658 2018 3708 2054 se
3748 1998 3880 2070 positis

2273 2086 2616 2157 pentagonis
2654 2093 3047 2158 procreantur.
3103 2091 3360 2161 Namque
3392 2106 3486 2145 sex
3528 2090 3809 2160 hexagonus
3841 2103 3880 2140 ex

2274 2173 2538 2245 quinario
2566 2182 2896 2247 pentagono
2940 2182 2997 2232 et
3027 2194 3144 2232 uno
3194 2179 3293 2249 qui
3329 2181 3419 2233 est
3460 2178 3521 2232 in
3554 2177 3881 2247 triangulorum

2274 2263 2475 2317 ordine
2508 2264 2823 2336 dispositus
2878 2267 3148 2321 nascitur.
3215 2267 3326 2321 Nec
3375 2268 3488 2322 alia
3547 2272 3627 2322 est
3674 2266 3803 2335 origo
3845 2265 3880 2315 15

2269 2352 2574 2423 hexagoni,
2600 2355 2711 2408 nisi
2742 2371 2811 2409 ex
2849 2355 3199 2411 duodenario
3233 2361 3563 2427 pentagono
3593 2360 3665 2424 iet
3704 2353 3879 2408 ternario

2270 2442 2579 2514 triangula.
2612 2444 2775 2509 Quod
2810 2444 2855 2499 si
2887 2446 2956 2500 28
2988 2461 3220 2500 rursum
3262 2446 3629 2518 hexagonum
3662 2461 3716 2499 ex
3740 2443 3881 2524 quibus

2270 2532 2663 2603 superioribus
2699 2538 2967 2588 nascatur
2999 2535 3277 2603 addiscas,
3318 2537 3516 2590 nullos
3562 2536 3779 2590 invenies
3814 2531 3882 2584 nis1

2269 2624 2337 2675 22
2368 2627 2764 2693 pentagonum
2796 2624 3204 2696 senariumque
3236 2625 3616 2696 triangulum.
3644 2627 3794 2693 Atque
3817 2621 3882 2674 hoc

2267 2710 2328 2764 in
2359 2712 2599 2766 caeteris.
2648 2713 2758 2766 Nec
2791 2712 2943 2766 hunc
2975 2713 3258 2782 geniturae
3306 2714 3569 2768 ordinem
3614 2713 3879 2783 heptagono-

2268 2816 2394 2854 rum
2428 2801 2750 2871 procreatio
2777 2801 3070 2858 refutabit.
3104 2803 3369 2873 Namque
3399 2820 3467 2858 ex
3514 2818 3673 2873 super
3698 2818 3744 2855 se
3771 2801 3881 2853 hexa-

2267 2889 2452 2958 gonis,
2488 2894 2545 2944 et
2587 2906 2655 2944 ex
2705 2890 2932 2944 eminus
2984 2891 3191 2961 positis
3241 2891 3551 2963 triangulis
3577 2894 3878 2963 procreantur.

2197 2984 2237 3038 C
2268 2978 2496 3048 Septem
2531 2979 2686 3032 enim
2718 2979 3081 3050 heptagonus
3132 2982 3389 3035 nascitur
3433 2998 3497 3036 ex
3532 2982 3731 3035 senario
3769 2979 3879 3032 hexa-

2279 3084 2450 3138 gono,
2484 3074 2539 3122 et
2566 3084 2683 3122 una
2704 3073 2986 3139 potestate
3011 3069 3321 3140 triangula,
3366 3074 3429 3125 18
3451 3088 3581 3125 vero
3610 3072 3878 3141 heptagonus

2277 3172 2341 3211 ex
2368 3161 2430 3211 l5
2471 3157 2769 3229 hexagono
2800 3164 2858 3212 et
2876 3159 3129 3213 ternario
3160 3161 3458 3230 triangula
3490 3159 3879 3231 conjungatur,et

2276 3248 2343 3301 34
2382 3263 2445 3301 ex
2474 3251 2560 3312 28,
2604 3248 2820 3302 scilicet
2861 3249 3159 3318 hexagana
3203 3255 3257 3302 et
3291 3251 3520 3304 senario
3550 3247 3877 3319 triangulo.at-

2273 3352 2384 3406 que
2415 3337 2523 3391 hoc
2546 3338 2602 3391 in
2630 3337 2848 3391 cunctis
2869 3337 3217 3392 inoffensum
3248 3339 3506 3409 reperire
3537 3339 3671 3393 licet.
3712 3335 3875 3389 Vides"e

2271 3424 2449 3497 igitur
2477 3431 2542 3481 ut
2561 3426 2785 3497 primus
2808 3426 3073 3481 omnium
3100 3429 3429 3498 triangulus
3450 3434 3751 3484 cunctarum
3769 3438 3875 3478 sum-

2269 3530 2393 3569 mas
2424 3515 2655 3583 efﬁciat,
2689 3520 2745 3570 et
2802 3516 3064 3571 omnium
3099 3519 3593 3588 pracreationibus
3622 3510 3875 3572 misceatur.”

2926 3643 3149 3698 CAPUT
3179 3644 3304 3697 XIX.

2337 3750 2620 3804 Pertinens
2648 3749 2723 3802 ad
2756 3750 3125 3817 ﬁguratorum
3170 3766 3519 3807 numerorum
3557 3750 3875 3819 descriptionm

2959 3840 3276 3906 speculatio.

2336 3964 2404 4023 Hi
2437 3964 2578 4018 vero
2609 3979 2808 4018 omnes
2842 3962 2890 4017 si
2943 3963 3014 4017 ad
3064 3962 3432 4019 latitudinem
3492 3964 3691 4020 fuerint
3721 3973 3877 4028 compa-

2261 4055 2390 4121 rati,
2422 4054 2479 4108 id
2510 4058 2594 4107 est
2624 4052 2900 4123 trianguli
2943 4053 3281 4124 tetragonis,
3325 4056 3413 4109 vel
3448 4054 3714 4125 tetragoni
3737 4054 3875 4122 penta-

2261 4142 2447 4213 gonis,
2482 4143 2570 4195 vel
2599 4140 2915 4212 pentagoni
2963 4141 3276 4212 hexagonis
3312 4144 3404 4197 vel
3434 4144 3496 4198 hi
3531 4157 3708 4196 rursus
3730 4139 3874 4206 hepta-

2262 4231 2445 4303 ganis,
2516 4230 2636 4285 sine
2678 4230 2872 4301 aliqua
2923 4230 3283 4285 dubitatione
3322 4232 3642 4303 triangulis,
3687 4243 3781 4281 sese
3818 4238 3874 4274 su-

2258 4320 2561 4392 perabunt.
2606 4319 2868 4391 Namque
2909 4319 2955 4372 si
2986 4320 3305 4375 ternarium
3337 4322 3679 4391 triangulum
3707 4318 3869 4387 quater-

2261 4410 2443 4477 naria,
2485 4410 2572 4463 vel
2604 4408 3061 4480 [quaternarium
3099 4414 3467 4482 tetraganum
3525 4406 3773 4481 quinario,
3815 4400 3871 4450 vel

2260 4499 2591 4572 quinarium
2631 4502 3022 4569 pentagonum
3062 4500 3286 4553 senario
3316 4500 3635 4570 hexagano,
3660 4496 3732 4549 vel
3758 4504 3868 4546 sena-

2260 4586 2408 4643 rium
2431 4587 2754 4659 septenario
2779 4587 3106 4658 heptagono
3133 4602 3454 4659 compares,
3478 4588 3656 4659 primo
3682 4600 3731 4638 se
3757 4582 3869 4634 trian'

2259 4677 2414 4747 gula,
2442 4676 2501 4730 id
2524 4682 2610 4731 est
2638 4677 2757 4731 sola
2790 4681 3085 4731 transeunt
3135 4678 3372 4731 unitate.
3424 4682 3495 4733 At
3525 4692 3649 4730 vero
3683 4673 3722 4726 si
3758 4682 3867 4723 sena-

2258 4766 2376 4819 rius
2419 4770 2618 4820 contra
2659 4766 3057 4832 novenarium,
3110 4767 3197 4820 vel
3236 4767 3329 4820 hic
3356 4772 3551 4821 contra
3586 4767 3664 4833 12,
3706 4760 3776 4814 vel
3812 4755 3869 4808 hic

2258 4859 2457 4910 contra
2496 4858 2577 4924 15,
2621 4855 2709 4909 vel
2765 4858 2825 4909 15
2872 4860 3066 4910 contra
3117 4858 3179 4911 18
3228 4873 3332 4927 pro
3380 4851 3722 4910 inveniendis
3759 4844 3868 4901 ditfe-

2259 4944 2458 4999 rentiis
2489 4947 2920 5015 comparentur,
2948 4945 3199 4999 secundo
3231 4961 3292 5000 se
3313 4945 3619 5015 triangula,
3645 4942 3695 4995 id
3719 4944 3785 4993 est
3801 4940 3870 4987 ter-

2258 5032 2441 5101 nario,
2483 5033 2852 5104 superabunt.
2907 5035 3110 5089 Decem
3155 5050 3287 5089 vero
3332 5035 3401 5089 ad
3445 5038 3526 5101 16,
3560 5037 3612 5086 et
3640 5034 3693 5085 19
3738 5026 3791 5080 ad
3812 5021 3867 5077 Ἦν

2259 5128 2316 5176 et
2348 5122 2517 5187 22,δό
2538 5124 2628 5188 28,
2661 5126 2717 5177 et
2747 5126 2816 5177 28
2845 5123 2915 5177 ad
2944 5125 3012 5177 34
3042 5124 3089 5177 si
3125 5140 3450 5195 componas,
3490 5121 3648 5177 tertio
3674 5135 3725 5173 se
3747 5114 3868 5170 trian-

2258 5211 2392 5282 gula
2418 5211 2671 5280 vincent,
2702 5212 2759 5267 id
2787 5216 2871 5267 est
2901 5213 3149 5267 senario.
3177 5214 3365 5285 Atque
3386 5213 3493 5267 hac
3520 5211 3623 5266 rite
3651 5202 3868 5263 notabit!"

2257 5300 2317 5354 in
2340 5300 2468 5355 aliis
2497 5300 2713 5355 cunctis
2745 5302 3117 5373 sequentibus
3148 5320 3268 5357 esse
3299 5306 3665 5374 perspectum,
3703 5303 3867 5383 amnt-fr

2258 5406 2370 5461 que
2400 5407 2458 5444 se
2489 5390 2791 5461 triangulis
2813 5392 3175 5447 antecedent.
3209 5392 3389 5456 Quare
3407 5390 3667 5462 perfecte,
3688 5388 3741 5440 ut
3763 5379 3866 5435 arbi-

2256 5484 2395 5547 tror,
2417 5480 2874 5535 demonstratum
2887 5485 2972 5535 est
2987 5481 3248 5537 omnium
3266 5481 3575 5537 formarum
3587 5469 3865 5550 principimn

2259 5569 2727 5641 elementumque
2758 5584 2880 5625 esse
2903 5571 3275 5644 triangulum.
