4104 6176
210 257 357 308 “‘29

886 398 1111 456 CAPUT
1159 405 1260 459 XX.

777 524 852 575 De
880 529 1120 579 numeris
1166 529 1376 586 solidis.

275 630 418 685 Hinc
447 649 582 686 vero
626 634 699 688 ad
729 635 945 705 ﬁguras
977 641 1186 696 solidas
1235 645 1456 702 facilior
1485 652 1575 706 via
1614 659 1716 710 est.
1753 659 1901 715 Prm-

198 721 438 790 cognito
471 722 626 777 enim
657 725 793 795 quid
841 727 901 781 in
932 730 1116 798 planis
1155 750 1531 795 numerorum
1567 744 1767 814 ﬁguris
1819 750 1902 804 vis

195 809 327 878 ipsa
365 813 704 880 quantitatis
740 819 1075 874 naturaliter
1106 830 1391 892 operetur,
1429 831 1495 884 ad
1545 809 1755 888 solidos
1793 854 1903 893 nu-

196 913 392 950 meros
447 916 560 954 non
594 902 703 956 erit
755 905 872 958 ulla
903 911 1207 966 cunctatio.
1242 913 1398 970 Sicut
1443 919 1598 975 enim
1644 923 1899 996 longitu-

193 985 320 1039 dini
355 1004 728 1045 numerorum
771 994 928 1049 aliud
981 997 1368 1072 intervallum,
1419 1006 1477 1061 id
1523 1015 1606 1064 est
1657 985 1898 1084 superﬁ-

192 1075 362 1141 ciem,
402 1083 465 1131 ut
500 1080 741 1134 latitudo
783 1086 1198 1152 ostenderetur,
1251 1093 1584 1165 adjecimus,
1634 1075 1900 1160 ita-nunc

192 1165 492 1220 latitudini
524 1168 569 1222 si
602 1171 730 1240 quis
761 1173 930 1229 addat
961 1191 1086 1231 eam
1127 1196 1256 1250 quae
1290 1183 1430 1238 alias
1462 1188 1723 1254 altitudo,
1760 1193 1899 1248 alias

191 1256 536 1325 crassitudo,
573 1259 712 1313 alias
741 1263 1104 1330 profunditas
1134 1271 1476 1341 appellatur,
1513 1278 1765 1336 solidum
1797 1298 1900 1336 nu-

193 1343 341 1398 meri
370 1360 577 1416 corpus
609 1350 874 1419 explebit.

857 1511 1079 1568 CAPUT
1117 1515 1247 1571 ΧΧΙ.

189 1646 263 1698 De
292 1647 587 1713 pyramide
624 1650 768 1718 quod
797 1667 856 1705 ea
883 1654 956 1707 sit
995 1656 1302 1713 solidarum
1346 1664 1650 1730 ﬁgurarum
1679 1669 1888 1734 princi-

277 1736 461 1802 pium,
495 1739 636 1792 sicut
667 1741 976 1808 triangulus
1013 1745 1308 1813 planarum
1338 1755 1388 1804 et
1414 1751 1478 1805 de
1502 1754 1782 1822 speciebus

254 1863 497 1919 Videtur
544 1871 733 1923 autem
786 1875 1276 1941 quemadmodum
1331 1878 1390 1934 in
1438 1882 1623 1952 planis
1687 1883 1886 1955 ﬁguris

187 1952 516 2023 triangulus
549 1973 821 2012 numerus
852 1961 1072 2030 primus
1099 1970 1199 2032 est,
1235 1967 1313 2021 sic
1342 1968 1402 2022 in
1433 1971 1628 2025 solidis
1661 1974 1762 2044 qui
1793 1990 1886 2028 vo-

179 2308 472 2379 triangula
502 2311 622 2366 basi
656 2315 715 2368 in
747 2317 1112 2374 altitudinem
1135 2313 1254 2376 sese
1285 2325 1532 2396 erigens,
1559 2329 1698 2382 alias
1731 2347 1762 2384 a
1799 2334 1882 2386 te-

179 2402 447 2468 tragona,
481 2401 618 2455 alias
650 2419 683 2458 a
710 2410 1057 2477 pentagona,
1090 2416 1146 2464 et
1177 2414 1493 2469 secundum
1519 2420 1884 2488 sequentium

179 2487 581 2544 multitudines
621 2495 965 2564 angulorum
1012 2498 1084 2552 ad
1137 2517 1315 2556 unum
1345 2487 1659 2560 cacuminis
1708 2510 1882 2564 verti-

181 2591 304 2630 cem
343 2579 654 2636 sublevata.
699 2584 890 2638 Posito
922 2586 1075 2641 enim
1124 2590 1415 2661 triangulo
1465 2599 1636 2666 atque
1686 2597 1883 2669 dispo-

183 2665 314 2733 sito,
354 2667 401 2720 si
430 2685 537 2738 per
566 2675 681 2724 tres
709 2674 951 2742 angulos
987 2676 1228 2747 singulae
1273 2686 1440 2736 recta:
1479 2665 1643 2739 lineae
1674 2691 1885 2741 stantes

179 2761 494 2825 ponantur,
547 2759 752 2832 haeque
791 2767 906 2817 tres
945 2764 1296 2824 inclinentur
1334 2775 1396 2824 ut
1436 2773 1506 2826 ad
1550 2790 1729 2829 unum
1762 2792 1882 2830 me-

181 2843 345 2899 dium
403 2853 678 2917 punctum
727 2853 964 2907 vertices
1006 2855 1272 2927 jungant,
1316 2860 1379 2914 ﬁt
1426 2863 1700 2932 pyramis.
1748 2865 1881 2928 Qua:

178 2949 306 2988 cum
345 2952 381 2988 a
423 2937 709 3008 triangula
759 2941 879 2994 basi
910 2944 1164 3012 profecta
1192 2948 1302 3014 Lsit,
1346 2949 1528 3004 tribus
1576 2952 1882 3024 triangulis

178 3039 276 3093 per
303 3023 487 3079 latera
517 3029 876 3085 concluditur
909 3032 1015 3086 hoc
1040 3035 1207 3089 modo
1255 3054 1270 3090 :
1304 3038 1384 3092 Sit
1419 3055 1470 3105 a,
1521 3041 1576 3108 b,
1625 3058 1672 3108 c,
1709 3023 1881 3096 trian-

175 3114 399 3182 gulum,
434 3115 479 3168 si
507 3116 638 3170 huic
668 3117 844 3188 igitur
877 3120 1166 3192 triangula
1196 3141 1297 3196 per
1331 3134 1444 3182 tres
1477 3130 1722 3197 angulos
1758 3131 1877 3185 eri-

176 3207 392 3270 gantur
439 3204 628 3273 lineae,
685 3212 738 3262 et
768 3209 837 3263 ad
885 3227 1064 3266 unum
1116 3220 1390 3283 punctum
1451 3224 1878 3288 convertantur,

177 3292 331 3361 quod
370 3297 453 3346 est
482 3293 538 3359 d,
570 3295 649 3349 ita
678 3300 742 3350 ut
781 3298 816 3352 d
865 3306 1146 3368 punctum
1189 3320 1303 3358 non
1352 3306 1426 3360 sit
1470 3307 1532 3361 in
1577 3309 1748 3378 plano
1781 3311 1880 3364 sed

175 3381 458 3449 pendens,
492 3383 604 3438 illae
661 3379 870 3441 Scilicet
921 3389 1088 3443 linem
1128 3392 1200 3446 ad
1234 3393 1427 3463 ipsum
1459 3402 1660 3451 erecta:
1708 3398 1883 3452 verti-

175 3484 317 3535 cem,
358 3475 414 3524 et
445 3473 871 3542 quodammodo
911 3492 1184 3533 cacumen
1217 3480 1250 3534 d
1305 3482 1534 3550 facient,
1570 3490 1625 3539 et
1654 3486 1762 3540 erit
1793 3487 1886 3541 ba-

175 3558 246 3610 sis
279 3576 332 3625 a,
372 3559 428 3624 b,
476 3577 522 3613 c.
553 3578 734 3616 unum
769 3564 1144 3636 triangulum,
1196 3586 1301 3639 per
1350 3572 1525 3626 latera
1569 3591 1721 3640 vero,
1772 3576 1879 3629 tria

174 3648 489 3718 triangula,
515 3650 574 3703 id
605 3657 688 3704 est
714 3669 895 3708 unum
921 3655 1278 3728 triangulum
1307 3677 1359 3727 a,
1391 3661 1445 3724 d,
1481 3662 1536 3729 b,
1557 3663 1714 3718 aliud
1749 3680 1878 3718 vero

173 3734 229 3802 b,
264 3738 322 3805 d,
353 3753 405 3804 c,
439 3739 676 3794 tertium
707 3758 840 3799 vero
871 3759 920 3812 c,
953 3745 1009 3813 d,
1039 3748 1102 3819 la.

788 4911 1011 4966 CAPUT
1049 4913 1209 4968 XXII.

176 5027 244 5078 De
267 5025 356 5078 his
380 5025 700 5094 pyramidis
741 5042 858 5095 quae
888 5045 922 5081 α
956 5029 1248 5096 quadratis
1277 5030 1359 5084 vel
1409 5045 1443 5084 a
1486 5035 1691 5088 caeteris
1740 5035 1882 5088 mul-

463 5115 727 5182 tiangulis
757 5116 951 5185 ﬁguris
981 5123 1416 5188 proﬁciscuntur.

243 5227 390 5282 Item
424 5229 473 5283 si
505 5246 537 5283 a
562 5235 862 5302 tetragona
891 5233 1015 5288 basi
1047 5235 1464 5305 proﬁciscatur,
1500 5242 1555 5293 et
1595 5239 1664 5292 ad
1699 5254 1880 5293 unum

171 5317 447 5371 verticem
479 5317 602 5388 ejus
631 5320 797 5376 lineas
821 5322 1163 5393 dirigantur,
1198 5326 1306 5379 erit
1336 5326 1591 5397 pyramis
1624 5332 1874 5397 quatuor

173 5405 604 5478 triangulorum
645 5426 749 5479 per
795 5413 994 5478 latera,
1029 5429 1144 5468 uno
1193 5419 1416 5470 tantum
1478 5420 1779 5486 tetragono
1818 5417 1880 5471 in

173 5494 293 5549 basi
328 5497 537 5568 posito,
585 5515 756 5569 super
789 5517 963 5571 quam
1012 5503 1199 5574 ﬁgura
1230 5505 1353 5576 ipsa
1384 5505 1624 5562 fundata
1671 5510 1775 5571 est,
1824 5510 1882 5561 et

176 5584 222 5639 si
245 5602 277 5640 a
298 5591 630 5659 pentagono
652 5595 890 5662 surgant
911 5592 1169 5664 quinque
1192 5593 1378 5666 lineae,
1405 5595 1660 5668 quinque
1678 5610 1877 5652 rursus

537 5688 816 5756 PATROL.
867 5691 1093 5760 LXIII.

1531 281 1616 334 DE
1655 284 2134 343 ARITHMETICA
2178 291 2309 346 LIB.
2359 294 2424 346 II.

3571 319 3707 372 H30

1940 422 1984 475 A
2015 425 2268 494 pyramis
2316 426 2618 498 triangulis
2659 432 3065 503 continebitur,
3113 442 3168 492 et
3199 441 3245 494 si
3276 442 3346 496 ab
3376 444 3704 520 hexagono,

2017 527 2111 564 sex
2135 513 2434 584 triangulis
2466 517 2862 589 nihilominus,
2892 527 2947 577 et
2963 531 3443 602 quantoscunque
3462 513 3706 609 angulos

2014 599 2280 657 habuerit
2309 603 2496 674 ﬁgura
2527 623 2698 678 super
2721 627 2894 680 quam
2925 616 3178 684 pyramis
3207 599 3439 691 residet,
3472 599 3707 698 totipsa

2013 703 2117 758 per
2146 691 2322 746 latera
2352 694 2653 766 triangulis
2684 701 3035 767 continetur,
3071 710 3135 761 ut
3177 707 3236 762 in
3276 711 3543 783 subjectis
3585 691 3708 772 des-

2013 779 2392 850 criptionibus
2423 786 2614 855 palam
2651 793 2751 844 est.

2075 958 2330 1021 Pyramis
2358 973 2424 1009 ex
2456 963 2734 1026 tetragono

2773 1719 2824 1766 Α

2214 2312 2468 2372 Pyramis

2137 2387 2203 2423 ex
2235 2374 2523 2438 hexagono

2261 2497 2298 2542 //

2951 969 3205 1033 Pyramis
3236 986 3303 1024 ex
3337 980 3645 1043 pentagono

2720 2317 2976 2384 Pyramis
3195 2325 3448 2384 Pyramis

2650 2391 2717 2427 ex
2749 2381 3032 2444 ogdogono
3129 2398 3196 2436 ex
3232 2381 3536 2453 l'ieptagono

2624 2583 2865 3062 «Ἄ
2954 2857 2992 3014 Α
3085 2511 3480 3094 ὢ

2654 3009 2933 3094 \a..._\/
3044 3056 3053 3064 -
3200 3095 3365 3103 _.___

2630 3200 2852 3255 CAPUT
2890 3200 3072 3254 XXIII.

2344 3289 2652 3345 Solidorum
2684 3291 2958 3357 generatio
2989 3304 3333 3343 numerorum

2062 3379 2342 3433 Dicuntur
2373 3383 2563 3433 autem
2603 3378 2938 3447 huiusmodi
2969 3378 3295 3448 pyramides
3326 3377 3434 3432 hoc
3463 3378 3636 3432 modo
3671 3395 3682 3432 :

1992 3468 2180 3524 Prima
2209 3469 2459 3540 pyramis
2491 3469 2557 3524 de
2585 3469 2895 3538 triangula,
2929 3467 3178 3521 secunda
3219 3467 3472 3538 pyramis
3502 3467 3571 3521 de
3602 3471 3683 3521 te-

1991 3561 2251 3628 tragono,
2282 3558 2448 3612 tertia
2475 3557 2733 3628 pyramis
2778 3557 2847 3610 de
2877 3561 3223 3626 peutagono,
3262 3560 3467 3627 quarta
3513 3571 3688 3625 pyra—

1991 3647 2098 3702 mis
2121 3648 2189 3701 de
2215 3648 2532 3717 hexagono,
2555 3647 2753 3718 quinta
2772 3646 3023 3716 pyramis
3053 3646 3123 3700 de
3147 3646 3494 3716 heptagono.
3529 3645 3688 3700 Idem

1991 3736 2052 3790 in
2081 3737 2298 3791 caeteris
2345 3741 2570 3790 constat
2617 3735 2894 3789 numeris.
2927 3736 3066 3788 Nam
3125 3735 3399 3805 quoniam
3446 3735 3690 3788 lineares

1991 3843 2262 3881 numeros
2293 3842 2416 3880 esse
2449 3825 2701 3880 diximus
2741 3841 2839 3896 qui
2873 3824 2942 3879 ab
2979 3840 3094 3879 uno
3133 3823 3374 3896 profecti
3404 3824 3465 3878 in
3495 3823 3692 3880 inﬁni-

1992 3918 2116 3970 tum
2149 3918 2467 3982 currerent,
2500 3919 2565 3967 ut
2594 3917 2730 3967 sunt
2762 3929 2775 3968 :

2211 4038 3481 4101 1112131415161718191101

1995 4167 2091 4222 His
2132 4171 2324 4221 autem
2375 4165 2687 4221 ordinatim
2735 4165 3084 4236 compositis,
3131 4168 3188 4219 et
3231 4165 3292 4218 in
3343 4182 3400 4218 se
3444 4165 3691 4220 invicem

1996 4274 2127 4312 cum
2160 4257 2430 4312 distantia
2463 4255 2691 4326 junctis,
2728 4254 3057 4325 superﬁcies
3105 4253 3505 4316 nescabantur,
3552 4258 3614 4307 ut
3645 4252 3694 4307 si

1997 4363 2174 4401 unum
2207 4351 2264 4400 et
2287 4347 2396 4401 duo
2423 4347 2722 4416 jungeres,
2749 4343 2969 4415 primus
2991 4343 3313 4413 triangulus
3341 4345 3689 4410 nasceretur,

1987 4437 2043 4491 id
2078 4440 2160 4490 est
2192 4439 2242 4501 3,
2279 4441 2333 4490 et
2361 4452 2491 4490 cum
2517 4435 2606 4490 his
2633 4435 3082 4504 adjungeremus
3108 4433 3365 4499 tertium,
3388 4433 3446 4486 id
3470 4436 3554 4486 est
3585 4437 3693 4486 ter-

1988 4526 2239 4594 narium,
2308 4525 2567 4578 senarius
2632 4524 2958 4593 triangulus
3013 4539 3210 4576 rursus
3268 4525 3577 4589 ocurreret,
3640 4524 3696 4576 et

1988 4621 2120 4686 post
2147 4615 2268 4683 hos,
2310 4613 2615 4684 tctragoni,
2658 4630 2776 4668 uno
2812 4612 3152 4673 intermisso,
3208 4610 3519 4682 peutagoni
3557 4626 3692 4665 vero

1989 4706 2234 4774 duobus,
2264 4707 2550 4775 hcxagoni
2576 4705 2776 4771 tribus,
2807 4702 3150 4774 heptagoni,
3179 4702 3393 4756 relictis
3421 4707 3692 4774 quatuor,

1987 4796 2385 4849 nascebantur.
2433 4797 2592 4848 Nunc
2632 4811 2767 4848 vero
2803 4794 2870 4847 ad
2890 4793 3212 4846 solidorum
3231 4808 3538 4863 corporum
3559 4810 3692 4864 pro-

1989 4885 2359 4951 creationem,
2392 4883 2531 4949 ipsa:
2565 4883 2731 4938 nobis
2787 4881 3123 4952 superﬁcies
3163 4883 3506 4937 naturaliter
3543 4884 3693 4954 ﬁgu-

1988 4977 2124 5026 ratze
2157 4972 2513 5042 provenient,
2552 4975 2608 5025 et
2638 4971 2707 5026 ad
2760 4970 3048 5025 faciendas
3089 4969 3323 5041 quidem
3365 4972 3694 5042 pyramidas

1989 5077 2022 5115 a
2052 5061 2340 5130 triangulo
2375 5061 2484 5132 ipsi
2507 5059 2671 5115 nobis
2703 5059 2983 5129 trianguli
3008 5060 3394 5130 componendi
3423 5067 3575 5115 sunt.
3608 5062 3694 5116 Ad

1990 5151 2372 5222 procreandas
2403 5167 2535 5206 vero
2567 5150 2896 5222 pyramidas
2947 5167 2980 5204 a
3010 5154 3335 5222 tetragono,
3387 5148 3691 5220 tetragoui,

1989 5240 2060 5295 ad
2095 5258 2190 5294 eas
2221 5257 2354 5295 vero
2384 5257 2510 5312 quas
2541 5245 2674 5295 sunt
2701 5258 2733 5294 a
2773 5244 3124 5312 peutagono,
3164 5240 3479 5312 peutagoni
3509 5255 3692 5309 copu-

1994 5330 2152 5384 laudi
2182 5335 2336 5395 sunt,
2370 5336 2426 5383 et
2456 5331 2568 5384 illac
2601 5348 2725 5402 qua:
2759 5335 2891 5385 sunt
2921 5331 2992 5385 ab
3038 5331 3336 5400 hexagono
3382 5329 3468 5382 vel
3499 5328 3694 5399 hepta-

1995 5435 2168 5489 gono,
2204 5436 2321 5473 non
2354 5419 2462 5472 nisi
2493 5421 2929 5491 hexagonorum
2977 5420 3064 5473 vel
3095 5420 3554 5488 heptagouorum
3604 5435 3694 5473 co-

1994 5508 2290 5579 pulatione
2309 5513 2616 5562 nascentur
2630 5550 2642 5562 .
2667 5509 2886 5564 Primus
2902 5523 3037 5577 ergo
3050 5509 3331 5576 potestate
3347 5505 3688 5576 triangulus,

2002 5598 2189 5654 unitas
2221 5602 2324 5667 est,
2357 5598 2734 5672 eamdemque
2765 5599 2943 5655 etiam
2967 5610 3254 5668 ponemus
3286 5593 3494 5652 virtute
3523 5613 3663 5669 pyra

3223 5701 3309 5761 36
