4104 6176
544 255 668 308 1131

1880 251 1990 302 ΑΝ.
2033 249 2242 302 MANL.
2288 250 2433 304 SEV.
2479 250 2701 305 BOETll

3845 258 3952 309 H32

540 385 793 451 midem;
823 382 1100 437 secundus
1117 396 1247 434 vero
1268 379 1588 448 triangulus
1611 384 1694 432 est
1714 379 2018 447 ternarius,
2050 395 2223 449 quem
2262 381 2525 435 Ararum
2553 397 2671 433 esse
2703 379 3070 449 principium,
3111 378 3263 449 quod
3310 379 3493 433 omnis
3522 382 3754 449 pyramis
3782 399 3809 435 a
3845 400 3954 453 qua-

542 474 589 526 si
615 489 744 527 cum
790 470 977 540 primo
1018 469 1387 538 conjunxero,
1421 468 1477 521 id
1529 472 1613 520 est
1644 483 1772 520 cum
1811 467 2049 531 unitate,
2086 483 2221 537 qua-

539 560 788 617 ternaria
835 559 976 612 mihi
1031 557 1388 629 profunditas
1442 556 1755 627 pyramidis
1801 557 2089 611 excrescit.
2150 558 2222 609 At

538 667 671 705 vero
698 648 745 701 si
774 646 843 701 iis
891 650 1127 702 tertium
1160 646 1449 701 senarium
1474 648 1741 716 junxero,
1790 646 2025 700 denaria
2057 661 2222 716 pyra-

535 742 705 796 midis
734 740 1129 810 procreabitur
1148 739 1414 792 altitudo.
1451 739 1545 791 His
1564 739 1611 791 si
1634 737 1934 791 denarium
1951 738 2217 807 junxero,

530 833 601 885 20
640 838 1011 883 numerorum
1058 828 1312 898 pyramis
1346 827 1548 894 veniet,
1596 832 1766 898 atque
1794 827 1874 881 ita
1904 826 1964 880 in
2004 825 2221 880 cunctis

535 918 662 973 aliis
692 916 893 971 eadem
930 915 1070 969 ratio
1102 914 1484 985 copulationis
1515 920 1615 969 est.

1227 1030 1347 1076 Tria
1359 1044 1385 1075 n
1397 1028 1523 1075 culi.

544 1124 721 1191 __I_I_
778 1123 786 1179 I
844 1125 872 1172 3
933 1121 940 1178 l
1003 1123 1032 1170 6
1092 1106 2215 1186 ilo—“Ilii

1010 1216 1331 1277 Pyramides
1362 1228 1391 1260 τι
1422 1213 1730 1271 triangulis.

538 1434 600 1486 In
631 1433 734 1486 hac
762 1431 941 1500 igitur
970 1428 1377 1497 conjunctione
1409 1443 1636 1481 necesse
1668 1432 1750 1480 est
1774 1432 1838 1480 ut
1867 1444 2089 1497 semper
2124 1427 2221 1496 qui

537 1521 770 1575 ultimus
805 1520 874 1573 sit
904 1519 1339 1587 conjugatorum
1374 1532 1769 1583 numerorum,
1807 1516 1853 1568 is
1894 1516 2053 1586 quasi
2087 1532 2223 1586 quo-

535 1609 841 1665 dammodo
864 1609 1013 1661 basis
1046 1608 1133 1661 sit.
1169 1606 1395 1660 Cunctis
1426 1605 1580 1657 enim
1619 1605 1787 1659 latior
1810 1605 2102 1659 invenitur
2129 1626 2142 1671 ;
2167 1608 2222 1658 et

535 1699 633 1770 qui
665 1703 795 1751 ante
830 1696 1016 1766 ipsum
1059 1694 1284 1748 numeri
1318 1695 1767 1763 conjunguntur,
1821 1694 2071 1747 minores
2103 1710 2221 1747 esse
2265 1687 2303 1738 Β

534 1803 763 1841 necesse
782 1791 884 1849 est,
906 1800 1085 1854 usque
1110 1784 1245 1836 dum
1269 1784 1336 1836 ad
1361 1783 1641 1835 unitatem
1666 1783 1940 1835 detractio
1964 1788 2085 1836 rata
2105 1799 2225 1851 per-

537 1877 741 1941 veniat,
775 1890 902 1944 quaz
930 1873 1125 1942 puncti
1158 1871 1583 1941 quodammodo
1614 1875 1671 1924 et
1712 1872 1937 1925 verticis
1970 1872 2226 1925 obtineat

530 1963 742 2020 locum.
780 1965 1035 2032 Namque
1061 1961 1118 2014 in
1150 1964 1212 2014 10
1245 1960 1537 2031 pyramide
1565 1976 1738 2029 super
1768 1976 1864 2014 sex
1894 1961 2069 2014 additi
2094 1966 2225 2015 sunt

534 2056 564 2107 3
595 2058 761 2122 atque
796 2068 963 2113 unus,
999 2050 1097 2120 qui
1142 2050 1399 2103 senarius
1430 2052 1661 2118 superat
1709 2048 2021 2102 ternariam
2051 2066 2224 2119 quan-

531 2142 775 2206 titatem,
793 2139 904 2209 ipsi
929 2155 1061 2193 vero
1085 2144 1197 2193 tres
1227 2154 1407 2191 unum
1432 2138 1759 2207 pluralitate
1784 2139 2222 2203 transcendunt,

532 2229 632 2300 qui
652 2245 802 2282 unus
825 2234 1148 2282 extremum
1179 2228 1490 2281 terminum
1514 2227 1929 2297 progressionis
1962 2227 2219 2281 offendit.

530 2317 741 2372 Similis
787 2333 1016 2387 quoque
1063 2316 1205 2369 ratio
1256 2317 1316 2369 in
1361 2316 1581 2369 caeteris
1630 2315 1875 2385 prospici
1918 2321 2125 2385 potest,
2178 2315 2224 2369 si

531 2422 731 2460 eorum
762 2406 1190 2475 procreationes
1221 2404 1550 2473 diligentius
1577 2404 1825 2457 volueris
1858 2405 2219 2475 perscrutari.

530 2494 646 2547 Illae
673 2509 804 2547 vero
835 2510 962 2563 quae
991 2498 1121 2546 sunt
1151 2510 1181 2546 a
1211 2497 1509 2562 tetragono
1544 2493 1888 2562 pyramides,
1920 2494 2119 2547 eadem
2148 2498 2225 2547 te-

526 2586 902 2651 tragonorum
956 2599 1126 2651 super
1172 2598 1229 2635 se
1284 2582 1695 2650 compositione
1741 2586 2070 2635 nascuntur.
2121 2585 2223 2637 De-

528 2670 754 2740 scriptis
787 2671 935 2725 enim
973 2671 1188 2724 cunctis
1221 2670 1579 2740 tetragonis,,
1613 2669 1668 2723 id
1701 2675 1785 2723 est
1818 2686 1830 2724 :

528 2906 571 2960 si
638 2906 919 2961 unitatem
982 2906 1231 2976 primam
1291 2922 1355 2959 ex
1416 2906 1521 2959 hac
1581 2906 1953 2975 dispositione
2010 2923 2222 2977 prazsu-

2328 484 2549 538 cunque
2573 468 2691 522 basi
2718 468 2990 537 profecta,
3011 468 3096 521 vel
3118 484 3150 521 a
3170 467 3467 538 quadrato,
3491 469 3577 521 vel
3603 485 3631 521 a
3652 474 3947 541 pentagona,

2327 558 2413 611 vel
2446 557 2513 611 ab
2545 558 2863 629 hexagono,
2886 557 2972 610 vel
3003 557 3072 611 ah
3102 557 3449 627 heptagono,
3484 558 3569 612 vel
3601 574 3632 611 a
3659 575 3949 633 quocunque

2327 646 2624 712 similium,
2665 647 2798 702 solis
2845 646 3148 717 triangulis
3195 662 3375 718 usque
3405 645 3477 701 ad
3524 647 3775 703 verticem
3802 650 3948 704 conti-

2329 740 2517 790 netur.

2950 824 3175 878 CAPUT
3212 823 3387 878 XXIV.

2864 914 2935 967 De
2981 916 3147 967 curtis
3183 912 3512 982 pyramidis.

2404 1027 2557 1081 Scire
2608 1030 2799 1081 autem
2831 1030 3059 1097 oportet
3105 1043 3231 1098 qum
3286 1032 3424 1083 sunt
3470 1022 3649 1082 curtae
3673 1027 3952 1098 pyramides,

2329 1117 2413 1171 vel
2446 1133 2575 1187 quae
2606 1115 2691 1171 bis
2721 1122 2917 1183 curtae,
2961 1117 3048 1171 vel
3089 1133 3218 1187 qua:
3249 1122 3338 1171 ter
3366 1122 3565 1182 curtae,
3593 1118 3675 1173 vel
3705 1122 3889 1189 quater,
3915 1122 3950 1172 et

2329 1205 2596 1277 deinceps
2644 1208 2956 1260 secundum
2996 1222 3370 1260 numerorum
3421 1206 3801 1276 adjectionem.
3848 1209 3949 1260 Pcr-

2328 1295 2478 1350 fecta
2516 1296 2669 1349 enim
2694 1296 2946 1365 pyramis
2975 1299 3059 1349 est
3092 1312 3242 1365 quae,
3267 1312 3299 1349 a
3328 1296 3589 1366 qualibet
3605 1295 3717 1350 basi
3739 1296 3947 1366 profecta,

2329 1398 2508 1453 usque
2537 1383 2606 1436 ad
2639 1384 2885 1453 primam
2916 1383 2969 1435 vi
3013 1389 3071 1437 et
3101 1388 3381 1452 potestate
3425 1384 3777 1454 pyramidum
3805 1400 3947 1454 perve-

2330 1471 2417 1525 nit
2439 1476 2737 1526 unitatem.
2763 1473 2862 1526 Sin
2885 1489 3038 1539 vero,
3062 1490 3092 1525 a
3110 1474 3367 1543 qualibet
3387 1472 3519 1527 basi
3543 1474 3794 1543 profecta,
3815 1488 3945 1543 usque

2332 1560 2400 1612 ad
2434 1561 2713 1614 unitatem
2744 1561 2987 1615 altitudo
3026 1562 3123 1614 illa
3154 1577 3272 1615 non
3313 1562 3557 1627 venerit,
3608 1567 3757 1615 curta
3782 1562 3947 1614 vocabi-

2328 1652 2440 1702 tur.
2474 1649 2759 1720 Recteque
2799 1650 3139 1719 hujusmode
3167 1651 3417 1720 pyramis
3450 1651 3553 1705 tali
3587 1650 3941 1721 nuncupatione

2334 1738 2613 1807 signatur,
2642 1738 2684 1790 si
2718 1754 2898 1808 usque
2929 1739 2999 1792 ad
3027 1740 3450 1793 extremitatem
3484 1747 3845 1811 punctumque
3868 1756 3946 1792 non

2328 1827 2563 1879 venerit.
2603 1828 2733 1880 [Ima
2764 1834 2957 1881 autem
2987 1834 3090 1896 est,
3125 1833 3188 1882 ut
3214 1828 3262 1881 si
3284 1830 3412 1900 quis
3450 1832 3513 1883 l6
3544 1834 3818 1899 tetragono
3842 1828 3941 1898 adji-

2332 1916 2441 1968 ciat
2472 1917 2523 1979 9,
2559 1921 2731 1986 atque
2762 1916 2893 1969 huic
2922 1917 2973 1983 4,
3017 1921 3073 1971 et
3117 1917 3187 1971 ab
3221 1917 3508 1971 ulterioris
3558 1935 3673 1972 sese
3703 1918 3945 1987 adjectione

2333 2004 2571 2058 unitatis
2602 2006 2933 2076 suspendat,
2980 2006 3235 2076 pyramis
3280 2007 3519 2077 quidem
3563 2008 3737 2078 ﬁgura
3777 2012 3856 2073 est,
3883 2006 3945 2058 sed

2329 2094 2604 2163 quoniam
2656 2110 2836 2165 usque
2879 2094 2947 2148 ad
2995 2110 3269 2149 cacumen
3324 2096 3556 2150 verticis
3602 2112 3710 2150 non
3753 2096 3944 2159 excrevit,

2332 2187 2493 2235 curta
2546 2184 2861 2250 vocabitur,
2915 2188 2971 2236 et
3011 2184 3247 2239 habebit
3300 2185 3689 2239 summitatem
3731 2202 3829 2239 non
3866 2185 3944 2253 jam

2329 2275 2610 2340 punctum
2662 2272 2813 2341 quod
2844 2272 3037 2325 unitas
3066 2277 3169 2339 est,
3204 2273 3301 2327 sed
3342 2274 3722 2344 superﬁciem,
3753 2273 3945 2345 quodest

2333 2357 2573 2427 quilibet
2600 2375 2874 2413 numerus
2906 2361 3219 2415 secundum
3252 2362 3406 2415 basis
3440 2363 3595 2417 illius
3626 2364 3836 2434 angulos
3860 2377 3945 2432 por-

2336 2451 2543 2513 rectus,
2581 2452 2753 2518 atque
2783 2449 3019 2503 ultimus
3059 2457 3426 2522 aggregatus.
3463 2453 3605 2508 Nam
3652 2453 3692 2506 si
3722 2458 3944 2520 tetragona

2331 2533 2503 2589 fuerit
2532 2534 2705 2603 basis,
2747 2538 3028 2607 quadrata
3067 2540 3454 2595 diminutione
3499 2558 3716 2612 semper
3742 2538 3943 2601 ascendit,

2332 2628 2389 2677 et
2428 2624 2475 2676 si
2500 2631 2826 2696 pentagona
2872 2626 3025 2681 basis
3057 2628 3345 2697 similiter,
3378 2636 3437 2685 et
3482 2632 3528 2684 si
3572 2632 3848 2702 bexagona,
3881 2628 3943 2680 illa

2332 2727 2561 2784 quoque
2614 2715 2817 2769 ultima
2870 2717 3202 2786 superﬁcies
3257 2719 3367 2773 erit
3404 2720 3716 2791 hexagona.
3760 2720 3875 2787 Ergo
3906 2717 3941 2767 in

2330 2808 2490 2855 curta
2521 2804 2835 2873 pyramide,
2869 2808 2954 2859 tot
3001 2806 3111 2860 erit
3148 2808 3500 2879 angulorum
3531 2807 3825 2879 superﬁcies
3848 2812 3942 2875 quot

2331 2890 2501 2945 fuerit
2532 2892 2701 2946 basis.
2744 2892 2799 2946 Si
2825 2910 2959 2947 vero
3000 2894 3102 2950 illa
3130 2897 3381 2967 pyramis
3427 2914 3544 2952 non
3575 2898 3745 2951 solum
3774 2895 3829 2949 ad
3854 2893 3939 2946 uni-

527 3011 681 3063 nam,
720 2996 829 3049 erit
868 2995 1009 3049 mihi
1041 3000 1321 3065 potestate
1366 3000 1420 3048 et
1448 2995 1499 3047 vi
1543 2996 1793 3066 pyramis
1842 2996 1963 3065 ipsa
2007 2998 2215 3063 unitas,
2262 2989 2301 3043 C
2328 2982 2503 3033 tatem
2558 2982 3092 3055 θκίτθωίίείθωίίυθ
3150 3000 3268 3039 non
3319 2987 3607 3057 Pervenit:
3664 2984 3749 3038 sed
3776 2999 3855 3036 nec
3893 2980 3937 3031 ad

529 3085 789 3139 nondum
823 3085 994 3139 etiam
1031 3100 1204 3155 opere
1245 3088 1414 3154 atque
1449 3089 1597 3137 actu.
1633 3088 1705 3138 At
1740 3084 1787 3137 si
1813 3084 1946 3138 huic
1978 3090 2219 3155 tetrago-

527 3191 667 3229 num
690 3190 1097 3244 superponam,
1130 3174 1185 3227 id
1205 3175 1361 3239 estis,
1395 3178 1658 3227 nascetur
1688 3174 1939 3244 pyramis
1962 3175 2217 3246 quinque

526 3280 904 3318 numerorum
935 3279 1061 3333 qua:
1100 3262 1324 3317 duobus
1367 3267 1591 3317 tantum
1623 3264 1881 3317 numeris
1909 3279 2011 3334 per
2041 3264 2216 3317 latera

526 3352 727 3421 positis
748 3351 1094 3405 continetur.
1130 3350 1227 3404 Sin
1258 3368 1391 3405 vero
1416 3351 1504 3405 his
1534 3357 1837 3422 sequentes
1873 3355 1903 3406 9
1935 3352 2213 3421 adjecero,

524 3440 624 3493 ﬁet
657 3438 799 3492 mihi
845 3440 905 3491 14
934 3454 1308 3492 numerorum
1348 3440 1534 3493 forma
1572 3441 1906 3510 pyramidis,
1955 3458 2083 3511 qua:
2116 3457 2216 3511 per

524 3528 703 3581 latera
732 3526 915 3581 trtbus
960 3527 1273 3581 unitatibus
1315 3528 1703 3582 concludatur.
1757 3533 1941 3599 Atque
1990 3530 2121 3583 huic
2167 3530 2214 3583 si

524 3621 857 3685 sequentem
906 3619 1271 3685 tetragonum
1331 3619 1393 3669 16
1452 3632 1855 3686 superponam,
1914 3616 2214 3671 tricenaria

523 3704 667 3759 mihi
728 3704 1039 3775 pyramidis
1080 3704 1265 3758 forma
1313 3705 1670 3775 producitur.
1733 3706 1793 3757 lu
1848 3705 1937 3758 his
1982 3722 2210 3777 quoque

521 3793 790 3848 omnibus
839 3793 1234 3863 pyramidibus
1266 3798 1350 3847 tot
1388 3798 1554 3847 erunt
1605 3794 1849 3847 unitates
1896 3810 2001 3864 per
2032 3795 2212 3849 latera

520 3888 751 3955 quanta:
790 3882 849 3935 in
888 3898 945 3935 se
976 3882 1189 3936 fuerint
1220 3899 1596 3938 numerorum
1633 3888 1956 3954 aggregatne
1986 3884 2211 3954 quanti-

518 3978 681 4028 tates.
726 3975 862 4027 Nam
910 3972 1115 4037 unitas,
1172 3988 1301 4042 quae
1351 3972 1540 4043 prima
1584 3974 1836 4044 pyramis
1872 3978 1974 4040 est,
2026 3991 2208 4027 unum

516 4064 701 4118 solum
725 4062 784 4115 id
814 4065 898 4115 est
926 4061 1193 4131 seipsam,
1238 4063 1385 4132 gerit
1429 4064 1491 4117 in
1521 4064 1718 4117 latere.
1766 4064 2026 4133 Quinque
2074 4080 2207 4117 vero

516 4169 642 4224 qua:
673 4154 935 4206 constant
971 4166 1038 4203 ex
1078 4155 1097 4205 1
1145 4157 1200 4205 et
1240 4151 1293 4218 4,
1327 4152 1549 4207 duobus
1594 4169 1697 4223 per
1726 4154 1904 4207 latera
1949 4150 2209 4221 designa-

514 4245 627 4307 tur,
652 4245 709 4294 et
750 4240 833 4307 14,
863 4256 993 4311 quae
1024 4256 1089 4294 ex
1116 4240 1298 4294 tribus
1321 4242 1576 4296 numeris
1608 4242 1939 4312 compositis
1976 4243 2061 4309 ﬁt,
2093 4248 2205 4297 ter-

2329 3067 2582 3138 Pl‘lmum
2631 3086 2861 3143 quoque
2909 3088 3081 3143 opere
3129 3079 3183 3128 et
3226 3079 3356 3129 actu
3400 3075 3819 3146 multiangulum
3854 3071 3935 3139 ejus

2328 3158 2554 3227 generis
2583 3161 2746 3229 cujus
2777 3160 2951 3215 fuerit
2974 3162 3148 3229 basis,
3183 3164 3270 3218 bis
3310 3170 3473 3218 curta
3513 3163 3800 3228 vocabitur,
3827 3164 3871 3213 ut
3892 3157 3936 3219 Si.

2328 3262 2359 3299 a
2402 3251 2462 3301 16
2512 3252 2812 3319 tetragono
2859 3250 3246 3321 proﬁciscens,
3304 3269 3491 3324 usque
3543 3254 3599 3306 in
3649 3249 3933 3305 9terminum

2324 3341 2522 3405 ponat,
2554 3354 2742 3409 neque
2794 3346 3079 3395 excrescat
3118 3342 3189 3395 ad
3228 3342 3279 3406 4,
3317 3347 3375 3395 et
3420 3346 3773 3413 quotcunque
3812 3342 3932 3390 tetra-

2323 3427 2462 3497 goni
2499 3429 2809 3496 defuerint,
2842 3432 3051 3486 totiens
3084 3449 3209 3487 eam
3241 3438 3468 3487 curtam
3501 3449 3619 3488 esse
3644 3432 3867 3487 dicemus.
3892 3426 3933 3478 [ι

2324 3515 2372 3569 si
2403 3518 2591 3571 unitas
2622 3519 2866 3574 defuerit
2906 3520 3128 3591 primus
3168 3524 3503 3594 quadratus,
3550 3527 3767 3585 curtam,
3812 3530 3930 3587 quam

2323 3605 2501 3659 Graeci
2557 3607 2803 3663 koluron
2846 3616 3071 3665 vocant.
3122 3612 3178 3666 Si
3225 3629 3360 3666 vero
3415 3613 3640 3667 duobus
3677 3605 3930 3678 tetrag'ouiS.

2322 3694 2535 3765 deﬁcit,
2564 3696 2621 3750 id
2652 3702 2736 3751 est
2765 3698 2984 3755 unitate
3017 3704 3071 3754 et
3118 3717 3184 3755 eo
3213 3701 3310 3772 qui
3338 3702 3618 3773 sequitur,
3664 3702 3853 3753 vocatur
3871 3692 3927 3745 bis

2319 3789 2499 3846 curta,
2528 3802 2702 3855 quam
2742 3788 2919 3842 Graeci
2952 3789 3262 3845 dikoluron
3296 3793 3607 3862 appellant.
3648 3787 3786 3854 Quod
3809 3784 3843 3838 si
3862 3780 3926 3834 tri-

2318 3870 2424 3924 bus
2448 3875 2777 3944 tetragonis,
2810 3881 2897 3929 ter
2935 3882 3096 3932 curta
3129 3879 3337 3933 dicitur
3376 3896 3554 3949 quam
3580 3878 3741 3935 Graeci
3765 3870 3927 3928 tricolu-

2318 3976 2423 4015 ron
2455 3964 2775 4031 nominant,
2818 3971 2875 4020 et
2898 3967 3289 4039 {quotcunque
3333 3970 3622 4040 tetragoni
3656 3958 3927 4022 fuerintni-

2318 4064 2425 4103 nus
2455 4052 2663 4105 totiens
2710 4052 2867 4108 illam
2922 4055 3279 4126 pyramidem
3323 4062 3550 4111 curtam
3593 4072 3702 4111 esse
3729 4044 3925 4124 ριιοροηὶ·

2318 4153 2464 4193 mus.
2523 4141 2638 4193 Hoc
2667 4144 2861 4196 autem
2891 4159 3010 4197 non
3037 4144 3225 4198 solum
3256 4162 3289 4199 a
3337 4150 3641 4217 tetragono
3668 4134 3923 4215 pyramidis,

2317 4227 2412 4281 sed
2454 4226 2514 4282 in
2544 4230 2810 4285 omnibus
2840 4231 2911 4285 ab
2955 4233 3115 4288 omni
3144 4235 3533 4307 multiangulo
3581 4223 3924 4307 progredienti-

520 4290 627 4307 -__,
659 4290 708 4294 η
754 4290 833 4307 __,
870 4290 991 4311 Γ--
1031 4290 1089 4294 -_
1124 4290 1223 4294 --__
1242 4290 1293 4293 η
1322 4290 1573 4296 -η-------
1613 4290 1937 4312 ---ηπ-η--
1977 4290 2061 4309 _-,
2099 4290 2171 4297 η-

511 4330 677 4385 nario
708 4344 950 4383 numero
980 4328 1041 4383 in
1073 4330 1248 4383 latere
1278 4330 1465 4399 posito
1505 4331 1886 4387 constituitur.
1927 4334 2081 4387 Hanc
2109 4349 2205 4387 au-
2246 4290 2287 4343 Β
2316 4315 2421 4371 bus
2452 4319 2735 4388 ³Ρθου1ειτί
2764 4320 2917 4376 licet-

510 4422 630 4474 tem
659 4418 1022 4490 pyramidum
1052 4419 1486 4490 generationem
1517 4425 1801 4477 monstrat
1830 4421 2082 4492 subjecta
2112 4422 2208 4476 de-

512 4506 745 4577 scriptio
778 4523 791 4561 :

1200 4610 1505 4669 Totragonl.

522 4692 1795 4777 Γ.
1814 4699 1843 4748 8
1856 4692 1985 4762 .|__Lt
2002 4696 2105 4760 00_|

984 4788 1306 4853 Pyramides
1341 4802 1371 4835 a
1408 4787 1717 4842 totragonis.

1936 4882 1944 4937 |
1976 4876 2111 4934 δεδι

1336 4761 1513 4768 ..ρ-..-

1874 4864 2193 4875 _____________

600 4894 837 4952 Illi

1818 4940 2194 4949 ___-_._.————_

511 5021 577 5075 Et
608 5020 678 5074 ad
718 5019 982 5073 eumdem
1015 5021 1247 5075 modum
1292 5025 1511 5076 cunctae
1564 5037 1597 5075 a
1645 5022 1866 5077 caeteris
1915 5023 2193 5079 multian-

507 5111 659 5183 gulis
689 5109 957 5180 profecta:
984 5109 1201 5177 forma,
1236 5110 1295 5164 in
1319 5110 1536 5165 altioris
1569 5127 1807 5165 summa!
1849 5113 2029 5183 spatia
2071 5130 2199 5184 pro-

507 5203 813 5257 ducuntur.
844 5199 1043 5254 Omnis
1073 5200 1227 5253 enim
1259 5202 1575 5255 multorum
1607 5203 1951 5271 angulorum
1990 5203 2192 5270 forma,

507 5304 575 5341 ex
607 5288 693 5340 sui
719 5286 941 5355 generis
971 5286 1157 5356 ﬁgura
1188 5288 1391 5342 unitati
1423 5290 1803 5361 superposita,
1857 5290 1925 5344 ab
1959 5307 2074 5345 uno
2110 5292 2194 5345 in-

505 5374 896 5443 gredientibus
954 5390 1015 5428 ac
1072 5373 1435 5444 pyramidum
1491 5378 1915 5432 constituendas
1980 5379 2192 5449 ﬁguras

506 5479 684 5532 usque
716 5464 773 5516 in
802 5462 1024 5516 inlinila
1056 5463 1443 5532 progreditur.
1480 5465 1547 5518 Et
1576 5483 1641 5519 ex
1670 5467 1777 5520 hoc
1806 5467 2073 5538 equidem
2106 5485 2193 5538 ap-

502 5564 703 5618 parere
732 5568 961 5607 necesse
992 5558 1077 5607 est
1105 5552 1422 5622 triangulas
1447 5554 1663 5609 formas
1685 5560 2022 5613 ceterarum
2051 5556 2193 5629 ﬁgu-

2954 4419 3181 4475 CAPUT
3219 4421 3369 4476 XXV.

2310 4514 2387 4567 De
2408 4513 2580 4582 subis,
2607 4517 2690 4570 vel
2736 4518 3027 4587 asseribus,
3074 4521 3157 4575 vel
3186 4521 3483 4589 laterculis,
3539 4520 3619 4575 vel
3664 4517 3830 4583 cuneis,
3867 4508 3922 4565 υεῙ

2565 4604 2845 4673 sphcericis
2876 4611 2926 4662 et
2959 4610 3434 4681 parallelipipedis
3460 4612 3707 4665 numeris.

2377 4720 2455 4773 Ac
2489 4719 2558 4773 de
2585 4721 2779 4775 solidis
2799 4723 3032 4793 quidem
3065 4741 3195 4796 quae
3226 4727 3538 4798 pyramidis
3566 4727 3785 4781 formam
3821 4712 3919 4771 obti-

2308 4812 2446 4861 nent
2475 4808 2770 4880 azqualiter
2790 4814 3198 4885 crescentibus,
3230 4821 3287 4870 et
3317 4833 3349 4870 a
3369 4818 3601 4888 propria
3630 4816 3764 4868 velut
3788 4804 3917 4863 radice
3994 4872 3995 4888 ἦ

2306 4898 2676 4970 multiauguli
2707 4901 2891 4973 ﬁgura
2936 4905 3461 4975 progredientibus,
3496 4907 3703 4961 dictum
3745 4904 3824 4954 est.
3855 4894 3913 4946 ESt

2305 4986 2416 5040 alia
2442 5004 2636 5043 rursus
2668 4993 2933 5062 quadam
2967 5010 3274 5066 corporum
3306 4997 3615 5051 solidorum
3659 4980 3913 5047 ordinabilir'

2304 5079 2661 5146 compositio,
2695 5097 2895 5136 eorum
2929 5085 3027 5155 qui
3060 5085 3331 5141 dicuntur
3361 5087 3491 5142 cubi
3519 5087 3601 5140 vel
3631 5093 3833 5139 asseres,
3856 5069 3909 5120 *ει

2304 5164 2583 5234 laterculi,
2613 5170 2699 5223 vel
2743 5172 2930 5240 cunei,
2964 5174 3050 5227 vel
3092 5175 3355 5245 sphaerae,
3394 5177 3477 5229 vel
3521 5156 3909 5246 parallelipipedl-

2304 5269 2433 5325 quae
2476 5262 2608 5312 sunt
2667 5261 2931 5331 quotiens
2991 5264 3325 5333 superﬁcies
3373 5269 3569 5319 contra
3621 5278 3675 5315 se
3718 5260 3839 5315 sunt,
3876 5252 3909 5296 εί

2300 5343 2479 5399 ductae
2522 5346 2582 5400 in
2613 5347 2903 5404 inﬁnitum
2934 5367 3232 5423 nunquam
3286 5355 3638 5408 concurrent.
3686 5335 3906 5415 Dispositis

2302 5433 2458 5487 enim
2489 5435 2549 5488 in
2581 5438 2841 5493 ordinem
2872 5443 3213 5513 tetragonis.
