4104 6176
226 247 362 300 H33

1539 251 1628 302 DE
1668 250 2135 304 ARlTHMETICA
2176 249 2308 303 LIB.
2352 249 2423 301 II.

3580 254 3719 307 1134

214 379 496 449 quoniam
520 378 581 432 hi
605 379 786 433 solam
824 378 1247 449 longitudinem
1280 379 1759 450 latitudinemque
1788 395 1913 433 sor-
1954 382 1998 435 A
2028 379 2139 432 ciat
2162 379 2247 433 bis
2273 384 2385 433 tres
2424 382 2649 449 quater,
2684 379 2772 433 vel
2800 383 2884 432 ter
2906 382 3111 449 quater
3139 379 3467 451 quinquies,
3489 387 3545 437 et
3602 383 3715 437 alia

211 469 301 523 titi
334 474 488 531 sunt,
539 473 593 523 et
645 469 948 523 altitudine
980 475 1197 535 carent,
1261 469 1307 523 si
1338 486 1440 540 per
1498 470 1678 524 latera
1728 470 1907 524 solam

213 574 392 613 unam
414 558 946 629 multiplicationem
962 560 1257 628 recipiant,
1288 559 1570 629 aequalem
1593 560 1915 629 provehunt

213 649 687 719 profunditatem.
723 649 865 702 Nam
894 652 1140 719 quatuor
1162 654 1518 719 tetragonus,
1552 650 1694 703 duos
1743 647 1916 703 habet

214 739 277 792 in
338 738 533 805 latere,
587 743 643 791 et
685 743 853 791 natus
884 742 967 792 est
997 754 1062 791 ex
1091 737 1178 791 bis
1208 738 1449 793 duobus.
1484 738 1573 792 Bis
1606 738 1759 791 enim
1802 738 1913 792 duo

214 831 467 897 quatuor
509 825 745 881 faciunt.
794 828 904 880 llos
950 842 1085 897 ergo
1131 826 1275 881 duos
1324 843 1388 880 ex
1420 827 1598 898 ipsius
1642 828 1819 881 latere
1869 826 1914 880 si

214 916 563 986 multiplices
596 915 916 986 aequaliter,
967 915 1097 968 cubi
1151 916 1333 970 torma
1364 922 1645 971 nascetur.
1692 917 1833 970 Nam
1868 915 1915 969 si

213 1004 307 1059 bis
347 1006 509 1059 binos
562 1006 647 1060 bis
677 1005 871 1072 facies,
901 1006 1211 1075 ,octouaria
1262 1008 1551 1077 quantitas
1582 1008 1797 1075 crescit,
1859 1010 1917 1060 et

218 1100 304 1148 est
344 1095 569 1165 primus
590 1096 681 1149 hic
722 1096 919 1148 cubus.
958 1096 1171 1149 Novem
1220 1112 1346 1149 vero
1378 1102 1733 1166 tetragonus,
1770 1112 1913 1166 quo-

217 1185 379 1238 niam
410 1187 439 1238 3
481 1185 653 1238 habet
682 1184 742 1238 in
780 1186 979 1250 latere,
1030 1190 1087 1239 et
1113 1184 1293 1239 factus
1324 1190 1408 1239 est
1452 1202 1518 1239 ex
1550 1186 1733 1239 tribus
1770 1185 1826 1237 in
1857 1201 1914 1238 se

217 1274 637 1343 multiplicatis,
670 1274 715 1326 si
748 1274 901 1327 enim
924 1290 1095 1327 unam
1147 1274 1335 1328 lateris
1378 1274 1914 1343 multiplicationem

218 1364 576 1433 adjunxeris,
624 1379 819 1416 rursus
877 1362 1021 1416 alius
1062 1364 1240 1417 cubus
1273 1361 1477 1433 aequali
1520 1363 1760 1415 latorum
1792 1362 1914 1415 for-

218 1452 477 1506 matione
530 1453 748 1505 crescit.
801 1454 907 1505 Ter
938 1452 1092 1506 enim
1130 1457 1245 1505 tres
1277 1452 1324 1503 si
1375 1450 1541 1504 tertio
1564 1450 1811 1513 duxeris,
1847 1452 1917 1502 27

214 1542 349 1596 cubi
378 1542 563 1611 ﬁgura
588 1540 939 1611 producitur.
976 1541 1043 1593 Et
1072 1542 1149 1606 16,
1193 1540 1291 1609 qui
1323 1546 1408 1592 est
1437 1555 1503 1591 ex
1548 1540 1602 1605 4,
1638 1538 1683 1591 si
1714 1542 1917 1607 quater

212 1638 504 1701 augescat,
543 1631 837 1700 sexaginta
880 1634 1127 1700 quatuor
1172 1629 1347 1681 cuhus
1376 1627 1497 1698 pari
1530 1628 1773 1680 laterum
1827 1626 1912 1679 di-

213 1722 519 1776 mensione
552 1720 913 1780 crassabitur,
936 1724 989 1772 et
1021 1723 1323 1787 sequentes
1355 1717 1585 1786 quidem
1605 1716 1910 1786 tetragoni,

220 1812 537 1865 secundum
570 1809 835 1863 eumdem
852 1808 1107 1873 modum,
1126 1805 1595 1876 multiplicatione
1610 1806 1773 1870 facta,
1790 1822 1916 1875 pro-

220 1901 533 1955 vehuntur.
568 1900 675 1951 Tot
705 1903 896 1951 autem
928 1913 1153 1949 necesse
1194 1899 1277 1948 est
1307 1895 1556 1948 unitates
1593 1894 1773 1947 cubus
1806 1895 1915 1948 ha-

214 1990 353 2044 bent
384 1989 441 2042 in
472 1989 669 2055 latere,
698 1992 841 2057 quot
871 1986 1068 2038 habuit
1101 1985 1322 2055 primus
1350 1984 1443 2036 ille
1471 1988 1807 2052 tetragonus
1847 2000 1916 2037 ex

218 2096 339 2151 quo
382 2080 501 2149 ipse
533 2077 841 2147 productus
864 2081 963 2128 est.
1012 2076 1149 2126 Nam
1192 2074 1466 2142 quoniam
1507 2076 1535 2125 4
1578 2078 1915 2141 tetragouus

220 2172 366 2224 duos
395 2173 621 2222 tantum
649 2166 940 2236 {numeros
967 2163 1137 2217 habet
1168 2162 1225 2215 in
1271 2163 1462 2215 latere.
1500 2161 1643 2214 duos
1687 2177 1915 2231 quoque

218 2259 398 2313 habet
427 2256 751 2311 octonarius
777 2253 976 2320 cubus,
1002 2257 1058 2305 et
1097 2251 1370 2322 quoniam
1401 2266 1609 2304 novem
1654 2255 1915 2320 tetrago-

220 2365 335 2404 nus
375 2346 554 2401 tribus
612 2360 714 2415 per
768 2344 915 2397 latus
970 2339 1289 2395 unitatibus
1351 2340 1728 2409 ﬁgurabatur,
1792 2340 1912 2393 solo

220 2437 480 2493 ternario
512 2439 578 2489 27
611 2433 739 2488 cubi
778 2433 927 2485 latus
958 2435 1215 2500 urgetur.
1252 2430 1317 2482 Et
1347 2428 1619 2499 quoniam
1650 2431 1709 2482 16
1742 2430 1911 2482 tetra-

219 2541 411 2600 gonus
436 2531 680 2597 quatuor
723 2522 1010 2576 unitatum
1054 2520 1201 2573 latus
1246 2518 1513 2583 habebat,
1558 2517 1795 2571 totidem
1845 2518 1914 2571 64

217 2619 403 2673 cubus
434 2616 493 2669 in
516 2616 691 2669 latere
722 2610 967 2687 gestabit
1003 2610 1267 2663 unitates.
1295 2608 1482 2671 Quare
1530 2607 1700 2660 etiam
1747 2606 1802 2659 vi
1858 2612 1916 2661 et

216 2710 502 2779 potestate
523 2701 703 2769 ~cubi,
742 2700 893 2771 quod
921 2702 1004 2753 est
1031 2698 1242 2763 unitas,
1279 2712 1427 2749 unus
1459 2695 1566 2748 erit
1607 2695 1665 2747 in
1714 2696 1909 2749 latere.

215 2795 422 2853 Omnis
454 2793 606 2847 enim
649 2797 979 2860 tetragonus
1012 2803 1124 2840 una
1175 2785 1407 2856 quidem
1448 2783 1777 2855 superﬁcies
1832 2787 1915 2837 est

216 2890 475 2958 quatuor
505 2882 865 2952 angulorum,
897 2878 1251 2946 totidemque
1273 2876 1535 2928 laterum.
1572 2874 1770 2927 Omnis
1810 2890 1913 2927 au-

212 2982 337 3031 tem
370 2974 549 3029 cubus
581 2972 680 3043 qui
710 2987 778 3024 ex
804 2974 1236 3037 tetragonorum
1264 2964 1564 3034 superficie
1604 2963 1662 3016 in
1678 2962 1914 3033 profun-
1952 2982 1991 3037 ρ

214 3067 460 3122 ditatem
488 3060 737 3133 corporis
768 3058 963 3123 crevit,
1022 3072 1126 3127 per
1168 3054 1453 3124 tetragoni
1502 3053 1714 3106 scilicet
1769 3053 1914 3105 latus

217 3154 656 3225 multiplicatus,
684 3148 917 3204 habebit
946 3146 1181 3217 quidem
1217 3144 1546 3214 superﬁcies
1578 3146 1629 3208 6,
1650 3158 1915 3213 ,quarum

220 3245 456 3316 singula
506 3239 806 3312 planitudo
865 3241 1160 3306 tetragono
1191 3234 1270 3287 illi
1314 3232 1493 3302 priori
1520 3232 1754 3302 aequalis
1812 3235 1912 3284 est.

223 3336 431 3391 Latera
462 3348 594 3385 vero
640 3332 725 3394 12,
760 3342 1007 3397 quorum
1039 3323 1498 3393 unumquodque
1547 3320 1788 3390 singulis
1828 3319 1916 3372 his

216 3442 353 3498 quae
406 3418 716 3492 superioris
758 3417 917 3470 fuere
966 3412 1250 3484 tetragoni
1292 3427 1519 3482 aequum
1570 3414 1674 3474 est,
1739 3414 1813 3475 et,
1857 3412 1919 3461 ut

215 3514 490 3586 superius
531 3506 1069 3569 demonstravimus,
1111 3508 1196 3557 tot
1234 3501 1518 3556 unitatum
1554 3503 1656 3552 est.
1717 3500 1919 3569 Angu-

216 3608 307 3661 los
334 3620 472 3659 vero
506 3605 560 3671 8,
618 3614 863 3670 quorum
910 3594 1169 3665 singulus
1208 3591 1315 3645 sub
1364 3590 1548 3645 tribus
1587 3588 1921 3659 hujusmodi

212 3694 575 3758 continetur,
610 3690 809 3761 quales
847 3685 1069 3757 priores
1098 3683 1256 3737 fuere
1287 3679 1575 3749 tetragoni
1628 3679 1784 3733 unde
1830 3696 1922 3733 cu-

208 3787 323 3841 bus
352 3785 476 3854 ipse
524 3781 835 3852 productus
858 3782 961 3830 est.
997 3776 1145 3843 Ergo
1196 3788 1262 3825 ex
1295 3770 1635 3825 naturaliter
1686 3768 1919 3839 profuso

210 3890 482 3937 numero,
519 3872 617 3941 qui
647 3871 705 3921 in
750 3867 1001 3935 subjecta
1048 3864 1237 3915 forma
1271 3858 1540 3930 descripti
1574 3863 1727 3923 sunt,
1788 3858 1921 3911 sub-

203 3964 352 4036 jecti
413 3958 700 4030 tetragoni
730 3960 1067 4021 nascuntur,
1102 3957 1157 4006 et
1206 3967 1275 4005 ex
1306 3950 1395 4005 his
1449 3947 1766 4019 tetragonis
1826 3946 1923 4018 qui

214 4051 518 4111 subnotati
539 4053 672 4104 sunt
701 4047 829 4101 cubi
858 4044 1279 4117 provehuntur.

780 4193 1055 4242 Numerus
1082 4183 1367 4235 naturalis.

920 4365 1227 4423 Tetragoni.

315 4446 1092 4540 ’ἰωῇ-ἴω
1170 4456 1178 4513 I
1390 4452 1400 4509 ι
1477 4454 1540 4501 30
1608 4448 1616 4503 l
1691 4447 1755 4496 tu
1823 4442 1832 4498 I

1008 4544 1163 4594 Cubi.

618 4619 1617 4697 Wl
1668 4625 1767 4675 31;;
1828 4619 1835 4677 Ι

812 4522 1035 4532 ___—

319 4674 327 4709 I
413 4674 433 4701 Ἰ
531 4674 539 4715 !
618 4674 649 4696 0
730 4674 738 4711 1
812 4674 868 4693 ιιι
950 4674 959 4697 ι
1035 4674 1099 4689 ur
1179 4674 1185 4692 ι
1256 4674 1343 4683 .-ην
1400 4674 1407 4687 ,
1459 4674 1549 4679 v.,,
1613 4674 1617 4680 ,
1676 4674 1685 4675 κ
1829 4674 1834 4677 _

226 4797 392 4866 thu
420 4794 592 4848 iniam
623 4788 810 4844 omnis
840 4785 1017 4841 cubus
1036 4782 1103 4837 ab
1136 4774 1483 4850 mquilateris
1505 4766 1933 4866 quadrati-spro-

229 4856 439 4949 fectus,
474 4896 673 4952 mquus
704 4873 1106 4948 ipseomnibus
1141 4866 1398 4941 partibus
1423 4867 1526 4929 est,
1558 4875 1691 4952 nam
1723 4856 1933 4952 et_lati-‘-

227 4946 435 5031 tudini
454 4946 777 5041 longitudo,
806 4972 863 5020 et
884 4965 972 5019 his
990 4961 1213 5017 duobus
1232 4969 1464 5025 compar
1481 4956 1563 5005 est
1594 4946 1849 5041 altitudo,
1879 4948 1936 4999 et

231 5038 684 5122 secundum-sex
705 5062 915 5129 partes,
936 5054 993 5108 id
1026 5058 1110 5107 est
1132 5063 1378 5113 sursum,
1404 5044 1668 5099 deorsum
1683 5038 1932 5101 dextera,

232 5155 492 5218 sinistra,
529 5155 681 5216 ante,
704 5128 856 5219 post,
888 5144 997 5198 sibi
1036 5140 1318 5212 aequalem
1360 5150 1479 5189 esse
1511 5144 1739 5219 necesse
1794 5128 1878 5180 est

232 5244 375 5299 huic
432 5239 762 5311 oppositum
804 5232 1273 5299 contrariumque
1320 5239 1443 5279 esse
1479 5216 1786 5311 oportebit,
1838 5212 1937 5285 qui

234 5348 432 5403 neque
464 5307 887 5399 longitudinem
915 5318 1226 5386 latitudini,
1261 5329 1449 5385 neque
1486 5311 1607 5403 haec
1638 5307 1935 5403 duonpro—

236 5394 517 5478 funditati
570 5394 745 5488 gerat
798 5412 1061 5485 aequalia,
1114 5409 1212 5463 sed
1261 5403 1477 5459 cunctis
1531 5394 1937 5488 inaaqualibus,

239 5509 512 5584 quamvis
540 5482 725 5562 sdlida
756 5482 947 5575 ﬁgura
974 5502 1063 5567 sit,
1094 5499 1163 5553 ab
1192 5494 1516 5567 aequalitate
1547 5486 1678 5584 cubi
1725 5482 1937 5584 longis-

242 5570 394 5663 sime
429 5598 641 5653 distare
671 5594 955 5651 videatur.
1004 5588 1073 5646 Hi
1104 5591 1293 5643 autem
1325 5584 1478 5649 sunt,
1504 5582 1567 5635 ut
1595 5575 1642 5631 si
1672 5572 1799 5646 quis
1856 5570 1939 5626 fa-

2020 468 2367 539 hujusmodi,
2421 484 2550 539 quae
2617 484 2721 539 per
2768 468 3077 539 inaequales
3118 469 3435 539 spatiorum
3486 473 3701 543 gradus

2021 557 2387 629 inaequaliter
2416 558 2831 629 provehantur.
2884 560 3009 613 Haec
3062 562 3251 613 autem
3282 559 3467 615 forma
3517 563 3713 617 Graeco

2023 649 2255 702 nomine
2283 649 2535 703 scalenos
2568 654 2820 714 vocatur,
2854 664 2958 701 nos
3007 664 3141 702 vero
3175 648 3471 718 gradatam
3508 666 3714 720 possu-

2023 753 2150 791 mus
2200 734 2409 805 dicere,
2472 738 2621 808 quod
2660 753 2691 790 a
2747 736 2971 790 minore
3017 737 3190 791 modo
3238 738 3391 791 velut
3446 740 3715 808 gradibus

2021 833 2237 881 crescat
2272 828 2342 882 ad
2392 828 2599 898 majus.
2654 829 2865 881 Vocant
2917 830 3109 881 autem
3170 827 3428 882 eamdem
3475 828 3718 900 ﬁguram

2024 917 2200 970 Graeci
2232 916 2466 987 quidam
2507 916 2859 986 sperniscon,
2892 933 2993 970 nos
3016 921 3207 971 autem
3240 933 3487 971 cuneum
3520 935 3717 989 possu-

2023 1021 2151 1059 mus
2184 1005 2391 1059 dicere.
2442 1006 2860 1076 Etenim'quos
2910 1006 2980 1060 ad
3030 1007 3345 1077 quamlibet
3395 1006 3553 1062 illam
3595 1025 3713 1065 rem

2024 1094 2529 1164 constringendam
2573 1111 2784 1148 cuneos
2823 1095 3091 1163 formant,
3142 1111 3329 1166 neque
3373 1096 3713 1167 latitudinis,

2024 1198 2210 1252 neque
2246 1184 2644 1252 longitudinis,
2676 1200 2861 1254 neque
2895 1184 3213 1239 altitudinis
3243 1184 3437 1239 habita
3474 1187 3713 1252 ratione,

2024 1276 2309 1342 quantum
2340 1275 2708 1327 commodum
2728 1273 2920 1340 fuerit,
2940 1279 3163 1328 tantum
3186 1275 3275 1329 vel
3298 1276 3589 1330 altitudini
3607 1277 3710 1330 mi-

2023 1362 2240 1427 nuitur,
2266 1362 2350 1415 vel
2395 1363 2759 1416 crassitudini
2788 1364 3195 1434 profunditatis
3237 1368 3499 1435 augetur.
3532 1368 3717 1435 Atque

2024 1451 2152 1504 ideo
2194 1450 2295 1502 hos
2352 1451 2694 1521 plerumque
2744 1468 2971 1505 necesse
3004 1456 3090 1505 est
3133 1452 3400 1505 omnibus
3456 1452 3714 1521 partibus

2023 1539 2407 1609 inaequalibus
2433 1540 2697 1594 inveniri.
2734 1541 2978 1604 Quidam
3011 1557 3136 1595 vero
3159 1542 3263 1595 hos
3292 1541 3572 1595 bomiscos
3620 1558 3715 1595 vo-

2026 1633 2174 1694 cant,
2209 1628 2267 1681 id
2313 1632 2399 1681 est
2432 1629 2707 1699 quasdam
2754 1631 2939 1683 arulas
2972 1646 3099 1700 quae
3163 1631 3224 1684 in
3266 1631 3457 1684 Ionica
3486 1630 3715 1684 Graecize

2026 1718 2263 1787 regione
2341 1718 2427 1787 (ut
2482 1718 2560 1771 ait
2612 1718 3008 1788 Nicomachus)
3058 1718 3163 1772 hoc
3213 1719 3382 1772 modo
3460 1718 3717 1771 formata:

2025 1806 2280 1871 fuerunt,
2316 1811 2378 1860 ut
2406 1823 2596 1877 neque
2630 1807 2871 1861 altitudo
2916 1807 3226 1872 latitudini,
3251 1822 3436 1877 neque
3457 1808 3579 1861 haec
3602 1807 3718 1859 lon-

2025 1896 2271 1967 gitudini
2302 1896 2694 1951 convenirent.
2730 1896 2974 1950 Vocatur
3005 1901 3196 1950 autem
3220 1896 3344 1950 aliis
3374 1895 3716 1966 quibusdam

2025 1985 2379 2049 nominibus,
2409 2001 2534 2055 quae
2561 2001 2711 2037 nunc
2742 1984 3013 2055 prosequi
3045 2000 3457 2055 supervacuum
3494 1983 3717 2053 judica-

2027 2091 2175 2128 mus.
2212 2074 2392 2142 Igitur
2423 2073 2555 2127 cubi
2586 2073 2907 2144 mq'ialibus
2941 2074 3139 2142 spatiis
3189 2089 3246 2127 se
3295 2073 3719 2143 porrigentibus

2026 2167 2081 2217 et
2115 2162 2287 2233 hujus
2316 2163 2724 2233 formaa,quam
2758 2162 3025 2226 diximus,
3061 2162 3295 2231 gradata
3318 2160 3718 2214 distributione

2026 2251 2323 2321 disposita,
2351 2250 2682 2304 medietates
2706 2254 2860 2316 sunt,
2894 2265 3022 2319 qua:
3050 2264 3235 2318 neque
3262 2248 3481 2301 cunctis
3534 2247 3714 2316 parti-

2024 2340 2130 2395 bus
2163 2340 2413 2411 aaquales
2443 2345 2594 2406 sunt,
2634 2355 2820 2409 neque
2854 2338 3122 2392 omnibus
3166 2337 3497 2407 inzequales,
3576 2352 3719 2407 quos

2025 2430 2204 2485 Graeci
2233 2429 2747 2500 parallelepipedos
2778 2433 2999 2483 vocant.
3038 2426 3227 2481 Latini
3256 2442 3467 2480 nomen
3488 2427 3594 2479 hoc
3642 2430 3721 2479 ita

2023 2520 2389 2574 uniformiter
2402 2519 2785 2590 compositum
2800 2518 3011 2572 habere
3033 2532 3151 2571 non
3166 2520 3422 2587 possunt.
3442 2516 3511 2570 Ut
3527 2520 3721 2568 tamen

2026 2609 2179 2663 idem
2210 2610 2473 2679 pluribus
2528 2609 2744 2664 dictum
2801 2609 2894 2673 sit,
2926 2623 2993 2661 ea
3051 2622 3302 2678 namque
3346 2605 3452 2659 hoc
3484 2604 3719 2659 nomine

2022 2703 2261 2752 vocatur
2294 2697 2503 2769 ﬁgura,
2547 2713 2675 2768 quae
2706 2696 3035 2751 alternatim
3066 2696 3265 2766 positis
3320 2694 3720 2750 latitudinibus

2022 2787 2365 2842 continetur.

2647 2944 2871 3000 CAPUT
2900 2943 3085 2997 XXVI.

2024 3068 2101 3121 Dc
2130 3068 2286 3135 parte
2326 3064 2500 3118 altera
2545 3062 2876 3129 longioribus
2906 3060 3169 3124 numeris,
3226 3056 3709 3126 antelongioribus,

2478 3166 2764 3215 eorumque
2795 3148 3250 3219 generationibus.

2095 3267 2433 3339 Hujusmodi
2463 3284 2595 3322 vero
2622 3267 2853 3321 formas,
2896 3266 3091 3336 quales
3118 3268 3249 3318 sunt
3279 3279 3408 3334 quas
3447 3268 3723 3317 vocantur

2024 3359 2283 3414 aGruzcis
2332 3357 2759 3422 heteromikeis,
2802 3372 2903 3409 nos
2954 3356 3139 3409 dicere
3198 3368 3508 3424 possumus
3560 3357 3721 3422 parte

2024 3449 2201 3501 altera
2228 3445 2534 3516 longiores,
2560 3461 2804 3515 quarum
2836 3444 3154 3511 ﬁgurarum
3186 3458 3459 3495 numerus
3488 3457 3722 3511 quoque

2022 3538 2131 3593 hoc
2162 3536 2329 3591 modo
2363 3534 2735 3589 difﬁniendus
2768 3538 2868 3588 est.
2908 3534 3067 3585 Parte
3101 3532 3281 3585 altera
3348 3529 3577 3599 longior
3634 3534 3719 3583 est

2024 3642 2320 3691 numerus,
2348 3640 2521 3695 quem
2553 3623 2599 3676 si
2631 3623 2690 3677 in
2722 3620 3085 3677 latitudinem
3147 3618 3453 3685 describas,
3488 3622 3543 3672 et
3596 3618 3719 3688 ipse

2028 3716 2259 3787 quidem
2282 3715 2313 3767 4
2344 3712 2610 3784 provenit
2640 3712 2886 3765 laterum
2915 3714 2969 3763 et
3000 3711 3032 3762 4
3055 3710 3421 3778 angulorum,
3450 3707 3549 3761 sed
3602 3724 3719 3761 non

2028 3804 2246 3858 cunctis
2276 3800 2616 3872 aequalibus,
2661 3799 2760 3852 sed
2788 3813 3016 3868 semper
3064 3797 3254 3850 minus
3278 3813 3413 3851 uno.
3465 3797 3725 3865 Namque

2030 3910 2134 3948 nec
2165 3893 2344 3945 latera
2373 3888 2669 3954 lateribus,
2705 3893 2906 3941 cuncta
2938 3886 3155 3939 cunctis
3195 3902 3360 3956 aequa
3420 3890 3571 3954 sunt,
3624 3899 3727 3938 nec

2030 3978 2380 4051 longitudini
2411 3977 2674 4038 latitudo,
2728 3979 2827 4029 sed
2864 3976 2947 4044 (ut
2977 3975 3192 4028 dictum
3245 3973 3348 4043 est)
3399 3989 3528 4026 cum
3596 3973 3731 4026 hinc

2033 4073 2213 4126 altera
2245 4085 2373 4140 pars
2395 4067 2583 4136 major
2614 4064 2810 4130 fuerit,
2859 4079 2972 4115 uno
2996 4068 3219 4115 tantum
3248 4062 3533 4115 minorem
3576 4076 3729 4130 proe-

2034 4162 2181 4216 cedit
2220 4177 2283 4213 ac
2314 4161 2564 4228 superat.
2598 4156 2655 4210 Si
2700 4154 2853 4209 enim
2886 4168 3191 4206 numerum
3240 4150 3561 4205 naturalem
3614 4149 3729 4203 dis-

1963 4296 2007 4350 D
2038 4266 2220 4322 ponas
2253 4248 2314 4301 in
2347 4246 2631 4311 ordinem,
2665 4248 2721 4297 et
2751 4242 3063 4296 secundum
3109 4257 3211 4311 per
3248 4240 3500 4311 primum
3534 4237 3730 4292 multi-

2086 4340 2117 4350 ..
2291 4342 2298 4350 .
2346 4336 2377 4350 ι·
2602 4338 2636 4350 κι
2825 4348 3039 4350 ννξκμξη.
3091 4330 3174 4350 ___I
3214 4330 3250 4350 _1
3289 4329 3596 4350 ______.l--...
3633 4343 3730 4350 ..--

2043 4340 2240 4411 plices,
2284 4336 2413 4391 talis
2451 4338 2717 4389 nascetur
2737 4348 3043 4398 numerus;
3090 4330 3179 4384 vel
3210 4330 3256 4383 si
3285 4329 3600 4383 secundum
3633 4343 3735 4399 per

2039 4428 2297 4495 tertium,
2331 4426 2415 4480 vel
2438 4426 2483 4478 si
2517 4424 2753 4478 tertium
2784 4438 2886 4493 per
2934 4426 3222 4492 quartum,
3248 4420 3333 4472 vel
3362 4418 3409 4472 si
3462 4422 3732 4489 quartum

2039 4535 2143 4590 per
2173 4518 2438 4589 quintum
2472 4529 2788 4584 omnesque
2818 4512 2877 4565 hi
2898 4510 3111 4564 unitate
3128 4514 3351 4564 tantum
3381 4506 3576 4561 addita
3592 4506 3737 4560 mul-

2040 4606 2397 4678 tiplicentur,
2425 4607 2739 4657 nascentur
2769 4604 2929 4671 parte
2960 4600 3139 4653 altera
3167 4596 3477 4666 longiores.
3532 4595 3735 4665 Dispo-

2041 4702 2213 4752 natur
2243 4695 2395 4748 enim
2427 4708 2705 4747 numerus
2735 4688 3028 4744 naturalis.

2128 4810 3649 4882 Wﬁ’islcl7|

2045 4944 2109 4997 Et
2129 4948 2264 4995 tunc
2295 4937 2529 5010 quidem
2559 4936 2850 4989 hactenus.
2885 4932 2940 4986 Si
2973 4930 3098 5002 quis
3130 4930 3307 5001 igitur
3349 4929 3519 4983 faciat
3558 4943 3737 4982 unum

2041 5030 2149 5096 bis,
2192 5026 2508 5081 facietduo.
2546 5024 2611 5077 Et
2640 5037 2835 5075 rursus
2862 5020 2948 5073 bis
2977 5024 3090 5072 tres
3121 5016 3288 5070 faciet
3319 5019 3371 5082 6,
3404 5022 3490 5070 ter
3535 5019 3740 5085 quater

2042 5119 2210 5174 faciet
2244 5120 2327 5184 12,
2364 5118 2563 5187 quater
2596 5115 2624 5165 5
2669 5109 2836 5165 faciet
2866 5111 2953 5175 20,
3010 5111 3067 5161 et
3100 5107 3206 5161 hoc
3236 5106 3409 5160 modo
3460 5103 3530 5157 ad
3578 5117 3741 5156 eum-

2048 5210 2179 5264 dem
2214 5206 2495 5261 ordinem.
2533 5201 2873 5270 Quicunque
2900 5198 3076 5269 igitur
3101 5196 3182 5251 ita
3208 5196 3341 5250 facti
3385 5197 3539 5260 sunt,
3597 5207 3736 5262 pro-

2046 5297 2391 5353 creabuntur
2439 5295 2601 5363 parte
2639 5290 2817 5343 altera
2859 5286 3167 5357 longiores,
3211 5289 3273 5339 ut
3339 5282 3590 5351 subjecta
3639 5279 3739 5333 de—

2047 5385 2274 5457 scriptio
2314 5383 2493 5437 docet.
2520 5381 2584 5434 ln
2614 5395 2748 5449 qua,
2774 5394 2837 5431 ex
2863 5376 3071 5447 quibus
3099 5371 3355 5427 numeris
3377 5366 3741 5440 multiplicati

2048 5476 2359 5533 nascuntur
2375 5474 2535 5543 parte
2558 5470 2737 5523 altera
2770 5466 3075 5537 longiores,
3111 5476 3282 5530 supra
3317 5457 3548 5530 ascripti
3585 5460 3737 5513 sunt.

2052 5565 2158 5632 Qui
2193 5580 2327 5620 vero
2354 5564 2685 5627 nascantur,
2716 5554 3004 5612 subterius
3034 5547 3347 5605 subnmati.
