4104 6176
565 431 584 477 1
826 424 854 470 2
991 422 1163 484 |__:_1
1605 412 1613 468 I
1750 415 1778 459 εί
1922 413 1930 463 1
2056 416 2146 478 (ξ-

667 500 697 544 '2
974 491 1004 540 (ἱ
1277 490 1337 536 12
1595 488 1662 534 2t)
1898 484 1964 533 30

861 584 875 632 1
1125 573 2080 627 1111111111111

1187 652 2081 750 111111111111

486 444 500 1006 Ι
1463 396 2160 1003 inium.

503 833 519 882 1
791 829 809 879 1
1189 823 2084 922 111111111111

858 953 875 1001 1
1130 941 2085 997 1111111111111

1103 1061 1328 1115 CAPUT
1359 1059 1557 1112 XXVII.

493 1163 562 1215 De
615 1153 1072 1222 antelongioribus
1114 1151 1371 1214 numeris,
1426 1153 1475 1201 et
1529 1147 1593 1200 de
1639 1144 1900 1200 vocabulo
1957 1144 2170 1197 numeri

994 1243 1152 1310 parte
1184 1240 1359 1292 altera
1391 1237 1670 1304 longioris.

560 1357 708 1425 Ergo
730 1352 776 1406 si
817 1351 886 1404 ab
913 1349 1130 1403 unitate
1156 1351 1379 1399 tantum
1422 1344 1744 1414 discrepent
1775 1340 1873 1412 qui
1905 1339 2181 1410 multipli-

491 1449 711 1510 cantur,
748 1439 1019 1508 descripti
1064 1435 1326 1506 superius
1358 1432 1584 1486 numeri
1640 1430 2074 1501 protendentur.
2124 1428 2180 1480 Si

490 1550 622 1588 vero
644 1531 838 1602 aliquo
868 1542 1134 1591 numero,
1167 1528 1230 1578 ut
1258 1528 1344 1576 ter
1385 1526 1624 1591 septem,
1661 1519 1748 1573 vel
1783 1523 1869 1571 ter
1900 1516 2179 1588 quinque,

487 1623 577 1676 vel
607 1619 916 1690 aliquando
948 1615 1119 1669 modo
1138 1613 1273 1677 alio,
1297 1617 1694 1664 etnoneorum
1726 1608 1902 1660 latera
1933 1607 2050 1658 sola
2065 1606 2176 1658 dis-

491 1714 724 1779 crepent
756 1707 993 1770 unitate,
1048 1718 1165 1756 non
1210 1699 1504 1753 vocabitur
1557 1697 1646 1750 hic
1687 1711 1962 1749 numerus
2020 1697 2180 1764 parte

491 1799 671 1853 altera
703 1793 948 1863 longior,
977 1791 1074 1844 sed
1109 1786 1485 1857 antelongior.
1519 1785 1779 1838 Alterum
1828 1782 1982 1836 enim
2031 1782 2184 1851 apud

490 1880 999 1957 Pythagoram‘vel
1043 1875 1338 1947 sapientia:
1391 1875 1513 1943 ejus
1560 1872 1836 1938 heeredes,
1891 1871 2035 1924 nulli
2087 1870 2185 1924 alii

492 1975 605 2030 nisi
635 1977 857 2027 tantum
908 1967 1133 2022 binario
1187 1963 1602 2018 ascribebatur.
1668 1962 1826 2014 Hunc
1882 1960 2184 2014 alteritatis

490 2063 842 2136 principium
873 2074 994 2112 esse
1027 2055 1308 2110 dicebant.
1346 2052 1617 2106 Eamdem
1645 2055 1838 2104 autem
1891 2053 2179 2116 naturam,

491 2159 549 2207 et
595 2166 823 2221 semper
880 2146 986 2201 sibi
1022 2145 1268 2198 similem
1301 2140 1896 2210 consentientemque,
1964 2138 2184 2192 nullam

491 2243 664 2298 aliam
701 2238 808 2294 nisi
837 2239 1174 2308 primaevam
1206 2233 1716 2302 ingeneratamque
1739 2228 2038 2280 unitatem.
2093 2226 2182 2279 Bi-

489 2333 687 2388 narius
719 2333 911 2382 autem
941 2339 1236 2386 numerus,
1270 2321 1490 2390 primus
1516 2323 1602 2371 est
1631 2317 1847 2371 unitate
1892 2315 2184 2369 dissimilis

491 2421 703 2474 idcirco
736 2416 888 2488 quod
923 2413 1142 2484 primus
1188 2410 1256 2463 ab
1307 2410 1526 2462 unitate
1589 2405 1964 2475 disjungitur,
2013 2407 2184 2473 atque

490 2509 619 2563 ideo
672 2503 972 2560 alteritatis
1025 2498 1320 2569 cujusdam
1373 2493 1724 2567 principium
1747 2493 1877 2557 fuit,
1913 2492 2065 2562 quod
2115 2492 2184 2546 ab

491 2597 590 2651 illa
618 2595 810 2665 prima
831 2597 887 2646 et
917 2604 1142 2659 semper
1170 2587 1371 2641 eadem
1422 2583 1758 2649 substantia,
1793 2582 1915 2634 sola
1961 2585 2183 2634 tantum

492 2690 578 2741 est
606 2683 825 2738 unitate
853 2677 1166 2734 dissimilis.
1193 2676 1390 2729 Merito
1421 2689 1556 2743 ergo
1591 2669 1928 2726 dicenturhi
1959 2669 2181 2724 numeri

490 2778 650 2845 parte
673 2773 851 2826 altera
882 2768 1192 2836 longiores,
1227 2763 1382 2835 quod
1414 2777 1615 2816 eorum
1649 2761 1828 2814 latera
1855 2759 2028 2813 unius
2053 2763 2186 2812 tan-

490 2869 614 2919 tum
645 2877 767 2915 sese
793 2858 1015 2928 adjecta
1046 2853 1460 2908 numerositate
1491 2849 1841 2920 praecedunt.
1874 2851 2188 2917 Argumen-

489 2958 616 3008 tum
647 2955 734 3005 est
762 2953 954 3002 autem
995 2944 1336 2998 alteritatem
1371 2941 1431 2993 in
1471 2938 1692 2993 binario
1747 2952 1989 2991 numero
2033 2935 2184 3006 juste

491 3038 784 3104 constitui,
819 3034 974 3106 quod
1029 3048 1151 3087 non
1190 3031 1398 3085 dicitur
1439 3029 1682 3082 alterum
1718 3025 1831 3080 nisi
1880 3041 1909 3078 e
1958 3024 2182 3079 duobus

490 3130 560 3184 ab
595 3129 683 3182 his
714 3127 774 3180 in
809 3141 950 3195 quos
1000 3121 1144 3175 bene
1173 3118 1448 3190 loquendi
1478 3117 1622 3171 ratio
1672 3131 1787 3170 non
1849 3113 2178 3183 negligitur.

488 3217 751 3288 Amplius
779 3212 932 3284 quod
982 3211 1170 3279 impar
1213 3223 1507 3272 numerus,
1554 3206 1672 3258 sola
1726 3203 1944 3257 unitate
1984 3201 2182 3272 perﬁci

488 3309 838 3361 monstratus
888 3305 991 3361 est,
1034 3314 1134 3368 par
1171 3313 1304 3351 vero
1343 3295 1460 3348 sola
1489 3294 1782 3359 dualitate,
1810 3292 1866 3346 id
1921 3296 2005 3345 est
2059 3291 2180 3343 solo

487 3394 712 3449 binario
735 3406 997 3444 numero.
1025 3389 1165 3440 Nam
1183 3386 1574 3454 cujuscunque
1598 3380 1873 3434 medietas
1903 3385 1988 3433 est
2011 3395 2182 3447 unus,

488 3484 588 3536 Ille
621 3477 1106 3549 imparlest,cujus
1138 3489 1269 3526 vero
1299 3476 1350 3538 2,
1374 3470 1720 3538 hicparitate
1737 3467 2055 3538 recepta,in
2079 3484 2183 3537 ge-

488 3569 647 3623 mina
687 3581 853 3635 azqua
873 3561 1240 3631 disjungitur.
1268 3558 1452 3620 Quare
1476 3555 1784 3608 dicendum
1807 3555 2183 3624 estimparem

489 3671 822 3722 numerum,
846 3650 1102 3723 ejusdem
1125 3653 1296 3718 atque
1329 3646 1387 3699 in
1406 3661 1508 3699 sua
1538 3661 1596 3698 se
1655 3648 1857 3697 natura
1912 3644 2180 3711 tenentis,

487 3743 978 3813 immutabilisque
1013 3737 1341 3794 substantiae
1383 3752 1504 3790 esse
1555 3733 1914 3804 participem,
1975 3732 2182 3786 idcirco

489 3835 646 3908 quod
669 3834 738 3888 ab
759 3833 976 3887 unitate
990 3831 1289 3891 formetur,
1310 3841 1509 3896 parem
1525 3839 1678 3891 vero,
1695 3822 1928 3876 alterius
1945 3822 2182 3892 planum

489 3942 611 3981 esse
652 3927 869 3977 naturzn
903 3919 1113 3974 idcirco
1144 3915 1296 3987 quod
1330 3931 1362 3968 a
1392 3913 1665 3968 dualitate
1691 3910 2031 3982 completur.

1091 4031 1315 4089 CAPUT
1347 4029 1577 4084 XXVIII.

490 4130 644 4198 Quod
671 4145 738 4182 ea:
790 4124 1095 4196 imparibus
1122 4122 1403 4190 quadrati,
1451 4136 1518 4173 ex
1541 4118 1772 4188 paribus
1800 4121 1963 4186 parte
2009 4118 2183 4171 altera

1120 4212 1383 4277 longiores
1411 4213 1565 4278 ﬁant.

547 4319 622 4374 At
651 4331 780 4369 vero
825 4311 1026 4383 positis
1056 4309 1115 4362 in
1147 4308 1427 4378 Qordinem
1471 4306 1538 4358 ab
1567 4305 1786 4358 unitate
1839 4301 2177 4373 imparibus,

489 4413 545 4464 et
568 4407 672 4460 sub
692 4404 778 4459 bis
818 4420 850 4456 a
891 4400 1164 4455 dualitate
1195 4396 1430 4466 paribus
1463 4393 1781 4463 descriptis,
1838 4391 2183 4446 coacervatio

488 4495 798 4566 imparium
824 4496 1148 4558 tetragonos
1181 4486 1332 4552 facit,
1367 4482 1717 4537 coacervatio
1748 4481 1978 4551 parium
2022 4497 2186 4550 supe-

490 4587 668 4640 riores
698 4581 872 4637 efﬁcit
900 4582 1060 4649 parte
1087 4576 1264 4629 altera
1291 4572 1608 4642 :longiores.
1656 4570 1864 4636 Quare,
1908 4570 2182 4640 quoniam

490 4679 926 4741 tetragonoruni
972 4667 1094 4719 bznc
1152 4668 1356 4716 natura
1408 4666 1511 4725 est,
1546 4659 1622 4712 ub
1663 4659 1818 4713 etab
1862 4657 2184 4728 imparibus

490 4762 884 4832 procreantur,
946 4754 1045 4826 qui
1105 4758 1237 4806 sunt
1292 4749 1530 4805 unitatis
1583 4748 1907 4818 participes,
1977 4747 2036 4800 id
2101 4751 2184 4801 est

492 4850 748 4920 ejusdem
784 4842 1276 4910 immutabilisque
1307 4838 1666 4905 substantiae,
1703 4838 2038 4908 cunctisque
2057 4853 2181 4908 par-

490 4937 641 4992 tibus
673 4935 788 4988 suis
842 4933 1090 5002 aequales
1131 4931 1264 4995 sint,
1325 4928 1475 5000 quod
1508 4932 1564 4981 et
1597 4927 1794 4997 anguli
1823 4926 2069 4996 angulis,
2129 4931 2184 4980 et

492 5029 666 5082 latera
702 5022 996 5087 lateribus,
1033 5017 1459 5089 etlongitudiui
1500 5032 1740 5086 compar
1768 5020 1853 5070 est
1917 5015 2176 5080 latitudo,

491 5116 799 5173 dicendum
821 5115 904 5165 est
958 5109 1293 5180 hujusmodi
1335 5122 1608 5161 numeros
1658 5104 1914 5176 ejusdem
1963 5108 2181 5158 natura:

490 5213 659 5278 atque
707 5199 1082 5257 immutabilis
1126 5197 1452 5251 substantiae
1485 5193 1813 5264 participes.
1876 5193 2005 5247 Illos
2048 5209 2181 5248 vero

488 5311 777 5358 numeros,
827 5307 970 5362 quos
1012 5293 1172 5358 parte
1217 5287 1394 5339 altera
1425 5285 1709 5353 longiores
1741 5283 1951 5354 paritas
2007 5288 2179 5350 creat,

489 5388 718 5441 alterius
740 5386 994 5437 dicemus
1016 5394 1135 5432 esse
1165 5376 1517 5429 substantias.
1539 5377 1678 5428 Nam
1695 5374 2183 5445 quemadmodum

489 5491 640 5528 unus
673 5493 702 5527 ξι
731 5472 954 5526 duobus
975 5484 1091 5522 uno
1129 5470 1350 5519 tantum
1378 5464 1524 5517 alter
1545 5469 1648 5531 est,
1683 5464 1760 5517 sic
1777 5463 1985 5518 horum
2006 5465 2186 5517 latera

491 5578 525 5617 a
553 5580 611 5616 se
646 5566 869 5616 tantum
919 5575 1035 5613 uno
1081 5561 1217 5610 sunt
1246 5553 1447 5622 altera,
1497 5557 1552 5608 et
1579 5569 1693 5608 una
1750 5559 1977 5610 tantum
2024 5552 2182 5608 ditto-

1776 253 1893 304 AN.
1941 249 2148 304 MANL.
2189 248 2349 304 SEV.
2400 249 2652 302 BOETII.

3794 251 3908 302 1136

2217 385 2264 437 Α
2290 383 2427 433 runt
2448 378 2685 432 unitate.
2718 378 2905 442 Quare
2926 374 3377 447 disponanturin
3401 374 3650 429 ordinem
3670 392 3841 431 omnes
3855 381 3913 433 ab

2287 484 2402 522 uno
2420 467 2686 536 impares,
2711 471 2764 520 et
2785 466 2890 520 sub
2904 466 2994 519 his
3008 481 3207 518 omnes
3231 480 3264 518 a
3280 463 3501 518 binario
3524 479 3746 518 numero
3758 481 3910 536 paras.

2345 579 3782 664 r‘T—_—’—”‘
2568 601 2696 667 13
3475 577 3904 668 Mi:

2347 660 3390 734 me
3455 665 3462 722 |
3545 668 3601 713 12
3673 665 3680 712 1

3457 648 3762 660 *4..—

2289 805 2382 859 Est
2413 821 2548 875 ergo
2582 805 2845 875 princeps
2877 805 3117 878 imparis
3139 805 3376 873 ordinis,
3423 806 3629 872 unitas,
3661 823 3777 878 qua:
3823 809 3916 878 ipsa

2289 893 2522 964 quidem
2548 893 2802 948 eﬁectrix
2826 899 2883 948 et
2912 895 3341 965 quodammodo
3373 895 3558 950 forma
3587 897 3824 966 quaedam
3849 904 3913 952 est

2287 982 2648 1052 imparitatis.
2703 984 2839 1047 Quae
2887 983 3176 1038 intentum
3231 985 3489 1054 ejusdem
3538 1001 3639 1039 nec
3677 986 3915 1040 mutabilis

2288 1071 2620 1126 substantiae
2661 1078 2762 1139 est,
2795 1076 2858 1126 ut
2886 1089 3015 1127 cum
3065 1075 3150 1127 vel
3188 1074 3432 1144 seipsam
3488 1074 3915 1145 multiplicaverit,

2287 1161 2377 1215 vel
2407 1160 2466 1214 in
2492 1160 2870 1229 planitudine,
2904 1162 2991 1216 vel
3020 1161 3096 1229 [in
3145 1163 3553 1232 profunditate,
3586 1164 3670 1218 vel
3702 1165 3745 1218 si
3783 1166 3915 1219 alium

2289 1249 2604 1320 quemlibet
2629 1266 2938 1304 numerum
2967 1267 3070 1321 per
3096 1252 3344 1322 seipsam
3374 1252 3725 1324 multiplicat,
3756 1255 3916 1324 apric-

2289 1339 2367 1392 ris
2400 1339 2732 1409 quantitatis
2762 1340 2948 1394 forma
2979 1357 3095 1394 non
3108 1341 3407 1412 discrepet.
3439 1343 3690 1413 Namque
3719 1345 3758 1395 si
3780 1360 3915 1397 unum

2289 1429 2464 1481 semel
2494 1427 2685 1494 facies,
2721 1429 2808 1482 vel
2838 1429 2884 1482 si
2915 1430 3089 1483 semel
3123 1445 3302 1485 unum
3335 1432 3533 1496 semel,
3563 1432 3646 1485 vel
3677 1433 3718 1484 si
3739 1432 3833 1485 duo
3855 1448 3915 1484 se-

2291 1516 2424 1583 mel,
2457 1518 2547 1569 vel
2585 1516 2631 1569 si
2670 1521 2783 1570 tres
2814 1519 3011 1584 semel,
3064 1520 3150 1572 vel
3194 1519 3241 1572 si
3281 1524 3530 1589 quatuor
3579 1521 3760 1580 semel.
3784 1523 3851 1574 vel
3884 1523 3916 1573 si

2293 1606 2609 1676 quemlibet
2639 1605 2815 1660 alium
2841 1623 3146 1661 numerum
3170 1608 3536 1678 multiplicat,
3582 1625 3614 1662 a
3661 1609 3916 1678 quantitate

2293 1710 2394 1747 sua
2426 1693 2470 1746 is
2510 1711 2683 1764 quem
2711 1695 3054 1765 multiplicat
3094 1713 3368 1750 numerus
3398 1713 3518 1752 non
3544 1697 3764 1764 recedit,
3803 1699 3916 1768 quod

2292 1783 2439 1836 circa
2461 1783 2638 1836 alium
2668 1800 2973 1838 numerum
3015 1801 3130 1838 non
3160 1790 3346 1856 potest
3373 1785 3640 1840 inveniri.
3671 1786 3808 1839 Paris
3822 1801 3917 1838 vero

2292 1871 2528 1937 ordinis,
2561 1871 2819 1925 binarius
2843 1889 3117 1927 numerus
3146 1873 3409 1944 princeps
3439 1880 3546 1941 est,
3587 1891 3707 1945 qua:
3731 1875 3917 1928 dualitas

2293 1977 2420 2014 cum
2453 1960 2511 2013 in
2530 1960 2732 2014 eodem
2767 1962 2968 2014 ordine
2998 1961 3257 2032 paritatis
3313 1963 3405 2031 sit,
3463 1968 3588 2017 tum
3630 1963 3916 2034 principium

2221 1681 2264 1736 B

2291 2049 2467 2102 totius
2498 2054 2583 2102 est
2609 2049 2928 2104 alteritatis.
2969 2051 3225 2121 Namque
3249 2051 3294 2104 si
3333 2067 3458 2106 sese
3488 2052 3666 2123 ipsam
3709 2052 3918 2122 multipli-

2291 2142 2400 2204 cet,
2440 2139 2526 2191 vel
2582 2154 2685 2208 per
2734 2139 3116 2208 latitudinem,
3155 2140 3243 2194 vel
3299 2141 3474 2194 etiam
3515 2141 3916 2212 profunditatem,

2292 2229 2377 2281 vel
2401 2227 2447 2280 si
2477 2243 2648 2298 quem
2670 2244 2974 2282 numerum
2989 2229 3047 2282 in
3069 2245 3231 2283 suam
3253 2231 3559 2300 conglobat
3579 2231 3916 2302 quantitatem,

2293 2317 2568 2371 continuo
2617 2319 2761 2371 alter
2818 2319 3084 2374 exoritur.
3117 2322 3258 2373 Nam
3306 2319 3392 2374 bis
3447 2320 3584 2382 duo,
3630 2319 3711 2372 vel
3744 2318 3816 2372 bis
3838 2317 3918 2371 duo

2292 2407 2398 2473 bis,
2425 2406 2472 2459 si
2501 2406 2693 2472 facias,
2723 2407 2809 2462 vel
2832 2405 2917 2459 bis
2945 2410 2996 2474 3,
3015 2408 3103 2462 vel
3125 2408 3211 2462 bis
3242 2409 3294 2472 4,
3325 2408 3413 2462 vel
3446 2408 3536 2462 bis
3567 2412 3619 2475 5,
3661 2408 3739 2461 vel
3769 2421 3917 2478 quem-

2291 2495 2434 2550 libet
2455 2495 2630 2549 alium
2664 2496 3026 2566 multiplices,
3056 2497 3317 2567 quisquis
3362 2497 3500 2551 hinc
3528 2496 3778 2562 nascitur,
3813 2495 3920 2548 alius

2295 2600 2467 2655 quam
2499 2583 2685 2654 primo
2725 2585 2930 2652 fuerat,
2973 2584 3282 2640 invenitur.
3320 2587 3643 2662 Nascuntur
3673 2589 3836 2639 autem
3873 2598 3919 2635 ex

2294 2673 2586 2744 superiore
2636 2673 3039 2743 descriptione,
3097 2679 3153 2729 et
3211 2691 3275 2729 ex
3309 2675 3500 2746 primo
3543 2675 3731 2730 ordine
3771 2687 3919 2727 omnes

2294 2762 2579 2833 tetragoni
2608 2763 2715 2816 hoc
2753 2763 2920 2816 modo
2948 2779 2960 2816 :
3008 2765 3196 2818 Unum
3236 2764 3392 2818 enim
3443 2765 3492 2818 si
3525 2764 3808 2834 respexeris
3836 2761 3920 2830 pri-

2295 2868 2422 2906 mus
2474 2856 2746 2921 potestate
2775 2856 3138 2922 tretragonus
3170 2858 3274 2920 est,
3299 2853 3399 2908 Sin
3429 2871 3566 2909 vero
3603 2869 3767 2908 unum
3784 2851 3918 2906 tribus

2295 2942 2732 3007 coacervaveris,
2764 2943 2796 2994 4
2823 2946 3156 3011 tetragonus
3179 2944 3454 2998 exoritur.
3507 2943 3648 2999 Huic
3692 2943 3732 2996 si
3769 2940 3918 3010 quina-

2293 3030 2444 3085 rium
2500 3033 2764 3101 jungam,
2827 3030 3097 3086 novarius
3153 3047 3352 3086 rursus
3418 3033 3682 3088 occurrit.
3718 3030 3833 3086 Huic
3885 3027 3917 3080 si

2293 3121 2520 3190 copulas
2553 3125 2606 3185 7,
2655 3123 2714 3173 16
2755 3120 3019 3190 quadrati
3055 3121 3242 3176 forma
3271 3139 3330 3176 se
3379 3122 3657 3194 suggerit.
3709 3121 3916 3188 Idemque

2293 3209 2338 3262 si
2369 3209 2429 3262 in
2468 3209 2687 3263 caeteris
2726 3208 2918 3277 facias,
2980 3226 3177 3265 omnes
3233 3217 3627 3282 competenter
3677 3209 3916 3280 quadratos

2292 3297 2485 3352 videas
2511 3299 2816 3368 procreari.
2859 3300 2931 3353 At
2985 3315 3119 3353 vero
3149 3316 3215 3354 ex
3261 3301 3519 3355 secundo
3575 3299 3807 3370 paritatis
3849 3311 3915 3348 or-

2293 3387 2444 3455 dine,
2480 3388 2651 3441 iidem
2679 3388 2868 3442 cuncti
2897 3393 3058 3458 parte
3084 3389 3270 3445 altera
3296 3389 3588 3460 longiores
3619 3390 3767 3444 ﬁunt.
3794 3387 3918 3440 Nam-

2295 3491 2405 3546 que
2431 3476 2477 3530 si
2507 3477 2650 3531 duos
2680 3477 2897 3547 primos
2929 3493 3253 3548 respexero,
3312 3479 3642 3550 hujusmodi
3683 3477 3802 3531 mihi
3845 3490 3916 3528 nu-

2295 3581 2486 3619 merus
2517 3567 2762 3620 occurrit
2808 3566 2993 3637 quiﬁt
3035 3583 3100 3621 ex
3121 3567 3208 3622 bis
3242 3585 3374 3622 uno.
3409 3569 3555 3623 Cum
3584 3583 3707 3622 vero
3747 3563 3916 3620 duobus

2295 3657 2597 3724 sequentes
2623 3656 2655 3706 4
2679 3654 2949 3725 junxero,
2999 3661 3159 3727 parte
3190 3658 3369 3711 altera
3411 3657 3638 3728 longior
3653 3671 3822 3710 rursus
3839 3653 3916 3706 erit

2295 3742 2575 3808 senarius,
2610 3743 2827 3798 scilicet
2847 3745 2948 3814 qui
2978 3745 3042 3798 ﬁt
3073 3761 3140 3800 ex
3169 3745 3256 3799 bis
3287 3745 3488 3800 tribus.
3546 3745 3647 3802 Cui
3674 3744 3716 3797 si
3733 3755 3916 3812 sequen-

2293 3836 2430 3898 tem,
2466 3848 2874 3903 aggregavaro,
2925 3839 3190 3888 nascatur
3218 3834 3360 3889 mihi
3393 3834 3737 3890 duodenaria
3778 3833 3916 3886 forma

2295 3921 2511 3991 quastit
2559 3938 2627 3975 ex
2657 3929 2862 3992 quater
2908 3924 3110 3978 tribus.
3153 3925 3312 3988 Quod
3343 3925 3389 3977 si
3422 3924 3781 3980 continuatim
3825 3919 3916 3990 quis

2293 4007 2481 4074 faciat,
2506 4011 2740 4062 cunctos
2770 4010 3104 4080 hujusmodi
3136 4027 3406 4066 numeros
3439 4013 3503 4067 in
3525 4009 3835 4082 competenti
3857 4021 3917 4059 or-

2295 4095 2428 4150 dine
2459 4103 2782 4167 procrcatos
2806 4099 3037 4153 videbit.
3068 4100 3249 4164 Quam
3282 4101 3717 4173 descriptionem
3753 4095 3916 4152 scilicet

2292 4185 2530 4242 inferior
2559 4186 2742 4242 forma
2769 4188 3121 4243 demonstrat
3153 4204 3166 4243 :

3003 4286 3201 4338 Badicc
3211 4300 3274 4359 s._

2224 2973 2264 3028 C

2223 4263 2264 4316 D

2316 4377 3776 4448 1—11—i—_——_———r
2578 4387 2808 4460 ,311
2823 4392 2887 4460 23
2896 4385 3681 4461 25|1,~3,5,7|1.3.5
3689 4386 3820 4457 ,7,9
3887 4377 3896 4433 1

2731 4484 3039 4547 Tetragnni,
3066 4483 3121 4534 id
3151 4489 3233 4535 est
3261 4483 3534 4548 quadrati.

2317 4571 3894 4644 W

3004 4681 3253 4730 Radices.

2791 4875 2950 4924 Parte
2979 4875 3147 4924 altera
3171 4873 3463 4936 longiores.

2842 4963 3702 5035 W10
3885 4963 3890 5017 1

2916 5081 3140 5135 CAPUT
3172 5080 3352 5136 XXIX.

2363 5173 2436 5225 De
2456 5172 2798 5238 generatione
2819 5171 3218 5236 laterculorum,
3246 5183 3528 5234 eorumque
3556 5163 3864 5233 dif/tnitione.

2727 5034 3006 5042 .————_

2364 5285 2515 5349 Quos
2546 5289 2736 5338 autem
2769 5285 3030 5356 superius
3060 5284 3365 5339 laterculos
3397 5282 3654 5342 diximus,
3684 5289 3795 5348 qua:
3816 5269 3910 5322 sun'.

2296 5379 2354 5429 et
2382 5375 2518 5445 ipsa}
2547 5373 2780 5444 quidem
2811 5374 3244 5444 solidzeﬁgurce,
3274 5374 3381 5427 hoc
3428 5371 3595 5426 modo
3621 5368 3769 5422 ﬁunt.
3809 5359 3914 5420 ΟΜ

2292 5462 2440 5517 tiens
2470 5461 2786 5533 aequalibus
2809 5461 3006 5532 spatiis
3033 5461 3091 5514 in
3118 5460 3536 5530 longitudinem
3587 5449 3913 5510 latitudinem-

2295 5567 2406 5623 que
2455 5550 2751 5623 porrectis,
2797 5549 2988 5605 minor
3024 5548 3114 5605 his
3147 5548 3374 5604 additur
3423 5543 3674 5602 altitudo.
3720 5539 3779 5594 Ut
3819 5537 3914 5586 sunt
