  <div class='ocr_page' id='page_1' title='image "/cluster/home/n/w/nwhite01/storage/ocr_20150623/63/hvd.32044073498800/574.png"; bbox 0 0 4104 6176; ppageno 0'>
   <div class='ocr_carea' id='block_1_1' title="bbox 190 328 332 380">
    <p class='ocr_par' dir='ltr' id='par_1_1' title="bbox 190 328 332 380">
     <span class='ocr_line' id='line_1_1' title="bbox 190 328 332 380; baseline 0.014 -2"><span class='ocrx_word' id='word_1_1' title='bbox 190 328 332 380; x_wconf 86' lang='grc'>1137</span> 
     </span>
    </p>
   </div>
   <div class='ocr_carea' id='block_1_2' title="bbox 1498 332 2382 387">
    <p class='ocr_par' dir='ltr' id='par_1_2' title="bbox 1498 332 2382 387">
     <span class='ocr_line' id='line_1_2' title="bbox 1498 332 2382 387; baseline 0.002 -3"><span class='ocrx_word' id='word_1_2' title='bbox 1498 332 1584 384; x_wconf 88' lang='lat' dir='ltr'>DE</span> <span class='ocrx_word' id='word_1_3' title='bbox 1624 332 2101 386; x_wconf 76' lang='lat' dir='ltr'>ARITHMETICA</span> <span class='ocrx_word' id='word_1_4' title='bbox 2139 334 2269 387; x_wconf 76' lang='lat' dir='ltr'>LIB.</span> <span class='ocrx_word' id='word_1_5' title='bbox 2314 334 2382 386; x_wconf 88' lang='lat' dir='ltr'>Il.</span> 
     </span>
    </p>
   </div>
   <div class='ocr_carea' id='block_1_3' title="bbox 3554 335 3688 391">
    <p class='ocr_par' dir='ltr' id='par_1_3' title="bbox 3554 335 3688 391">
     <span class='ocr_line' id='line_1_3' title="bbox 3554 335 3688 391; baseline 0.022 -3"><span class='ocrx_word' id='word_1_6' title='bbox 3554 335 3688 391; x_wconf 86' lang='grc'>1138</span> 
     </span>
    </p>
   </div>
   <div class='ocr_carea' id='block_1_4' title="bbox 179 454 3683 538">
    <p class='ocr_par' dir='ltr' id='par_1_4' title="bbox 179 454 3683 538">
     <span class='ocr_line' id='line_1_4' title="bbox 179 454 3683 538; baseline 0.004 -31"><span class='ocrx_word' id='word_1_7' title='bbox 179 454 521 524; x_wconf 83' lang='lat' dir='ltr'>hujusmodi</span> <span class='ocrx_word' id='word_1_8' title='bbox 559 458 588 509; x_wconf 89' lang='lat'><strong>3</strong></span> <span class='ocrx_word' id='word_1_9' title='bbox 620 460 707 510; x_wconf 90' lang='lat' dir='ltr'>ter</span> <span class='ocrx_word' id='word_1_10' title='bbox 750 455 855 525; x_wconf 91' lang='lat' dir='ltr'>bis,</span> <span class='ocrx_word' id='word_1_11' title='bbox 889 456 989 528; x_wconf 99' lang='lat' dir='ltr'>qui</span> <span class='ocrx_word' id='word_1_12' title='bbox 1021 463 1153 513; x_wconf 91' lang='lat' dir='ltr'>sunt</span> <span class='ocrx_word' id='word_1_13' title='bbox 1206 462 1286 525; x_wconf 82' lang='grc'>18,</span> <span class='ocrx_word' id='word_1_14' title='bbox 1318 461 1407 513; x_wconf 87' lang='lat' dir='ltr'>vel</span> <span class='ocrx_word' id='word_1_15' title='bbox 1462 462 1495 514; x_wconf 79' lang='grc'><strong>4</strong></span> <span class='ocrx_word' id='word_1_16' title='bbox 1528 468 1731 532; x_wconf 85' lang='lat' dir='ltr'>quater</span> <span class='ocrx_word' id='word_1_17' title='bbox 1760 461 1866 528; x_wconf 86' lang='lat' dir='ltr'>bis,</span> <span class='ocrx_word' id='word_1_18' title='bbox 1908 466 1950 516; x_wconf 89' lang='lat' dir='ltr'><strong>A</strong></span> <span class='ocrx_word' id='word_1_19' title='bbox 1982 464 2195 516; x_wconf 86' lang='lat' dir='ltr'>tatione</span> <span class='ocrx_word' id='word_1_20' title='bbox 2246 463 2476 532; x_wconf 78' lang='lat' dir='ltr'>versati,</span> <span class='ocrx_word' id='word_1_21' title='bbox 2514 464 2651 534; x_wconf 91' lang='lat' dir='ltr'>quid</span> <span class='ocrx_word' id='word_1_22' title='bbox 2702 464 2760 517; x_wconf 91' lang='lat' dir='ltr'>iu</span> <span class='ocrx_word' id='word_1_23' title='bbox 2811 481 3038 535; x_wconf 90' lang='lat' dir='ltr'>quaque</span> <span class='ocrx_word' id='word_1_24' title='bbox 3090 481 3152 519; x_wconf 91' lang='lat' dir='ltr'>re</span> <span class='ocrx_word' id='word_1_25' title='bbox 3192 470 3336 520; x_wconf 92' lang='lat' dir='ltr'>esset</span> <span class='ocrx_word' id='word_1_26' title='bbox 3363 468 3683 538; x_wconf 92' lang='lat' dir='ltr'>proprium,</span> 
     </span>
    </p>
   </div>
   <div class='ocr_carea' id='block_1_5' title="bbox 180 544 1876 618">
    <p class='ocr_par' dir='ltr' id='par_1_5' title="bbox 180 544 1876 618">
     <span class='ocr_line' id='line_1_5' title="bbox 180 544 1876 618; baseline 0.004 -21"><span class='ocrx_word' id='word_1_27' title='bbox 180 545 271 597; x_wconf 89' lang='lat' dir='ltr'>vel</span> <span class='ocrx_word' id='word_1_28' title='bbox 305 544 416 598; x_wconf 90' lang='lat' dir='ltr'>alio</span> <span class='ocrx_word' id='word_1_29' title='bbox 447 544 705 615; x_wconf 89' lang='lat' dir='ltr'>quolibet</span> <span class='ocrx_word' id='word_1_30' title='bbox 732 547 921 613; x_wconf 92' lang='lat' dir='ltr'>modo,</span> <span class='ocrx_word' id='word_1_31' title='bbox 956 550 1018 601; x_wconf 93' lang='lat' dir='ltr'>ut</span> <span class='ocrx_word' id='word_1_32' title='bbox 1050 548 1139 601; x_wconf 85' lang='lat' dir='ltr'>his</span> <span class='ocrx_word' id='word_1_33' title='bbox 1171 548 1227 602; x_wconf 93' lang='lat' dir='ltr'>in</span> <span class='ocrx_word' id='word_1_34' title='bbox 1258 549 1705 618; x_wconf 88' lang='lat' dir='ltr'>longitudinem,</span> <span class='ocrx_word' id='word_1_35' title='bbox 1740 550 1876 604; x_wconf 90' lang='lat' dir='ltr'>lati-</span> 
     </span>
    </p>
   </div>
   <div class='ocr_carea' id='block_1_6' title="bbox 180 632 1877 705">
    <p class='ocr_par' dir='ltr' id='par_1_6' title="bbox 180 632 1877 705">
     <span class='ocr_line' id='line_1_6' title="bbox 180 632 1877 705; baseline 0.004 -19"><span class='ocrx_word' id='word_1_36' title='bbox 180 632 561 705; x_wconf 85' lang='lat' dir='ltr'>tudinemque</span> <span class='ocrx_word' id='word_1_37' title='bbox 593 634 793 705; x_wconf 75' lang='lat' dir='ltr'>aequis,</span> <span class='ocrx_word' id='word_1_38' title='bbox 842 636 1033 690; x_wconf 88' lang='lat' dir='ltr'>minor</span> <span class='ocrx_word' id='word_1_39' title='bbox 1062 636 1302 692; x_wconf 79' lang='lat' dir='ltr'>altitudo</span> <span class='ocrx_word' id='word_1_40' title='bbox 1332 639 1590 693; x_wconf 83' lang='lat' dir='ltr'>ducatur.</span> <span class='ocrx_word' id='word_1_41' title='bbox 1634 640 1701 694; x_wconf 88' lang='lat' dir='ltr'>Hi</span> <span class='ocrx_word' id='word_1_42' title='bbox 1731 641 1877 693; x_wconf 86' lang='lat' dir='ltr'>deﬁ-</span> 
     </span>
    </p>
   </div>
   <div class='ocr_carea' id='block_1_7' title="bbox 182 722 1877 799">
    <p class='ocr_par' dir='ltr' id='par_1_7' title="bbox 182 722 1877 799">
     <span class='ocr_line' id='line_1_7' title="bbox 182 722 1877 799; baseline 0.004 -23"><span class='ocrx_word' id='word_1_43' title='bbox 182 722 429 777; x_wconf 89' lang='lat' dir='ltr'>niuntur</span> <span class='ocrx_word' id='word_1_44' title='bbox 444 723 550 777; x_wconf 89' lang='lat' dir='ltr'>hoc</span> <span class='ocrx_word' id='word_1_45' title='bbox 568 724 735 778; x_wconf 91' lang='lat' dir='ltr'>modo</span> <span class='ocrx_word' id='word_1_46' title='bbox 768 742 783 777; x_wconf 91' lang='lat'><strong><em>:</em></strong></span> <span class='ocrx_word' id='word_1_47' title='bbox 819 724 1102 780; x_wconf 88' lang='lat' dir='ltr'>Laterculi</span> <span class='ocrx_word' id='word_1_48' title='bbox 1122 732 1276 792; x_wconf 91' lang='lat' dir='ltr'>sunt,</span> <span class='ocrx_word' id='word_1_49' title='bbox 1301 729 1401 798; x_wconf 88' lang='lat' dir='ltr'>qui</span> <span class='ocrx_word' id='word_1_50' title='bbox 1420 728 1567 782; x_wconf 90' lang='lat' dir='ltr'>ﬁunt</span> <span class='ocrx_word' id='word_1_51' title='bbox 1599 745 1664 782; x_wconf 88' lang='lat' dir='ltr'>ex</span> <span class='ocrx_word' id='word_1_52' title='bbox 1686 745 1877 799; x_wconf 69' lang='lat' dir='ltr'>aequa-</span> 
     </span>
    </p>
   </div>
   <div class='ocr_carea' id='block_1_8' title="bbox 181 812 1876 889">
    <p class='ocr_par' dir='ltr' id='par_1_8' title="bbox 181 812 1876 889">
     <span class='ocr_line' id='line_1_8' title="bbox 181 812 1876 889; baseline 0.003 -23"><span class='ocrx_word' id='word_1_53' title='bbox 181 812 337 866; x_wconf 91' lang='lat' dir='ltr'>libus</span> <span class='ocrx_word' id='word_1_54' title='bbox 365 812 664 883; x_wconf 66' lang='lat' dir='ltr'>aequaliter</span> <span class='ocrx_word' id='word_1_55' title='bbox 693 813 752 866; x_wconf 92' lang='lat' dir='ltr'>in</span> <span class='ocrx_word' id='word_1_56' title='bbox 797 812 1009 867; x_wconf 92' lang='lat' dir='ltr'>minus.</span> <span class='ocrx_word' id='word_1_57' title='bbox 1045 818 1273 869; x_wconf 77' lang='lat' dir='ltr'>Asseres</span> <span class='ocrx_word' id='word_1_58' title='bbox 1317 832 1451 869; x_wconf 91' lang='lat' dir='ltr'>vero</span> <span class='ocrx_word' id='word_1_59' title='bbox 1486 821 1540 871; x_wconf 89' lang='lat' dir='ltr'>et</span> <span class='ocrx_word' id='word_1_60' title='bbox 1573 818 1710 888; x_wconf 68' lang='lat' dir='ltr'>ipsas</span> <span class='ocrx_word' id='word_1_61' title='bbox 1747 818 1876 889; x_wconf 83' lang='lat' dir='ltr'>qui-</span> 
     </span>
    </p>
   </div>
   <div class='ocr_carea' id='block_1_9' title="bbox 180 901 1877 977">
    <p class='ocr_par' dir='ltr' id='par_1_9' title="bbox 180 901 1877 977">
     <span class='ocr_line' id='line_1_9' title="bbox 180 901 1877 977; baseline 0.003 -22"><span class='ocrx_word' id='word_1_62' title='bbox 180 901 319 955; x_wconf 88' lang='lat' dir='ltr'>dem</span> <span class='ocrx_word' id='word_1_63' title='bbox 350 902 549 971; x_wconf 81' lang='lat' dir='ltr'>ﬁgurae</span> <span class='ocrx_word' id='word_1_64' title='bbox 579 906 715 955; x_wconf 91' lang='lat' dir='ltr'>sunt</span> <span class='ocrx_word' id='word_1_65' title='bbox 752 902 969 969; x_wconf 77' lang='lat' dir='ltr'>solidae,</span> <span class='ocrx_word' id='word_1_66' title='bbox 1002 904 1101 957; x_wconf 91' lang='lat' dir='ltr'>sed</span> <span class='ocrx_word' id='word_1_67' title='bbox 1140 904 1248 958; x_wconf 91' lang='lat' dir='ltr'>hoc</span> <span class='ocrx_word' id='word_1_68' title='bbox 1288 906 1459 959; x_wconf 91' lang='lat' dir='ltr'>modo</span> <span class='ocrx_word' id='word_1_69' title='bbox 1494 911 1558 959; x_wconf 91' lang='lat' dir='ltr'>ut</span> <span class='ocrx_word' id='word_1_70' title='bbox 1586 924 1651 960; x_wconf 86' lang='lat' dir='ltr'>ex</span> <span class='ocrx_word' id='word_1_71' title='bbox 1678 923 1877 977; x_wconf 77' lang='lat' dir='ltr'>aequa-</span> 
     </span>
    </p>
   </div>
   <div class='ocr_carea' id='block_1_10' title="bbox 178 989 1875 1066">
    <p class='ocr_par' dir='ltr' id='par_1_10' title="bbox 178 989 1875 1066">
     <span class='ocr_line' id='line_1_10' title="bbox 178 989 1875 1066; baseline 0.004 -24"><span class='ocrx_word' id='word_1_72' title='bbox 178 989 336 1043; x_wconf 88' lang='lat' dir='ltr'>libus</span> <span class='ocrx_word' id='word_1_73' title='bbox 365 989 663 1060; x_wconf 76' lang='lat' dir='ltr'>zequaliter</span> <span class='ocrx_word' id='word_1_74' title='bbox 682 991 964 1045; x_wconf 86' lang='lat' dir='ltr'>ducantur</span> <span class='ocrx_word' id='word_1_75' title='bbox 992 991 1051 1045; x_wconf 93' lang='lat' dir='ltr'>in</span> <span class='ocrx_word' id='word_1_76' title='bbox 1078 994 1282 1063; x_wconf 86' lang='lat' dir='ltr'>majus.</span> <span class='ocrx_word' id='word_1_77' title='bbox 1319 995 1461 1047; x_wconf 84' lang='lat' dir='ltr'>Nam</span> <span class='ocrx_word' id='word_1_78' title='bbox 1493 995 1538 1047; x_wconf 89' lang='lat' dir='ltr'>si</span> <span class='ocrx_word' id='word_1_79' title='bbox 1569 1012 1734 1066; x_wconf 66' lang='lat' dir='ltr'>aequa</span> <span class='ocrx_word' id='word_1_80' title='bbox 1755 996 1875 1049; x_wconf 90' lang='lat' dir='ltr'>fue-</span> 
     </span>
    </p>
   </div>
   <div class='ocr_carea' id='block_1_11' title="bbox 177 1079 1878 1151">
    <p class='ocr_par' dir='ltr' id='par_1_11' title="bbox 177 1079 1878 1151">
     <span class='ocr_line' id='line_1_11' title="bbox 177 1079 1878 1151; baseline 0.004 -20"><span class='ocrx_word' id='word_1_81' title='bbox 177 1080 258 1131; x_wconf 86' lang='lat' dir='ltr'>rit</span> <span class='ocrx_word' id='word_1_82' title='bbox 287 1079 525 1133; x_wconf 89' lang='lat' dir='ltr'>latitudo</span> <span class='ocrx_word' id='word_1_83' title='bbox 553 1079 923 1149; x_wconf 80' lang='lat' dir='ltr'>longitudini,</span> <span class='ocrx_word' id='word_1_84' title='bbox 958 1086 1014 1135; x_wconf 91' lang='lat' dir='ltr'>et</span> <span class='ocrx_word' id='word_1_85' title='bbox 1043 1082 1229 1151; x_wconf 87' lang='lat' dir='ltr'>major</span> <span class='ocrx_word' id='word_1_86' title='bbox 1253 1082 1325 1135; x_wconf 86' lang='lat' dir='ltr'>sit</span> <span class='ocrx_word' id='word_1_87' title='bbox 1357 1082 1620 1151; x_wconf 86' lang='lat' dir='ltr'>altitudo,</span> <span class='ocrx_word' id='word_1_88' title='bbox 1656 1084 1768 1136; x_wconf 79' lang='lat' dir='ltr'>illae</span> <span class='ocrx_word' id='word_1_89' title='bbox 1804 1084 1878 1137; x_wconf 90' lang='lat' dir='ltr'>ﬁ—</span> 
     </span>
    </p>
   </div>
   <div class='ocr_carea' id='block_1_12' title="bbox 179 1168 1874 1239">
    <p class='ocr_par' dir='ltr' id='par_1_12' title="bbox 179 1168 1874 1239">
     <span class='ocr_line' id='line_1_12' title="bbox 179 1168 1874 1239; baseline 0.004 -19"><span class='ocrx_word' id='word_1_90' title='bbox 179 1183 342 1237; x_wconf 62' lang='lat' dir='ltr'>gure</span> <span class='ocrx_word' id='word_1_91' title='bbox 370 1185 401 1221; x_wconf 91' lang='lat' dir='ltr'>a</span> <span class='ocrx_word' id='word_1_92' title='bbox 444 1168 605 1222; x_wconf 88' lang='lat' dir='ltr'>nobis</span> <span class='ocrx_word' id='word_1_93' title='bbox 633 1185 869 1235; x_wconf 88' lang='lat' dir='ltr'>asseres,</span> <span class='ocrx_word' id='word_1_94' title='bbox 903 1186 936 1223; x_wconf 92' lang='lat' dir='ltr'>a</span> <span class='ocrx_word' id='word_1_95' title='bbox 966 1170 1171 1224; x_wconf 66' lang='lat' dir='ltr'>Graecis</span> <span class='ocrx_word' id='word_1_96' title='bbox 1207 1171 1449 1225; x_wconf 91' lang='lat' dir='ltr'>clocides</span> <span class='ocrx_word' id='word_1_97' title='bbox 1482 1174 1874 1239; x_wconf 85' lang='lat' dir='ltr'>nominantur,</span> 
     </span>
    </p>
   </div>
   <div class='ocr_carea' id='block_1_13' title="bbox 174 1256 1877 1332">
    <p class='ocr_par' dir='ltr' id='par_1_13' title="bbox 174 1256 1877 1332">
     <span class='ocr_line' id='line_1_13' title="bbox 174 1256 1877 1332; baseline 0.004 -24"><span class='ocrx_word' id='word_1_98' title='bbox 174 1260 239 1308; x_wconf 90' lang='lat' dir='ltr'>ut</span> <span class='ocrx_word' id='word_1_99' title='bbox 271 1256 321 1308; x_wconf 91' lang='lat' dir='ltr'>si</span> <span class='ocrx_word' id='word_1_100' title='bbox 352 1257 479 1327; x_wconf 84' lang='lat' dir='ltr'>quis</span> <span class='ocrx_word' id='word_1_101' title='bbox 510 1257 615 1310; x_wconf 93' lang='lat' dir='ltr'>hoc</span> <span class='ocrx_word' id='word_1_102' title='bbox 642 1258 815 1311; x_wconf 89' lang='lat' dir='ltr'>modo</span> <span class='ocrx_word' id='word_1_103' title='bbox 857 1257 1027 1311; x_wconf 86' lang='lat' dir='ltr'>faciat</span> <span class='ocrx_word' id='word_1_104' title='bbox 1054 1260 1087 1311; x_wconf 73' lang='grc'><strong>4</strong></span> <span class='ocrx_word' id='word_1_105' title='bbox 1121 1262 1325 1329; x_wconf 83' lang='lat' dir='ltr'>quater</span> <span class='ocrx_word' id='word_1_106' title='bbox 1354 1260 1568 1327; x_wconf 85' lang='lat' dir='ltr'>novies,</span> <span class='ocrx_word' id='word_1_107' title='bbox 1614 1262 1713 1332; x_wconf 89' lang='lat' dir='ltr'>qui</span> <span class='ocrx_word' id='word_1_108' title='bbox 1744 1261 1877 1314; x_wconf 91' lang='lat' dir='ltr'>inde</span> 
     </span>
    </p>
   </div>
   <div class='ocr_carea' id='block_1_14' title="bbox 177 1346 1873 1420">
    <p class='ocr_par' dir='ltr' id='par_1_14' title="bbox 177 1346 1873 1420">
     <span class='ocr_line' id='line_1_14' title="bbox 177 1346 1873 1420; baseline 0.004 -23"><span class='ocrx_word' id='word_1_109' title='bbox 177 1349 558 1415; x_wconf 86' lang='lat' dir='ltr'>procreantur</span> <span class='ocrx_word' id='word_1_110' title='bbox 597 1362 811 1400; x_wconf 86' lang='lat' dir='ltr'>asseres</span> <span class='ocrx_word' id='word_1_111' title='bbox 851 1346 1135 1402; x_wconf 88' lang='lat' dir='ltr'>nominati</span> <span class='ocrx_word' id='word_1_112' title='bbox 1187 1353 1337 1403; x_wconf 91' lang='lat' dir='ltr'>sunt.</span> <span class='ocrx_word' id='word_1_113' title='bbox 1387 1350 1687 1420; x_wconf 81' lang='lat' dir='ltr'>Splienisci</span> <span class='ocrx_word' id='word_1_114' title='bbox 1719 1366 1873 1415; x_wconf 88' lang='lat' dir='ltr'>vero,</span> 
     </span>
    </p>
   </div>
   <div class='ocr_carea' id='block_1_15' title="bbox 180 1435 1871 1508">
    <p class='ocr_par' dir='ltr' id='par_1_15' title="bbox 180 1435 1871 1508">
     <span class='ocr_line' id='line_1_15' title="bbox 180 1435 1871 1508; baseline 0.003 -22"><span class='ocrx_word' id='word_1_115' title='bbox 180 1450 299 1503; x_wconf 93' lang='lat' dir='ltr'>quo</span> <span class='ocrx_word' id='word_1_116' title='bbox 351 1435 620 1487; x_wconf 90' lang='lat' dir='ltr'>cuneolos</span> <span class='ocrx_word' id='word_1_117' title='bbox 676 1435 941 1505; x_wconf 80' lang='lat' dir='ltr'>superius</span> <span class='ocrx_word' id='word_1_118' title='bbox 995 1437 1428 1507; x_wconf 85' lang='lat' dir='ltr'>appellavimus,</span> <span class='ocrx_word' id='word_1_119' title='bbox 1483 1439 1541 1491; x_wconf 90' lang='lat' dir='ltr'>hi</span> <span class='ocrx_word' id='word_1_120' title='bbox 1573 1444 1703 1492; x_wconf 88' lang='lat' dir='ltr'>sunt</span> <span class='ocrx_word' id='word_1_121' title='bbox 1752 1439 1871 1508; x_wconf 86' lang='lat' dir='ltr'>qui,</span> 
     </span>
    </p>
   </div>
   <div class='ocr_carea' id='block_1_16' title="bbox 180 1522 1875 1599">
    <p class='ocr_par' dir='ltr' id='par_1_16' title="bbox 180 1522 1875 1599">
     <span class='ocr_line' id='line_1_16' title="bbox 180 1522 1875 1599; baseline 0.004 -24"><span class='ocrx_word' id='word_1_122' title='bbox 180 1539 249 1575; x_wconf 78' lang='lat' dir='ltr'>ex</span> <span class='ocrx_word' id='word_1_123' title='bbox 276 1522 661 1593; x_wconf 80' lang='lat' dir='ltr'>inaequalibus</span> <span class='ocrx_word' id='word_1_124' title='bbox 691 1523 1053 1594; x_wconf 82' lang='lat' dir='ltr'>inaequaliter</span> <span class='ocrx_word' id='word_1_125' title='bbox 1078 1526 1252 1593; x_wconf 88' lang='lat' dir='ltr'>ducti,</span> <span class='ocrx_word' id='word_1_126' title='bbox 1284 1543 1388 1596; x_wconf 90' lang='lat' dir='ltr'>per</span> <span class='ocrx_word' id='word_1_127' title='bbox 1418 1528 1726 1599; x_wconf 70' lang='lat' dir='ltr'>inaequalia</span> <span class='ocrx_word' id='word_1_128' title='bbox 1758 1544 1875 1581; x_wconf 89' lang='lat' dir='ltr'>cre-</span> 
     </span>
    </p>
   </div>
   <div class='ocr_carea' id='block_1_17' title="bbox 176 1612 1876 1688">
    <p class='ocr_par' dir='ltr' id='par_1_17' title="bbox 176 1612 1876 1688">
     <span class='ocr_line' id='line_1_17' title="bbox 176 1612 1876 1688; baseline 0.004 -24"><span class='ocrx_word' id='word_1_129' title='bbox 176 1627 315 1666; x_wconf 84' lang='lat' dir='ltr'>vere</span> <span class='ocrx_word' id='word_1_130' title='bbox 370 1612 548 1678; x_wconf 90' lang='lat' dir='ltr'>;cubi</span> <span class='ocrx_word' id='word_1_131' title='bbox 598 1629 751 1679; x_wconf 88' lang='lat' dir='ltr'>vero,</span> <span class='ocrx_word' id='word_1_132' title='bbox 799 1614 900 1684; x_wconf 93' lang='lat' dir='ltr'>qui</span> <span class='ocrx_word' id='word_1_133' title='bbox 952 1630 1021 1668; x_wconf 82' lang='lat' dir='ltr'>ex</span> <span class='ocrx_word' id='word_1_134' title='bbox 1068 1615 1385 1686; x_wconf 88' lang='lat' dir='ltr'>aequalibus</span> <span class='ocrx_word' id='word_1_135' title='bbox 1427 1617 1726 1688; x_wconf 69' lang='lat' dir='ltr'>aequaliter</span> <span class='ocrx_word' id='word_1_136' title='bbox 1774 1632 1876 1687; x_wconf 91' lang='lat' dir='ltr'>per</span> 
     </span>
    </p>
   </div>
   <div class='ocr_carea' id='block_1_18' title="bbox 178 1701 898 1772">
    <p class='ocr_par' dir='ltr' id='par_1_18' title="bbox 178 1701 898 1772">
     <span class='ocr_line' id='line_1_18' title="bbox 178 1701 898 1772; baseline 0.004 -19"><span class='ocrx_word' id='word_1_137' title='bbox 178 1702 431 1772; x_wconf 77' lang='lat' dir='ltr'>aequalia</span> <span class='ocrx_word' id='word_1_138' title='bbox 451 1701 712 1771; x_wconf 89' lang='lat' dir='ltr'>producti</span> <span class='ocrx_word' id='word_1_139' title='bbox 742 1707 898 1757; x_wconf 90' lang='lat' dir='ltr'>sunt.</span> 
     </span>
    </p>
   </div>
   <div class='ocr_carea' id='block_1_19' title="bbox 824 1792 1233 1847">
    <p class='ocr_par' dir='ltr' id='par_1_19' title="bbox 824 1792 1233 1847">
     <span class='ocr_line' id='line_1_19' title="bbox 824 1792 1233 1847; baseline 0.005 -2"><span class='ocrx_word' id='word_1_140' title='bbox 824 1792 1049 1847; x_wconf 84' lang='lat' dir='ltr'>CAPUT</span> <span class='ocrx_word' id='word_1_141' title='bbox 1088 1795 1233 1847; x_wconf 89' lang='lat' dir='ltr'><strong>XXX.</strong></span> 
     </span>
    </p>
   </div>
   <div class='ocr_carea' id='block_1_20' title="bbox 440 1880 1624 1951">
    <p class='ocr_par' dir='ltr' id='par_1_20' title="bbox 440 1880 1624 1951">
     <span class='ocr_line' id='line_1_20' title="bbox 440 1880 1624 1951; baseline 0.004 -18"><span class='ocrx_word' id='word_1_142' title='bbox 440 1882 505 1933; x_wconf 88' lang='lat' dir='ltr'>De</span> <span class='ocrx_word' id='word_1_143' title='bbox 534 1880 892 1935; x_wconf 77' lang='lat' dir='ltr'>circularibus</span> <span class='ocrx_word' id='word_1_144' title='bbox 935 1884 1019 1935; x_wconf 83' lang='lat' dir='ltr'>vel</span> <span class='ocrx_word' id='word_1_145' title='bbox 1053 1884 1332 1951; x_wconf 75' lang='lat' dir='ltr'>sphazricis</span> <span class='ocrx_word' id='word_1_146' title='bbox 1364 1886 1624 1938; x_wconf 79' lang='lat' dir='ltr'>numeris.</span> 
     </span>
    </p>
   </div>
   <div class='ocr_carea' id='block_1_21' title="bbox 252 1968 1877 2042">
    <p class='ocr_par' dir='ltr' id='par_1_21' title="bbox 252 1968 1877 2042">
     <span class='ocr_line' id='line_1_21' title="bbox 252 1968 1877 2042; baseline 0.004 -23"><span class='ocrx_word' id='word_1_147' title='bbox 252 1968 516 2037; x_wconf 82' lang='lat' dir='ltr'>Ipsorum</span> <span class='ocrx_word' id='word_1_148' title='bbox 566 1985 699 2023; x_wconf 90' lang='lat' dir='ltr'>vero</span> <span class='ocrx_word' id='word_1_149' title='bbox 732 1970 1013 2024; x_wconf 89' lang='lat' dir='ltr'>cuborum</span> <span class='ocrx_word' id='word_1_150' title='bbox 1062 1972 1491 2042; x_wconf 87' lang='lat' dir='ltr'>quanticunque</span> <span class='ocrx_word' id='word_1_151' title='bbox 1538 1971 1757 2025; x_wconf 89' lang='lat' dir='ltr'>fuerint</span> <span class='ocrx_word' id='word_1_152' title='bbox 1796 1971 1877 2025; x_wconf 90' lang='lat' dir='ltr'>ita</span> 
     </span>
    </p>
   </div>
   <div class='ocr_carea' id='block_1_22' title="bbox 178 2055 1876 2130">
    <p class='ocr_par' dir='ltr' id='par_1_22' title="bbox 178 2055 1876 2130">
     <span class='ocr_line' id='line_1_22' title="bbox 178 2055 1876 2130; baseline 0.005 -23"><span class='ocrx_word' id='word_1_153' title='bbox 178 2055 363 2124; x_wconf 89' lang='lat' dir='ltr'>ducti,</span> <span class='ocrx_word' id='word_1_154' title='bbox 394 2062 460 2112; x_wconf 90' lang='lat' dir='ltr'>ut</span> <span class='ocrx_word' id='word_1_155' title='bbox 492 2073 527 2112; x_wconf 90' lang='lat' dir='ltr'>a</span> <span class='ocrx_word' id='word_1_156' title='bbox 548 2074 661 2128; x_wconf 91' lang='lat' dir='ltr'>quo</span> <span class='ocrx_word' id='word_1_157' title='bbox 692 2075 933 2114; x_wconf 89' lang='lat' dir='ltr'>numero</span> <span class='ocrx_word' id='word_1_158' title='bbox 961 2060 1171 2113; x_wconf 66' lang='lat' dir='ltr'>cubicae</span> <span class='ocrx_word' id='word_1_159' title='bbox 1206 2060 1540 2130; x_wconf 88' lang='lat' dir='ltr'>quantitatis</span> <span class='ocrx_word' id='word_1_160' title='bbox 1576 2063 1721 2114; x_wconf 91' lang='lat' dir='ltr'>latus</span> <span class='ocrx_word' id='word_1_161' title='bbox 1761 2077 1876 2115; x_wconf 89' lang='lat' dir='ltr'>coe-</span> 
     </span>
    </p>
   </div>
   <div class='ocr_carea' id='block_1_23' title="bbox 179 2146 1871 2217">
    <p class='ocr_par' dir='ltr' id='par_1_23' title="bbox 179 2146 1871 2217">
     <span class='ocr_line' id='line_1_23' title="bbox 179 2146 1871 2217; baseline 0.002 -19"><span class='ocrx_word' id='word_1_162' title='bbox 179 2146 357 2215; x_wconf 88' lang='lat' dir='ltr'>perit,</span> <span class='ocrx_word' id='word_1_163' title='bbox 391 2146 453 2199; x_wconf 88' lang='lat' dir='ltr'>in</span> <span class='ocrx_word' id='word_1_164' title='bbox 491 2148 758 2201; x_wconf 90' lang='lat' dir='ltr'>eumdem</span> <span class='ocrx_word' id='word_1_165' title='bbox 799 2148 1118 2202; x_wconf 85' lang='lat' dir='ltr'>altitudinis</span> <span class='ocrx_word' id='word_1_166' title='bbox 1151 2149 1481 2201; x_wconf 80' lang='lat' dir='ltr'>extremitas</span> <span class='ocrx_word' id='word_1_167' title='bbox 1511 2150 1871 2217; x_wconf 89' lang='lat' dir='ltr'>terminetur,</span> 
     </span>
    </p>
   </div>
   <div class='ocr_carea' id='block_1_24' title="bbox 176 2238 1877 2311">
    <p class='ocr_par' dir='ltr' id='par_1_24' title="bbox 176 2238 1877 2311">
     <span class='ocr_line' id='line_1_24' title="bbox 176 2238 1877 2311; baseline 0.004 -23"><span class='ocrx_word' id='word_1_168' title='bbox 176 2252 460 2290; x_wconf 91' lang='lat' dir='ltr'>numerus</span> <span class='ocrx_word' id='word_1_169' title='bbox 521 2238 611 2291; x_wconf 92' lang='lat' dir='ltr'>ille</span> <span class='ocrx_word' id='word_1_170' title='bbox 660 2239 900 2309; x_wconf 86' lang='lat' dir='ltr'>cyclicus</span> <span class='ocrx_word' id='word_1_171' title='bbox 945 2241 1034 2293; x_wconf 92' lang='lat' dir='ltr'>vel</span> <span class='ocrx_word' id='word_1_172' title='bbox 1080 2240 1391 2309; x_wconf 69' lang='lat' dir='ltr'>sphaericus</span> <span class='ocrx_word' id='word_1_173' title='bbox 1427 2241 1768 2311; x_wconf 87' lang='lat' dir='ltr'>appellatur,</span> <span class='ocrx_word' id='word_1_174' title='bbox 1817 2246 1877 2295; x_wconf 91' lang='lat' dir='ltr'>ut</span> 
     </span>
    </p>
   </div>
   <div class='ocr_carea' id='block_1_25' title="bbox 177 2327 1878 2399">
    <p class='ocr_par' dir='ltr' id='par_1_25' title="bbox 177 2327 1878 2399">
     <span class='ocr_line' id='line_1_25' title="bbox 177 2327 1878 2399; baseline 0.004 -22"><span class='ocrx_word' id='word_1_175' title='bbox 177 2330 316 2378; x_wconf 91' lang='lat' dir='ltr'>sunt</span> <span class='ocrx_word' id='word_1_176' title='bbox 348 2327 850 2397; x_wconf 89' lang='lat' dir='ltr'>multiplicationes</span> <span class='ocrx_word' id='word_1_177' title='bbox 883 2345 1007 2399; x_wconf 77' lang='lat' dir='ltr'>qua-</span> <span class='ocrx_word' id='word_1_178' title='bbox 1032 2344 1063 2382; x_wconf 91' lang='lat' dir='ltr'>a</span> <span class='ocrx_word' id='word_1_179' title='bbox 1084 2328 1348 2399; x_wconf 89' lang='lat' dir='ltr'>quinario</span> <span class='ocrx_word' id='word_1_180' title='bbox 1375 2330 1463 2382; x_wconf 85' lang='lat' dir='ltr'>vel</span> <span class='ocrx_word' id='word_1_181' title='bbox 1495 2329 1718 2383; x_wconf 88' lang='lat' dir='ltr'>senario</span> <span class='ocrx_word' id='word_1_182' title='bbox 1750 2345 1878 2399; x_wconf 87' lang='lat' dir='ltr'>pro-</span> 
     </span>
    </p>
   </div>
   <div class='ocr_carea' id='block_1_26' title="bbox 176 2414 1874 2487">
    <p class='ocr_par' dir='ltr' id='par_1_26' title="bbox 176 2414 1874 2487">
     <span class='ocr_line' id='line_1_26' title="bbox 176 2414 1874 2487; baseline 0.002 -22"><span class='ocrx_word' id='word_1_183' title='bbox 176 2414 536 2467; x_wconf 86' lang='lat' dir='ltr'>ﬁciscuntur.</span> <span class='ocrx_word' id='word_1_184' title='bbox 572 2416 709 2469; x_wconf 86' lang='lat' dir='ltr'>Nam</span> <span class='ocrx_word' id='word_1_185' title='bbox 742 2417 1048 2487; x_wconf 89' lang='lat' dir='ltr'>quinquies</span> <span class='ocrx_word' id='word_1_186' title='bbox 1079 2418 1355 2487; x_wconf 89' lang='lat' dir='ltr'>quinque,</span> <span class='ocrx_word' id='word_1_187' title='bbox 1388 2418 1489 2487; x_wconf 89' lang='lat' dir='ltr'>qui</span> <span class='ocrx_word' id='word_1_188' title='bbox 1520 2417 1585 2471; x_wconf 91' lang='lat' dir='ltr'>ﬁt</span> <span class='ocrx_word' id='word_1_189' title='bbox 1618 2420 1707 2483; x_wconf 77' lang='grc'>25,</span> <span class='ocrx_word' id='word_1_190' title='bbox 1742 2419 1813 2471; x_wconf 90' lang='lat' dir='ltr'>ab</span> <span class='ocrx_word' id='word_1_191' title='bbox 1846 2421 1874 2469; x_wconf 73' lang='grc' dir='ltr'>ὅ</span> 
     </span>
    </p>
   </div>
   <div class='ocr_carea' id='block_1_27' title="bbox 176 2504 1875 2573">
    <p class='ocr_par' dir='ltr' id='par_1_27' title="bbox 176 2504 1875 2573">
     <span class='ocr_line' id='line_1_27' title="bbox 176 2504 1875 2573; baseline 0.002 -18"><span class='ocrx_word' id='word_1_192' title='bbox 176 2519 542 2573; x_wconf 76' lang='lat' dir='ltr'>progressus,</span> <span class='ocrx_word' id='word_1_193' title='bbox 580 2504 638 2557; x_wconf 90' lang='lat' dir='ltr'>in</span> <span class='ocrx_word' id='word_1_194' title='bbox 679 2506 907 2559; x_wconf 88' lang='lat' dir='ltr'>eosdem</span> <span class='ocrx_word' id='word_1_195' title='bbox 948 2510 976 2559; x_wconf 74' lang='grc' dir='ltr'>ὅ</span> <span class='ocrx_word' id='word_1_196' title='bbox 1027 2507 1256 2573; x_wconf 89' lang='lat' dir='ltr'>desinit,</span> <span class='ocrx_word' id='word_1_197' title='bbox 1313 2508 1377 2561; x_wconf 87' lang='lat' dir='ltr'>Et</span> <span class='ocrx_word' id='word_1_198' title='bbox 1406 2507 1453 2560; x_wconf 89' lang='lat' dir='ltr'>si</span> <span class='ocrx_word' id='word_1_199' title='bbox 1505 2506 1606 2559; x_wconf 88' lang='lat' dir='ltr'>hos</span> <span class='ocrx_word' id='word_1_200' title='bbox 1646 2523 1875 2559; x_wconf 87' lang='lat' dir='ltr'>rursum</span> 
     </span>
    </p>
   </div>
   <div class='ocr_carea' id='block_1_28' title="bbox 177 2592 1870 2662">
    <p class='ocr_par' dir='ltr' id='par_1_28' title="bbox 177 2592 1870 2662">
     <span class='ocr_line' id='line_1_28' title="bbox 177 2592 1870 2662; baseline 0.003 -18"><span class='ocrx_word' id='word_1_201' title='bbox 177 2592 491 2662; x_wconf 89' lang='lat' dir='ltr'>quinquies</span> <span class='ocrx_word' id='word_1_202' title='bbox 522 2593 713 2658; x_wconf 91' lang='lat' dir='ltr'>ducas,</span> <span class='ocrx_word' id='word_1_203' title='bbox 738 2593 794 2646; x_wconf 91' lang='lat' dir='ltr'>in</span> <span class='ocrx_word' id='word_1_204' title='bbox 826 2595 1053 2649; x_wconf 86' lang='lat' dir='ltr'>eosdem</span> <span class='ocrx_word' id='word_1_205' title='bbox 1082 2601 1111 2650; x_wconf 80' lang='grc'><strong>5</strong></span> <span class='ocrx_word' id='word_1_206' title='bbox 1137 2612 1335 2649; x_wconf 90' lang='lat' dir='ltr'>eorum</span> <span class='ocrx_word' id='word_1_207' title='bbox 1356 2596 1636 2650; x_wconf 88' lang='lat' dir='ltr'>terminus</span> <span class='ocrx_word' id='word_1_208' title='bbox 1665 2595 1870 2649; x_wconf 88' lang='lat' dir='ltr'>veniet.</span> 
     </span>
    </p>
   </div>
   <div class='ocr_carea' id='block_1_29' title="bbox 177 2681 1873 2755">
    <p class='ocr_par' dir='ltr' id='par_1_29' title="bbox 177 2681 1873 2755">
     <span class='ocr_line' id='line_1_29' title="bbox 177 2681 1873 2755; baseline 0.002 -22"><span class='ocrx_word' id='word_1_209' title='bbox 177 2681 500 2751; x_wconf 89' lang='lat' dir='ltr'>Quinquies</span> <span class='ocrx_word' id='word_1_210' title='bbox 531 2682 685 2735; x_wconf 87' lang='lat' dir='ltr'>enim</span> <span class='ocrx_word' id='word_1_211' title='bbox 730 2683 797 2736; x_wconf 76' lang='grc'>25</span> <span class='ocrx_word' id='word_1_212' title='bbox 830 2684 978 2737; x_wconf 84' lang='lat' dir='ltr'>fiunt</span> <span class='ocrx_word' id='word_1_213' title='bbox 1016 2687 1133 2745; x_wconf 77' lang='lat'>1&#39;25,</span> <span class='ocrx_word' id='word_1_214' title='bbox 1178 2689 1233 2738; x_wconf 93' lang='lat' dir='ltr'>et</span> <span class='ocrx_word' id='word_1_215' title='bbox 1260 2686 1305 2739; x_wconf 93' lang='lat' dir='ltr'>si</span> <span class='ocrx_word' id='word_1_216' title='bbox 1334 2685 1436 2738; x_wconf 90' lang='lat' dir='ltr'>hos</span> <span class='ocrx_word' id='word_1_217' title='bbox 1477 2700 1673 2738; x_wconf 89' lang='lat' dir='ltr'>rursus</span> <span class='ocrx_word' id='word_1_218' title='bbox 1706 2684 1873 2755; x_wconf 86' lang='lat' dir='ltr'>quin-</span> 
     </span>
    </p>
   </div>
   <div class='ocr_carea' id='block_1_30' title="bbox 177 2770 1875 2842">
    <p class='ocr_par' dir='ltr' id='par_1_30' title="bbox 177 2770 1875 2842">
     <span class='ocr_line' id='line_1_30' title="bbox 177 2770 1875 2842; baseline 0.002 -21"><span class='ocrx_word' id='word_1_219' title='bbox 177 2770 343 2840; x_wconf 86' lang='lat' dir='ltr'>quies</span> <span class='ocrx_word' id='word_1_220' title='bbox 378 2771 567 2835; x_wconf 89' lang='lat' dir='ltr'>ducas,</span> <span class='ocrx_word' id='word_1_221' title='bbox 610 2772 669 2824; x_wconf 92' lang='lat' dir='ltr'>in</span> <span class='ocrx_word' id='word_1_222' title='bbox 703 2771 1033 2842; x_wconf 91' lang='lat' dir='ltr'>quinarium</span> <span class='ocrx_word' id='word_1_223' title='bbox 1071 2790 1375 2827; x_wconf 90' lang='lat' dir='ltr'>numerum</span> <span class='ocrx_word' id='word_1_224' title='bbox 1411 2773 1737 2827; x_wconf 83' lang='lat' dir='ltr'>extremitas</span> <span class='ocrx_word' id='word_1_225' title='bbox 1767 2777 1875 2827; x_wconf 89' lang='lat' dir='ltr'>ter-</span> 
     </span>
    </p>
   </div>
   <div class='ocr_carea' id='block_1_31' title="bbox 177 2859 1872 2930">
    <p class='ocr_par' dir='ltr' id='par_1_31' title="bbox 177 2859 1872 2930">
     <span class='ocr_line' id='line_1_31' title="bbox 177 2859 1872 2930; baseline 0.001 -19"><span class='ocrx_word' id='word_1_226' title='bbox 177 2859 514 2912; x_wconf 90' lang='lat' dir='ltr'>minabitur.</span> <span class='ocrx_word' id='word_1_227' title='bbox 549 2862 733 2930; x_wconf 80' lang='lat' dir='ltr'>Atque</span> <span class='ocrx_word' id='word_1_228' title='bbox 765 2861 871 2913; x_wconf 91' lang='lat' dir='ltr'>hoc</span> <span class='ocrx_word' id='word_1_229' title='bbox 902 2877 1080 2930; x_wconf 88' lang='lat' dir='ltr'>usque</span> <span class='ocrx_word' id='word_1_230' title='bbox 1126 2861 1187 2915; x_wconf 92' lang='lat' dir='ltr'>in</span> <span class='ocrx_word' id='word_1_231' title='bbox 1218 2859 1505 2915; x_wconf 87' lang='lat' dir='ltr'>inﬁnitum</span> <span class='ocrx_word' id='word_1_232' title='bbox 1540 2862 1694 2915; x_wconf 91' lang='lat' dir='ltr'>idem</span> <span class='ocrx_word' id='word_1_233' title='bbox 1723 2876 1872 2913; x_wconf 87' lang='lat' dir='ltr'>sem-</span> 
     </span>
    </p>
   </div>
   <div class='ocr_carea' id='block_1_32' title="bbox 174 2948 1873 3021">
    <p class='ocr_par' dir='ltr' id='par_1_32' title="bbox 174 2948 1873 3021">
     <span class='ocr_line' id='line_1_32' title="bbox 174 2948 1873 3021; baseline 0.001 -22"><span class='ocrx_word' id='word_1_234' title='bbox 174 2963 281 3016; x_wconf 91' lang='lat' dir='ltr'>per</span> <span class='ocrx_word' id='word_1_235' title='bbox 311 2948 518 3001; x_wconf 84' lang='lat' dir='ltr'>evenit.</span> <span class='ocrx_word' id='word_1_236' title='bbox 561 2949 723 3012; x_wconf 89' lang='lat' dir='ltr'>Quod</span> <span class='ocrx_word' id='word_1_237' title='bbox 767 2949 827 3002; x_wconf 92' lang='lat' dir='ltr'>in</span> <span class='ocrx_word' id='word_1_238' title='bbox 866 2951 1089 3003; x_wconf 86' lang='lat' dir='ltr'>senario</span> <span class='ocrx_word' id='word_1_239' title='bbox 1122 2966 1349 3021; x_wconf 91' lang='lat' dir='ltr'>quoque</span> <span class='ocrx_word' id='word_1_240' title='bbox 1377 2950 1640 3003; x_wconf 83' lang='lat' dir='ltr'>convenit</span> <span class='ocrx_word' id='word_1_241' title='bbox 1686 2948 1873 3002; x_wconf 88' lang='lat' dir='ltr'>consi-</span> 
     </span>
    </p>
   </div>
   <div class='ocr_carea' id='block_1_33' title="bbox 1984 551 3676 624">
    <p class='ocr_par' dir='ltr' id='par_1_33' title="bbox 1984 551 3676 624">
     <span class='ocr_line' id='line_1_33' title="bbox 1984 551 3676 624; baseline 0.005 -20"><span class='ocrx_word' id='word_1_242' title='bbox 1984 551 2348 607; x_wconf 90' lang='lat' dir='ltr'>subtilissime</span> <span class='ocrx_word' id='word_1_243' title='bbox 2381 553 2836 624; x_wconf 90' lang='lat' dir='ltr'>peritissimeque</span> <span class='ocrx_word' id='word_1_244' title='bbox 2875 553 3194 619; x_wconf 90' lang='lat' dir='ltr'>ediderunt,</span> <span class='ocrx_word' id='word_1_245' title='bbox 3227 555 3286 608; x_wconf 93' lang='lat' dir='ltr'>hi</span> <span class='ocrx_word' id='word_1_246' title='bbox 3317 571 3511 610; x_wconf 92' lang='lat' dir='ltr'>rerum</span> <span class='ocrx_word' id='word_1_247' title='bbox 3545 573 3676 612; x_wconf 89' lang='lat' dir='ltr'>om-</span> 
     </span>
    </p>
   </div>
   <div class='ocr_carea' id='block_1_34' title="bbox 1985 641 3672 714">
    <p class='ocr_par' dir='ltr' id='par_1_34' title="bbox 1985 641 3672 714">
     <span class='ocr_line' id='line_1_34' title="bbox 1985 641 3672 714; baseline 0.004 -19"><span class='ocrx_word' id='word_1_248' title='bbox 1985 641 2147 695; x_wconf 90' lang='lat' dir='ltr'>nium</span> <span class='ocrx_word' id='word_1_249' title='bbox 2178 646 2409 696; x_wconf 90' lang='lat' dir='ltr'>naturas</span> <span class='ocrx_word' id='word_1_250' title='bbox 2440 643 2499 697; x_wconf 90' lang='lat' dir='ltr'>in</span> <span class='ocrx_word' id='word_1_251' title='bbox 2532 644 2764 711; x_wconf 79' lang='lat' dir='ltr'>gemina</span> <span class='ocrx_word' id='word_1_252' title='bbox 2786 643 3122 711; x_wconf 87' lang='lat' dir='ltr'>dividentes,</span> <span class='ocrx_word' id='word_1_253' title='bbox 3156 644 3261 698; x_wconf 90' lang='lat' dir='ltr'>hac</span> <span class='ocrx_word' id='word_1_254' title='bbox 3283 646 3672 714; x_wconf 88' lang='lat' dir='ltr'>speculatione</span> 
     </span>
    </p>
   </div>
   <div class='ocr_carea' id='block_1_35' title="bbox 1983 731 3676 789">
    <p class='ocr_par' dir='ltr' id='par_1_35' title="bbox 1983 731 3676 789">
     <span class='ocr_line' id='line_1_35' title="bbox 1983 731 3676 789; baseline 0.003 -5"><span class='ocrx_word' id='word_1_255' title='bbox 1983 731 2351 786; x_wconf 87' lang='lat' dir='ltr'>distribuunt.</span> <span class='ocrx_word' id='word_1_256' title='bbox 2385 733 2591 786; x_wconf 88' lang='lat' dir='ltr'>Dicunt</span> <span class='ocrx_word' id='word_1_257' title='bbox 2623 733 2778 786; x_wconf 91' lang='lat' dir='ltr'>enim</span> <span class='ocrx_word' id='word_1_258' title='bbox 2810 750 3007 786; x_wconf 91' lang='lat' dir='ltr'>omnes</span> <span class='ocrx_word' id='word_1_259' title='bbox 3028 734 3288 787; x_wconf 91' lang='lat' dir='ltr'>omnium</span> <span class='ocrx_word' id='word_1_260' title='bbox 3320 750 3513 788; x_wconf 91' lang='lat' dir='ltr'>rerum</span> <span class='ocrx_word' id='word_1_261' title='bbox 3546 735 3676 789; x_wconf 86' lang='lat' dir='ltr'>sub-</span> 
     </span>
    </p>
   </div>
   <div class='ocr_carea' id='block_1_36' title="bbox 1985 822 3675 894">
    <p class='ocr_par' dir='ltr' id='par_1_36' title="bbox 1985 822 3675 894">
     <span class='ocr_line' id='line_1_36' title="bbox 1985 822 3675 894; baseline 0.003 -22"><span class='ocrx_word' id='word_1_262' title='bbox 1985 822 2221 874; x_wconf 89' lang='lat' dir='ltr'>stantias</span> <span class='ocrx_word' id='word_1_263' title='bbox 2250 826 2505 875; x_wconf 90' lang='lat' dir='ltr'>constare</span> <span class='ocrx_word' id='word_1_264' title='bbox 2536 839 2604 875; x_wconf 85' lang='lat' dir='ltr'>ex</span> <span class='ocrx_word' id='word_1_265' title='bbox 2634 838 2700 875; x_wconf 89' lang='lat' dir='ltr'>ea</span> <span class='ocrx_word' id='word_1_266' title='bbox 2731 839 2860 893; x_wconf 69' lang='lat' dir='ltr'>qua:</span> <span class='ocrx_word' id='word_1_267' title='bbox 2892 823 3139 893; x_wconf 66' lang='lat' dir='ltr'>propriae</span> <span class='ocrx_word' id='word_1_268' title='bbox 3173 840 3406 893; x_wconf 82' lang='lat' dir='ltr'>suaeque</span> <span class='ocrx_word' id='word_1_269' title='bbox 3446 840 3675 894; x_wconf 87' lang='lat' dir='ltr'>semper</span> 
     </span>
    </p>
   </div>
   <div class='ocr_carea' id='block_1_37' title="bbox 1986 909 3677 981">
    <p class='ocr_par' dir='ltr' id='par_1_37' title="bbox 1986 909 3677 981">
     <span class='ocr_line' id='line_1_37' title="bbox 1986 909 3677 981; baseline 0.002 -19"><span class='ocrx_word' id='word_1_270' title='bbox 1986 909 2338 964; x_wconf 88' lang='lat' dir='ltr'>habitudinis</span> <span class='ocrx_word' id='word_1_271' title='bbox 2369 916 2473 977; x_wconf 92' lang='lat' dir='ltr'>est,</span> <span class='ocrx_word' id='word_1_272' title='bbox 2509 927 2613 964; x_wconf 91' lang='lat' dir='ltr'>nec</span> <span class='ocrx_word' id='word_1_273' title='bbox 2644 912 2757 964; x_wconf 92' lang='lat' dir='ltr'>ullo</span> <span class='ocrx_word' id='word_1_274' title='bbox 2786 912 2956 965; x_wconf 92' lang='lat' dir='ltr'>modo</span> <span class='ocrx_word' id='word_1_275' title='bbox 2978 916 3362 981; x_wconf 73' lang='lat' dir='ltr'>permittatur,</span> <span class='ocrx_word' id='word_1_276' title='bbox 3402 917 3456 966; x_wconf 91' lang='lat' dir='ltr'>et</span> <span class='ocrx_word' id='word_1_277' title='bbox 3482 929 3548 966; x_wconf 91' lang='lat' dir='ltr'>ea</span> <span class='ocrx_word' id='word_1_278' title='bbox 3573 914 3677 966; x_wconf 89' lang='lat' dir='ltr'>sci-</span> 
     </span>
    </p>
   </div>
   <div class='ocr_carea' id='block_1_38' title="bbox 1986 998 3677 1070">
    <p class='ocr_par' dir='ltr' id='par_1_38' title="bbox 1986 998 3677 1070">
     <span class='ocr_line' id='line_1_38' title="bbox 1986 998 3677 1070; baseline 0.002 -19"><span class='ocrx_word' id='word_1_279' title='bbox 1986 998 2119 1052; x_wconf 91' lang='lat' dir='ltr'>licet</span> <span class='ocrx_word' id='word_1_280' title='bbox 2148 1004 2353 1052; x_wconf 90' lang='lat' dir='ltr'>natura</span> <span class='ocrx_word' id='word_1_281' title='bbox 2367 1016 2494 1070; x_wconf 87' lang='lat' dir='ltr'>quae</span> <span class='ocrx_word' id='word_1_282' title='bbox 2524 1000 2811 1054; x_wconf 88' lang='lat' dir='ltr'>variabilis</span> <span class='ocrx_word' id='word_1_283' title='bbox 2844 1005 3033 1053; x_wconf 90' lang='lat' dir='ltr'>motus</span> <span class='ocrx_word' id='word_1_284' title='bbox 3061 1005 3147 1055; x_wconf 92' lang='lat' dir='ltr'>est</span> <span class='ocrx_word' id='word_1_285' title='bbox 3187 1001 3387 1054; x_wconf 90' lang='lat' dir='ltr'>sortita</span> <span class='ocrx_word' id='word_1_286' title='bbox 3418 1002 3677 1055; x_wconf 90' lang='lat' dir='ltr'>substan-</span> 
     </span>
    </p>
   </div>
   <div class='ocr_carea' id='block_1_39' title="bbox 1988 1087 3682 1159">
    <p class='ocr_par' dir='ltr' id='par_1_39' title="bbox 1988 1087 3682 1159">
     <span class='ocr_line' id='line_1_39' title="bbox 1988 1087 3682 1159; baseline 0.001 -18"><span class='ocrx_word' id='word_1_287' title='bbox 1988 1087 2143 1141; x_wconf 90' lang='lat' dir='ltr'>tiam.</span> <span class='ocrx_word' id='word_1_288' title='bbox 2198 1089 2265 1141; x_wconf 86' lang='lat' dir='ltr'>Et</span> <span class='ocrx_word' id='word_1_289' title='bbox 2302 1088 2459 1141; x_wconf 88' lang='lat' dir='ltr'>illam</span> <span class='ocrx_word' id='word_1_290' title='bbox 2491 1088 2679 1159; x_wconf 91' lang='lat' dir='ltr'>primo</span> <span class='ocrx_word' id='word_1_291' title='bbox 2730 1088 3150 1142; x_wconf 88' lang='lat' dir='ltr'>immutabilem</span> <span class='ocrx_word' id='word_1_292' title='bbox 3188 1094 3473 1155; x_wconf 90' lang='lat' dir='ltr'>naturam,</span> <span class='ocrx_word' id='word_1_293' title='bbox 3507 1091 3682 1144; x_wconf 91' lang='lat' dir='ltr'>unius</span> 
     </span>
    </p>
   </div>
   <div class='ocr_carea' id='block_1_40' title="bbox 1987 1176 3679 1247">
    <p class='ocr_par' dir='ltr' id='par_1_40' title="bbox 1987 1176 3679 1247">
     <span class='ocr_line' id='line_1_40' title="bbox 1987 1176 3679 1247; baseline 0.001 -18"><span class='ocrx_word' id='word_1_294' title='bbox 1987 1176 2358 1247; x_wconf 87' lang='lat' dir='ltr'>ejusdemque</span> <span class='ocrx_word' id='word_1_295' title='bbox 2402 1178 2735 1231; x_wconf 67' lang='lat' dir='ltr'>substantiae</span> <span class='ocrx_word' id='word_1_296' title='bbox 2788 1183 3010 1244; x_wconf 88' lang='lat' dir='ltr'>vocant,</span> <span class='ocrx_word' id='word_1_297' title='bbox 3060 1180 3209 1231; x_wconf 90' lang='lat' dir='ltr'>hanc</span> <span class='ocrx_word' id='word_1_298' title='bbox 3251 1194 3381 1231; x_wconf 89' lang='lat' dir='ltr'>vero</span> <span class='ocrx_word' id='word_1_299' title='bbox 3423 1178 3679 1247; x_wconf 89' lang='lat' dir='ltr'>alterius,</span> 
     </span>
    </p>
   </div>
   <div class='ocr_carea' id='block_1_41' title="bbox 1986 1266 3683 1337">
    <p class='ocr_par' dir='ltr' id='par_1_41' title="bbox 1986 1266 3683 1337">
     <span class='ocr_line' id='line_1_41' title="bbox 1986 1266 3683 1337; baseline 0.001 -18"><span class='ocrx_word' id='word_1_300' title='bbox 1986 1266 2196 1319; x_wconf 90' lang='lat' dir='ltr'>scilicet</span> <span class='ocrx_word' id='word_1_301' title='bbox 2223 1283 2335 1337; x_wconf 91' lang='lat' dir='ltr'>quo</span> <span class='ocrx_word' id='word_1_302' title='bbox 2387 1284 2416 1319; x_wconf 91' lang='lat' dir='ltr'>a</span> <span class='ocrx_word' id='word_1_303' title='bbox 2466 1267 2653 1336; x_wconf 90' lang='lat' dir='ltr'>prima</span> <span class='ocrx_word' id='word_1_304' title='bbox 2702 1268 2801 1321; x_wconf 93' lang='lat' dir='ltr'>illa</span> <span class='ocrx_word' id='word_1_305' title='bbox 2844 1268 3127 1321; x_wconf 88' lang='lat' dir='ltr'>immobili</span> <span class='ocrx_word' id='word_1_306' title='bbox 3168 1268 3463 1321; x_wconf 90' lang='lat' dir='ltr'>discedens</span> <span class='ocrx_word' id='word_1_307' title='bbox 3493 1270 3683 1337; x_wconf 91' lang='lat' dir='ltr'>prima</span> 
     </span>
    </p>
   </div>
   <div class='ocr_carea' id='block_1_42' title="bbox 1985 1355 3676 1425">
    <p class='ocr_par' dir='ltr' id='par_1_42' title="bbox 1985 1355 3676 1425">
     <span class='ocr_line' id='line_1_42' title="bbox 1985 1355 3676 1425; baseline 0.003 -19"><span class='ocrx_word' id='word_1_308' title='bbox 1985 1355 2057 1408; x_wconf 91' lang='lat' dir='ltr'>sit</span> <span class='ocrx_word' id='word_1_309' title='bbox 2086 1357 2280 1409; x_wconf 86' lang='lat' dir='ltr'>altera.</span> <span class='ocrx_word' id='word_1_310' title='bbox 2311 1357 2472 1420; x_wconf 86' lang='lat' dir='ltr'>Quod</span> <span class='ocrx_word' id='word_1_311' title='bbox 2504 1357 2777 1409; x_wconf 88' lang='lat' dir='ltr'>nimirum</span> <span class='ocrx_word' id='word_1_312' title='bbox 2813 1358 2885 1410; x_wconf 89' lang='lat' dir='ltr'>ad</span> <span class='ocrx_word' id='word_1_313' title='bbox 2913 1358 3193 1410; x_wconf 89' lang='lat' dir='ltr'>unitatem</span> <span class='ocrx_word' id='word_1_314' title='bbox 3218 1356 3490 1425; x_wconf 83' lang='lat' dir='ltr'>pertinet,</span> <span class='ocrx_word' id='word_1_315' title='bbox 3513 1362 3570 1411; x_wconf 89' lang='lat' dir='ltr'>et</span> <span class='ocrx_word' id='word_1_316' title='bbox 3604 1357 3676 1411; x_wconf 90' lang='lat' dir='ltr'>ad</span> 
     </span>
    </p>
   </div>
   <div class='ocr_carea' id='block_1_43' title="bbox 1987 1443 3679 1515">
    <p class='ocr_par' dir='ltr' id='par_1_43' title="bbox 1987 1443 3679 1515">
     <span class='ocr_line' id='line_1_43' title="bbox 1987 1443 3679 1515; baseline 0.001 -20"><span class='ocrx_word' id='word_1_317' title='bbox 1987 1443 2340 1510; x_wconf 86' lang='lat' dir='ltr'>dualitatem,</span> <span class='ocrx_word' id='word_1_318' title='bbox 2377 1446 2475 1514; x_wconf 91' lang='lat' dir='ltr'>qui</span> <span class='ocrx_word' id='word_1_319' title='bbox 2525 1462 2799 1499; x_wconf 84' lang='lat' dir='ltr'>numerus</span> <span class='ocrx_word' id='word_1_320' title='bbox 2841 1446 3062 1515; x_wconf 90' lang='lat' dir='ltr'>primus</span> <span class='ocrx_word' id='word_1_321' title='bbox 3094 1446 3162 1499; x_wconf 90' lang='lat' dir='ltr'>ab</span> <span class='ocrx_word' id='word_1_322' title='bbox 3209 1462 3326 1498; x_wconf 91' lang='lat' dir='ltr'>uno</span> <span class='ocrx_word' id='word_1_323' title='bbox 3360 1445 3679 1512; x_wconf 89' lang='lat' dir='ltr'>discedens,</span> 
     </span>
    </p>
   </div>
   <div class='ocr_carea' id='block_1_44' title="bbox 1985 1532 3677 1605">
    <p class='ocr_par' dir='ltr' id='par_1_44' title="bbox 1985 1532 3677 1605">
     <span class='ocr_line' id='line_1_44' title="bbox 1985 1532 3677 1605; baseline 0.002 -21"><span class='ocrx_word' id='word_1_324' title='bbox 1985 1533 2129 1585; x_wconf 89' lang='lat' dir='ltr'>alter</span> <span class='ocrx_word' id='word_1_325' title='bbox 2158 1532 2333 1586; x_wconf 89' lang='lat' dir='ltr'>factus</span> <span class='ocrx_word' id='word_1_326' title='bbox 2368 1539 2467 1587; x_wconf 85' lang='lat' dir='ltr'>est.</span> <span class='ocrx_word' id='word_1_327' title='bbox 2503 1536 2566 1587; x_wconf 89' lang='lat' dir='ltr'>Et</span> <span class='ocrx_word' id='word_1_328' title='bbox 2597 1535 2872 1605; x_wconf 87' lang='lat' dir='ltr'>quoniam</span> <span class='ocrx_word' id='word_1_329' title='bbox 2906 1535 3095 1588; x_wconf 89' lang='lat' dir='ltr'>cuncti</span> <span class='ocrx_word' id='word_1_330' title='bbox 3140 1535 3456 1588; x_wconf 89' lang='lat' dir='ltr'>secundum</span> <span class='ocrx_word' id='word_1_331' title='bbox 3487 1535 3677 1587; x_wconf 90' lang='lat' dir='ltr'>unita-</span> 
     </span>
    </p>
   </div>
   <div class='ocr_carea' id='block_1_45' title="bbox 1984 1621 3680 1693">
    <p class='ocr_par' dir='ltr' id='par_1_45' title="bbox 1984 1621 3680 1693">
     <span class='ocr_line' id='line_1_45' title="bbox 1984 1621 3680 1693; baseline 0.002 -20"><span class='ocrx_word' id='word_1_332' title='bbox 1984 1621 2055 1674; x_wconf 91' lang='lat' dir='ltr'>tis</span> <span class='ocrx_word' id='word_1_333' title='bbox 2083 1622 2331 1690; x_wconf 89' lang='lat' dir='ltr'>speciem</span> <span class='ocrx_word' id='word_1_334' title='bbox 2350 1627 2729 1692; x_wconf 87' lang='lat' dir='ltr'>naturamque</span> <span class='ocrx_word' id='word_1_335' title='bbox 2752 1622 2999 1693; x_wconf 91' lang='lat' dir='ltr'>impares</span> <span class='ocrx_word' id='word_1_336' title='bbox 3027 1624 3257 1676; x_wconf 89' lang='lat' dir='ltr'>numeri</span> <span class='ocrx_word' id='word_1_337' title='bbox 3280 1622 3680 1687; x_wconf 86' lang='lat' dir='ltr'>formatisunt,</span> 
     </span>
    </p>
   </div>
   <div class='ocr_carea' id='block_1_46' title="bbox 1915 1710 3677 1797">
    <p class='ocr_par' dir='ltr' id='par_1_46' title="bbox 1915 1710 3677 1797">
     <span class='ocr_line' id='line_1_46' title="bbox 1915 1710 3677 1797; baseline 0.002 -36"><span class='ocrx_word' id='word_1_338' title='bbox 1915 1744 1955 1797; x_wconf 77' lang='grc' dir='ltr'><strong>Β</strong></span> <span class='ocrx_word' id='word_1_339' title='bbox 1988 1725 2217 1780; x_wconf 89' lang='lat' dir='ltr'>quoque</span> <span class='ocrx_word' id='word_1_340' title='bbox 2262 1726 2328 1762; x_wconf 83' lang='lat' dir='ltr'>ex</span> <span class='ocrx_word' id='word_1_341' title='bbox 2362 1710 2448 1762; x_wconf 89' lang='lat' dir='ltr'>his</span> <span class='ocrx_word' id='word_1_342' title='bbox 2497 1711 2841 1764; x_wconf 85' lang='lat' dir='ltr'>coacervatis</span> <span class='ocrx_word' id='word_1_343' title='bbox 2891 1710 3178 1780; x_wconf 88' lang='lat' dir='ltr'>tetragoni</span> <span class='ocrx_word' id='word_1_344' title='bbox 3231 1710 3402 1779; x_wconf 76' lang='lat' dir='ltr'>ﬁunt,</span> <span class='ocrx_word' id='word_1_345' title='bbox 3459 1710 3677 1779; x_wconf 89' lang='lat' dir='ltr'>duplici</span> 
     </span>
    </p>
   </div>
   <div class='ocr_carea' id='block_1_47' title="bbox 1987 1797 3676 1868">
    <p class='ocr_par' dir='ltr' id='par_1_47' title="bbox 1987 1797 3676 1868">
     <span class='ocr_line' id='line_1_47' title="bbox 1987 1797 3676 1868; baseline 0.001 -18"><span class='ocrx_word' id='word_1_346' title='bbox 1987 1797 2159 1851; x_wconf 91' lang='lat' dir='ltr'>modo</span> <span class='ocrx_word' id='word_1_347' title='bbox 2198 1798 2452 1868; x_wconf 81' lang='lat' dir='ltr'>ejusdem</span> <span class='ocrx_word' id='word_1_348' title='bbox 2483 1797 2816 1852; x_wconf 63' lang='lat' dir='ltr'>substantia:</span> <span class='ocrx_word' id='word_1_349' title='bbox 2861 1798 3165 1868; x_wconf 89' lang='lat' dir='ltr'>participes</span> <span class='ocrx_word' id='word_1_350' title='bbox 3222 1814 3344 1851; x_wconf 88' lang='lat' dir='ltr'>esse</span> <span class='ocrx_word' id='word_1_351' title='bbox 3386 1797 3676 1859; x_wconf 91' lang='lat' dir='ltr'>dicuntur,</span> 
     </span>
    </p>
   </div>
   <div class='ocr_carea' id='block_1_48' title="bbox 1987 1886 3676 1957">
    <p class='ocr_par' dir='ltr' id='par_1_48' title="bbox 1987 1886 3676 1957">
     <span class='ocr_line' id='line_1_48' title="bbox 1987 1886 3676 1957; baseline 0.001 -18"><span class='ocrx_word' id='word_1_352' title='bbox 1987 1886 2139 1956; x_wconf 93' lang='lat' dir='ltr'>quod</span> <span class='ocrx_word' id='word_1_353' title='bbox 2166 1888 2253 1939; x_wconf 88' lang='lat' dir='ltr'>vel</span> <span class='ocrx_word' id='word_1_354' title='bbox 2285 1887 2353 1940; x_wconf 92' lang='lat' dir='ltr'>ab</span> <span class='ocrx_word' id='word_1_355' title='bbox 2378 1887 2706 1957; x_wconf 67' lang='lat' dir='ltr'>aequalitate</span> <span class='ocrx_word' id='word_1_356' title='bbox 2738 1888 3060 1941; x_wconf 87' lang='lat' dir='ltr'>formantur</span> <span class='ocrx_word' id='word_1_357' title='bbox 3098 1887 3403 1956; x_wconf 88' lang='lat' dir='ltr'>tetragoni,</span> <span class='ocrx_word' id='word_1_358' title='bbox 3438 1888 3523 1940; x_wconf 90' lang='lat' dir='ltr'>vel</span> <span class='ocrx_word' id='word_1_359' title='bbox 3551 1903 3676 1940; x_wconf 86' lang='lat' dir='ltr'>coa-</span> 
     </span>
    </p>
   </div>
   <div class='ocr_carea' id='block_1_49' title="bbox 1985 1974 3678 2045">
    <p class='ocr_par' dir='ltr' id='par_1_49' title="bbox 1985 1974 3678 2045">
     <span class='ocr_line' id='line_1_49' title="bbox 1985 1974 3678 2045; baseline -0.001 -18"><span class='ocrx_word' id='word_1_360' title='bbox 1985 1974 2222 2027; x_wconf 89' lang='lat' dir='ltr'>cervatis</span> <span class='ocrx_word' id='word_1_361' title='bbox 2242 1974 2299 2026; x_wconf 90' lang='lat' dir='ltr'>in</span> <span class='ocrx_word' id='word_1_362' title='bbox 2330 1991 2508 2028; x_wconf 90' lang='lat' dir='ltr'>unum</span> <span class='ocrx_word' id='word_1_363' title='bbox 2527 1974 2783 2028; x_wconf 90' lang='lat' dir='ltr'>numeris</span> <span class='ocrx_word' id='word_1_364' title='bbox 2812 1975 3129 2045; x_wconf 87' lang='lat' dir='ltr'>imparibus</span> <span class='ocrx_word' id='word_1_365' title='bbox 3151 1978 3550 2044; x_wconf 86' lang='lat' dir='ltr'>procreantur.</span> <span class='ocrx_word' id='word_1_366' title='bbox 3585 1974 3678 2027; x_wconf 89' lang='lat' dir='ltr'>llli</span> 
     </span>
    </p>
   </div>
   <div class='ocr_carea' id='block_1_50' title="bbox 1983 2063 3676 2134">
    <p class='ocr_par' dir='ltr' id='par_1_50' title="bbox 1983 2063 3676 2134">
     <span class='ocr_line' id='line_1_50' title="bbox 1983 2063 3676 2134; baseline 0.001 -18"><span class='ocrx_word' id='word_1_367' title='bbox 1983 2079 2115 2116; x_wconf 88' lang='lat' dir='ltr'>vero</span> <span class='ocrx_word' id='word_1_368' title='bbox 2146 2063 2242 2132; x_wconf 91' lang='lat' dir='ltr'>qui</span> <span class='ocrx_word' id='word_1_369' title='bbox 2273 2069 2405 2117; x_wconf 88' lang='lat' dir='ltr'>sunt</span> <span class='ocrx_word' id='word_1_370' title='bbox 2434 2080 2620 2132; x_wconf 88' lang='lat' dir='ltr'>pares,</span> <span class='ocrx_word' id='word_1_371' title='bbox 2658 2063 2935 2134; x_wconf 90' lang='lat' dir='ltr'>quoniam</span> <span class='ocrx_word' id='word_1_372' title='bbox 2974 2064 3184 2116; x_wconf 86' lang='lat' dir='ltr'>binarii</span> <span class='ocrx_word' id='word_1_373' title='bbox 3218 2064 3445 2116; x_wconf 86' lang='lat' dir='ltr'>numeri</span> <span class='ocrx_word' id='word_1_374' title='bbox 3477 2064 3676 2117; x_wconf 70' lang='lat' dir='ltr'>formae</span> 
     </span>
    </p>
   </div>
   <div class='ocr_carea' id='block_1_51' title="bbox 1985 2152 3677 2222">
    <p class='ocr_par' dir='ltr' id='par_1_51' title="bbox 1985 2152 3677 2222">
     <span class='ocr_line' id='line_1_51' title="bbox 1985 2152 3677 2222; baseline -0.001 -16"><span class='ocrx_word' id='word_1_375' title='bbox 1985 2157 2129 2217; x_wconf 91' lang='lat' dir='ltr'>sunt,</span> <span class='ocrx_word' id='word_1_376' title='bbox 2187 2152 2402 2222; x_wconf 87' lang='lat' dir='ltr'>quique</span> <span class='ocrx_word' id='word_1_377' title='bbox 2444 2167 2512 2207; x_wconf 80' lang='lat' dir='ltr'>ex</span> <span class='ocrx_word' id='word_1_378' title='bbox 2541 2152 2627 2205; x_wconf 89' lang='lat' dir='ltr'>his</span> <span class='ocrx_word' id='word_1_379' title='bbox 2676 2152 2990 2205; x_wconf 88' lang='lat' dir='ltr'>coacervati</span> <span class='ocrx_word' id='word_1_380' title='bbox 3035 2153 3368 2221; x_wconf 88' lang='lat' dir='ltr'>collectique</span> <span class='ocrx_word' id='word_1_381' title='bbox 3412 2154 3472 2204; x_wconf 92' lang='lat' dir='ltr'>in</span> <span class='ocrx_word' id='word_1_382' title='bbox 3502 2168 3677 2205; x_wconf 88' lang='lat' dir='ltr'>unam</span> 
     </span>
    </p>
   </div>
   <div class='ocr_carea' id='block_1_52' title="bbox 1984 2240 3680 2311">
    <p class='ocr_par' dir='ltr' id='par_1_52' title="bbox 1984 2240 3680 2311">
     <span class='ocr_line' id='line_1_52' title="bbox 1984 2240 3680 2311; baseline -0.001 -16"><span class='ocrx_word' id='word_1_383' title='bbox 1984 2242 2335 2311; x_wconf 82' lang='lat' dir='ltr'>congeriem,</span> <span class='ocrx_word' id='word_1_384' title='bbox 2369 2246 2530 2311; x_wconf 90' lang='lat' dir='ltr'>parte</span> <span class='ocrx_word' id='word_1_385' title='bbox 2573 2242 2750 2294; x_wconf 83' lang='lat' dir='ltr'>altera</span> <span class='ocrx_word' id='word_1_386' title='bbox 2780 2241 3067 2310; x_wconf 80' lang='lat' dir='ltr'>longiores</span> <span class='ocrx_word' id='word_1_387' title='bbox 3108 2240 3335 2294; x_wconf 90' lang='lat' dir='ltr'>numeri</span> <span class='ocrx_word' id='word_1_388' title='bbox 3368 2244 3680 2293; x_wconf 88' lang='lat' dir='ltr'>nascuntur</span> 
     </span>
    </p>
   </div>
   <div class='ocr_carea' id='block_1_53' title="bbox 1984 2328 3679 2399">
    <p class='ocr_par' dir='ltr' id='par_1_53' title="bbox 1984 2328 3679 2399">
     <span class='ocr_line' id='line_1_53' title="bbox 1984 2328 3679 2399; baseline -0.002 -15"><span class='ocrx_word' id='word_1_389' title='bbox 1984 2332 2042 2385; x_wconf 89' lang='lat' dir='ltr'>hi</span> <span class='ocrx_word' id='word_1_390' title='bbox 2064 2330 2379 2383; x_wconf 91' lang='lat' dir='ltr'>secundum</span> <span class='ocrx_word' id='word_1_391' title='bbox 2411 2328 2588 2399; x_wconf 91' lang='lat' dir='ltr'>ipsius</span> <span class='ocrx_word' id='word_1_392' title='bbox 2620 2329 2826 2383; x_wconf 90' lang='lat' dir='ltr'>binarii</span> <span class='ocrx_word' id='word_1_393' title='bbox 2860 2329 3088 2383; x_wconf 90' lang='lat' dir='ltr'>numeri</span> <span class='ocrx_word' id='word_1_394' title='bbox 3118 2333 3406 2395; x_wconf 89' lang='lat' dir='ltr'>naturam,</span> <span class='ocrx_word' id='word_1_395' title='bbox 3439 2330 3510 2383; x_wconf 90' lang='lat' dir='ltr'>ab</span> <span class='ocrx_word' id='word_1_396' title='bbox 3533 2329 3679 2399; x_wconf 85' lang='lat' dir='ltr'>ejus-</span> 
     </span>
    </p>
   </div>
   <div class='ocr_carea' id='block_1_54' title="bbox 1984 2417 3679 2486">
    <p class='ocr_par' dir='ltr' id='par_1_54' title="bbox 1984 2417 3679 2486">
     <span class='ocr_line' id='line_1_54' title="bbox 1984 2417 3679 2486; baseline -0.002 -14"><span class='ocrx_word' id='word_1_397' title='bbox 1984 2419 2110 2472; x_wconf 90' lang='lat' dir='ltr'>dem</span> <span class='ocrx_word' id='word_1_398' title='bbox 2156 2419 2483 2472; x_wconf 69' lang='lat' dir='ltr'>substantize</span> <span class='ocrx_word' id='word_1_399' title='bbox 2522 2423 2726 2471; x_wconf 91' lang='lat' dir='ltr'>natura</span> <span class='ocrx_word' id='word_1_400' title='bbox 2774 2418 3093 2471; x_wconf 89' lang='lat' dir='ltr'>discessisse</span> <span class='ocrx_word' id='word_1_401' title='bbox 3124 2417 3411 2483; x_wconf 90' lang='lat' dir='ltr'>dicuntur,</span> <span class='ocrx_word' id='word_1_402' title='bbox 3459 2421 3679 2486; x_wconf 89' lang='lat' dir='ltr'>putan-</span> 
     </span>
    </p>
   </div>
   <div class='ocr_carea' id='block_1_55' title="bbox 1983 2506 3677 2578">
    <p class='ocr_par' dir='ltr' id='par_1_55' title="bbox 1983 2506 3677 2578">
     <span class='ocr_line' id='line_1_55' title="bbox 1983 2506 3677 2578; baseline -0.001 -19"><span class='ocrx_word' id='word_1_403' title='bbox 1983 2511 2187 2578; x_wconf 89' lang='lat' dir='ltr'>turque</span> <span class='ocrx_word' id='word_1_404' title='bbox 2237 2508 2471 2561; x_wconf 86' lang='lat' dir='ltr'>alterius</span> <span class='ocrx_word' id='word_1_405' title='bbox 2504 2512 2723 2561; x_wconf 63' lang='lat' dir='ltr'>natura;</span> <span class='ocrx_word' id='word_1_406' title='bbox 2754 2524 2872 2560; x_wconf 90' lang='lat' dir='ltr'>esse</span> <span class='ocrx_word' id='word_1_407' title='bbox 2910 2506 3237 2577; x_wconf 88' lang='lat' dir='ltr'>participes,</span> <span class='ocrx_word' id='word_1_408' title='bbox 3278 2506 3488 2559; x_wconf 91' lang='lat' dir='ltr'>idcirco</span> <span class='ocrx_word' id='word_1_409' title='bbox 3528 2521 3677 2576; x_wconf 92' lang='lat' dir='ltr'>quo-</span> 
     </span>
    </p>
   </div>
   <div class='ocr_carea' id='block_1_56' title="bbox 1982 2595 3674 2666">
    <p class='ocr_par' dir='ltr' id='par_1_56' title="bbox 1982 2595 3674 2666">
     <span class='ocr_line' id='line_1_56' title="bbox 1982 2595 3674 2666; baseline -0.001 -17"><span class='ocrx_word' id='word_1_410' title='bbox 1982 2597 2136 2649; x_wconf 90' lang='lat' dir='ltr'>niam</span> <span class='ocrx_word' id='word_1_411' title='bbox 2170 2612 2300 2650; x_wconf 90' lang='lat' dir='ltr'>cum</span> <span class='ocrx_word' id='word_1_412' title='bbox 2340 2598 2519 2650; x_wconf 87' lang='lat' dir='ltr'>latera</span> <span class='ocrx_word' id='word_1_413' title='bbox 2562 2601 2995 2666; x_wconf 90' lang='lat' dir='ltr'>tetragonorum</span> <span class='ocrx_word' id='word_1_414' title='bbox 3046 2596 3114 2648; x_wconf 90' lang='lat' dir='ltr'>ab</span> <span class='ocrx_word' id='word_1_415' title='bbox 3162 2595 3488 2665; x_wconf 81' lang='lat' dir='ltr'>aequalitate</span> <span class='ocrx_word' id='word_1_416' title='bbox 3542 2610 3674 2664; x_wconf 89' lang='lat' dir='ltr'>pro-</span> 
     </span>
    </p>
   </div>
   <div class='ocr_carea' id='block_1_57' title="bbox 1984 2682 3675 2756">
    <p class='ocr_par' dir='ltr' id='par_1_57' title="bbox 1984 2682 3675 2756">
     <span class='ocr_line' id='line_1_57' title="bbox 1984 2682 3675 2756; baseline 0 -19"><span class='ocrx_word' id='word_1_417' title='bbox 1984 2701 2196 2755; x_wconf 86' lang='lat' dir='ltr'>gressa,</span> <span class='ocrx_word' id='word_1_418' title='bbox 2230 2686 2288 2738; x_wconf 91' lang='lat' dir='ltr'>in</span> <span class='ocrx_word' id='word_1_419' title='bbox 2322 2686 2708 2755; x_wconf 72' lang='lat' dir='ltr'>aequalitatem</span> <span class='ocrx_word' id='word_1_420' title='bbox 2740 2684 2992 2756; x_wconf 82' lang='lat' dir='ltr'>propriae</span> <span class='ocrx_word' id='word_1_421' title='bbox 3024 2684 3347 2738; x_wconf 84' lang='lat' dir='ltr'>latitudinis</span> <span class='ocrx_word' id='word_1_422' title='bbox 3394 2682 3675 2737; x_wconf 86' lang='lat' dir='ltr'>ambitum</span> 
     </span>
    </p>
   </div>
   <div class='ocr_carea' id='block_1_58' title="bbox 1982 2771 3673 2844">
    <p class='ocr_par' dir='ltr' id='par_1_58' title="bbox 1982 2771 3673 2844">
     <span class='ocr_line' id='line_1_58' title="bbox 1982 2771 3673 2844; baseline -0.004 -16"><span class='ocrx_word' id='word_1_423' title='bbox 1982 2775 2241 2840; x_wconf 89' lang='lat' dir='ltr'>tendant,</span> <span class='ocrx_word' id='word_1_424' title='bbox 2268 2774 2327 2826; x_wconf 90' lang='lat' dir='ltr'>hi</span> <span class='ocrx_word' id='word_1_425' title='bbox 2357 2775 2574 2844; x_wconf 83' lang='lat' dir='ltr'>adjecto</span> <span class='ocrx_word' id='word_1_426' title='bbox 2602 2790 2717 2827; x_wconf 94' lang='lat' dir='ltr'>uno</span> <span class='ocrx_word' id='word_1_427' title='bbox 2741 2775 2810 2828; x_wconf 90' lang='lat' dir='ltr'>ab</span> <span class='ocrx_word' id='word_1_428' title='bbox 2843 2774 3168 2843; x_wconf 68' lang='lat' dir='ltr'>aequalitate</span> <span class='ocrx_word' id='word_1_429' title='bbox 3200 2772 3447 2825; x_wconf 89' lang='lat' dir='ltr'>laterum</span> <span class='ocrx_word' id='word_1_430' title='bbox 3470 2771 3673 2824; x_wconf 91' lang='lat' dir='ltr'>disces-</span> 
     </span>
    </p>
   </div>
   <div class='ocr_carea' id='block_1_59' title="bbox 1983 2860 3674 2933">
    <p class='ocr_par' dir='ltr' id='par_1_59' title="bbox 1983 2860 3674 2933">
     <span class='ocr_line' id='line_1_59' title="bbox 1983 2860 3674 2933; baseline -0.001 -18"><span class='ocrx_word' id='word_1_431' title='bbox 1983 2868 2197 2929; x_wconf 88' lang='lat' dir='ltr'>serunt,</span> <span class='ocrx_word' id='word_1_432' title='bbox 2231 2867 2401 2933; x_wconf 90' lang='lat' dir='ltr'>atque</span> <span class='ocrx_word' id='word_1_433' title='bbox 2434 2862 2560 2917; x_wconf 92' lang='lat' dir='ltr'>ideo</span> <span class='ocrx_word' id='word_1_434' title='bbox 2591 2864 2966 2916; x_wconf 89' lang='lat' dir='ltr'>dissimilibus</span> <span class='ocrx_word' id='word_1_435' title='bbox 2998 2861 3271 2915; x_wconf 90' lang='lat' dir='ltr'>lateribus</span> <span class='ocrx_word' id='word_1_436' title='bbox 3307 2865 3365 2915; x_wconf 88' lang='lat' dir='ltr'>et</span> <span class='ocrx_word' id='word_1_437' title='bbox 3396 2860 3674 2930; x_wconf 89' lang='lat' dir='ltr'>quodam-</span> 
     </span>
    </p>
   </div>
   <div class='ocr_carea' id='block_1_60' title="bbox 1982 2950 3674 3022">
    <p class='ocr_par' dir='ltr' id='par_1_60' title="bbox 1982 2950 3674 3022">
     <span class='ocr_line' id='line_1_60' title="bbox 1982 2950 3674 3022; baseline -0.002 -17"><span class='ocrx_word' id='word_1_438' title='bbox 1982 2953 2153 3005; x_wconf 91' lang='lat' dir='ltr'>modo</span> <span class='ocrx_word' id='word_1_439' title='bbox 2186 2952 2374 3005; x_wconf 89' lang='lat' dir='ltr'>alteris</span> <span class='ocrx_word' id='word_1_440' title='bbox 2406 2970 2438 3005; x_wconf 95' lang='lat' dir='ltr'>a</span> <span class='ocrx_word' id='word_1_441' title='bbox 2472 2969 2527 3005; x_wconf 92' lang='lat' dir='ltr'>se</span> <span class='ocrx_word' id='word_1_442' title='bbox 2568 2953 3018 3022; x_wconf 90' lang='lat' dir='ltr'>conjunguntur.</span> <span class='ocrx_word' id='word_1_443' title='bbox 3054 2952 3238 3014; x_wconf 88' lang='lat' dir='ltr'>Quare</span> <span class='ocrx_word' id='word_1_444' title='bbox 3276 2950 3443 3003; x_wconf 78' lang='lat' dir='ltr'>nobis</span> <span class='ocrx_word' id='word_1_445' title='bbox 3473 2954 3674 3002; x_wconf 90' lang='lat' dir='ltr'>notum</span> 
     </span>
    </p>
   </div>
   <div class='ocr_carea' id='block_1_61' title="bbox 174 3034 3677 3112">
    <p class='ocr_par' dir='ltr' id='par_1_61' title="bbox 174 3034 3677 3112">
     <span class='ocr_line' id='line_1_61' title="bbox 174 3034 3677 3112; baseline 0.001 -24"><span class='ocrx_word' id='word_1_446' title='bbox 174 3034 386 3088; x_wconf 86' lang='lat' dir='ltr'>derari.</span> <span class='ocrx_word' id='word_1_447' title='bbox 442 3036 507 3088; x_wconf 89' lang='lat' dir='ltr'>Hi</span> <span class='ocrx_word' id='word_1_448' title='bbox 540 3040 732 3089; x_wconf 90' lang='lat' dir='ltr'>autem</span> <span class='ocrx_word' id='word_1_449' title='bbox 768 3036 994 3089; x_wconf 90' lang='lat' dir='ltr'>numeri</span> <span class='ocrx_word' id='word_1_450' title='bbox 1028 3037 1234 3091; x_wconf 90' lang='lat' dir='ltr'>idcirco</span> <span class='ocrx_word' id='word_1_451' title='bbox 1264 3038 1456 3107; x_wconf 90' lang='lat' dir='ltr'>cyclici</span> <span class='ocrx_word' id='word_1_452' title='bbox 1491 3040 1571 3091; x_wconf 85' lang='lat' dir='ltr'>vel</span> <span class='ocrx_word' id='word_1_453' title='bbox 1606 3036 1871 3107; x_wconf 69' lang='lat' dir='ltr'>spliaarici</span> <span class='ocrx_word' id='word_1_454' title='bbox 1910 3038 1949 3093; x_wconf 90' lang='lat' dir='ltr'>C</span> <span class='ocrx_word' id='word_1_455' title='bbox 1979 3046 2079 3105; x_wconf 91' lang='lat' dir='ltr'>est,</span> <span class='ocrx_word' id='word_1_456' title='bbox 2114 3042 2267 3111; x_wconf 84' lang='lat' dir='ltr'>quod</span> <span class='ocrx_word' id='word_1_457' title='bbox 2300 3058 2367 3095; x_wconf 83' lang='lat' dir='ltr'>ex</span> <span class='ocrx_word' id='word_1_458' title='bbox 2397 3041 2483 3095; x_wconf 91' lang='lat' dir='ltr'>his</span> <span class='ocrx_word' id='word_1_459' title='bbox 2516 3058 2583 3095; x_wconf 89' lang='lat' dir='ltr'>ea</span> <span class='ocrx_word' id='word_1_460' title='bbox 2614 3057 2741 3112; x_wconf 63' lang='lat' dir='ltr'>quae</span> <span class='ocrx_word' id='word_1_461' title='bbox 2772 3046 2907 3094; x_wconf 90' lang='lat' dir='ltr'>sunt</span> <span class='ocrx_word' id='word_1_462' title='bbox 2933 3041 2993 3093; x_wconf 91' lang='lat' dir='ltr'>in</span> <span class='ocrx_word' id='word_1_463' title='bbox 3023 3041 3132 3093; x_wconf 89' lang='lat' dir='ltr'>hoc</span> <span class='ocrx_word' id='word_1_464' title='bbox 3165 3040 3403 3105; x_wconf 88' lang='lat' dir='ltr'>mundo,</span> <span class='ocrx_word' id='word_1_465' title='bbox 3437 3038 3677 3107; x_wconf 85' lang='lat' dir='ltr'>conjun-</span> 
     </span>
    </p>
   </div>
   <div class='ocr_carea' id='block_1_62' title="bbox 172 3124 1871 3195">
    <p class='ocr_par' dir='ltr' id='par_1_62' title="bbox 172 3124 1871 3195">
     <span class='ocr_line' id='line_1_62' title="bbox 172 3124 1871 3195; baseline 0.001 -20"><span class='ocrx_word' id='word_1_466' title='bbox 172 3127 473 3189; x_wconf 87' lang='lat' dir='ltr'>vocantur,</span> <span class='ocrx_word' id='word_1_467' title='bbox 525 3124 679 3193; x_wconf 92' lang='lat' dir='ltr'>quod</span> <span class='ocrx_word' id='word_1_468' title='bbox 712 3125 859 3178; x_wconf 90' lang='lat' dir='ltr'>sicut</span> <span class='ocrx_word' id='word_1_469' title='bbox 891 3126 1113 3194; x_wconf 68' lang='lat' dir='ltr'>sphaera</span> <span class='ocrx_word' id='word_1_470' title='bbox 1142 3127 1229 3180; x_wconf 91' lang='lat' dir='ltr'>vel</span> <span class='ocrx_word' id='word_1_471' title='bbox 1279 3126 1524 3180; x_wconf 90' lang='lat' dir='ltr'>circulus</span> <span class='ocrx_word' id='word_1_472' title='bbox 1556 3126 1616 3179; x_wconf 90' lang='lat' dir='ltr'>in</span> <span class='ocrx_word' id='word_1_473' title='bbox 1648 3125 1871 3195; x_wconf 87' lang='lat' dir='ltr'>prOprii</span> 
     </span>
    </p>
   </div>
   <div class='ocr_carea' id='block_1_63' title="bbox 173 3212 1873 3281">
    <p class='ocr_par' dir='ltr' id='par_1_63' title="bbox 173 3212 1873 3281">
     <span class='ocr_line' id='line_1_63' title="bbox 173 3212 1873 3281; baseline 0.002 -18"><span class='ocrx_word' id='word_1_474' title='bbox 173 3227 407 3281; x_wconf 90' lang='lat' dir='ltr'>semper</span> <span class='ocrx_word' id='word_1_475' title='bbox 436 3212 702 3281; x_wconf 82' lang='lat' dir='ltr'>principii</span> <span class='ocrx_word' id='word_1_476' title='bbox 735 3214 1061 3268; x_wconf 85' lang='lat' dir='ltr'>reversione</span> <span class='ocrx_word' id='word_1_477' title='bbox 1087 3214 1426 3268; x_wconf 82' lang='lat' dir='ltr'>formantur.</span> <span class='ocrx_word' id='word_1_478' title='bbox 1464 3217 1554 3269; x_wconf 88' lang='lat' dir='ltr'>Est</span> <span class='ocrx_word' id='word_1_479' title='bbox 1583 3215 1736 3268; x_wconf 89' lang='lat' dir='ltr'>enim</span> <span class='ocrx_word' id='word_1_480' title='bbox 1770 3212 1873 3266; x_wconf 88' lang='lat' dir='ltr'>cir-</span> 
     </span>
    </p>
   </div>
   <div class='ocr_carea' id='block_1_64' title="bbox 173 3300 1869 3372">
    <p class='ocr_par' dir='ltr' id='par_1_64' title="bbox 173 3300 1869 3372">
     <span class='ocr_line' id='line_1_64' title="bbox 173 3300 1869 3372; baseline 0.002 -19"><span class='ocrx_word' id='word_1_481' title='bbox 173 3301 340 3354; x_wconf 88' lang='lat' dir='ltr'>culus</span> <span class='ocrx_word' id='word_1_482' title='bbox 369 3300 555 3370; x_wconf 90' lang='lat' dir='ltr'>posito</span> <span class='ocrx_word' id='word_1_483' title='bbox 597 3303 848 3371; x_wconf 89' lang='lat' dir='ltr'>quodam</span> <span class='ocrx_word' id='word_1_484' title='bbox 890 3308 1099 3372; x_wconf 92' lang='lat' dir='ltr'>puncto</span> <span class='ocrx_word' id='word_1_485' title='bbox 1127 3309 1184 3357; x_wconf 91' lang='lat' dir='ltr'>et</span> <span class='ocrx_word' id='word_1_486' title='bbox 1236 3305 1345 3357; x_wconf 90' lang='lat' dir='ltr'>alio</span> <span class='ocrx_word' id='word_1_487' title='bbox 1398 3305 1622 3357; x_wconf 90' lang='lat' dir='ltr'>eminus</span> <span class='ocrx_word' id='word_1_488' title='bbox 1663 3302 1869 3368; x_wconf 84' lang='lat' dir='ltr'>deﬁxo,</span> 
     </span>
    </p>
   </div>
   <div class='ocr_carea' id='block_1_65' title="bbox 172 3388 1872 3462">
    <p class='ocr_par' dir='ltr' id='par_1_65' title="bbox 172 3388 1872 3462">
     <span class='ocr_line' id='line_1_65' title="bbox 172 3388 1872 3462; baseline 0.002 -22"><span class='ocrx_word' id='word_1_489' title='bbox 172 3388 331 3441; x_wconf 89' lang='lat' dir='ltr'>illius</span> <span class='ocrx_word' id='word_1_490' title='bbox 366 3389 559 3459; x_wconf 90' lang='lat' dir='ltr'>puncti</span> <span class='ocrx_word' id='word_1_491' title='bbox 592 3391 689 3460; x_wconf 92' lang='lat' dir='ltr'>qui</span> <span class='ocrx_word' id='word_1_492' title='bbox 723 3391 948 3443; x_wconf 87' lang='lat' dir='ltr'>eminus</span> <span class='ocrx_word' id='word_1_493' title='bbox 980 3391 1123 3445; x_wconf 81' lang='lat' dir='ltr'>ﬁxus</span> <span class='ocrx_word' id='word_1_494' title='bbox 1160 3397 1242 3445; x_wconf 91' lang='lat' dir='ltr'>est</span> <span class='ocrx_word' id='word_1_495' title='bbox 1272 3393 1569 3462; x_wconf 71' lang='lat' dir='ltr'>zequaliter</span> <span class='ocrx_word' id='word_1_496' title='bbox 1600 3392 1815 3445; x_wconf 90' lang='lat' dir='ltr'>distans</span> <span class='ocrx_word' id='word_1_497' title='bbox 1840 3407 1872 3443; x_wconf 92' lang='lat' dir='ltr'>a</span> 
     </span>
    </p>
   </div>
   <div class='ocr_carea' id='block_1_66' title="bbox 170 3478 1873 3547">
    <p class='ocr_par' dir='ltr' id='par_1_66' title="bbox 170 3478 1873 3547">
     <span class='ocr_line' id='line_1_66' title="bbox 170 3478 1873 3547; baseline 0.002 -18"><span class='ocrx_word' id='word_1_498' title='bbox 170 3478 367 3546; x_wconf 88' lang='lat' dir='ltr'>primo</span> <span class='ocrx_word' id='word_1_499' title='bbox 390 3485 601 3547; x_wconf 90' lang='lat' dir='ltr'>puncto</span> <span class='ocrx_word' id='word_1_500' title='bbox 623 3479 1057 3545; x_wconf 87' lang='lat' dir='ltr'>circumductio,</span> <span class='ocrx_word' id='word_1_501' title='bbox 1094 3485 1149 3534; x_wconf 93' lang='lat' dir='ltr'>et</span> <span class='ocrx_word' id='word_1_502' title='bbox 1182 3482 1248 3534; x_wconf 90' lang='lat' dir='ltr'>ad</span> <span class='ocrx_word' id='word_1_503' title='bbox 1280 3482 1542 3535; x_wconf 90' lang='lat' dir='ltr'>eumdem</span> <span class='ocrx_word' id='word_1_504' title='bbox 1574 3482 1761 3534; x_wconf 91' lang='lat' dir='ltr'>locum</span> <span class='ocrx_word' id='word_1_505' title='bbox 1790 3496 1873 3532; x_wconf 83' lang='lat' dir='ltr'>re-</span> 
     </span>
    </p>
   </div>
   <div class='ocr_carea' id='block_1_67' title="bbox 171 3568 1871 3640">
    <p class='ocr_par' dir='ltr' id='par_1_67' title="bbox 171 3568 1871 3640">
     <span class='ocr_line' id='line_1_67' title="bbox 171 3568 1871 3640; baseline 0.003 -22"><span class='ocrx_word' id='word_1_506' title='bbox 171 3568 364 3621; x_wconf 89' lang='lat' dir='ltr'>versio</span> <span class='ocrx_word' id='word_1_507' title='bbox 418 3569 566 3622; x_wconf 84' lang='lat' dir='ltr'>unde</span> <span class='ocrx_word' id='word_1_508' title='bbox 600 3569 818 3622; x_wconf 82' lang='lat' dir='ltr'>moveri</span> <span class='ocrx_word' id='word_1_509' title='bbox 849 3574 1115 3640; x_wconf 67' lang='lat' dir='ltr'>coeperat.</span> <span class='ocrx_word' id='word_1_510' title='bbox 1153 3570 1386 3640; x_wconf 72' lang='lat' dir='ltr'>Sphasra</span> <span class='ocrx_word' id='word_1_511' title='bbox 1413 3588 1544 3624; x_wconf 84' lang='lat' dir='ltr'>vero</span> <span class='ocrx_word' id='word_1_512' title='bbox 1582 3577 1664 3624; x_wconf 92' lang='lat' dir='ltr'>est</span> <span class='ocrx_word' id='word_1_513' title='bbox 1695 3571 1871 3623; x_wconf 92' lang='lat' dir='ltr'>semi-</span> 
     </span>
    </p>
   </div>
   <div class='ocr_carea' id='block_1_68' title="bbox 171 3657 1870 3725">
    <p class='ocr_par' dir='ltr' id='par_1_68' title="bbox 171 3657 1870 3725">
     <span class='ocr_line' id='line_1_68' title="bbox 171 3657 1870 3725; baseline 0.001 -16"><span class='ocrx_word' id='word_1_514' title='bbox 171 3657 395 3721; x_wconf 90' lang='lat' dir='ltr'>circuli,</span> <span class='ocrx_word' id='word_1_515' title='bbox 448 3663 717 3711; x_wconf 90' lang='lat' dir='ltr'>manente</span> <span class='ocrx_word' id='word_1_516' title='bbox 750 3658 1052 3725; x_wconf 89' lang='lat' dir='ltr'>diametro,</span> <span class='ocrx_word' id='word_1_517' title='bbox 1087 3658 1494 3713; x_wconf 90' lang='lat' dir='ltr'>circumductio</span> <span class='ocrx_word' id='word_1_518' title='bbox 1522 3665 1575 3713; x_wconf 91' lang='lat' dir='ltr'>et</span> <span class='ocrx_word' id='word_1_519' title='bbox 1606 3660 1676 3712; x_wconf 89' lang='lat' dir='ltr'>ad</span> <span class='ocrx_word' id='word_1_520' title='bbox 1709 3675 1870 3712; x_wconf 90' lang='lat' dir='ltr'>eum-</span> 
     </span>
    </p>
   </div>
   <div class='ocr_carea' id='block_1_69' title="bbox 171 3746 1871 3819">
    <p class='ocr_par' dir='ltr' id='par_1_69' title="bbox 171 3746 1871 3819">
     <span class='ocr_line' id='line_1_69' title="bbox 171 3746 1871 3819; baseline 0.001 -20"><span class='ocrx_word' id='word_1_521' title='bbox 171 3746 303 3799; x_wconf 90' lang='lat' dir='ltr'>dem</span> <span class='ocrx_word' id='word_1_522' title='bbox 336 3747 523 3799; x_wconf 91' lang='lat' dir='ltr'>locum</span> <span class='ocrx_word' id='word_1_523' title='bbox 557 3747 804 3801; x_wconf 90' lang='lat' dir='ltr'>reversio</span> <span class='ocrx_word' id='word_1_524' title='bbox 838 3749 989 3802; x_wconf 89' lang='lat' dir='ltr'>unde</span> <span class='ocrx_word' id='word_1_525' title='bbox 1017 3748 1177 3817; x_wconf 89' lang='lat' dir='ltr'>prius</span> <span class='ocrx_word' id='word_1_526' title='bbox 1208 3753 1454 3819; x_wconf 86' lang='lat' dir='ltr'>coeperat</span> <span class='ocrx_word' id='word_1_527' title='bbox 1483 3747 1637 3802; x_wconf 87' lang='lat' dir='ltr'>ferri.</span> <span class='ocrx_word' id='word_1_528' title='bbox 1676 3748 1871 3801; x_wconf 90' lang='lat' dir='ltr'>Unitas</span> 
     </span>
    </p>
   </div>
   <div class='ocr_carea' id='block_1_70' title="bbox 171 3834 1869 3908">
    <p class='ocr_par' dir='ltr' id='par_1_70' title="bbox 171 3834 1869 3908">
     <span class='ocr_line' id='line_1_70' title="bbox 171 3834 1869 3908; baseline 0.002 -21"><span class='ocrx_word' id='word_1_529' title='bbox 171 3850 431 3905; x_wconf 88' lang='lat' dir='ltr'>quoque,</span> <span class='ocrx_word' id='word_1_530' title='bbox 460 3834 666 3888; x_wconf 89' lang='lat' dir='ltr'>virtute</span> <span class='ocrx_word' id='word_1_531' title='bbox 690 3840 747 3888; x_wconf 88' lang='lat' dir='ltr'>et</span> <span class='ocrx_word' id='word_1_532' title='bbox 772 3841 1070 3905; x_wconf 90' lang='lat' dir='ltr'>potestate,</span> <span class='ocrx_word' id='word_1_533' title='bbox 1102 3837 1225 3906; x_wconf 92' lang='lat' dir='ltr'>ipsa</span> <span class='ocrx_word' id='word_1_534' title='bbox 1253 3854 1481 3908; x_wconf 89' lang='lat' dir='ltr'>quoque</span> <span class='ocrx_word' id='word_1_535' title='bbox 1510 3837 1756 3890; x_wconf 90' lang='lat' dir='ltr'>circulus</span> <span class='ocrx_word' id='word_1_536' title='bbox 1781 3836 1869 3889; x_wconf 88' lang='lat' dir='ltr'>vel</span> 
     </span>
    </p>
   </div>
   <div class='ocr_carea' id='block_1_71' title="bbox 170 3923 1871 3995">
    <p class='ocr_par' dir='ltr' id='par_1_71' title="bbox 170 3923 1871 3995">
     <span class='ocr_line' id='line_1_71' title="bbox 170 3923 1871 3995; baseline 0.001 -20"><span class='ocrx_word' id='word_1_537' title='bbox 170 3923 401 3993; x_wconf 67' lang='lat' dir='ltr'>sphaera</span> <span class='ocrx_word' id='word_1_538' title='bbox 433 3928 516 3976; x_wconf 91' lang='lat' dir='ltr'>est</span> <span class='ocrx_word' id='word_1_539' title='bbox 542 3943 555 3990; x_wconf 85' lang='lat'><strong>;</strong></span> <span class='ocrx_word' id='word_1_540' title='bbox 577 3924 800 3994; x_wconf 89' lang='lat' dir='ltr'>quoties</span> <span class='ocrx_word' id='word_1_541' title='bbox 821 3924 973 3977; x_wconf 88' lang='lat' dir='ltr'>enim</span> <span class='ocrx_word' id='word_1_542' title='bbox 1006 3930 1284 3994; x_wconf 91' lang='lat' dir='ltr'>punctum</span> <span class='ocrx_word' id='word_1_543' title='bbox 1309 3926 1366 3977; x_wconf 92' lang='lat' dir='ltr'>in</span> <span class='ocrx_word' id='word_1_544' title='bbox 1386 3942 1442 3979; x_wconf 90' lang='lat' dir='ltr'>se</span> <span class='ocrx_word' id='word_1_545' title='bbox 1461 3925 1871 3995; x_wconf 83' lang='lat' dir='ltr'>multiplicave-</span> 
     </span>
    </p>
   </div>
   <div class='ocr_carea' id='block_1_72' title="bbox 170 4013 1868 4083">
    <p class='ocr_par' dir='ltr' id='par_1_72' title="bbox 170 4013 1868 4083">
     <span class='ocr_line' id='line_1_72' title="bbox 170 4013 1868 4083; baseline 0 -17"><span class='ocrx_word' id='word_1_546' title='bbox 170 4014 271 4077; x_wconf 86' lang='lat' dir='ltr'>ris,</span> <span class='ocrx_word' id='word_1_547' title='bbox 306 4013 369 4065; x_wconf 91' lang='lat' dir='ltr'>in</span> <span class='ocrx_word' id='word_1_548' title='bbox 418 4013 668 4082; x_wconf 83' lang='lat' dir='ltr'>seipsum</span> <span class='ocrx_word' id='word_1_549' title='bbox 716 4014 866 4067; x_wconf 91' lang='lat' dir='ltr'>unde</span> <span class='ocrx_word' id='word_1_550' title='bbox 898 4020 1148 4083; x_wconf 64' lang='lat' dir='ltr'>coeperat</span> <span class='ocrx_word' id='word_1_551' title='bbox 1190 4015 1553 4068; x_wconf 87' lang='lat' dir='ltr'>terminatur.</span> <span class='ocrx_word' id='word_1_552' title='bbox 1606 4014 1663 4068; x_wconf 90' lang='lat' dir='ltr'>Si</span> <span class='ocrx_word' id='word_1_553' title='bbox 1711 4013 1868 4067; x_wconf 88' lang='lat' dir='ltr'>enim</span> 
     </span>
    </p>
   </div>
   <div class='ocr_carea' id='block_1_73' title="bbox 169 4101 1867 4169">
    <p class='ocr_par' dir='ltr' id='par_1_73' title="bbox 169 4101 1867 4169">
     <span class='ocr_line' id='line_1_73' title="bbox 169 4101 1867 4169; baseline -0.001 -14"><span class='ocrx_word' id='word_1_554' title='bbox 169 4101 342 4155; x_wconf 84' lang='lat' dir='ltr'>faciat</span> <span class='ocrx_word' id='word_1_555' title='bbox 371 4103 543 4155; x_wconf 90' lang='lat' dir='ltr'>semel</span> <span class='ocrx_word' id='word_1_556' title='bbox 593 4119 792 4167; x_wconf 91' lang='lat' dir='ltr'>unum,</span> <span class='ocrx_word' id='word_1_557' title='bbox 836 4119 985 4156; x_wconf 92' lang='lat' dir='ltr'>unus</span> <span class='ocrx_word' id='word_1_558' title='bbox 1019 4103 1188 4169; x_wconf 89' lang='lat' dir='ltr'>redit,</span> <span class='ocrx_word' id='word_1_559' title='bbox 1230 4108 1283 4155; x_wconf 92' lang='lat' dir='ltr'>et</span> <span class='ocrx_word' id='word_1_560' title='bbox 1312 4103 1359 4155; x_wconf 92' lang='lat' dir='ltr'>si</span> <span class='ocrx_word' id='word_1_561' title='bbox 1398 4104 1508 4155; x_wconf 88' lang='lat' dir='ltr'>hoc</span> <span class='ocrx_word' id='word_1_562' title='bbox 1542 4119 1738 4156; x_wconf 87' lang='lat' dir='ltr'>rursus</span> <span class='ocrx_word' id='word_1_563' title='bbox 1776 4118 1867 4153; x_wconf 83' lang='lat' dir='ltr'>se-</span> 
     </span>
    </p>
   </div>
   <div class='ocr_carea' id='block_1_74' title="bbox 170 4191 1865 4262">
    <p class='ocr_par' dir='ltr' id='par_1_74' title="bbox 170 4191 1865 4262">
     <span class='ocr_line' id='line_1_74' title="bbox 170 4191 1865 4262; baseline 0 -19"><span class='ocrx_word' id='word_1_564' title='bbox 170 4191 307 4253; x_wconf 85' lang='lat' dir='ltr'>me],</span> <span class='ocrx_word' id='word_1_565' title='bbox 330 4191 484 4243; x_wconf 89' lang='lat' dir='ltr'>idem</span> <span class='ocrx_word' id='word_1_566' title='bbox 519 4197 623 4245; x_wconf 92' lang='lat' dir='ltr'>est.</span> <span class='ocrx_word' id='word_1_567' title='bbox 670 4192 850 4262; x_wconf 82' lang='lat' dir='ltr'>Igitur</span> <span class='ocrx_word' id='word_1_568' title='bbox 888 4192 935 4245; x_wconf 88' lang='lat' dir='ltr'>si</span> <span class='ocrx_word' id='word_1_569' title='bbox 974 4209 1090 4245; x_wconf 86' lang='lat' dir='ltr'>una</span> <span class='ocrx_word' id='word_1_570' title='bbox 1133 4192 1305 4246; x_wconf 87' lang='lat' dir='ltr'>fuerit</span> <span class='ocrx_word' id='word_1_571' title='bbox 1328 4192 1750 4261; x_wconf 87' lang='lat' dir='ltr'>multiplicatio,</span> <span class='ocrx_word' id='word_1_572' title='bbox 1778 4207 1865 4243; x_wconf 92' lang='lat' dir='ltr'>so-</span> 
     </span>
    </p>
   </div>
   <div class='ocr_carea' id='block_1_75' title="bbox 168 4280 1861 4350">
    <p class='ocr_par' dir='ltr' id='par_1_75' title="bbox 168 4280 1861 4350">
     <span class='ocr_line' id='line_1_75' title="bbox 168 4280 1861 4350; baseline -0.001 -18"><span class='ocrx_word' id='word_1_573' title='bbox 168 4280 284 4332; x_wconf 87' lang='lat' dir='ltr'>lam</span> <span class='ocrx_word' id='word_1_574' title='bbox 317 4280 736 4350; x_wconf 77' lang='lat' dir='ltr'>plenitudinem</span> <span class='ocrx_word' id='word_1_575' title='bbox 765 4282 973 4348; x_wconf 87' lang='lat' dir='ltr'>reddit,</span> <span class='ocrx_word' id='word_1_576' title='bbox 1004 4287 1061 4335; x_wconf 90' lang='lat' dir='ltr'>et</span> <span class='ocrx_word' id='word_1_577' title='bbox 1094 4281 1153 4334; x_wconf 84' lang='lat' dir='ltr'>ﬁt</span> <span class='ocrx_word' id='word_1_578' title='bbox 1182 4282 1444 4335; x_wconf 89' lang='lat' dir='ltr'>circulus.</span> <span class='ocrx_word' id='word_1_579' title='bbox 1495 4281 1550 4334; x_wconf 88' lang='lat' dir='ltr'>Si</span> <span class='ocrx_word' id='word_1_580' title='bbox 1593 4280 1861 4346; x_wconf 89' lang='lat' dir='ltr'>secunda,</span> 
     </span>
    </p>
   </div>
   <div class='ocr_carea' id='block_1_76' title="bbox 170 4368 1862 4437">
    <p class='ocr_par' dir='ltr' id='par_1_76' title="bbox 170 4368 1862 4437">
     <span class='ocr_line' id='line_1_76' title="bbox 170 4368 1862 4437; baseline 0 -16"><span class='ocrx_word' id='word_1_581' title='bbox 170 4384 301 4421; x_wconf 85' lang='lat' dir='ltr'>mox</span> <span class='ocrx_word' id='word_1_582' title='bbox 333 4370 562 4437; x_wconf 65' lang='lat' dir='ltr'>sphmra</span> <span class='ocrx_word' id='word_1_583' title='bbox 590 4370 907 4423; x_wconf 91' lang='lat' dir='ltr'>conﬁcitur.</span> <span class='ocrx_word' id='word_1_584' title='bbox 945 4371 1012 4423; x_wconf 79' lang='lat' dir='ltr'>Et</span> <span class='ocrx_word' id='word_1_585' title='bbox 1042 4369 1195 4423; x_wconf 91' lang='lat' dir='ltr'>enim</span> <span class='ocrx_word' id='word_1_586' title='bbox 1230 4370 1477 4422; x_wconf 89' lang='lat' dir='ltr'>secunda</span> <span class='ocrx_word' id='word_1_587' title='bbox 1510 4368 1862 4437; x_wconf 89' lang='lat' dir='ltr'>multiplica—</span> 
     </span>
    </p>
   </div>
   <div class='ocr_carea' id='block_1_77' title="bbox 166 4458 1866 4528">
    <p class='ocr_par' dir='ltr' id='par_1_77' title="bbox 166 4458 1866 4528">
     <span class='ocr_line' id='line_1_77' title="bbox 166 4458 1866 4528; baseline 0 -19"><span class='ocrx_word' id='word_1_588' title='bbox 166 4458 271 4523; x_wconf 87' lang='lat' dir='ltr'>tio,</span> <span class='ocrx_word' id='word_1_589' title='bbox 306 4458 558 4511; x_wconf 72' lang='lat' dir='ltr'>eﬁ&#39;ectrix</span> <span class='ocrx_word' id='word_1_590' title='bbox 591 4475 817 4528; x_wconf 88' lang='lat' dir='ltr'>semper</span> <span class='ocrx_word' id='word_1_591' title='bbox 848 4464 930 4511; x_wconf 86' lang='lat' dir='ltr'>est</span> <span class='ocrx_word' id='word_1_592' title='bbox 975 4459 1398 4528; x_wconf 80' lang='lat' dir='ltr'>profunditatis.</span> <span class='ocrx_word' id='word_1_593' title='bbox 1438 4460 1509 4511; x_wconf 77' lang='lat' dir='ltr'><strong>Ex</strong></span> <span class='ocrx_word' id='word_1_594' title='bbox 1544 4462 1572 4511; x_wconf 78' lang='grc'><strong>5</strong></span> <span class='ocrx_word' id='word_1_595' title='bbox 1609 4458 1781 4527; x_wconf 80' lang='lat' dir='ltr'>igitur</span> <span class='ocrx_word' id='word_1_596' title='bbox 1811 4460 1866 4511; x_wconf 88' lang='lat' dir='ltr'>et</span> 
     </span>
    </p>
   </div>
   <div class='ocr_carea' id='block_1_78' title="bbox 168 4547 1581 4615">
    <p class='ocr_par' dir='ltr' id='par_1_78' title="bbox 168 4547 1581 4615">
     <span class='ocr_line' id='line_1_78' title="bbox 168 4547 1581 4615; baseline 0.001 -17"><span class='ocrx_word' id='word_1_597' title='bbox 168 4550 219 4611; x_wconf 87' lang='lat'>6,</span> <span class='ocrx_word' id='word_1_598' title='bbox 267 4562 475 4615; x_wconf 86' lang='lat' dir='ltr'>paucas</span> <span class='ocrx_word' id='word_1_599' title='bbox 503 4547 829 4615; x_wconf 85' lang='lat' dir='ltr'>hujusmodi</span> <span class='ocrx_word' id='word_1_600' title='bbox 858 4548 1069 4601; x_wconf 84' lang='lat' dir='ltr'>formas</span> <span class='ocrx_word' id='word_1_601' title='bbox 1095 4547 1533 4615; x_wconf 87' lang='lat' dir='ltr'>subscripsimus</span> <span class='ocrx_word' id='word_1_602' title='bbox 1570 4564 1581 4599; x_wconf 90' lang='lat'>:</span> 
     </span>
    </p>
   </div>
   <div class='ocr_carea' id='block_1_79' title="bbox 295 4664 1715 4725">
    <p class='ocr_par' dir='ltr' id='par_1_79' title="bbox 295 4664 1715 4725">
     <span class='ocr_line' id='line_1_79' title="bbox 295 4664 1715 4725; baseline 0.001 -8"><span class='ocrx_word' id='word_1_603' title='bbox 295 4664 302 4722; x_wconf 92' lang='lat' dir='ltr'>I</span> <span class='ocrx_word' id='word_1_604' title='bbox 529 4671 542 4717; x_wconf 89' lang='grc'>1</span> <span class='ocrx_word' id='word_1_605' title='bbox 769 4666 776 4725; x_wconf 95' lang='grc' dir='ltr'><strong>Ι</strong></span> <span class='ocrx_word' id='word_1_606' title='bbox 993 4669 1021 4717; x_wconf 69' lang='lat'><em>33</em></span> <span class='ocrx_word' id='word_1_607' title='bbox 1239 4666 1247 4722; x_wconf 96' lang='grc' dir='ltr'><strong>Ι</strong></span> <span class='ocrx_word' id='word_1_608' title='bbox 1464 4668 1493 4717; x_wconf 84' lang='grc'>6</span> <span class='ocrx_word' id='word_1_609' title='bbox 1709 4668 1715 4719; x_wconf 88' lang='grc' dir='ltr'><strong>Ι</strong></span> 
     </span>
    </p>
   </div>
   <div class='ocr_carea' id='block_1_80' title="bbox 295 4737 1715 4795">
    <p class='ocr_par' dir='ltr' id='par_1_80' title="bbox 295 4737 1715 4795">
     <span class='ocr_line' id='line_1_80' title="bbox 295 4737 1715 4795; baseline 0.003 -6"><span class='ocrx_word' id='word_1_610' title='bbox 295 4738 306 4795; x_wconf 78' lang='lat' dir='ltr'>t</span> <span class='ocrx_word' id='word_1_611' title='bbox 531 4742 542 4789; x_wconf 85' lang='grc'>1</span> <span class='ocrx_word' id='word_1_612' title='bbox 768 4738 776 4794; x_wconf 94' lang='lat'><strong><em>|</em></strong></span> <span class='ocrx_word' id='word_1_613' title='bbox 979 4742 1039 4789; x_wconf 11' lang='lat'>2:7;</span> <span class='ocrx_word' id='word_1_614' title='bbox 1239 4738 1246 4792; x_wconf 94' lang='lat' dir='ltr'>I</span> <span class='ocrx_word' id='word_1_615' title='bbox 1450 4742 1515 4789; x_wconf 62' lang='lat' dir='ltr'>es</span> <span class='ocrx_word' id='word_1_616' title='bbox 1709 4737 1715 4793; x_wconf 96' lang='lat' dir='ltr'><strong>I</strong></span> 
     </span>
    </p>
   </div>
   <div class='ocr_carea' id='block_1_81' title="bbox 292 4810 1716 4879">
    <p class='ocr_par' dir='ltr' id='par_1_81' title="bbox 292 4810 1716 4879">
     <span class='ocr_line' id='line_1_81' title="bbox 292 4810 1716 4879; baseline 0.003 -21"><span class='ocrx_word' id='word_1_617' title='bbox 292 4811 301 4867; x_wconf 94' lang='grc' dir='ltr'><strong>Ι</strong></span> <span class='ocrx_word' id='word_1_618' title='bbox 530 4815 540 4860; x_wconf 88' lang='lat' dir='ltr'>t</span> <span class='ocrx_word' id='word_1_619' title='bbox 766 4810 772 4866; x_wconf 92' lang='lat' dir='ltr'>I</span> <span class='ocrx_word' id='word_1_620' title='bbox 962 4815 977 4861; x_wconf 87' lang='lat'><strong>1</strong></span> <span class='ocrx_word' id='word_1_621' title='bbox 999 4815 1059 4861; x_wconf 66' lang='lat' dir='ltr'>2i;</span> <span class='ocrx_word' id='word_1_622' title='bbox 1238 4810 1244 4868; x_wconf 94' lang='grc' dir='ltr'><strong>Ι</strong></span> <span class='ocrx_word' id='word_1_623' title='bbox 1432 4814 1459 4860; x_wconf 72' lang='grc'>2</span> <span class='ocrx_word' id='word_1_624' title='bbox 1476 4812 1716 4879; x_wconf 28' lang='grc' dir='ltr'>ιβμέ</span> 
     </span>
    </p>
   </div>
   <div class='ocr_carea' id='block_1_82' title="bbox 292 4880 1857 4950">
    <p class='ocr_par' dir='ltr' id='par_1_82' title="bbox 292 4880 1857 4950">
     <span class='ocr_line' id='line_1_82' title="bbox 292 4880 1857 4950; baseline 0.003 -17"><span class='ocrx_word' id='word_1_625' title='bbox 292 4880 299 4938; x_wconf 92' lang='grc' dir='ltr'><strong>Ι</strong></span> <span class='ocrx_word' id='word_1_626' title='bbox 378 4944 443 4947; x_wconf 21' lang='grc' dir='ltr'><em>ἠγ</em></span> <span class='ocrx_word' id='word_1_627' title='bbox 484 4944 495 4945; x_wconf 23' lang='grc' dir='ltr'><em>γ</em></span> <span class='ocrx_word' id='word_1_628' title='bbox 530 4888 717 4948; x_wconf 18' lang='grc' dir='ltr'>Ινμγ</span> <span class='ocrx_word' id='word_1_629' title='bbox 764 4882 773 4938; x_wconf 84' lang='grc'>1</span> <span class='ocrx_word' id='word_1_630' title='bbox 820 4945 901 4948; x_wconf 31' lang='grc' dir='ltr'><em>Α</em></span> <span class='ocrx_word' id='word_1_631' title='bbox 959 4886 1059 4933; x_wconf 74' lang='grc' dir='ltr'>62ῖί</span> <span class='ocrx_word' id='word_1_632' title='bbox 1136 4882 1544 4948; x_wconf 25' lang='grc' dir='ltr'>ΠῨΙῗῗηςηυϋ</span> <span class='ocrx_word' id='word_1_633' title='bbox 1588 4946 1601 4947; x_wconf 24' lang='grc' dir='ltr'><em>γ</em></span> <span class='ocrx_word' id='word_1_634' title='bbox 1644 4946 1667 4949; x_wconf 23' lang='grc' dir='ltr'><strong>Γ</strong></span> <span class='ocrx_word' id='word_1_635' title='bbox 1707 4883 1857 4950; x_wconf 31' lang='grc' dir='ltr'>ΙΑ-</span> 
     </span>
    </p>
   </div>
   <div class='ocr_carea' id='block_1_83' title="bbox 291 4950 1713 5010">
    <p class='ocr_par' dir='ltr' id='par_1_83' title="bbox 291 4950 1713 5010">
     <span class='ocr_line' id='line_1_83' title="bbox 291 4950 1713 5010; baseline 0.001 -2"><span class='ocrx_word' id='word_1_636' title='bbox 291 4952 301 5008; x_wconf 89' lang='grc' dir='ltr'><strong>Ι</strong></span> <span class='ocrx_word' id='word_1_637' title='bbox 524 4956 540 5003; x_wconf 82' lang='grc'>1</span> <span class='ocrx_word' id='word_1_638' title='bbox 765 4950 772 5009; x_wconf 89' lang='grc' dir='ltr'><strong>Ι</strong></span> <span class='ocrx_word' id='word_1_639' title='bbox 936 4956 1070 5004; x_wconf 68' lang='grc' dir='ltr'>319ῖὶ</span> <span class='ocrx_word' id='word_1_640' title='bbox 1237 4953 1245 5010; x_wconf 96' lang='grc' dir='ltr'><strong>Ι</strong></span> <span class='ocrx_word' id='word_1_641' title='bbox 1408 4956 1544 5005; x_wconf 79' lang='lat'>7776</span> <span class='ocrx_word' id='word_1_642' title='bbox 1705 4952 1713 5010; x_wconf 86' lang='grc' dir='ltr'><strong>Ι</strong></span> 
     </span>
    </p>
   </div>
   <div class='ocr_carea' id='block_1_84' title="bbox 808 5079 1217 5136">
    <p class='ocr_par' dir='ltr' id='par_1_84' title="bbox 808 5079 1217 5136">
     <span class='ocr_line' id='line_1_84' title="bbox 808 5079 1217 5136; baseline 0.002 -8"><span class='ocrx_word' id='word_1_643' title='bbox 808 5079 1033 5136; x_wconf 77' lang='lat' dir='ltr'>CAPUT</span> <span class='ocrx_word' id='word_1_644' title='bbox 1077 5079 1217 5131; x_wconf 83' lang='lat' dir='ltr'><strong>XXX.</strong></span> 
     </span>
    </p>
   </div>
   <div class='ocr_carea' id='block_1_85' title="bbox 158 5166 1861 5236">
    <p class='ocr_par' dir='ltr' id='par_1_85' title="bbox 158 5166 1861 5236">
     <span class='ocr_line' id='line_1_85' title="bbox 158 5166 1861 5236; baseline 0 -17"><span class='ocrx_word' id='word_1_645' title='bbox 158 5169 229 5219; x_wconf 84' lang='lat' dir='ltr'>De</span> <span class='ocrx_word' id='word_1_646' title='bbox 256 5170 463 5218; x_wconf 72' lang='lat' dir='ltr'>natura</span> <span class='ocrx_word' id='word_1_647' title='bbox 492 5181 673 5218; x_wconf 85' lang='lat' dir='ltr'>rerum</span> <span class='ocrx_word' id='word_1_648' title='bbox 712 5180 833 5236; x_wconf 68' lang='lat' dir='ltr'>qua:</span> <span class='ocrx_word' id='word_1_649' title='bbox 865 5166 1071 5219; x_wconf 77' lang='lat' dir='ltr'>dicitur</span> <span class='ocrx_word' id='word_1_650' title='bbox 1101 5166 1339 5235; x_wconf 80' lang='lat' dir='ltr'>ejusdem</span> <span class='ocrx_word' id='word_1_651' title='bbox 1370 5171 1598 5231; x_wconf 70' lang='lat' dir='ltr'>naturae,</span> <span class='ocrx_word' id='word_1_652' title='bbox 1633 5171 1682 5219; x_wconf 85' lang='lat' dir='ltr'>et</span> <span class='ocrx_word' id='word_1_653' title='bbox 1713 5166 1778 5219; x_wconf 82' lang='lat' dir='ltr'>de</span> <span class='ocrx_word' id='word_1_654' title='bbox 1799 5182 1861 5219; x_wconf 87' lang='lat' dir='ltr'>ea</span> 
     </span>
    </p>
   </div>
   <div class='ocr_carea' id='block_1_86' title="bbox 230 5253 1860 5324">
    <p class='ocr_par' dir='ltr' id='par_1_86' title="bbox 230 5253 1860 5324">
     <span class='ocr_line' id='line_1_86' title="bbox 230 5253 1860 5324; baseline 0.001 -17"><span class='ocrx_word' id='word_1_655' title='bbox 230 5270 354 5324; x_wconf 74' lang='lat' dir='ltr'>quae</span> <span class='ocrx_word' id='word_1_656' title='bbox 378 5253 581 5305; x_wconf 75' lang='lat' dir='ltr'>dicitur</span> <span class='ocrx_word' id='word_1_657' title='bbox 611 5256 834 5307; x_wconf 81' lang='lat' dir='ltr'>alterius</span> <span class='ocrx_word' id='word_1_658' title='bbox 856 5260 1088 5320; x_wconf 75' lang='lat' dir='ltr'>naturae,</span> <span class='ocrx_word' id='word_1_659' title='bbox 1114 5260 1162 5309; x_wconf 77' lang='lat' dir='ltr'>et</span> <span class='ocrx_word' id='word_1_660' title='bbox 1193 5258 1289 5323; x_wconf 85' lang='lat' dir='ltr'>qui</span> <span class='ocrx_word' id='word_1_661' title='bbox 1309 5258 1519 5307; x_wconf 76' lang='lat' dir='ltr'>numeri</span> <span class='ocrx_word' id='word_1_662' title='bbox 1545 5259 1629 5307; x_wconf 81' lang='lat' dir='ltr'>cui</span> <span class='ocrx_word' id='word_1_663' title='bbox 1650 5260 1860 5309; x_wconf 58' lang='lat' dir='ltr'>natura</span> 
     </span>
    </p>
   </div>
   <div class='ocr_carea' id='block_1_87' title="bbox 228 5342 692 5411">
    <p class='ocr_par' dir='ltr' id='par_1_87' title="bbox 228 5342 692 5411">
     <span class='ocr_line' id='line_1_87' title="bbox 228 5342 692 5411; baseline -0.002 -15"><span class='ocrx_word' id='word_1_664' title='bbox 228 5342 517 5411; x_wconf 79' lang='lat' dir='ltr'>conjuncti</span> <span class='ocrx_word' id='word_1_665' title='bbox 546 5347 692 5395; x_wconf 80' lang='lat' dir='ltr'>sunt.</span> 
     </span>
    </p>
   </div>
   <div class='ocr_carea' id='block_1_88' title="bbox 230 5430 1857 5500">
    <p class='ocr_par' dir='ltr' id='par_1_88' title="bbox 230 5430 1857 5500">
     <span class='ocr_line' id='line_1_88' title="bbox 230 5430 1857 5500; baseline -0.001 -15"><span class='ocrx_word' id='word_1_666' title='bbox 230 5435 309 5485; x_wconf 81' lang='lat' dir='ltr'>Ac</span> <span class='ocrx_word' id='word_1_667' title='bbox 342 5431 412 5484; x_wconf 91' lang='lat' dir='ltr'>de</span> <span class='ocrx_word' id='word_1_668' title='bbox 454 5430 649 5484; x_wconf 88' lang='lat' dir='ltr'>solidis</span> <span class='ocrx_word' id='word_1_669' title='bbox 697 5430 929 5499; x_wconf 88' lang='lat' dir='ltr'>quidem</span> <span class='ocrx_word' id='word_1_670' title='bbox 972 5432 1193 5500; x_wconf 87' lang='lat' dir='ltr'>ﬁguris,</span> <span class='ocrx_word' id='word_1_671' title='bbox 1240 5432 1359 5485; x_wconf 65' lang='lat' dir='ltr'>haec</span> <span class='ocrx_word' id='word_1_672' title='bbox 1393 5431 1457 5484; x_wconf 89' lang='lat' dir='ltr'>ad</span> <span class='ocrx_word' id='word_1_673' title='bbox 1492 5446 1741 5500; x_wconf 63' lang='lat' dir='ltr'>prtesens</span> <span class='ocrx_word' id='word_1_674' title='bbox 1771 5432 1857 5485; x_wconf 88' lang='lat' dir='ltr'>di-</span> 
     </span>
    </p>
   </div>
   <div class='ocr_carea' id='block_1_89' title="bbox 157 5519 1856 5591">
    <p class='ocr_par' dir='ltr' id='par_1_89' title="bbox 157 5519 1856 5591">
     <span class='ocr_line' id='line_1_89' title="bbox 157 5519 1856 5591; baseline 0.001 -17"><span class='ocrx_word' id='word_1_675' title='bbox 157 5526 245 5574; x_wconf 89' lang='lat' dir='ltr'>cta</span> <span class='ocrx_word' id='word_1_676' title='bbox 276 5519 584 5574; x_wconf 90' lang='lat' dir='ltr'>sufﬁciant.</span> <span class='ocrx_word' id='word_1_677' title='bbox 613 5520 719 5584; x_wconf 90' lang='lat' dir='ltr'>Qui</span> <span class='ocrx_word' id='word_1_678' title='bbox 749 5523 937 5573; x_wconf 88' lang='lat' dir='ltr'>autem</span> <span class='ocrx_word' id='word_1_679' title='bbox 968 5521 1034 5574; x_wconf 91' lang='lat' dir='ltr'>de</span> <span class='ocrx_word' id='word_1_680' title='bbox 1059 5527 1260 5574; x_wconf 87' lang='lat' dir='ltr'>natura</span> <span class='ocrx_word' id='word_1_681' title='bbox 1288 5536 1481 5573; x_wconf 88' lang='lat' dir='ltr'>rerum</span> <span class='ocrx_word' id='word_1_682' title='bbox 1512 5521 1856 5591; x_wconf 88' lang='lat' dir='ltr'>propinquis</span> 
     </span>
    </p>
   </div>
   <div class='ocr_carea' id='block_1_90' title="bbox 157 5608 1857 5680">
    <p class='ocr_par' dir='ltr' id='par_1_90' title="bbox 157 5608 1857 5680">
     <span class='ocr_line' id='line_1_90' title="bbox 157 5608 1857 5680; baseline 0.001 -17"><span class='ocrx_word' id='word_1_683' title='bbox 157 5610 575 5679; x_wconf 88' lang='lat' dir='ltr'>investigantes</span> <span class='ocrx_word' id='word_1_684' title='bbox 596 5608 935 5675; x_wconf 89' lang='lat' dir='ltr'>rationibus,</span> <span class='ocrx_word' id='word_1_685' title='bbox 966 5609 1221 5679; x_wconf 88' lang='lat' dir='ltr'>quinque</span> <span class='ocrx_word' id='word_1_686' title='bbox 1243 5608 1304 5661; x_wconf 91' lang='lat' dir='ltr'>in</span> <span class='ocrx_word' id='word_1_687' title='bbox 1325 5609 1644 5663; x_wconf 86' lang='lat' dir='ltr'>matheseos</span> <span class='ocrx_word' id='word_1_688' title='bbox 1667 5610 1857 5680; x_wconf 85' lang='lat' dir='ltr'>dispu-</span> 
     </span>
    </p>
   </div>
   <div class='ocr_carea' id='block_1_91' title="bbox 1982 3128 3673 3200">
    <p class='ocr_par' dir='ltr' id='par_1_91' title="bbox 1982 3128 3673 3200">
     <span class='ocr_line' id='line_1_91' title="bbox 1982 3128 3673 3200; baseline -0.002 -16"><span class='ocrx_word' id='word_1_689' title='bbox 1982 3136 2071 3184; x_wconf 88' lang='lat' dir='ltr'>cta</span> <span class='ocrx_word' id='word_1_690' title='bbox 2098 3136 2251 3184; x_wconf 90' lang='lat' dir='ltr'>sunt.</span> <span class='ocrx_word' id='word_1_691' title='bbox 2274 3132 2387 3184; x_wconf 90' lang='lat' dir='ltr'>Aut</span> <span class='ocrx_word' id='word_1_692' title='bbox 2411 3130 2563 3184; x_wconf 91' lang='lat' dir='ltr'>enim</span> <span class='ocrx_word' id='word_1_693' title='bbox 2583 3130 2855 3200; x_wconf 81' lang='lat' dir='ltr'>propriae,</span> <span class='ocrx_word' id='word_1_694' title='bbox 2875 3128 3270 3193; x_wconf 87' lang='lat' dir='ltr'>immutabilis,</span> <span class='ocrx_word' id='word_1_695' title='bbox 3296 3128 3673 3198; x_wconf 81' lang='lat' dir='ltr'>ejusdemque</span> 
     </span>
    </p>
   </div>
   <div class='ocr_carea' id='block_1_92' title="bbox 1982 3216 3668 3288">
    <p class='ocr_par' dir='ltr' id='par_1_92' title="bbox 1982 3216 3668 3288">
     <span class='ocr_line' id='line_1_92' title="bbox 1982 3216 3668 3288; baseline -0.002 -17"><span class='ocrx_word' id='word_1_696' title='bbox 1982 3218 2311 3272; x_wconf 68' lang='lat' dir='ltr'>substantia:</span> <span class='ocrx_word' id='word_1_697' title='bbox 2339 3224 2441 3285; x_wconf 90' lang='lat' dir='ltr'>est,</span> <span class='ocrx_word' id='word_1_698' title='bbox 2486 3220 2640 3288; x_wconf 88' lang='lat' dir='ltr'>quod</span> <span class='ocrx_word' id='word_1_699' title='bbox 2678 3220 2847 3283; x_wconf 91' lang='lat' dir='ltr'>Deus,</span> <span class='ocrx_word' id='word_1_700' title='bbox 2876 3218 2962 3270; x_wconf 91' lang='lat' dir='ltr'>vel</span> <span class='ocrx_word' id='word_1_701' title='bbox 2999 3216 3212 3277; x_wconf 88' lang='lat' dir='ltr'>anima,</span> <span class='ocrx_word' id='word_1_702' title='bbox 3246 3217 3334 3269; x_wconf 91' lang='lat' dir='ltr'>vel</span> <span class='ocrx_word' id='word_1_703' title='bbox 3368 3231 3530 3269; x_wconf 90' lang='lat' dir='ltr'>mens</span> <span class='ocrx_word' id='word_1_704' title='bbox 3564 3220 3668 3282; x_wconf 83' lang='lat' dir='ltr'>est,</span> 
     </span>
    </p>
   </div>
   <div class='ocr_carea' id='block_1_93' title="bbox 1979 3305 3674 3379">
    <p class='ocr_par' dir='ltr' id='par_1_93' title="bbox 1979 3305 3674 3379">
     <span class='ocr_line' id='line_1_93' title="bbox 1979 3305 3674 3379; baseline -0.002 -18"><span class='ocrx_word' id='word_1_705' title='bbox 1979 3310 2066 3362; x_wconf 88' lang='lat' dir='ltr'>vel</span> <span class='ocrx_word' id='word_1_706' title='bbox 2102 3308 2484 3379; x_wconf 90' lang='lat' dir='ltr'>quodcunque</span> <span class='ocrx_word' id='word_1_707' title='bbox 2514 3308 2765 3378; x_wconf 82' lang='lat' dir='ltr'>propriae</span> <span class='ocrx_word' id='word_1_708' title='bbox 2797 3312 3014 3361; x_wconf 66' lang='lat' dir='ltr'>natura:</span> <span class='ocrx_word' id='word_1_709' title='bbox 3045 3305 3506 3375; x_wconf 89' lang='lat' dir='ltr'>incorporalitate</span> <span class='ocrx_word' id='word_1_710' title='bbox 3534 3305 3674 3358; x_wconf 88' lang='lat' dir='ltr'>bea-</span> 
     </span>
    </p>
   </div>
   <div class='ocr_carea' id='block_1_94' title="bbox 1978 3394 3652 3466">
    <p class='ocr_par' dir='ltr' id='par_1_94' title="bbox 1978 3394 3652 3466">
     <span class='ocr_line' id='line_1_94' title="bbox 1978 3394 3652 3466; baseline -0.002 -17"><span class='ocrx_word' id='word_1_711' title='bbox 1978 3403 2093 3463; x_wconf 90' lang='lat' dir='ltr'>tur,</span> <span class='ocrx_word' id='word_1_712' title='bbox 2128 3404 2223 3449; x_wconf 90' lang='lat' dir='ltr'>aut</span> <span class='ocrx_word' id='word_1_713' title='bbox 2246 3397 2560 3461; x_wconf 90' lang='lat' dir='ltr'>mutabilis,</span> <span class='ocrx_word' id='word_1_714' title='bbox 2588 3396 2983 3466; x_wconf 85' lang='lat' dir='ltr'>variabilisque</span> <span class='ocrx_word' id='word_1_715' title='bbox 3019 3400 3259 3459; x_wconf 63' lang='lat' dir='ltr'>natura),</span> <span class='ocrx_word' id='word_1_716' title='bbox 3294 3394 3445 3463; x_wconf 89' lang='lat' dir='ltr'>quod</span> <span class='ocrx_word' id='word_1_717' title='bbox 3479 3409 3652 3462; x_wconf 88' lang='lat' dir='ltr'>corpo</span> 
     </span>
    </p>
   </div>
   <div class='ocr_carea' id='block_1_95' title="bbox 1978 3482 3672 3540">
    <p class='ocr_par' dir='ltr' id='par_1_95' title="bbox 1978 3482 3672 3540">
     <span class='ocr_line' id='line_1_95' title="bbox 1978 3482 3672 3540; baseline -0.002 -1"><span class='ocrx_word' id='word_1_718' title='bbox 1978 3487 2138 3540; x_wconf 91' lang='lat' dir='ltr'>ribus</span> <span class='ocrx_word' id='word_1_719' title='bbox 2160 3486 2554 3540; x_wconf 87' lang='lat' dir='ltr'>indubitanter</span> <span class='ocrx_word' id='word_1_720' title='bbox 2571 3486 2829 3539; x_wconf 79' lang='lat' dir='ltr'>videmus</span> <span class='ocrx_word' id='word_1_721' title='bbox 2851 3485 3127 3537; x_wconf 88' lang='lat' dir='ltr'>accidere.</span> <span class='ocrx_word' id='word_1_722' title='bbox 3152 3483 3310 3537; x_wconf 91' lang='lat' dir='ltr'>Unde</span> <span class='ocrx_word' id='word_1_723' title='bbox 3334 3498 3487 3535; x_wconf 90' lang='lat' dir='ltr'>nunc</span> <span class='ocrx_word' id='word_1_724' title='bbox 3506 3482 3672 3535; x_wconf 89' lang='lat' dir='ltr'>nobis</span> 
     </span>
    </p>
   </div>
   <div class='ocr_carea' id='block_1_96' title="bbox 1979 3574 3662 3643">
    <p class='ocr_par' dir='ltr' id='par_1_96' title="bbox 1979 3574 3662 3643">
     <span class='ocr_line' id='line_1_96' title="bbox 1979 3574 3662 3643; baseline -0.004 -15"><span class='ocrx_word' id='word_1_725' title='bbox 1979 3576 2415 3628; x_wconf 88' lang='lat' dir='ltr'>monstrandum</span> <span class='ocrx_word' id='word_1_726' title='bbox 2438 3580 2539 3641; x_wconf 87' lang='lat' dir='ltr'>est,</span> <span class='ocrx_word' id='word_1_727' title='bbox 2593 3574 2697 3628; x_wconf 87' lang='lat' dir='ltr'>hac</span> <span class='ocrx_word' id='word_1_728' title='bbox 2751 3574 2984 3643; x_wconf 87' lang='lat' dir='ltr'>gemina</span> <span class='ocrx_word' id='word_1_729' title='bbox 3006 3588 3387 3626; x_wconf 88' lang='lat' dir='ltr'>numerorum</span> <span class='ocrx_word' id='word_1_730' title='bbox 3437 3576 3662 3635; x_wconf 89' lang='lat' dir='ltr'>natura,</span> 
     </span>
    </p>
   </div>
   <div class='ocr_carea' id='block_1_97' title="bbox 1980 3661 3673 3735">
    <p class='ocr_par' dir='ltr' id='par_1_97' title="bbox 1980 3661 3673 3735">
     <span class='ocr_line' id='line_1_97' title="bbox 1980 3661 3673 3735; baseline -0.002 -19"><span class='ocrx_word' id='word_1_731' title='bbox 1980 3665 2393 3735; x_wconf 86' lang='lat' dir='ltr'>quadratorum</span> <span class='ocrx_word' id='word_1_732' title='bbox 2426 3663 2637 3716; x_wconf 87' lang='lat' dir='ltr'>scilicet</span> <span class='ocrx_word' id='word_1_733' title='bbox 2670 3668 2725 3716; x_wconf 90' lang='lat' dir='ltr'>et</span> <span class='ocrx_word' id='word_1_734' title='bbox 2752 3668 2914 3731; x_wconf 89' lang='lat' dir='ltr'>parte</span> <span class='ocrx_word' id='word_1_735' title='bbox 2945 3663 3121 3715; x_wconf 88' lang='lat' dir='ltr'>altera</span> <span class='ocrx_word' id='word_1_736' title='bbox 3160 3661 3506 3730; x_wconf 87' lang='lat' dir='ltr'>longiorum,</span> <span class='ocrx_word' id='word_1_737' title='bbox 3539 3676 3673 3713; x_wconf 85' lang='lat' dir='ltr'>cnn-</span> 
     </span>
    </p>
   </div>
   <div class='ocr_carea' id='block_1_98' title="bbox 1978 3750 3669 3821">
    <p class='ocr_par' dir='ltr' id='par_1_98' title="bbox 1978 3750 3669 3821">
     <span class='ocr_line' id='line_1_98' title="bbox 1978 3750 3669 3821; baseline -0.003 -15"><span class='ocrx_word' id='word_1_738' title='bbox 1978 3758 2093 3806; x_wconf 90' lang='lat' dir='ltr'>ctas</span> <span class='ocrx_word' id='word_1_739' title='bbox 2122 3754 2350 3805; x_wconf 87' lang='lat' dir='ltr'>numeri</span> <span class='ocrx_word' id='word_1_740' title='bbox 2391 3752 2607 3821; x_wconf 91' lang='lat' dir='ltr'>species</span> <span class='ocrx_word' id='word_1_741' title='bbox 2638 3756 2981 3821; x_wconf 85' lang='lat' dir='ltr'>cunctasque</span> <span class='ocrx_word' id='word_1_742' title='bbox 3020 3750 3411 3814; x_wconf 87' lang='lat' dir='ltr'>habitudines,</span> <span class='ocrx_word' id='word_1_743' title='bbox 3459 3750 3545 3802; x_wconf 90' lang='lat' dir='ltr'>vel</span> <span class='ocrx_word' id='word_1_744' title='bbox 3581 3765 3669 3801; x_wconf 88' lang='lat' dir='ltr'>re-</span> 
     </span>
    </p>
   </div>
   <div class='ocr_carea' id='block_1_99' title="bbox 1977 3837 3662 3911">
    <p class='ocr_par' dir='ltr' id='par_1_99' title="bbox 1977 3837 3662 3911">
     <span class='ocr_line' id='line_1_99' title="bbox 1977 3837 3662 3911; baseline -0.003 -17"><span class='ocrx_word' id='word_1_745' title='bbox 1977 3842 2105 3895; x_wconf 62' lang='lat' dir='ltr'>lata:</span> <span class='ocrx_word' id='word_1_746' title='bbox 2128 3843 2195 3895; x_wconf 88' lang='lat' dir='ltr'>ad</span> <span class='ocrx_word' id='word_1_747' title='bbox 2228 3841 2443 3911; x_wconf 86' lang='lat' dir='ltr'>aliquid</span> <span class='ocrx_word' id='word_1_748' title='bbox 2485 3839 2839 3910; x_wconf 85' lang='lat' dir='ltr'>quantitatis,</span> <span class='ocrx_word' id='word_1_749' title='bbox 2877 3844 2939 3891; x_wconf 90' lang='lat' dir='ltr'>ut</span> <span class='ocrx_word' id='word_1_750' title='bbox 2985 3837 3387 3907; x_wconf 89' lang='lat' dir='ltr'>multiplicium</span> <span class='ocrx_word' id='word_1_751' title='bbox 3435 3838 3522 3890; x_wconf 91' lang='lat' dir='ltr'>vel</span> <span class='ocrx_word' id='word_1_752' title='bbox 3568 3854 3662 3889; x_wconf 91' lang='lat' dir='ltr'>su-</span> 
     </span>
    </p>
   </div>
   <div class='ocr_carea' id='block_1_100' title="bbox 1980 3924 3667 3999">
    <p class='ocr_par' dir='ltr' id='par_1_100' title="bbox 1980 3924 3667 3999">
     <span class='ocr_line' id='line_1_100' title="bbox 1980 3924 3667 3999; baseline -0.002 -18"><span class='ocrx_word' id='word_1_753' title='bbox 1980 3928 2516 3999; x_wconf 88' lang='lat' dir='ltr'>perparticularium</span> <span class='ocrx_word' id='word_1_754' title='bbox 2541 3933 2597 3979; x_wconf 88' lang='lat' dir='ltr'>et</span> <span class='ocrx_word' id='word_1_755' title='bbox 2638 3932 2997 3993; x_wconf 67' lang='lat' dir='ltr'>creterorum,</span> <span class='ocrx_word' id='word_1_756' title='bbox 3031 3924 3116 3977; x_wconf 89' lang='lat' dir='ltr'>vel</span> <span class='ocrx_word' id='word_1_757' title='bbox 3148 3925 3216 3978; x_wconf 91' lang='lat' dir='ltr'>ad</span> <span class='ocrx_word' id='word_1_758' title='bbox 3247 3924 3494 3993; x_wconf 89' lang='lat' dir='ltr'>seipsam</span> <span class='ocrx_word' id='word_1_759' title='bbox 3526 3941 3667 3978; x_wconf 60' lang='lat' dir='ltr'>cono</span> 
     </span>
    </p>
   </div>
   <div class='ocr_carea' id='block_1_101' title="bbox 1977 4013 3668 4084">
    <p class='ocr_par' dir='ltr' id='par_1_101' title="bbox 1977 4013 3668 4084">
     <span class='ocr_line' id='line_1_101' title="bbox 1977 4013 3668 4084; baseline -0.002 -14"><span class='ocrx_word' id='word_1_760' title='bbox 1977 4018 2259 4083; x_wconf 73' lang='lat' dir='ltr'>sideratm,</span> <span class='ocrx_word' id='word_1_761' title='bbox 2292 4021 2350 4069; x_wconf 90' lang='lat' dir='ltr'>ut</span> <span class='ocrx_word' id='word_1_762' title='bbox 2371 4016 2685 4069; x_wconf 89' lang='lat' dir='ltr'>formarum</span> <span class='ocrx_word' id='word_1_763' title='bbox 2718 4030 2859 4084; x_wconf 90' lang='lat' dir='ltr'>quas</span> <span class='ocrx_word' id='word_1_764' title='bbox 2894 4014 3110 4067; x_wconf 90' lang='lat' dir='ltr'>dudum</span> <span class='ocrx_word' id='word_1_765' title='bbox 3142 4013 3201 4065; x_wconf 90' lang='lat' dir='ltr'>in</span> <span class='ocrx_word' id='word_1_766' title='bbox 3224 4014 3520 4081; x_wconf 86' lang='lat' dir='ltr'>superiore</span> <span class='ocrx_word' id='word_1_767' title='bbox 3553 4013 3668 4066; x_wconf 90' lang='lat' dir='ltr'>dis-</span> 
     </span>
    </p>
   </div>
   <div class='ocr_carea' id='block_1_102' title="bbox 1979 4101 3664 4176">
    <p class='ocr_par' dir='ltr' id='par_1_102' title="bbox 1979 4101 3664 4176">
     <span class='ocr_line' id='line_1_102' title="bbox 1979 4101 3664 4176; baseline -0.004 -17"><span class='ocrx_word' id='word_1_768' title='bbox 1979 4107 2271 4176; x_wconf 89' lang='lat' dir='ltr'>putatione</span> <span class='ocrx_word' id='word_1_769' title='bbox 2305 4103 2707 4173; x_wconf 87' lang='lat' dir='ltr'>descripsimus</span> <span class='ocrx_word' id='word_1_770' title='bbox 2729 4102 3050 4165; x_wconf 88' lang='lat' dir='ltr'>informari,</span> <span class='ocrx_word' id='word_1_771' title='bbox 3081 4106 3140 4155; x_wconf 91' lang='lat' dir='ltr'>ut</span> <span class='ocrx_word' id='word_1_772' title='bbox 3173 4101 3664 4169; x_wconf 84' lang='lat' dir='ltr'>quemadmodum</span> 
     </span>
    </p>
   </div>
   <div class='ocr_carea' id='block_1_103' title="bbox 1978 4188 3667 4260">
    <p class='ocr_par' dir='ltr' id='par_1_103' title="bbox 1978 4188 3667 4260">
     <span class='ocr_line' id='line_1_103' title="bbox 1978 4188 3667 4260; baseline -0.005 -12"><span class='ocrx_word' id='word_1_773' title='bbox 1978 4196 2227 4248; x_wconf 90' lang='lat' dir='ltr'>mundus</span> <span class='ocrx_word' id='word_1_774' title='bbox 2271 4211 2337 4247; x_wconf 84' lang='lat' dir='ltr'>ex</span> <span class='ocrx_word' id='word_1_775' title='bbox 2368 4192 2733 4260; x_wconf 91' lang='lat' dir='ltr'>immutabili,</span> <span class='ocrx_word' id='word_1_776' title='bbox 2774 4191 3153 4260; x_wconf 86' lang='lat' dir='ltr'>mutabilique</span> <span class='ocrx_word' id='word_1_777' title='bbox 3203 4190 3539 4252; x_wconf 88' lang='lat' dir='ltr'>substantia,</span> <span class='ocrx_word' id='word_1_778' title='bbox 3588 4188 3667 4241; x_wconf 92' lang='lat' dir='ltr'>sic</span> 
     </span>
    </p>
   </div>
   <div class='ocr_carea' id='block_1_104' title="bbox 1978 4278 3664 4349">
    <p class='ocr_par' dir='ltr' id='par_1_104' title="bbox 1978 4278 3664 4349">
     <span class='ocr_line' id='line_1_104' title="bbox 1978 4278 3664 4349; baseline -0.004 -13"><span class='ocrx_word' id='word_1_779' title='bbox 1978 4284 2161 4336; x_wconf 90' lang='lat' dir='ltr'>omnis</span> <span class='ocrx_word' id='word_1_780' title='bbox 2220 4299 2490 4337; x_wconf 89' lang='lat' dir='ltr'>numerus</span> <span class='ocrx_word' id='word_1_781' title='bbox 2535 4298 2601 4335; x_wconf 83' lang='lat' dir='ltr'>ex</span> <span class='ocrx_word' id='word_1_782' title='bbox 2655 4280 2985 4349; x_wconf 79' lang='lat' dir='ltr'>tetragnnis,</span> <span class='ocrx_word' id='word_1_783' title='bbox 3055 4278 3152 4347; x_wconf 90' lang='lat' dir='ltr'>qui</span> <span class='ocrx_word' id='word_1_784' title='bbox 3203 4278 3664 4331; x_wconf 84' lang='lat' dir='ltr'>immutabilitate</span> 
     </span>
    </p>
   </div>
   <div class='ocr_carea' id='block_1_105' title="bbox 1973 4365 3663 4441">
    <p class='ocr_par' dir='ltr' id='par_1_105' title="bbox 1973 4365 3663 4441">
     <span class='ocr_line' id='line_1_105' title="bbox 1973 4365 3663 4441; baseline -0.005 -16"><span class='ocrx_word' id='word_1_785' title='bbox 1973 4373 2372 4441; x_wconf 89' lang='lat' dir='ltr'>perﬁciuntur,</span> <span class='ocrx_word' id='word_1_786' title='bbox 2405 4377 2459 4424; x_wconf 88' lang='lat' dir='ltr'>et</span> <span class='ocrx_word' id='word_1_787' title='bbox 2491 4388 2557 4424; x_wconf 79' lang='lat' dir='ltr'>ex</span> <span class='ocrx_word' id='word_1_788' title='bbox 2592 4376 2752 4440; x_wconf 88' lang='lat' dir='ltr'>parte</span> <span class='ocrx_word' id='word_1_789' title='bbox 2792 4372 2968 4422; x_wconf 91' lang='lat' dir='ltr'>altera</span> <span class='ocrx_word' id='word_1_790' title='bbox 2999 4367 3375 4437; x_wconf 78' lang='lat' dir='ltr'>longioribus,</span> <span class='ocrx_word' id='word_1_791' title='bbox 3411 4365 3506 4436; x_wconf 85' lang='lat' dir='ltr'>qui</span> <span class='ocrx_word' id='word_1_792' title='bbox 3538 4383 3663 4419; x_wconf 90' lang='lat' dir='ltr'>mu-</span> 
     </span>
    </p>
   </div>
   <div class='ocr_carea' id='block_1_106' title="bbox 1916 4455 3665 4529">
    <p class='ocr_par' dir='ltr' id='par_1_106' title="bbox 1916 4455 3665 4529">
     <span class='ocr_line' id='line_1_106' title="bbox 1916 4455 3665 4529; baseline -0.004 -15"><span class='ocrx_word' id='word_1_793' title='bbox 1916 4458 1929 4473; x_wconf 72' lang='grc'><strong>“</strong></span> <span class='ocrx_word' id='word_1_794' title='bbox 1980 4461 2258 4514; x_wconf 85' lang='lat' dir='ltr'>tabilitate</span> <span class='ocrx_word' id='word_1_795' title='bbox 2298 4459 2661 4529; x_wconf 87' lang='lat' dir='ltr'>participant,</span> <span class='ocrx_word' id='word_1_796' title='bbox 2694 4459 2970 4528; x_wconf 88' lang='lat' dir='ltr'>probetur</span> <span class='ocrx_word' id='word_1_797' title='bbox 3018 4474 3137 4510; x_wconf 89' lang='lat' dir='ltr'>esse</span> <span class='ocrx_word' id='word_1_798' title='bbox 3190 4455 3545 4524; x_wconf 89' lang='lat' dir='ltr'>conjunctus.</span> <span class='ocrx_word' id='word_1_799' title='bbox 3603 4456 3665 4507; x_wconf 78' lang='lat' dir='ltr'>Et</span> 
     </span>
    </p>
   </div>
   <div class='ocr_carea' id='block_1_107' title="bbox 1976 4542 3664 4619">
    <p class='ocr_par' dir='ltr' id='par_1_107' title="bbox 1976 4542 3664 4619">
     <span class='ocr_line' id='line_1_107' title="bbox 1976 4542 3664 4619; baseline -0.004 -17"><span class='ocrx_word' id='word_1_800' title='bbox 1976 4550 2163 4619; x_wconf 86' lang='lat' dir='ltr'>primo</span> <span class='ocrx_word' id='word_1_801' title='bbox 2223 4550 2455 4619; x_wconf 90' lang='lat' dir='ltr'>quidem</span> <span class='ocrx_word' id='word_1_802' title='bbox 2492 4548 2950 4601; x_wconf 87' lang='lat' dir='ltr'>distribuendum</span> <span class='ocrx_word' id='word_1_803' title='bbox 2985 4550 3085 4611; x_wconf 89' lang='lat' dir='ltr'>est,</span> <span class='ocrx_word' id='word_1_804' title='bbox 3121 4545 3220 4616; x_wconf 91' lang='lat' dir='ltr'>qui</span> <span class='ocrx_word' id='word_1_805' title='bbox 3252 4549 3385 4596; x_wconf 90' lang='lat' dir='ltr'>sunt</span> <span class='ocrx_word' id='word_1_806' title='bbox 3432 4542 3489 4596; x_wconf 91' lang='lat' dir='ltr'>hi</span> <span class='ocrx_word' id='word_1_807' title='bbox 3522 4560 3664 4612; x_wconf 86' lang='lat' dir='ltr'>quos</span> 
     </span>
    </p>
   </div>
   <div class='ocr_carea' id='block_1_108' title="bbox 1974 4630 3659 4709">
    <p class='ocr_par' dir='ltr' id='par_1_108' title="bbox 1974 4630 3659 4709">
     <span class='ocr_line' id='line_1_108' title="bbox 1974 4630 3659 4709; baseline -0.004 -17"><span class='ocrx_word' id='word_1_808' title='bbox 1974 4655 2272 4709; x_wconf 85' lang='lat' dir='ltr'>promecas</span> <span class='ocrx_word' id='word_1_809' title='bbox 2323 4643 2539 4698; x_wconf 86' lang='lat' dir='ltr'>vocant,</span> <span class='ocrx_word' id='word_1_810' title='bbox 2590 4638 2646 4689; x_wconf 90' lang='lat' dir='ltr'>id</span> <span class='ocrx_word' id='word_1_811' title='bbox 2696 4642 2781 4689; x_wconf 92' lang='lat' dir='ltr'>est</span> <span class='ocrx_word' id='word_1_812' title='bbox 2810 4636 3093 4689; x_wconf 89' lang='lat' dir='ltr'>anteriore</span> <span class='ocrx_word' id='word_1_813' title='bbox 3142 4638 3301 4703; x_wconf 86' lang='lat' dir='ltr'>parte</span> <span class='ocrx_word' id='word_1_814' title='bbox 3354 4630 3659 4702; x_wconf 89' lang='lat' dir='ltr'>longiores,</span> 
     </span>
    </p>
   </div>
   <div class='ocr_carea' id='block_1_109' title="bbox 1974 4722 3659 4797">
    <p class='ocr_par' dir='ltr' id='par_1_109' title="bbox 1974 4722 3659 4797">
     <span class='ocr_line' id='line_1_109' title="bbox 1974 4722 3659 4797; baseline -0.004 -16"><span class='ocrx_word' id='word_1_815' title='bbox 1974 4729 2061 4781; x_wconf 89' lang='lat' dir='ltr'>vel</span> <span class='ocrx_word' id='word_1_816' title='bbox 2088 4728 2185 4797; x_wconf 88' lang='lat' dir='ltr'>qui</span> <span class='ocrx_word' id='word_1_817' title='bbox 2215 4744 2353 4795; x_wconf 88' lang='lat' dir='ltr'>quos</span> <span class='ocrx_word' id='word_1_818' title='bbox 2384 4725 2808 4788; x_wconf 78' lang='lat' dir='ltr'>lieteromikeis,</span> <span class='ocrx_word' id='word_1_819' title='bbox 2842 4724 2901 4776; x_wconf 91' lang='lat' dir='ltr'>id</span> <span class='ocrx_word' id='word_1_820' title='bbox 2932 4729 3014 4776; x_wconf 87' lang='lat' dir='ltr'>est</span> <span class='ocrx_word' id='word_1_821' title='bbox 3036 4728 3195 4791; x_wconf 86' lang='lat' dir='ltr'>parte</span> <span class='ocrx_word' id='word_1_822' title='bbox 3230 4722 3405 4774; x_wconf 86' lang='lat' dir='ltr'>altera</span> <span class='ocrx_word' id='word_1_823' title='bbox 3438 4722 3659 4790; x_wconf 88' lang='lat' dir='ltr'>longio-</span> 
     </span>
    </p>
   </div>
   <div class='ocr_carea' id='block_1_110' title="bbox 1973 4811 3660 4885">
    <p class='ocr_par' dir='ltr' id='par_1_110' title="bbox 1973 4811 3660 4885">
     <span class='ocr_line' id='line_1_110' title="bbox 1973 4811 3660 4885; baseline -0.004 -16"><span class='ocrx_word' id='word_1_824' title='bbox 1973 4834 2082 4871; x_wconf 87' lang='lat' dir='ltr'>res.</span> <span class='ocrx_word' id='word_1_825' title='bbox 2120 4818 2210 4868; x_wconf 67' lang='lat' dir='ltr'>list</span> <span class='ocrx_word' id='word_1_826' title='bbox 2234 4815 2385 4868; x_wconf 87' lang='lat' dir='ltr'>enim</span> <span class='ocrx_word' id='word_1_827' title='bbox 2425 4820 2579 4885; x_wconf 87' lang='lat' dir='ltr'>parte</span> <span class='ocrx_word' id='word_1_828' title='bbox 2612 4816 2789 4867; x_wconf 87' lang='lat' dir='ltr'>altera</span> <span class='ocrx_word' id='word_1_829' title='bbox 2828 4812 3378 4881; x_wconf 69' lang='lat' dir='ltr'>longior&#39;numerus</span> <span class='ocrx_word' id='word_1_830' title='bbox 3411 4811 3660 4879; x_wconf 84' lang='lat' dir='ltr'>quicun-</span> 
     </span>
    </p>
   </div>
   <div class='ocr_carea' id='block_1_111' title="bbox 1974 4901 3656 4974">
    <p class='ocr_par' dir='ltr' id='par_1_111' title="bbox 1974 4901 3656 4974">
     <span class='ocr_line' id='line_1_111' title="bbox 1974 4901 3656 4974; baseline -0.004 -18"><span class='ocrx_word' id='word_1_831' title='bbox 1974 4920 2085 4974; x_wconf 91' lang='lat' dir='ltr'>que</span> <span class='ocrx_word' id='word_1_832' title='bbox 2117 4904 2329 4956; x_wconf 89' lang='lat' dir='ltr'>unitate</span> <span class='ocrx_word' id='word_1_833' title='bbox 2360 4909 2585 4957; x_wconf 89' lang='lat' dir='ltr'>tantum</span> <span class='ocrx_word' id='word_1_834' title='bbox 2629 4902 2795 4956; x_wconf 86' lang='lat' dir='ltr'>lateri</span> <span class='ocrx_word' id='word_1_835' title='bbox 2845 4901 3043 4954; x_wconf 87' lang='lat' dir='ltr'>crescit</span> <span class='ocrx_word' id='word_1_836' title='bbox 3080 4901 3318 4969; x_wconf 77' lang='lat' dir='ltr'>adjecta,</span> <span class='ocrx_word' id='word_1_837' title='bbox 3374 4905 3433 4952; x_wconf 91' lang='lat' dir='ltr'>ut</span> <span class='ocrx_word' id='word_1_838' title='bbox 3465 4905 3597 4952; x_wconf 91' lang='lat' dir='ltr'>sunt</span> <span class='ocrx_word' id='word_1_839' title='bbox 3628 4904 3656 4949; x_wconf 75' lang='lat'>(3</span> 
     </span>
    </p>
   </div>
   <div class='ocr_carea' id='block_1_112' title="bbox 1973 4988 3657 5060">
    <p class='ocr_par' dir='ltr' id='par_1_112' title="bbox 1973 4988 3657 5060">
     <span class='ocr_line' id='line_1_112' title="bbox 1973 4988 3657 5060; baseline -0.001 -15"><span class='ocrx_word' id='word_1_840' title='bbox 1973 4993 2187 5045; x_wconf 89' lang='lat' dir='ltr'>scilicet</span> <span class='ocrx_word' id='word_1_841' title='bbox 2238 4992 2324 5045; x_wconf 84' lang='lat' dir='ltr'>bis</span> <span class='ocrx_word' id='word_1_842' title='bbox 2375 4995 2424 5059; x_wconf 92' lang='lat'>3,</span> <span class='ocrx_word' id='word_1_843' title='bbox 2479 4992 2563 5044; x_wconf 86' lang='lat' dir='ltr'>vel</span> <span class='ocrx_word' id='word_1_844' title='bbox 2618 4994 2679 5044; x_wconf 66' lang='lat'>1‘2</span> <span class='ocrx_word' id='word_1_845' title='bbox 2730 4996 2844 5043; x_wconf 89' lang='lat' dir='ltr'>tres</span> <span class='ocrx_word' id='word_1_846' title='bbox 2907 4993 3127 5060; x_wconf 85' lang='lat' dir='ltr'>quater,</span> <span class='ocrx_word' id='word_1_847' title='bbox 3195 4994 3248 5041; x_wconf 89' lang='lat' dir='ltr'>et</span> <span class='ocrx_word' id='word_1_848' title='bbox 3314 4988 3657 5043; x_wconf 79' lang='lat' dir='ltr'>consimiles.</span> 
     </span>
    </p>
   </div>
   <div class='ocr_carea' id='block_1_113' title="bbox 1969 5077 3657 5150">
    <p class='ocr_par' dir='ltr' id='par_1_113' title="bbox 1969 5077 3657 5150">
     <span class='ocr_line' id='line_1_113' title="bbox 1969 5077 3657 5150; baseline -0.005 -15"><span class='ocrx_word' id='word_1_849' title='bbox 1969 5081 2266 5135; x_wconf 85' lang='lat' dir='ltr'>Antcriorc</span> <span class='ocrx_word' id='word_1_850' title='bbox 2317 5097 2450 5133; x_wconf 91' lang='lat' dir='ltr'>vero</span> <span class='ocrx_word' id='word_1_851' title='bbox 2511 5086 2669 5150; x_wconf 88' lang='lat' dir='ltr'>parte</span> <span class='ocrx_word' id='word_1_852' title='bbox 2718 5079 2936 5148; x_wconf 86' lang='lat' dir='ltr'>longior</span> <span class='ocrx_word' id='word_1_853' title='bbox 2980 5083 3063 5131; x_wconf 90' lang='lat' dir='ltr'>est</span> <span class='ocrx_word' id='word_1_854' title='bbox 3108 5078 3207 5148; x_wconf 86' lang='lat' dir='ltr'>qui</span> <span class='ocrx_word' id='word_1_855' title='bbox 3272 5078 3375 5130; x_wconf 89' lang='lat' dir='ltr'>sub</span> <span class='ocrx_word' id='word_1_856' title='bbox 3435 5077 3657 5128; x_wconf 89' lang='lat' dir='ltr'>duobus</span> 
     </span>
    </p>
   </div>
   <div class='ocr_carea' id='block_1_114' title="bbox 1970 5166 3655 5238">
    <p class='ocr_par' dir='ltr' id='par_1_114' title="bbox 1970 5166 3655 5238">
     <span class='ocr_line' id='line_1_114' title="bbox 1970 5166 3655 5238; baseline -0.005 -15"><span class='ocrx_word' id='word_1_857' title='bbox 1970 5170 2223 5223; x_wconf 90' lang='lat' dir='ltr'>numeris</span> <span class='ocrx_word' id='word_1_858' title='bbox 2254 5170 2583 5238; x_wconf 85' lang='lat' dir='ltr'>hujusmodi</span> <span class='ocrx_word' id='word_1_859' title='bbox 2639 5169 2981 5233; x_wconf 90' lang='lat' dir='ltr'>continetur,</span> <span class='ocrx_word' id='word_1_860' title='bbox 3035 5183 3281 5238; x_wconf 88' lang='lat' dir='ltr'>quorum</span> <span class='ocrx_word' id='word_1_861' title='bbox 3315 5166 3491 5218; x_wconf 84' lang='lat' dir='ltr'>latera</span> <span class='ocrx_word' id='word_1_862' title='bbox 3540 5179 3655 5216; x_wconf 89' lang='lat' dir='ltr'>non</span> 
     </span>
    </p>
   </div>
   <div class='ocr_carea' id='block_1_115' title="bbox 1968 5257 3653 5328">
    <p class='ocr_par' dir='ltr' id='par_1_115' title="bbox 1968 5257 3653 5328">
     <span class='ocr_line' id='line_1_115' title="bbox 1968 5257 3653 5328; baseline -0.005 -17"><span class='ocrx_word' id='word_1_863' title='bbox 1968 5259 2220 5328; x_wconf 86' lang='lat' dir='ltr'>possidet</span> <span class='ocrx_word' id='word_1_864' title='bbox 2260 5258 2497 5311; x_wconf 82' lang='lat' dir='ltr'>unitatis</span> <span class='ocrx_word' id='word_1_865' title='bbox 2547 5257 2886 5319; x_wconf 75' lang='lat' dir='ltr'>differentia,</span> <span class='ocrx_word' id='word_1_866' title='bbox 2931 5259 3023 5311; x_wconf 89' lang='lat' dir='ltr'>sed</span> <span class='ocrx_word' id='word_1_867' title='bbox 3076 5258 3321 5309; x_wconf 85' lang='lat' dir='ltr'>aliorum</span> <span class='ocrx_word' id='word_1_868' title='bbox 3380 5269 3653 5322; x_wconf 85' lang='lat' dir='ltr'>quorum-</span> 
     </span>
    </p>
   </div>
   <div class='ocr_carea' id='block_1_116' title="bbox 1968 5342 3654 5417">
    <p class='ocr_par' dir='ltr' id='par_1_116' title="bbox 1968 5342 3654 5417">
     <span class='ocr_line' id='line_1_116' title="bbox 1968 5342 3654 5417; baseline -0.004 -18"><span class='ocrx_word' id='word_1_869' title='bbox 1968 5363 2192 5417; x_wconf 89' lang='lat' dir='ltr'>cunque</span> <span class='ocrx_word' id='word_1_870' title='bbox 2249 5364 2644 5414; x_wconf 89' lang='lat' dir='ltr'>numerorum,</span> <span class='ocrx_word' id='word_1_871' title='bbox 2696 5352 2760 5401; x_wconf 92' lang='lat' dir='ltr'>ut</span> <span class='ocrx_word' id='word_1_872' title='bbox 2790 5352 2872 5400; x_wconf 90' lang='lat' dir='ltr'>ter</span> <span class='ocrx_word' id='word_1_873' title='bbox 2920 5351 2969 5413; x_wconf 77' lang='grc' dir='ltr'>ὅ,</span> <span class='ocrx_word' id='word_1_874' title='bbox 3014 5348 3098 5399; x_wconf 86' lang='lat' dir='ltr'>vel</span> <span class='ocrx_word' id='word_1_875' title='bbox 3134 5352 3217 5398; x_wconf 85' lang='lat' dir='ltr'>ter</span> <span class='ocrx_word' id='word_1_876' title='bbox 3273 5348 3323 5406; x_wconf 83' lang='lat'>6,</span> <span class='ocrx_word' id='word_1_877' title='bbox 3372 5342 3454 5393; x_wconf 90' lang='lat' dir='ltr'>vel</span> <span class='ocrx_word' id='word_1_878' title='bbox 3513 5357 3654 5409; x_wconf 87' lang='lat' dir='ltr'>qua-</span> 
     </span>
    </p>
   </div>
   <div class='ocr_carea' id='block_1_117' title="bbox 1970 5429 3653 5504">
    <p class='ocr_par' dir='ltr' id='par_1_117' title="bbox 1970 5429 3653 5504">
     <span class='ocr_line' id='line_1_117' title="bbox 1970 5429 3653 5504; baseline -0.004 -15"><span class='ocrx_word' id='word_1_879' title='bbox 1970 5441 2053 5489; x_wconf 90' lang='lat' dir='ltr'>ter</span> <span class='ocrx_word' id='word_1_880' title='bbox 2102 5442 2151 5489; x_wconf 80' lang='lat'>7.</span> <span class='ocrx_word' id='word_1_881' title='bbox 2209 5437 2646 5500; x_wconf 84' lang='lat' dir='ltr'>Quodammodo</span> <span class='ocrx_word' id='word_1_882' title='bbox 2692 5438 2844 5491; x_wconf 87' lang='lat' dir='ltr'>enim</span> <span class='ocrx_word' id='word_1_883' title='bbox 2890 5434 3244 5504; x_wconf 85' lang='lat' dir='ltr'>longitudine</span> <span class='ocrx_word' id='word_1_884' title='bbox 3292 5432 3347 5483; x_wconf 91' lang='lat' dir='ltr'>in</span> <span class='ocrx_word' id='word_1_885' title='bbox 3383 5429 3653 5498; x_wconf 83' lang='lat' dir='ltr'>prolixio—</span> 
     </span>
    </p>
   </div>
   <div class='ocr_carea' id='block_1_118' title="bbox 1968 5518 3654 5595">
    <p class='ocr_par' dir='ltr' id='par_1_118' title="bbox 1968 5518 3654 5595">
     <span class='ocr_line' id='line_1_118' title="bbox 1968 5518 3654 5595; baseline -0.004 -18"><span class='ocrx_word' id='word_1_886' title='bbox 1968 5540 2091 5577; x_wconf 81' lang='lat' dir='ltr'>rem</span> <span class='ocrx_word' id='word_1_887' title='bbox 2130 5525 2361 5576; x_wconf 89' lang='lat' dir='ltr'>modum</span> <span class='ocrx_word' id='word_1_888' title='bbox 2412 5530 2691 5595; x_wconf 86' lang='lat' dir='ltr'>porrecta,</span> <span class='ocrx_word' id='word_1_889' title='bbox 2746 5526 2947 5578; x_wconf 89' lang='lat' dir='ltr'>merito</span> <span class='ocrx_word' id='word_1_890' title='bbox 2990 5521 3271 5574; x_wconf 85' lang='lat' dir='ltr'>anteriore</span> <span class='ocrx_word' id='word_1_891' title='bbox 3323 5522 3480 5587; x_wconf 89' lang='lat' dir='ltr'>parte</span> <span class='ocrx_word' id='word_1_892' title='bbox 3521 5518 3654 5571; x_wconf 84' lang='lat' dir='ltr'>lon-</span> 
     </span>
    </p>
   </div>
   <div class='ocr_carea' id='block_1_119' title="bbox 1969 5607 3655 5683">
    <p class='ocr_par' dir='ltr' id='par_1_119' title="bbox 1969 5607 3655 5683">
     <span class='ocr_line' id='line_1_119' title="bbox 1969 5607 3655 5683; baseline -0.003 -17"><span class='ocrx_word' id='word_1_893' title='bbox 1969 5614 2096 5682; x_wconf 89' lang='lat' dir='ltr'>gior</span> <span class='ocrx_word' id='word_1_894' title='bbox 2130 5612 2354 5666; x_wconf 90' lang='lat' dir='ltr'>dicitur.</span> <span class='ocrx_word' id='word_1_895' title='bbox 2388 5614 2707 5668; x_wconf 80' lang='lat' dir='ltr'>Curautem</span> <span class='ocrx_word' id='word_1_896' title='bbox 2731 5620 2889 5683; x_wconf 88' lang='lat' dir='ltr'>parte</span> <span class='ocrx_word' id='word_1_897' title='bbox 2918 5613 3093 5663; x_wconf 89' lang='lat' dir='ltr'>altera</span> <span class='ocrx_word' id='word_1_898' title='bbox 3115 5607 3404 5675; x_wconf 90' lang='lat' dir='ltr'>longiores</span> <span class='ocrx_word' id='word_1_899' title='bbox 3427 5608 3655 5661; x_wconf 88' lang='lat' dir='ltr'>numeri</span> 
     </span>
    </p>
   </div>
  </div>
