4104 6176
394 338 532 394 1139

1670 338 1780 390 AN.
1827 335 2032 391 MANL.
2071 335 2216 391 SEV.
2264 338 2513 393 BOETII.

3742 341 3867 392 1140

391 466 672 533 dicantur,
704 476 875 535 supra
898 462 1020 533 jam
1057 462 1274 518 dictum
1304 466 1408 518 est.
1441 461 1714 527 Quadrati
1742 478 1877 517 vero
1926 478 2076 534 quo-
2116 464 2162 517 Α
2191 478 2442 530 sensum,
2493 466 2549 518 et
2600 463 2667 518 ad
2709 465 2944 519 cateras
2990 462 3217 519 numeri
3260 467 3452 535 partes
3492 463 3871 533 procreandas

390 557 554 614 niam
582 570 807 626 aquam
826 553 1550 623 latitudinemlongitudini
1579 556 1809 624 gerunt,
1834 551 2083 623 propria

389 644 765 716 longitudinis
795 644 882 698 vel
910 643 1169 714 ejusdem
1216 642 1534 697 latitudinis
1582 643 1878 713 aptissime
1905 658 2079 697 voca-

392 736 627 801 buntur,
669 738 735 788 ut
757 733 843 788 bis
869 737 922 800 2,
958 737 1045 787 ter
1068 736 1120 801 3,
1150 736 1350 804 quater
1381 734 1433 800 4,
1467 738 1524 787 et
1552 733 1765 787 cateri.
1800 735 1965 787 Parte
2000 732 2082 786 a1-

390 830 512 880 tera
556 839 688 877 vero
739 822 1047 893 longiores,
1098 822 1253 893 quod
1302 838 1419 877 non
1450 823 1652 876 eadem
1718 821 2083 892 longitudine

389 913 719 981 tendantur,
743 912 977 966 alterius
990 912 1418 982 quodammodo
1431 910 1829 982 longitudinis,
1851 915 1908 966 et
1923 914 2083 982 parte

393 1003 572 1059 altera
598 1002 888 1074 longiores
919 1012 1212 1057 vocantur.

1012 1110 1237 1164 CAPUT
1285 1109 1481 1163 XXXII.

392 1199 544 1268 Quod
568 1200 747 1255 omnia
778 1215 844 1253 eae
874 1199 1114 1267 ejusdem
1143 1203 1345 1253 natura
1379 1204 1428 1253 et
1458 1199 1687 1253 alterius
1713 1202 1918 1253 natura
1949 1213 2079 1253 con-

605 1273 826 1338 sistunt,
858 1272 1025 1339 idque
1048 1273 1105 1324 in
1134 1273 1370 1325 numeris
1398 1275 1635 1339 primum
1672 1272 1869 1325 videri.

464 1360 645 1415 Omne
676 1364 869 1415 autem
901 1360 1181 1431 quidquid
1224 1360 1283 1413 in
1314 1359 1548 1429 propria
1578 1365 1785 1414 natura
1815 1359 2083 1414 substan-

390 1450 586 1521 tiaque
620 1453 703 1503 est
746 1449 1062 1518 immobile,
1108 1449 1481 1503 terminatum
1521 1449 1939 1520 deﬁnitumque
1973 1453 2081 1518 est,

394 1540 608 1612 quippe
630 1540 785 1611 quod
815 1539 975 1593 nulla
1003 1538 1316 1593 variatione
1340 1543 1615 1606 mutetur,
1645 1554 1942 1609 nunquam
1964 1554 2084 1592 esse

399 1629 640 1696 desinat,
672 1644 971 1699 nunquam
1010 1627 1188 1698 possit
1219 1644 1338 1681 esse
1370 1627 1522 1698 quod
1555 1643 1669 1680 non
1693 1627 1819 1682 fuit.
1868 1631 1939 1681 At
1964 1628 2085 1682 hac

395 1718 585 1773 unitas
614 1719 735 1771 sola
764 1722 866 1783 est,
912 1721 967 1771 et
996 1732 1121 1787 qua
1163 1716 1379 1770 unitate
1428 1716 1771 1785 formantur,
1830 1733 2059 1789 compre

394 1805 696 1860 hensibilis
728 1810 784 1860 et
812 1804 1206 1860 determinata
1235 1809 1287 1859 et
1319 1804 1575 1875 ejusdem
1601 1806 1933 1862 substantia
1967 1824 2086 1862 esse

395 1895 681 1950 dicuntur.
735 1897 811 1949 Ea
857 1912 990 1950 vero
1039 1900 1191 1963 sunt,
1226 1912 1353 1967 qua
1390 1898 1475 1950 vel
1509 1897 1579 1952 ab
1627 1898 1945 1968 aequalibus
1976 1915 2094 1953 cre-

396 1989 562 2039 scunt
590 1985 744 2039 velut
786 1985 1071 2056 quadrati,
1098 1986 1187 2039 vel
1217 2001 1359 2055 quos
1391 1986 1517 2056 ipsa
1547 1987 1733 2040 unitas
1771 1987 1998 2057 format,
2032 1988 2091 2043 id

396 2079 501 2141 est,
533 2075 801 2145 impares.
836 2079 908 2129 At
938 2092 1071 2129 vero
1114 2075 1371 2129 binarius
1399 2080 1453 2130 et
1484 2078 1671 2130 cuncti
1704 2083 1867 2148 parte
1914 2078 2093 2131 altera

394 2163 705 2233 longiores,
740 2163 837 2235 qui
870 2180 901 2217 a
932 2163 1098 2218 ﬁnita
1127 2165 1447 2219 substantia
1478 2166 1876 2233 discesserunt,
1909 2167 2091 2222 varia-

393 2251 525 2307 bilis
540 2252 899 2323 inﬁnitaque
921 2253 1254 2307 substantia
1278 2254 1672 2309 nominantur.
1706 2256 1939 2311 Constat
1957 2274 2091 2328 ergo

395 2358 669 2397 numerus
692 2342 880 2396 omnis
899 2358 964 2396 ex
992 2342 1079 2396 his
1106 2359 1232 2413 qua
1253 2344 1421 2413 longe
1446 2344 1732 2414 disjuncta
1756 2349 1889 2399 sunt
1917 2351 2091 2418 atque

396 2432 705 2499 contraria,
740 2448 804 2485 ex
836 2431 1151 2501 imparibus
1181 2432 1393 2487 scilicet
1423 2438 1479 2487 et
1507 2433 1761 2503 paribus.
1798 2436 1897 2490 Hic
1936 2437 2091 2490 enim

399 2521 695 2589 stabilitas,
731 2521 846 2574 illic
876 2520 1159 2575 instabilis
1190 2522 1464 2589 variatio;
1500 2523 1592 2576 hic
1622 2524 1934 2579 immobilis
1967 2526 2093 2581 sub-

400 2609 625 2664 stantia
681 2609 876 2677 robur,
914 2610 1030 2663 illic
1086 2610 1316 2663 mobilis
1344 2612 1726 2681 permutatio;
1786 2613 1879 2667 hic
1949 2614 2085 2669 deﬁ-

398 2700 521 2756 nita
568 2699 845 2767 soliditas,
906 2699 1000 2753 hic
1041 2698 1269 2754 inﬁnita
1330 2700 1627 2771 congeries
1678 2702 2088 2757 multitudinis.

400 2788 538 2853 Qua
595 2786 824 2853 scilicet,
881 2801 1010 2840 cum
1059 2786 1173 2840 sint
1214 2786 1517 2854 contraria,
1568 2787 1629 2841 in
1674 2804 1849 2842 unam
1900 2793 2093 2843 tamen

402 2876 829 2949 quodammodo
858 2875 1167 2930 amicitiam
1213 2876 1731 2948 cognationemque
1760 2878 2091 2947 miscentur,

403 2972 458 3021 et
507 2966 662 3020 illius
724 2965 956 3020 unitatis
1026 2964 1439 3019 informatione
1502 2971 1673 3037 atque
1747 2966 2089 3038 regimento,

402 3071 585 3110 unum
614 3054 844 3109 numeri
899 3070 1107 3125 corpus
1166 3054 1441 3109 efﬁciunt.
1505 3057 1629 3110 Non
1686 3072 1823 3127 ergo
1880 3056 2096 3111 inutili—
2134 3068 2174 3123 α

402 3150 490 3201 ter
541 3162 729 3216 neque
787 3144 1106 3217 improvide
1163 3145 1261 3215 qui
1319 3145 1387 3200 de
1435 3145 1546 3199 hoc
1606 3146 1846 3214 mundo,
1908 3146 2093 3217 deque

402 3235 509 3292 hac
554 3235 848 3289 communi
885 3250 1080 3288 rerum
1135 3240 1340 3288 natura
1383 3234 1894 3303 ratiocinabantur,
1948 3236 2096 3289 hanc

403 3324 653 3395 primam
684 3324 861 3378 totius
901 3323 1055 3377 modi
1087 3322 1415 3377 substantia
1446 3322 1784 3378 divisionem
1813 3324 2091 3379 fecerunt.

405 3415 474 3469 Et
502 3413 659 3467 Plato
692 3413 925 3482 quidem
971 3413 1029 3465 in
1053 3412 1263 3465 Timaeo
1294 3412 1551 3481 ejusdem
1597 3418 1836 3476 natura,
1871 3418 1926 3467 et
1966 3414 2098 3467 alte—

405 3501 526 3557 rius
559 3500 833 3566 nominat,
876 3498 1155 3570 quidquid
1176 3500 1234 3552 in
1263 3500 1476 3553 mundo
1518 3505 1619 3568 est,
1654 3506 1824 3571 atque
1855 3500 2007 3555 aliud
2037 3501 2098 3555 in

408 3607 512 3645 sua
556 3593 760 3643 natura
808 3604 1147 3659 permanere
1187 3592 1349 3659 putat
1386 3588 1748 3643 individuum
1796 3589 2099 3661 inconjun-

407 3685 681 3750 ctumque
715 3682 771 3732 et
801 3693 993 3731 rerum
1025 3677 1287 3731 omnium
1320 3676 1592 3747 primum,
1630 3678 1873 3732 alterum
1913 3678 2100 3733 divisi-

406 3769 524 3825 bile
553 3773 609 3822 et
638 3783 936 3838 nunquam
960 3767 1019 3820 in
1048 3767 1268 3838 proprii
1297 3770 1446 3820 statu
1479 3767 1697 3821 ordinis
1731 3784 2095 3839 permanens.

409 3859 690 3929 Phyloaus
715 3873 884 3911 vero:
921 3857 1157 3910 Necesse
1189 3860 1291 3923 est,
1325 3855 1532 3926 inquit,
1567 3857 1762 3911 omnia
1806 3874 1935 3928 qua
1969 3862 2102 3912 sunt

409 3949 498 4003 vel
543 3946 766 4001 inﬁnita
808 3946 896 4000 vel
936 3946 1100 3999 ﬁnita
1142 3962 1280 3999 esse.
1330 3946 1730 4000 Demonstrare
1762 3948 1974 4002 scilicet
2004 3964 2101 4002 vo-

410 4039 531 4092 lens
563 4035 757 4091 omnia
798 4050 1159 4106 quaecunque
1215 4038 1348 4089 sunt
1397 4051 1464 4088 ex
1506 4034 1597 4089 his
1646 4036 1869 4090 duobus
1920 4037 2103 4091 consi-

411 4132 578 4194 stere,
616 4130 716 4180 aut
739 4140 805 4179 ex
851 4125 1094 4191 inﬁnita,
1129 4124 1342 4178 scilicet
1393 4139 1533 4192 esse,
1568 4129 1668 4179 aut
1697 4140 1765 4179 ex
1815 4125 1999 4193 ﬁnita,
2032 4126 2103 4181 ad

411 4215 637 4271 numeri
666 4214 788 4269 sine
818 4213 992 4268 dubio
1041 4213 1501 4267 similitudinem.
1557 4214 1659 4268 Hic
1689 4213 1845 4268 enim
1880 4231 1947 4270 ex
1986 4231 2101 4270 uno

412 4311 469 4361 et
512 4305 755 4373 duobus,
809 4308 865 4357 et
893 4303 1101 4374 impari
1138 4307 1309 4373 atque
1348 4303 1475 4373 pari
1521 4303 1915 4374 conjungitur.
1965 4305 2103 4368 Qua

411 4394 713 4449 manifesta
752 4397 884 4446 sunt
912 4391 1255 4463 aqualitatis
1288 4396 1459 4463 atque
1499 4392 1924 4463 inaqualitatis,
1959 4395 2103 4465 ejus-
2143 4376 2184 4429 ί)

412 4484 545 4539 dem
598 4488 770 4554 atque
810 4480 1069 4547 alterius,
1123 4481 1374 4535 deﬁnita
1405 4487 1576 4552 atque
1632 4481 1952 4536 indeﬁnita
1983 4499 2101 4537 esse

411 4572 763 4628 substantia.
798 4571 962 4635 Quod
994 4570 1227 4625 videlice
1252 4586 1365 4624 non
1396 4570 1517 4624 sine
1550 4587 1721 4625 causa
1755 4571 1971 4625 dictum
1998 4577 2100 4641 est,

413 4662 609 4716 omnia
639 4676 768 4732 qua
790 4676 859 4714 ex
890 4659 1188 4715 contrariis
1219 4658 1615 4725 consisterent,
1646 4659 1949 4713 harmonia
1971 4677 2107 4731 qua-

410 4754 543 4809 dam
573 4751 849 4822 conjungi
893 4754 1068 4822 atque
1101 4749 1389 4820 componi.
1433 4750 1525 4803 Est
1573 4749 1727 4803 enim
1783 4750 2101 4820 harmonia,

408 4841 794 4915 plurimorum
822 4840 1113 4902 adunatio,
1140 4842 1194 4895 et
1222 4839 1678 4894 dissentientium
1707 4838 2027 4894 consensio.

1006 4947 1232 5003 CAPUT
1272 4948 1493 5003 XXXIII.

410 5041 499 5097 Ea:
542 5037 783 5108 ejusdem
820 5041 980 5106 atque
1027 5039 1255 5093 alterius
1298 5041 1511 5093 numeri
1556 5042 1777 5105 natura,
1834 5039 1933 5107 qui
1979 5044 2106 5094 sunt

482 5110 789 5182 quadratus
838 5116 888 5182 et
915 5114 1072 5178 parte
1100 5112 1277 5166 altera
1314 5111 1541 5179 longior,
1576 5125 1752 5165 omnes
1798 5114 2105 5179 proportio-

482 5181 613 5237 num
643 5181 991 5237 habitudines
1024 5188 1290 5239 constare.

483 5289 869 5361 Disponantur
900 5304 1035 5360 ergo
1065 5288 1126 5342 in
1158 5288 1418 5343 ordinem
1448 5304 1567 5343 non
1584 5288 1706 5360 jam
1734 5303 1899 5359 pares
1931 5290 2103 5359 atque

410 5378 683 5448 impares,
717 5395 784 5433 ex
816 5377 1026 5450 quibus
1064 5377 1327 5449 quadrati
1354 5379 1440 5432 vel
1477 5384 1638 5449 parte
1676 5380 1851 5433 altera
1885 5378 2102 5447 longio-

413 5482 503 5521 res
533 5468 700 5538 ﬁunt,
749 5468 848 5522 sed
892 5468 951 5521 hi
985 5466 1092 5537 ipsi
1134 5467 1234 5537 qui
1273 5466 1384 5521 illis
1412 5468 1753 5522 coacervatis
1811 5467 1869 5520 in
1901 5482 2103 5520 unum-

414 5570 527 5627 que
561 5557 819 5625 redactis,
866 5562 923 5612 et
968 5557 1234 5628 quadrati
1276 5561 1331 5611 et
1378 5562 1537 5627 parte
1578 5557 1755 5612 altera
1809 5557 2100 5627 longiores

413 5644 714 5715 prodeunt.
748 5647 833 5702 Ita
855 5646 1009 5701 enim
1026 5646 1349 5703 videbimus
1364 5645 1605 5702 istorum
1638 5646 1944 5717 quemdam
1969 5662 2100 5702 con-

2195 552 2525 622 amicitiam,
2559 556 2622 608 ut
2660 569 2777 607 non
2811 554 2931 607 sine
2963 569 3132 607 causa
3163 555 3270 608 hoc
3316 554 3379 608 in
3413 552 3681 607 omnibus
3711 553 3871 607 rebus

2196 642 2264 697 ab
2298 643 2523 696 numeri
2554 643 2741 712 specie
2788 648 2994 698 natura
3037 659 3231 698 rerum
3261 643 3570 713 sumpsisse
3601 642 3870 696 videatur.

2193 730 2317 786 Sint
2346 731 2521 803 igitur
2550 732 2663 786 duo
2710 748 2904 787 versus
2935 734 3369 803 tetragonorum
3397 732 3465 786 ab
3497 732 3718 785 unitate
3767 748 3874 786 om-

2194 820 2380 887 nium,
2414 824 2469 876 et
2489 837 2522 875 a
2548 821 2769 875 binario
2800 838 3043 877 numero
3070 826 3231 892 parte
3253 822 3431 877 altera
3459 821 3809 892 longiorum.

2198 930 3876 1009 ΪῖιῖῖιῖθῖιᾞθῖιῖἳῗιῖῧὸῖΙῖίῦιδῖιῖ

2246 1010 3831 1081 12161121201301421561

2194 1131 2407 1185 Horum
2433 1130 2609 1201 igitur
2630 1129 2675 1183 si
2703 1130 2958 1201 primum
2981 1144 3279 1200 compares
3302 1127 3487 1199 primo
3515 1126 3687 1197 dupli
3718 1141 3876 1196 quan.

2192 1221 2322 1275 titas
2354 1220 2662 1287 invenitur,
2692 1236 2819 1290 qua
2849 1224 2933 1274 est
2959 1219 3148 1290 prima
3176 1217 3621 1288 multiplicitatis
3652 1215 3874 1285 species.

2195 1309 2254 1363 Si
2285 1325 2417 1364 vero
2445 1308 2759 1362 secundum
2789 1308 3058 1375 secundo,
3101 1306 3390 1361 hemiolia
3422 1304 3763 1377 quantitatis
3790 1304 3877 1357 ha-

2194 1398 2396 1453 bitudo
2452 1397 2805 1468 producitur.
2866 1397 2923 1451 Si
2987 1397 3221 1451 tertium
3274 1395 3465 1461 tertio,
3526 1394 3879 1465 sesquitertia

2193 1487 2485 1559 proportio
2528 1491 2878 1559 procreatur.
2930 1486 2986 1541 Si
3053 1490 3323 1558 quartum
3380 1487 3614 1554 quarto,
3676 1482 3878 1553 sesqui-

2194 1582 2421 1648 quarta,
2453 1581 2509 1631 et
2551 1577 2599 1631 si
2630 1578 2896 1648 quintum
2930 1576 3150 1647 quinto,
3192 1574 3620 1647 sesquiquinta.
3668 1574 3733 1626 Et
3760 1572 3877 1625 hinc

2196 1667 2806 1739 superparticularium
2838 1682 3102 1720 normam
3134 1665 3195 1719 in
3228 1664 3465 1737 quodvis
3483 1662 3879 1734 longissimum

2126 1759 2166 1812 Β
2198 1759 2447 1829 spatium
2492 1758 2864 1829 progrediens
2902 1756 3188 1827 integram
3231 1755 3694 1825 inoffensamque
3736 1768 3881 1823 repe-

2201 1849 2329 1904 ries.
2360 1851 2442 1904 Ita
2471 1853 2535 1903 ut
2562 1848 2621 1903 in
2642 1848 2829 1920 prima
2855 1848 3017 1918 dupli
3046 1847 3419 1918 proportione
3452 1844 3695 1899 unitatis
3722 1842 3882 1898 solius

2200 1941 2273 1995 sit
2303 1939 2645 1994 differentia.
2675 1941 2797 1994 Duo
2828 1954 3079 2009 namque
3108 1938 3182 1993 ab
3228 1953 3343 1991 uno
3377 1937 3496 1991 sola
3520 1950 3757 2005 semper
3779 1933 3879 1987 dis-

2201 2035 2433 2100 crepant
2482 2014 2721 2083 unitate.
2780 2030 2845 2082 In
2898 2028 3272 2099 sesquialtera
3319 2042 3451 2081 vero
3509 2026 3763 2080 duorum
3808 2026 3882 2076 est

2202 2119 2545 2187 differentia,
2566 2119 2625 2173 in
2648 2117 3009 2190 sesquitertia
3030 2118 3229 2186 trium,
3254 2117 3315 2171 in
3340 2116 3749 2187 sesquiquarta
3765 2114 3814 2178 4,
3838 2117 3884 2166 et

2200 2209 2488 2280 deinceps,
2519 2209 2834 2264 secundum
2866 2208 3413 2279 superparticulares
3446 2206 3670 2261 formas
3700 2217 3882 2259 nume-

2200 2315 2418 2364 rorum,
2465 2299 2621 2371 quod
2688 2299 2758 2353 ad
2811 2297 3163 2353 diﬁcrentias
3211 2296 3435 2365 attinet,
3492 2312 3614 2350 uno
3670 2298 3878 2350 tantum

2201 2391 2404 2446 crescit
2428 2390 2651 2462 adjecto
2680 2405 2991 2445 numerum
3022 2387 3693 2460 explicanspnaturalem.

2904 2554 3235 2611 ‘I'etragonum

2800 2655 2811 2860 Ι

2978 2658 2987 2873 Ι

2468 2851 2713 2867 Α

3246 2655 3254 2953 ι

3155 2658 3163 2953 ἕ

2798 2862 2811 3165 1

2979 2875 2987 3165 l

3154 2958 3163 3164 ι

3245 2958 3253 3166 1

2376 2659 3806 2753 ίῆωωιηιηιῆλωερφκ

2816 2744 2902 2782 -Ι
2926 2754 2956 2778 τε
2979 2744 3077 2782 Ι--Ι
3100 2758 3131 2782 π
3156 2744 3308 2782 Ιν-ΙΞ

2926 2757 3307 2802 Ξ-ε’-ε
3811 2757 3850 2824 \

2922 2757 3850 2865 εμὲμὲῐμ-Σλι

2444 2753 2712 2807 K“
2802 2742 3308 2873 Ι-ΞΙ-.Ξ”-ἓ
3794 2742 3850 2824 ‘\

2424 2875 3431 3063 xr‘”“§tﬂléﬁ
3692 2995 3815 3063 _a.

2447 2950 2663 2976 ⁸*-
2694 2941 2780 2993 ἸτΞ
2802 2941 2901 2993 ὶ-Ι
2925 2941 3078 2993 Erl“!
3102 2941 3253 2993 E'i“i
3277 2941 3342 2993 ῗ-Ι
3364 2941 3714 2993 "1—"

2348 2992 2728 3113 ι
2800 2992 3731 3113 ι-ιξι-ιςέι-ιξμ-ι--λς

2348 3064 2363 3090 κ
2426 3063 2710 3113 ίλοιιιῖηη...;
2838 3092 2866 3113 ,εὶ
3015 3093 3041 3113 1.-
3178 3091 3228 3113 ιίλ
3301 3071 3307 3078 α
3347 3041 3712 3113 ιιὶιιΙιιι-Ληῆτκὶθ,⁸
3736 3064 3802 3113 /

2680 3041 2728 3165 νι
2798 3041 3802 3165 ιτιίι-τιπιτιίη-ι-ω

2395 3103 2707 3165 \\onum
2840 3126 2865 3140 ..
3014 3094 3043 3138 ί)
3178 3092 3228 3137 1..
3330 3094 3412 3165 1-0
3443 3092 3673 3165 ll'lpfl,

3111 3169 3281 3181 ...ρ-..-

2762 3209 2923 3257 Altura
2960 3217 3096 3263 parm
3138 3210 3387 3258 lasiizaorcs

2206 3356 2306 3411 Sin
2334 3370 2467 3411 vero
2516 3353 2829 3408 secundum
2872 3356 3240 3421 tetragouum
3280 3348 3467 3421 primo
3516 3349 3681 3419 parte
3724 3345 3886 3400 altera

2206 3445 2455 3517 longiori
2483 3460 2797 3515 compares,
2831 3447 2887 3497 et
2936 3441 3171 3496 tertium
3215 3440 3486 3505 secundd,
3519 3443 3577 3493 et
3628 3442 3883 3510 quartum

2206 3536 2396 3602 tertio,
2428 3538 2482 3589 et
2500 3534 2768 3605 quintum
2786 3536 3006 3604 quarto,
3031 3530 3260 3585 easdem
3280 3545 3473 3583 rursus
3495 3527 3883 3599 proportiones

2209 3624 2357 3678 efﬁci
2388 3622 2717 3694 pernotabis
2759 3638 2897 3692 quas
2924 3620 2984 3674 in
3035 3618 3327 3690 superiore
3372 3618 3557 3671 forma
3601 3614 3886 3686 descripsi-

2210 3730 2358 3768 mus.
2392 3714 2498 3768 Sed
2529 3712 2619 3766 hic
2649 3711 2989 3766 differentia
3036 3710 3106 3764 ab
3158 3707 3378 3764 unitate
3427 3725 3542 3762 non
3602 3707 3881 3767 inchoaut,

2212 3804 2309 3858 sed
2333 3820 2365 3857 a
2394 3802 2616 3856 binario
2646 3817 2889 3856 numero
2920 3802 2979 3855 in
3012 3799 3303 3854 inﬁnitum
3334 3814 3437 3869 per
3459 3798 3691 3853 eosdem
3722 3797 3885 3850 calcu-

2210 3893 2297 3947 los
2327 3891 2797 3963 progrediuntur.
2851 3891 3082 3963 Eritque
3118 3889 3402 3944 secundus
3451 3888 3624 3960 primi
3673 3887 3883 3958 duplus,

2211 3982 2411 4037 tertius
2434 3980 2666 4035 secundi
2697 3980 3053 4052 sesquialter,
3094 3983 3331 4050 quartus
3384 3977 3539 4031 tertii
3601 3975 3887 4047 sesquiter-

2212 4072 2344 4138 tius,
2379 4071 2695 4125 secundum
2717 4070 2981 4125 eamdem
3009 4066 3470 4124 convenientiam
3491 4084 3617 4139 qua
3642 4063 3887 4137 superius

2214 4162 2605 4217 demonstrata
2625 4164 2727 4216 est.

2880 4342 3205 4397 ‘l’etragonunz

2954 4442 2964 4653 ἰ

3045 4443 3055 4669 ἱ

2871 4447 2882 4693 ι

3129 4439 3140 4727 ι

2910 4741 3044 4757 ,φιῲ

2495 4458 2689 4528 \ermiui
2772 4429 2864 4645 "—1
2954 4442 2964 4653 ι
2994 4461 3022 4507 9
3152 4435 3280 4669 16‘”u
3326 4425 3772 4547 QBEErmiﬁ\

2800 4544 2867 4553 --
2904 4539 2933 4563 es
2970 4538 3042 4548 ·-
3076 4541 3107 4563 es
3141 4534 3214 4544 *-
3247 4558 3276 4564 __

2453 4439 3690 4740 ρ-ηεᾸξᾸῇ-ξΑΞΞΣ

2407 4654 2691 4765 @erent.
2722 4677 2773 4755 ἐ-
3152 4660 3229 4744 ‘ia
3251 4686 3317 4775 ,ἐι
3348 4672 3372 4699 υ
3395 4648 3654 4720 ιιιιεῖοηιηὶ.

2338 4792 2404 4853 ὀδ
3662 4761 3761 4855 “es

2376 4842 2695 4953 Emam-im
2824 4876 2851 4923 ‘2
2998 4872 3027 4919 6
3160 4868 3210 4914 ιφ.
3309 4834 3665 4939 ξιξυιμτορυτῧθ

3051 4688 3062 4946 ι

2877 4695 2887 4949 δ

3135 4736 3145 4941 ὶ

2961 4741 2971 4945 |

2750 4993 2911 5038 Altera
2946 4998 3081 5041 parte
3121 4986 3369 5035 longiores

2213 5154 2430 5207 Rursus
2469 5148 2736 5222 quadrati
2766 5147 3012 5203 invicem
3040 5146 3360 5217 imparibus
3404 5142 3697 5210 diﬁ‘erunt,
3744 5139 3886 5211 parte

2213 5242 2391 5297 altera
2420 5240 2727 5313 longiores,
2760 5238 3013 5310 paribus.

2740 5381 3071 5431 Ditl‘erentize
3106 5380 3344 5442 impares
3357 5413 3369 5427 .

2482 5480 3632 5545 Iﬁ’3lsl7leluﬁl_13_|

2391 5552 2763 5618 I—l—ITI
2844 5552 2971 5614 97'
3014 5560 3074 5609 16
3134 5556 3142 5613 ι
3206 5561 3267 5609 2:5
3330 5558 3337 5615 ι
3400 5559 3465 5609 36
3525 5555 3533 5613 |
3594 5552 3719 5610 491

2915 5653 3196 5713 Quadrati.
