4104 6176
133 325 266 379 1141

699 451 1030 504 Ditl'erentiaa
1061 463 1240 513 pares.

611 537 1582 612 '6—|_8_VI'TO'ITl——I-’TI

575 619 1102 684 mel
1162 624 1230 674 30
1289 620 1495 707 1421
1554 621 1621 670 56
1684 619 1690 672 ι

653 725 812 772 Parte
836 721 1007 770 altera
1033 718 1326 782 longiores.

1577 531 1824 542 ___._.._._—

373 636 405 682 2
487 629 495 686 Ι

128 969 202 1021 At
230 980 367 1019 vero
399 963 446 1017 si
489 961 641 1016 inter
686 958 943 1031 primum
998 958 1054 1011 et
1104 953 1421 1009 secundum
1451 955 1838 1022 tetragonum,

129 1055 391 1126 primum
418 1055 580 1123 parte
615 1050 796 1103 altera
827 1045 1146 1117 longiorem
1161 1043 1452 1115 ponimus,
1476 1041 1547 1095 ad
1567 1046 1840 1109 utrosque

129 1161 230 1199 eos
265 1159 383 1196 una
434 1138 808 1212 proportione
838 1134 1230 1204 conjungitur.
1284 1134 1350 1185 In
1392 1130 1652 1200 utrisque
1686 1127 1841 1181 enim

134 1230 610 1304 proportionibus
633 1227 794 1297 dupli
816 1222 1210 1295 multiplicitas
1230 1221 1545 1274 invenitur.
1577 1217 1674 1271 Sin
1704 1232 1838 1270 vero

131 1324 284 1377 inter
314 1319 630 1374 secundum
681 1316 1033 1384 tertiumque
1076 1315 1466 1380 tetragonum,
1525 1306 1840 1360 secundum

131 1416 295 1483 parte
329 1411 508 1464 altera
536 1405 859 1476 longiorem
890 1418 1093 1473 ponas,
1133 1399 1523 1470 sesquialterae
1544 1411 1839 1466 compara-

134 1500 308 1555 tionis
347 1498 422 1552 ad
494 1501 770 1565 utrosque
820 1493 1005 1548 forma
1054 1487 1438 1560 componitur.
1488 1487 1554 1538 Et
1598 1485 1646 1537 si
1692 1485 1842 1537 inter

133 1589 372 1644 tertium
400 1591 457 1641 et
488 1590 758 1656 quartum
789 1587 1177 1651 tetragonum,
1210 1577 1446 1632 tertium
1477 1578 1638 1645 parte
1663 1574 1841 1626 altera

131 1679 462 1748 longiorem
516 1673 828 1728 constituas
903 1667 1269 1740 sesquitertia
1308 1664 1521 1736 species
1551 1665 1836 1728 nascetur,

134 1773 190 1822 et
209 1767 370 1821 idem
401 1765 449 1819 si
481 1764 541 1818 in
593 1761 812 1817 cunctis
841 1758 1062 1824 feceris,
1118 1759 1350 1812 cunctas
1390 1769 1563 1824 super
1591 1751 1836 1822 particu-
1877 1732 1917 1786 Β

129 1859 284 1911 lares
311 1854 533 1925 species
565 1850 822 1907 invenire
855 1847 1174 1904 miraberis.

647 2123 875 2273 lprimus
980 2123 988 2273 Ι
1065 2115 1405 2273 18801]Πάυεὶ

635 2265 639 2272 η
733 2206 965 2273 7772-
1223 2202 1250 2248 4
1418 2195 1610 2258 duplus
1817 2097 1826 2273 Ι

809 2237 836 2251 ﬂ
1230 2237 1247 2248 ι
1419 2237 1543 2258 ναῒ,-
1554 2237 1609 2242 ___

647 2237 936 2437 lsecundus
980 2237 1044 2437 "5
1067 2237 1273 2437 ltertius
1397 2237 1406 2437 l
1816 2237 1827 2437 Ι

807 2357 834 2403 6
1012 2359 1054 2423 3c
1228 2352 1255 2398 9
1418 2344 1729 2406 sesquialter

647 2437 858 2588 Itertius
981 2437 989 2588 Ι
1005 2437 1044 2506 Ξ
1068 2437 1306 2588 lquartus
1399 2437 1407 2588 Ι

796 2507 851 2552 12
1003 2511 1045 2558 3
1220 2501 1272 2546 16
1419 2494 1782 2557 sesquitertins
1818 2437 1826 2588 Ι

647 2588 890 2741 lquartus
981 2588 991 2732 |
1068 2588 1306 2729 |quintus
1400 2588 1408 2716 |

792 2659 849 2704 20
1214 2653 1271 2698 25

147 2111 583 2128 _____._

249 2150 451 2210 primus

385 2214 403 2258 1
582 2248 583 2253 η

168 2317 202 2367 Ξ
249 2301 517 2350 secundus

147 2133 435 2597 L|tertius

165 2528 204 2574 Ξ
383 2515 411 2560 9

1102 2269 1385 2279 __——_—_

1095 2418 1378 2430 ————v

675 2425 969 2435 —___——

1097 2569 1388 2580 ——_

671 2574 972 2586 -——_

260 2582 553 2594 .———-—

594 2121 875 2206 gilprimus
980 2123 988 2206 I
1065 2121 1358 2206 [secundus

582 2195 988 2292 -§.I‘__2__|
1066 2195 1610 2292 let—Im

168 2317 202 2367 Ξ
222 2289 517 2367 [secundus
595 2289 936 2367 g—Isecundus
1067 2289 1273 2367 [tertius
1398 2289 1590 2367 lum“:

169 2344 512 2440 gluwlmw
807 2357 834 2403 6
1228 2352 1255 2398 9
1398 2344 1729 2440 lsesquialter

165 2432 435 2520 Eltertius
559 2432 1306 2520 IgltertipdsﬁiIglquartps
1399 2432 1406 2520 Ι
1580 2495 1610 2520 Ἰ
1680 2494 1712 2520 Γ

383 2515 411 2560 9
796 2507 851 2552 l2
981 2498 1122 2574 [3}]-
1220 2501 1272 2546 16
1399 2498 1782 2574 lsesquitertius

252 2590 473 2664 imum
559 2590 890 2664 Iglquartus
981 2590 990 2664 |
1068 2590 1306 2664 [quintus

379 2647 467 2710 1767
792 2659 849 2704 20
981 2647 991 2726 |
1214 2653 1271 2698 25
1401 2647 1816 2716 |sesquiquartus

648 2689 660 2754 |
793 2689 849 2704 ιον
982 2689 1077 2732 ιι
1214 2689 1271 2698 -υ
1401 2689 1830 2729 Ι””“ι”’Ἰ“““·’”ι

131 2934 197 2987 Et
238 2931 310 2985 ad
344 2926 615 2982 eumdem
647 2922 888 2977 modum
929 2919 991 2972 in
1022 2916 1246 2972 caeteris
1303 2912 1574 2968 convenit
1605 2908 1839 2964 intueri.

1454 313 1542 366 DE
1582 309 2051 366 ARITHMETICA
2095 307 2221 360 LIB.
2264 307 2333 360 ll.

2335 464 2524 528 8,_,__
2647 463 2840 528 .77718
2915 526 2956 528 ,ἓ
3239 468 3306 516 3'2

3060 845 3290 853 —..——.—-
3317 845 3460 851 ‘.—._—..
3481 845 3518 850 __.
3569 844 3642 851 .--

2092 845 3016 924 ΕῙῘΓΠΪΙἨΞΠἫ
3031 845 3043 919 1
3060 845 3518 924 Ϊ1ἷΤἾ6ΤῖΟ“
3533 858 3542 916 I
3569 845 3620 925 ἶ

1962 845 2081 858 ρ--

1963 915 2080 923 ——_

1964 984 2172 996 ~—

2180 930 2486 1056 tetra’ggnus
2503 931 3096 1057 ﬁtetrggonus—Jh'
3133 930 3440 1056 tetraggnus
3469 991 3639 998 ﬂ

2191 1071 2221 1106 ει
2249 1063 2475 1120 quatuor
2710 1073 2739 1107 ει
2769 1075 2860 1109 sex
3169 1061 3233 1108 ab
3263 1065 3380 1108 octo

1951 1167 2092 1221 Illud
2125 1183 2354 1238 quoque
2388 1183 2499 1220 non
2530 1171 2756 1237 oportet
2781 1167 3002 1221 minore
3052 1166 3432 1220 admiratione
3465 1164 3648 1220 susci-

1950 1274 2105 1326 pere,
2143 1258 2293 1327 quod
2325 1257 2637 1310 secundum
2671 1256 2930 1326 proprias
2962 1260 3216 1323 naturas,
3251 1256 3346 1308 ubi
3388 1255 3652 1309 altrinse-

1950 1361 2046 1398 cus
2065 1346 2177 1398 duo
2209 1347 2495 1415 tetragoni
2540 1350 2712 1414 stant,
2747 1350 2800 1398 et
2833 1361 2980 1398 unus
3009 1350 3170 1414 parte
3206 1346 3384 1398 altera
3423 1342 3651 1413 longior

1948 1435 2008 1486 in
2038 1434 2224 1487 medio
2252 1435 2505 1503 ponitur,
2529 1438 2862 1503 tetragonus
2882 1433 2981 1503 qui
3009 1429 3279 1498 nascitur,
3303 1431 3399 1484 ille
3424 1445 3651 1501 semper

1949 1523 2018 1576 ab
2053 1523 2261 1591 impari
2293 1527 2648 1592 procreatur.
2693 1524 2832 1575 Nam
2865 1538 2933 1575 ex
2964 1522 3381 1591 superioribus,
3441 1535 3558 1574 uno
3596 1523 3652 1573 et

1948 1614 1981 1666 4
2009 1620 2062 1667 et
2091 1611 2177 1665 bis
2224 1612 2602 1680 multiplicato
2657 1611 2904 1675 binario,
2959 1611 3138 1664 factus
3169 1616 3254 1664 est
3298 1608 3649 1665 novenarius

1946 1706 2304 1770 tetragonus,
2337 1701 2433 1770 qui
2459 1699 2669 1753 scilicet
2689 1717 2720 1752 a
2751 1700 2931 1753 tribus
2961 1705 3316 1769 procreatur.
3348 1701 3454 1752 Ter
3485 1697 3644 1751 enim

1953 1794 2065 1842 tres
2096 1792 2125 1842 9
2178 1789 2410 1855 faciunt,
2443 1788 2540 1859 qui
2573 1788 2858 1842 ternarius
2913 1787 3098 1858 impar
3128 1793 3212 1840 est
3257 1801 3552 1840 numerus.
3588 1787 3654 1838 Et

1954 1894 2196 1948 sequens
2227 1877 2326 1948 qui
2367 1892 2429 1930 ex
2461 1881 2710 1948 quatuor
2741 1880 2797 1929 et
2845 1875 2896 1940 9,
2933 1879 2989 1929 et
3013 1875 3100 1928 bis
3145 1874 3526 1944 multiplicato
3561 1887 3650 1926 se-

1953 1969 2115 2021 nario
2143 1968 2504 2038 conjunctus,
2535 1972 2620 2020 est
2640 1969 2706 2020 25
2737 1970 3092 2035 tetragonus,
3125 1969 3180 2018 et
3211 1965 3332 2035 ipse
3356 1979 3422 2016 ex
3443 1961 3652 2032 impari

1956 2056 2218 2128 quinario
2267 2056 2518 2109 nascitur
2567 2054 2885 2108 continenti
2922 2057 3048 2122 post
3095 2052 3432 2106 ternarium.
3468 2051 3646 2114 Quin-

1957 2147 2118 2216 quies
2146 2145 2300 2198 enim
2330 2145 2586 2214 quinque
2627 2146 2694 2196 ‘25
2725 2143 3064 2212 procedunt,
3095 2146 3150 2194 et
3194 2140 3492 2210 quinarius
3524 2143 3653 2208 post
3695 2187 3716 2197 ,

1956 2233 2274 2288 ternarium
2307 2234 2494 2302 impar
2526 2236 2610 2286 est
2632 2246 2927 2284 numerus.
2961 2231 3024 2282 Et
3050 2228 3108 2281 in
3138 2227 3398 2299 sequenti
3422 2242 3650 2296 quoque

1955 2323 2153 2376 eadem
2179 2322 2321 2375 ratio
2353 2326 2454 2374 est.
2487 2322 2626 2373 Nam
2660 2320 2757 2390 qui
2791 2335 2856 2372 ex
2891 2319 2920 2369 9
2951 2323 3008 2371 et
3045 2321 3103 2371 l6
3134 2323 3190 2372 et
3243 2315 3328 2369 bis
3385 2315 3551 2368 ducto
3589 2316 3650 2366 12

1955 2412 2267 2482 quadratus
2320 2411 2387 2463 49
2460 2409 2816 2480 producitur,
2901 2407 2997 2460 ille
3069 2423 3102 2459 a
3157 2403 3483 2475 septenario
3542 2402 3649 2455 im-

1954 2500 2077 2571 pari
2124 2499 2190 2552 ﬁt
2253 2504 2380 2568 post
2429 2497 2758 2568 quinarium
2829 2494 3165 2548 continenti.
3235 2492 3455 2562 Septies
3498 2491 3652 2546 enim

1955 2594 2172 2659 septem
2252 2590 2319 2642 49
2389 2590 2602 2640 creant.
2672 2588 2741 2639 At
2817 2601 2944 2638 vero
2996 2583 3095 2636 ubi
3143 2583 3255 2635 duo
3314 2582 3652 2634 altrinsecus

1954 2682 2113 2747 parte
2158 2677 2335 2728 altera
2392 2674 2676 2745 longiores
2735 2688 2914 2726 unum
2979 2670 3231 2724 medium
3286 2672 3651 2737 tetragonum

1955 2766 2248 2829 claudunt,
2280 2780 2478 2817 omnes
2501 2779 2568 2816 ex
2596 2761 2686 2815 liis
2727 2761 2824 2831 qui
2857 2761 3000 2814 ﬁunt
3034 2758 3337 2828 tetragoni,
3364 2776 3393 2808 a
3419 2756 3651 2825 paribus

1954 2854 2371 2925 producuntur.
2409 2853 2547 2905 Nam
2581 2849 2679 2920 qui
2740 2866 2804 2902 ex
2839 2849 3060 2901 duobus
3092 2853 3147 2900 et
3207 2850 3236 2899 6
3280 2851 3443 2915 parte
3474 2845 3652 2897 altera

1956 2942 2310 3011 longioribus
2348 2946 2402 2993 et
2434 2938 2797 3009 quaternario
2830 2937 2916 2989 bis
2941 2935 3341 3004 multiplicato,
3381 2936 3441 2987 l6
3476 2937 3647 2985 tetra-

135 3025 356 3078 Rursus
387 3034 432 3070 ⁵¹
490 3016 782 3102 ροηδηειιτ
842 3009 953 3102 du,"
989 3011 1276 3102 tam?“
1310 3020 1388 3102 ei
1433 3016 1698 3071 snpemus
1745 2999 1841 3102 9f?-
1883 3030 1922 3084 C
1953 3049 2133 3102 genus
2175 3031 2356 3084 factus
2410 3034 2512 3094 est,
2565 3028 2660 3081 ille
2701 3045 2731 3080 a
2766 3025 3133 3097 quaternario
3168 3038 3433 3086 numero,
3482 3021 3537 3074 id
3568 3024 3652 3073 est

137 3107 388 3179 scriptis,
413 3105 470 3158 id
501 3085 587 3157 est
614 3100 836 3172 primus
881 3101 937 3151 et
963 3095 1266 3161 secundus,
1301 3090 1436 3145 etin
1467 3104 1648 3142 unum
1678 3085 1835 3140 colli-

135 3175 371 3271 gantur,
430 3197 486 3247 et
510 3190 735 3245 medius
791 3201 993 3241 eorum
1043 3188 1206 3254 parte
1259 3182 1440 3235 altera
1492 3178 1721 3247 longior
1753 3175 1837 3228 bis

138 3261 577 3357 multiplicetur,
627 3283 963 3348 tetragonus
1015 3274 1098 3328 fit.
1156 3273 1415 3340 Namque
1443 3282 1588 3320 unus
1622 3269 1678 3317 et
1703 3264 1756 3328 4,
1789 3261 1838 3315 si

131 3353 476 3448 jungantur,
510 3376 539 3425 5
573 3368 811 3433 faciunt,
871 3379 1072 3419 eorum
1123 3359 1384 3414 binarius
1442 3361 1604 3426 parte
1661 3353 1839 3406 altera

137 3441 372 3535 longior
401 3463 448 3515 si
476 3461 565 3514 bis
598 3457 859 3522 ducatur,
895 3457 1143 3524 quatuor
1172 3448 1404 3512 faciunt,
1443 3443 1543 3515 qui
1567 3441 1775 3512 juncti,
1807 3442 1837 3493 9

136 3555 258 3609 sine
291 3551 410 3606 ulla
468 3545 822 3603 dubitatione
879 3540 1203 3604 conﬁcient,
1257 3535 1356 3606 qui
1417 3538 1502 3587 est
1563 3543 1838 3584 numerus

139 3643 478 3715 quadratus.
505 3639 570 3691 Et
603 3638 671 3692 ad
704 3632 971 3689 eumdem
1004 3629 1237 3683 modum
1284 3626 1341 3678 in
1373 3623 1499 3677 aliis
1530 3622 1638 3675 hoc
1669 3618 1838 3673 modo

138 3726 430 3800 dispositis
487 3723 762 3788 numeris,
800 3734 945 3790 quos
1005 3731 1177 3786 supra
1226 3711 1652 3782 descripsimus,
1685 3707 1838 3760 idem

138 3797 370 3875 constat
425 3811 693 3882 intelligi.
748 3809 805 3864 Si
862 3823 998 3861 vero
1053 3808 1370 3870 convertas,
1420 3805 1476 3854 et
1519 3800 1669 3852 inter
1699 3797 1840 3850 duos

135 3909 398 3979 primum
429 3908 486 3958 et
530 3899 843 3955 secundum
886 3899 1050 3967 parte
1089 3893 1268 3948 altera
1321 3892 1609 3960 longiores
1639 3900 1839 3938 secun-

133 3976 245 4052 dus
275 3999 381 4059 est,
415 3992 513 4047 sed
563 3995 693 4044 actu
741 3991 796 4041 et
826 3999 997 4055 opere
1028 3981 1271 4053 primus,
1319 3995 1385 4032 ex
1431 3976 1651 4032 duobus
1680 3978 1840 4043 parte

134 4088 326 4142 altera
384 4079 743 4151 longioribus
799 4071 1186 4143 congregatis,
1235 4072 1291 4122 et
1319 4067 1406 4121 bis
1463 4063 1840 4133 multiplicato

136 4173 331 4228 medio
365 4176 684 4238 tetragono,
719 4180 914 4218 rursus
944 4167 1282 4230 tetragonus
1321 4153 1638 4208 coniicitur.
1677 4151 1842 4204 Nam-

135 4279 252 4334 que
285 4261 437 4314 inter
469 4261 500 4312 6
529 4262 584 4310 et
621 4253 905 4310 binarium
951 4263 1279 4304 numerum.
1334 4243 1434 4315 qui
1463 4247 1593 4295 sunt
1623 4239 1843 4310 primus

135 4359 194 4406 et
223 4347 511 4404 secundus
561 4349 720 4415 parte
754 4343 932 4396 altera
963 4337 1272 4408 longiores,
1330 4334 1376 4387 si
1417 4336 1666 4403 ponatur
1699 4344 1840 4398 qua-

135 4437 431 4493 ternarius
463 4434 665 4487 ordine
705 4430 1006 4492 secundus,
1050 4426 1271 4497 primus
1305 4428 1433 4476 actu
1481 4425 1835 4488 tetragonus,

136 4534 196 4582 et
222 4526 654 4595 conjungantur
684 4521 798 4574 duo
833 4523 890 4571 et
917 4533 1036 4584 sex,
1071 4515 1286 4568 faciunt
1314 4516 1365 4566 8.
1398 4512 1539 4564 Tum
1561 4509 1604 4561 si
1628 4507 1713 4561 bis
1735 4506 1840 4559 du-

137 4620 350 4670 cantur
383 4610 581 4677 medii,
616 4614 862 4680 quatuor
885 4606 1098 4660 faciunt
1126 4619 1322 4656 rursus
1344 4598 1719 4664 octonarium,
1742 4593 1840 4665 qui

137 4720 277 4759 cum
309 4699 704 4773 superioribus
747 4696 957 4768 juncti,
991 4693 1238 4748 sedecim
1288 4695 1655 4759 tetragonum
1695 4700 1840 4756 pan-

137 4795 308 4850 dunL

175 5421 200 5428 “
214 5420 248 5426 ”
264 5349 295 5484 ι1
319 5349 760 5478 "VI—2777i
786 5349 1728 5470 'FITI—TJJI’Q—I’m-l—TB—l
1761 5388 1822 5394 ‘—

524 5493 554 5534 9
976 5484 1043 5534 25
1448 5478 1514 5526 49
1719 5533 1724 5534 γ

1015 5501 1043 5534 ἱ)

976 5493 1043 5534 25
1448 5493 1514 5526 49

363 5493 1652 5616 tétrag?3nu—s'——t'etragonus—'tetragonus—

1345 5620 1375 5655 ιι
1398 5610 1596 5667 septem

405 5636 434 5672 a
464 5613 633 5670 tribus
875 5627 904 5663 α
924 5613 1157 5675 quinque

675 5547 858 5555 _———-

1948 3122 2090 3191 pari,
2129 3119 2481 3189 producitur.
2517 3116 2731 3181 Quater
2783 3114 2936 3168 enim
2989 3118 3238 3183 quatuor
3292 3116 3351 3164 16
3407 3114 3552 3162 sunt.
3588 3110 3651 3162 Et

1949 3211 2007 3262 in
2032 3207 2297 3278 sequenti
2317 3221 2547 3277 quoque
2573 3204 2774 3257 ordine
2793 3203 2891 3256 ubi
2913 3219 2981 3256 ex
2999 3201 3220 3254 senario
3247 3205 3301 3252 et
3325 3198 3646 3258 duodecim,

1948 3303 2002 3351 et
2035 3299 2118 3352 bis
2153 3298 2210 3350 in
2246 3313 2407 3349 suam
2428 3311 2712 3348 summam
2734 3293 2901 3346 ducto
2929 3289 3260 3357 novenario,
3294 3291 3358 3342 36
3384 3288 3550 3352 iiunt,
3580 3302 3651 3338 ex

1948 3385 2263 3441 continenti
2294 3384 2418 3454 pari
2448 3382 2670 3436 senario
2727 3379 3091 3450 copulantur.
3139 3378 3247 3431 Sex
3274 3376 3425 3429 enim
3471 3375 3649 3426 sexies

1951 3479 2015 3531 36
2051 3476 2374 3528 restituunt.
2413 3473 2523 3525 Nec
2557 3471 2745 3524 minus
2777 3469 2834 3521 in
2865 3469 3125 3521 eamdem
3149 3467 3433 3519 rationem
3463 3463 3647 3527 cadet,

1949 3582 2018 3620 ex
2051 3568 2112 3619 1'2
2144 3568 2197 3616 et
2222 3564 2291 3615 20
2323 3567 2377 3615 et
2403 3561 2490 3615 bis
2536 3563 2598 3613 16
2631 3560 2811 3612 factus
2855 3559 2922 3611 64
2953 3562 3306 3624 tetragonus.
3363 3552 3464 3606 llic
3496 3553 3648 3604 enim

1949 3671 2015 3708 ex
2077 3651 2367 3706 octonario
2447 3646 2762 3702 continenti
2838 3651 2964 3716 post
3031 3644 3319 3697 senarium
3377 3640 3645 3694 nascitur.

1950 3743 2134 3796 Octies
2166 3741 2323 3793 enim
2364 3741 2489 3790 octo
2529 3739 2596 3789 61
2638 3741 2999 3804 tetragonum
3027 3733 3297 3803 jungunt.
3345 3732 3410 3784 Et
3435 3730 3494 3783 in
3524 3727 3648 3782 aliis

1951 3847 2180 3902 quoque
2214 3827 2530 3881 secundum
2589 3824 2858 3876 eumdem
2892 3822 3128 3875 modum
3177 3821 3222 3873 si
3257 3820 3408 3874 idem
3453 3817 3645 3882 facias,

1950 3919 2184 3974 rationis
2207 3917 2348 3970 ordo
2383 3931 2497 3967 non
2527 3913 2827 3980 discrepat.

2555 4002 2780 4056 CAPUT
2821 3999 3038 4052 XXXIV.

2023 4095 2173 4162 Quod
2203 4111 2268 4147 ea:
2301 4091 2592 4162 quadratis
2634 4106 2700 4142 ea:
2731 4092 2888 4156 parte
2928 4089 3103 4139 altera
3129 4083 3486 4150 longioribus,

2305 4183 2474 4235 omnis
2499 4182 2803 4246 formarum
2827 4180 2968 4229 ratio
2991 4175 3265 4228 consistat.

2027 4273 2167 4326 Illud
2202 4288 2351 4337 vero,
2383 4269 2532 4340 quod
2556 4285 2620 4321 ex
2645 4267 2732 4320 liis
2762 4265 2982 4318 duobus
3003 4265 3117 4316 tota
3155 4259 3413 4314 omnium
3441 4259 3647 4311 forma-

1883 4380 1925 4432 D
1955 4379 2080 4416 rum
2116 4362 2335 4415 videtur
2361 4365 2483 4412 orta
2517 4355 2757 4428 prolatio
2786 4371 2904 4408 nun
2937 4353 3158 4405 minore
3190 4347 3645 4403 consideratione

1954 4451 2269 4504 notandum
2333 4455 2432 4501 est.
2485 4449 2740 4514 Namque
2772 4442 3049 4513 trianguli
3099 4440 3198 4510 qui
3232 4446 3459 4491 cunctas
3505 4436 3647 4488 alias

1952 4541 2182 4604 formas,
2219 4541 2360 4592 sicut
2392 4537 2654 4605 superius
2685 4534 3006 4597 docuimus,
3044 4529 3264 4583 collecti
3295 4527 3641 4595 producunt,

1952 4629 2041 4683 his
2064 4629 2272 4697 junctis
2321 4629 2475 4679 velut
2503 4641 2570 4678 ex
2613 4622 2955 4693 quibusdam
3006 4616 3302 4671 elementis
3359 4614 3641 4667 oriuntur.

1955 4720 2210 4787 Namque
2243 4733 2305 4768 ex
2341 4731 2453 4767 uno
2480 4714 2667 4782 primo
2709 4716 3028 4778 tetragono,
3080 4712 3133 4758 et
3188 4703 3414 4756 binario
3455 4702 3644 4772 primo

1952 4813 2114 4878 parte
2143 4807 2322 4858 altera
2351 4804 2627 4872 longiore,
2659 4799 2940 4852 ternarius
2972 4795 3296 4864 triangulus
3324 4793 3641 4862 copulatur.

1956 4898 2022 4950 Et
2050 4912 2115 4949 ex
2147 4893 2367 4948 binario
2401 4893 2487 4946 vel
2532 4887 2922 4960 quaternario,
2954 4885 3011 4939 id
3042 4891 3125 4938 est
3156 4901 3222 4937 ex
3273 4883 3520 4936 secundo
3562 4888 3642 4935 tc-

1955 4991 2197 5054 tragono
2229 4982 2485 5036 senarius
2518 4979 2840 5048 triangulus
2868 4979 3218 5046 procreatur.
3249 4973 3324 5024 Ex
3349 4977 3648 5042 quaterna-

1953 5074 2040 5127 rio
2073 5088 2301 5142 quoque
2335 5076 2390 5124 et
2413 5069 2655 5136 senario,
2704 5065 2972 5119 denarius
3019 5062 3340 5131 triangulus
3373 5060 3642 5113 nascitur.

1955 5163 2020 5216 Et
2048 5162 2114 5214 ad
2147 5161 2411 5214 eumdem
2454 5158 2738 5223 ordinem,
2770 5159 2973 5207 cuncta
3023 5151 3442 5220 triangulorum
3501 5145 3643 5198 ratio

1955 5250 2256 5305 constabit.
2300 5250 2680 5318 Disponantur
2733 5245 2889 5297 enim
2921 5241 3245 5295 alternatim
3283 5241 3428 5291 inter
3466 5252 3523 5286 se
3562 5238 3642 5286 te-

1956 5341 2180 5409 tragoni
2216 5345 2271 5392 et
2304 5344 2460 5409 parte
2488 5338 2664 5389 altera
2694 5335 3001 5404 longiores,
3045 5330 3143 5402 qui
3175 5333 3235 5380 ut
3281 5327 3482 5378 melius
3515 5339 3641 5392 per.

1957 5434 2311 5492 notarentur,
2365 5427 2521 5495 prius
2556 5425 2612 5477 in
2659 5425 2882 5477 duobus
2922 5439 3014 5476 eos
3054 5417 3307 5472 versibus
3362 5412 3641 5482 disposui-

1961 5535 2107 5582 mus,
2136 5521 2262 5586 pOst
2285 5519 2473 5568 autem
2499 5514 2726 5567 eosdem
2753 5511 3208 5583 permiscuimus,
3234 5511 3288 5556 et
3323 5504 3418 5572 qui
3445 5501 3644 5554 exinde

1961 5606 2236 5676 trianguli
2269 5609 2632 5659 nascerentur
2664 5600 3041 5670 ascripsimus.
