4104 6176
385 283 522 338 1143

1071 427 1219 480 Tetra
1225 431 1369 495 goni.

654 524 1818 594 ίι4ιθίίπςῇῖῐπίπῇ

900 623 1050 673 Parte
1072 625 1234 674 altera
1263 627 1545 689 longiores.

646 719 904 789 :2_l_g6__l
913 719 1082 790 _1_2_I_
1099 727 1166 790 20
1195 719 1298 791 [30
1327 727 1334 785 |
1359 729 1468 795 _4j2_|
1497 731 1864 798 Ei_67_l_:72_l_9_0__l

1677 793 1728 797 _
1735 794 1772 797 _
1789 792 2056 801 ._.___—___«

560 809 836 874 Tctragon‘
870 818 922 862 et
954 813 1119 862 altera
1147 821 1290 878 parte
1323 819 1586 880 longiores
1615 821 1875 870 alternati.

387 961 877 970 ...ιη-ιι*
895 964 954 969 __

483 966 1154 1042 ΓΒἾἯἿἯῖΠέΓρῗι
1184 970 1287 1034 ρει
1317 972 1553 1043 eam“:
1581 966 1778 1040 55166
1807 983 1816 1041 ι
1844 966 1911 1037 7'8
1929 966 2054 1043 ἰ*-

1072 1071 1359 1135 Trianguli.

1006 1184 1229 1238 CAPUT
1263 1187 1454 1240 XXXV.

387 1267 844 1344 Quemadmodum
867 1272 1142 1344 quadrati
1189 1289 1254 1326 ea:
1301 1279 1460 1342 parte
1511 1277 1686 1328 altera
1717 1276 2074 1344 longioribus,

528 1341 609 1392 vel
635 1347 794 1408 parte
823 1343 997 1396 altera
1020 1345 1281 1412 longiores
1305 1341 1375 1399 ex
1411 1347 1701 1414 quadratis
1738 1341 1896 1414 ﬁunt.

459 1445 660 1500 Omnis
691 1463 824 1501 vero
855 1453 1190 1520 tetragonus
1223 1451 1269 1504 si
1301 1451 1353 1506 ei
1396 1453 1696 1522 proprium
1734 1453 1881 1505 latus
1915 1451 2082 1505 adda-

387 1536 503 1603 tur,
531 1536 617 1588 vel
652 1536 852 1591 eodem
880 1554 1073 1592 rursus
1098 1539 1377 1606 dematur,
1434 1546 1594 1610 parte
1634 1541 1811 1595 altera
1851 1540 2082 1610 longior

389 1624 471 1678 fit.
507 1626 764 1693 Namque
801 1628 834 1679 4
860 1632 1157 1698 tetragono
1191 1628 1236 1681 si
1274 1629 1403 1698 quis
1435 1629 1548 1683 duo
1594 1630 1818 1698 jungat,
1852 1629 1938 1683 vel
1969 1629 2080 1682 duo

391 774 664 786 ῂῷ-

387 961 754 1042 ’ἿΤιζδ
749 962 877 1043 l:lO
883 964 1154 1033 ΠεξΓρΤι
1184 970 1287 1034 281
1317 961 1553 1039 361131
1581 961 1788 1040 asiae
1807 961 2054 1043 fisi“

389 1713 668 1780 detrahat,
708 1717 738 1768 6
763 1715 1023 1770 addendo
1054 1718 1313 1786 perficiet
1355 1721 1410 1771 et
1450 1717 1562 1771 duo
1606 1718 1979 1786 detrahendo,
2026 1721 2083 1772 at
2121 1707 2160 1760 Β

391 1806 632 1872 uterque
650 1802 894 1872 ﬁguram
915 1806 1170 1858 continet
1187 1810 1346 1875 parte
1366 1807 1545 1860 altera
1566 1806 1905 1876 longiorem,
1931 1823 2080 1877 quin,

391 1888 602 1943 scilicet
627 1905 853 1961 magna,
879 1897 963 1946 est
993 1893 1288 1947 alteritatis
1313 1894 1414 1948 vis.
1450 1895 1642 1948 Omnis
1666 1896 1820 1949 enim
1860 1895 2085 1949 infinita

395 1983 447 2031 et
478 1977 918 2034 indeterminata
947 1984 1223 2052 potentia,
1256 1985 1326 2037 ab
1359 1985 1700 2055 aequalitatis
1722 1989 1946 2051 natura,
1979 1989 2085 2038 eta

394 2066 508 2119 suis
534 2083 591 2122 se
621 2068 832 2122 ﬁnibus
853 2071 1165 2125 continenti
1210 2073 1529 2126 substantia
1548 2073 1864 2140 discedens,
1895 2078 1993 2128 aut
2016 2073 2078 2126 in

393 2156 576 2226 majus
608 2159 900 2226 exuberat,
935 2164 1034 2214 aut
1063 2161 1122 2213 in
1147 2161 1369 2215 minora
1399 2162 1695 2216 decrescit.

997 2266 1223 2323 CAPUT
1268 2269 1488 2322 XXXVI.

395 2353 546 2420 Quod
584 2356 970 2422 principaliter
998 2356 1237 2424 ejusdem
1269 2357 1485 2424 quidem
1519 2359 1592 2410 sit
1622 2357 1939 2411 substantia
1968 2359 2090 2410 uni-

466 2431 572 2495 tas,
627 2426 860 2478 secundo
891 2441 1012 2480 vero
1065 2428 1172 2480 loco
1204 2430 1440 2495 impares
1487 2430 1718 2494 numeri,
1761 2431 1919 2481 tertio
1951 2443 2088 2495 qua-

468 2494 637 2560 drati,
671 2500 720 2548 et
745 2497 890 2563 quod
915 2494 1300 2566 principaliter
1329 2499 1570 2552 duaiitas
1599 2501 1828 2552 alterius
1863 2501 1936 2552 sit
1961 2494 2095 2552 sub-

469 2569 706 2638 stantiae,
741 2567 971 2621 secundo
1001 2584 1123 2622 vero
1153 2570 1262 2624 loco
1299 2585 1458 2638 pares
1490 2573 1720 2636 numeri,
1753 2572 1908 2623 tertio
1936 2574 2096 2638 parte

471 2638 647 2689 altera
677 2637 960 2704 longiores.

471 2725 703 2779 Constat
730 2726 908 2795 igitur
949 2727 1136 2797 primo
1171 2727 1404 2798 quidem
1458 2729 1602 2796 loco,
1643 2728 1924 2783 unitatem
1961 2741 2093 2798 pr0'

399 2813 537 2884 prias
575 2814 1405 2887 immutabilisquesubstantia)
1448 2817 1819 2888 ejusdemque
1853 2822 2092 2884 naturae,

402 2903 736 2957 dualitatem
785 2920 914 2959 vero
965 2905 1234 2975 primam,
1295 2906 1594 2962 alteritatis
1645 2906 2096 2975 mutationisque

404 3009 524 3046 esse
555 2992 921 3064 principium.
953 2995 1209 3049 Secundo
1245 3012 1376 3049 vero
1416 2997 1556 3059 loco,
1602 3011 1800 3048 omnes
1850 2995 2099 3064 impares
2137 3002 2177 3057 C

405 3094 675 3134 numeros
714 3087 949 3151 propter
996 3085 1230 3138 unitatis
1259 3086 1682 3154 cognationem,
1717 3083 1974 3154 ejusdem
2011 3087 2095 3136 at-

407 3184 518 3238 que
560 3169 935 3224 immutabilis
993 3173 1323 3226 substantiae
1377 3189 1500 3227 esse
1553 3173 1881 3243 participes,
1931 3186 2097 3240 pares

407 3271 541 3310 vero
563 3258 632 3312 ob
663 3259 869 3312 binarii
904 3263 1129 3314 numeri
1165 3262 1537 3328 consortium,
1571 3261 1951 3314 alteritatibus
1981 3275 2098 3312 esse

409 3347 739 3415 permixtos.
777 3349 1126 3418 Tetragonos
1172 3366 1402 3420 quoque
1433 3349 1503 3402 ad
1540 3350 1812 3403 eumdem
1860 3349 2098 3402 modum

410 3434 758 3488 considerari
795 3437 1162 3491 manifestum
1203 3443 1300 3490 est.
1346 3440 1487 3491 Nam
1513 3443 1666 3508 quod
1703 3453 1901 3491 eorum
1943 3452 2098 3489 com-

414 3522 620 3591 positio
652 3527 708 3576 et
737 3525 1060 3592 conjunctio
1082 3542 1144 3577 ex
1173 3526 1492 3593 imparibus
1523 3525 1604 3591 fit,
1638 3525 1981 3579 immutabili
2005 3541 2102 3578 eos

418 3616 637 3664 natura;
693 3611 1080 3681 pronuntiabo
1125 3614 1476 3683 conjunctos.
1529 3615 1692 3678 Quod
1750 3631 1883 3668 vero
1942 3618 2104 3684 parte

415 3699 590 3752 altera
618 3699 908 3769 longiores
941 3716 1006 3754 ex
1033 3701 1390 3771 copulatione
1421 3702 1669 3772 parium,
1709 3706 2102 3773 procreantur,

416 3803 713 3858 nunquam
742 3789 811 3843 ab
836 3789 1134 3844 alteritatis
1162 3791 1434 3844 varietate
1465 3797 1820 3861 separantur.

1020 3899 1241 3953 CAPUT
1275 3899 1516 3953 XXXVII.

419 3985 746 4039 Alternatim
790 3987 982 4052 positis
1029 3987 1339 4055 quadratis,
1369 3993 1418 4041 et
1443 3992 1602 4056 parte
1627 3989 1804 4042 altera
1848 3988 2107 4056 longiori-

489 4057 610 4180 bus2
627 4058 736 4138 .qui
764 4059 833 4110 sit
863 4073 1044 4112 eorum
1069 4074 1372 4126 consensus,
1401 4063 1458 4112 in
1478 4059 1790 4127 differentia
1816 4064 1866 4113 et
1890 4063 1948 4114 in
1978 4076 2104 4129 pro-

491 4142 588 4180 nor
616 4143 750 4180 zone.

483 4142 750 4197 portione.

492 4215 633 4269 Illud
658 4216 838 4286 igitur
861 4216 1326 4287 perspiciendum
1358 4223 1464 4285 est,
1505 4219 1655 4289 quod
1677 4219 1723 4272 si
1749 4218 1903 4272 idem
1935 4222 2107 4273 tetra-

1686 292 1806 346 AN.
1853 289 2065 346 MANL.
2105 290 2250 347 SEV.
2292 292 2530 350 BOETIi

3743 296 3878 349 NH»

2117 426 2164 478 A
2189 425 2557 494 quaternario
2589 425 2708 478 solo
2755 423 2980 480 binario
3033 425 3456 496 relinquuntur.
3495 425 3731 492 Rursus,
3770 427 3814 479 si
3846 429 3877 480 2

2187 512 2256 566 ad
2292 514 2325 567 4
2350 514 2678 584 speculcris,
2706 515 2882 584 dupla
2924 519 3005 569 est
3052 514 3384 584 proportio:
3444 515 3489 567 si
3521 521 3770 585 quatuor
3812 517 3879 569 ad

2185 618 2300 664 sex,
2359 603 2757 657 habitudinem
2824 602 3258 674 sesquialteram
3337 620 3724 674 recognosces.
3788 605 3884 659 [lic

2186 706 2321 760 ergo
2356 691 2414 743 in
2446 691 2915 760 proportionibus
2945 692 3288 762 discrepant,
3320 693 3380 747 in
3411 692 3749 746 differentiis
3784 710 3879 764 pa-

2188 795 2276 832 res
2328 784 2478 834 sunt.
2529 781 2782 849 Namque
2815 784 2869 833 et
2921 786 3165 850 quatuor
3195 799 3227 834 a
3258 781 3498 849 duobus,
3532 787 3588 835 et
3617 785 3648 834 6
3681 798 3714 835 a
3745 797 3883 852 qua-

2188 873 2338 933 tuor,
2373 867 2575 921 eodem
2624 868 2846 921 binario
2889 868 3122 922 distant.
3176 869 3242 923 In
3288 870 3668 940 sequentibus
3709 869 3884 922 etiam

2187 955 2390 1010 eodem
2424 957 2592 1010 modo
2627 957 2771 1010 sicut
2798 957 2860 1010 in
2887 957 3089 1028 primis
3121 958 3246 1024 fuit,
3279 958 3424 1012 ratio
3456 963 3696 1011 constat.
3750 958 3883 1010 Nam

2187 1046 2388 1099 eadem
2421 1045 2715 1114 proportio
2762 1051 2848 1099 est
2885 1045 3224 1100 differentiis
3251 1062 3367 1100 non
3396 1046 3634 1100 eisdem.
3681 1047 3827 1100 Nam
3857 1049 3885 1099 ei

2187 1135 2259 1188 ad
2287 1136 2317 1186 6
2349 1138 2406 1188 et
2437 1136 2466 1186 6
2501 1134 2569 1187 ad
2617 1136 2668 1202 9,
2719 1134 3093 1204 sesquialtera
3135 1135 3500 1205 proportione
3537 1136 3885 1205 junguntur,

2189 1225 2220 1277 6
2251 1226 2443 1276 autem
2473 1223 2904 1294 quaternarium
2954 1224 3202 1288 duobus,
3235 1226 3266 1277 9
3301 1240 3432 1277 vero
3461 1224 3762 1278 senarium
3797 1227 3886 1276 tri-

2188 1311 2294 1366 bus
2324 1315 2690 1381 praetereunt.
2745 1313 2806 1364 In
2852 1313 3225 1383 sequentibus
3269 1313 3440 1365 etiam
3490 1313 3696 1366 eadem
3750 1313 3888 1365 ratio

2190 1401 2594 1472 speculabitur,
2618 1407 2675 1455 et
2705 1417 2930 1471 semper
2960 1401 3307 1466 alternatim,
3340 1416 3492 1454 nunc
3515 1400 3760 1471 quidem
3793 1416 3889 1452 θερ-

2189 1490 2317 1544 dem
2348 1490 2768 1560 proportiones,
2799 1491 2924 1544 alias
2949 1490 3284 1544 differentia;
3317 1494 3468 1555 sunt,
3497 1505 3649 1542 nunc
3672 1493 3885 1553 autem,

2189 1579 2386 1632 ordine
2421 1584 2768 1648 permutato,
2796 1579 2998 1633 iisdem
3025 1579 3365 1633 differentiis
3398 1579 3525 1631 aliae
3555 1577 3886 1648 proportio-

2191 1684 2309 1721 nes.
2345 1667 2696 1738 Semperque
2739 1669 2796 1722 in
2829 1669 3038 1739 quibus
3077 1668 3371 1734 differunt,
3423 1667 3741 1721 secundum
3796 1681 3890 1718 na-

2192 1755 2390 1810 turalis
2418 1758 2644 1810 numeri
2689 1757 2915 1810 ordines
2949 1757 3235 1827 tetragoni
3267 1763 3321 1810 et
3351 1760 3511 1826 parte
3558 1756 3740 1808 altera
3781 1756 3894 1807 Ion-

2193 1845 2382 1916 giores
2413 1861 2531 1898 sese
2562 1846 2936 1915 superabunt,
2966 1851 3188 1899 tantum
3216 1845 3370 1915 quod
3394 1844 3706 1916 geminatis
3742 1859 3894 1896 sum-

2195 1934 2366 1987 mulis
2399 1935 2675 1989 naturalis
2710 1936 2935 1989 numeri
2967 1936 3030 1989 ﬁt
3066 1935 3408 2005 progressio.
3462 1934 3622 1998 Quod
3677 1934 3891 1986 mirum

2195 2023 2373 2076 videri
2405 2041 2520 2076 non
2549 2024 2734 2091 debet,
2771 2042 2869 2078 nos
2900 2025 3054 2078 enim
3085 2025 3238 2096 ipsas
3276 2040 3528 2076 summas
3563 2028 3894 2092 tetragono-

2198 2128 2326 2166 rum
2358 2117 2414 2167 et
2444 2119 2601 2184 parte
2625 2115 2803 2168 altera
2829 2114 3157 2185 longiorum
3192 2113 3551 2184 geminamus
3579 2113 3649 2166 ad
3684 2113 3897 2181 primas

2201 2203 2590 2273 secandasque
2623 2204 3043 2275 proportiones.

3057 2427 3090 2487 Ξ
3331 2405 3366 2465 8
3597 2395 3641 2480 ἒ

2773 2487 2818 2563 ἐξ
3043 2495 3092 2558 =2
3321 2469 3366 2570 ’ἐ
3594 2485 3641 2578 ξ

2509 2605 2543 2628 ω
2769 2569 2818 2637 Ξ
3045 2565 3093 2631 ἓ
3333 2567 3381 2622 ἓ
3596 2584 3658 2634 ,Ξ-

2496 2729 2544 2800 -Ξ
2785 2747 2820 2801 s
3059 2744 3094 2801 Ξ
3334 2747 3368 2802 s
3612 2743 3644 2798 ε

2361 2827 3760 3060 gilii/Pb“:le

2388 3141 3776 3213 111212131314141Ξί15161

2888 3232 3225 3281 Difi‘erentiie.

2209 3334 2435 3388 Eazdem
2477 3347 2701 3402 quoque
2732 3331 3091 3396 differentize,
3140 3328 3460 3382 mirabilem
3503 3329 3560 3382 in
3611 3327 3848 3382 modum
3884 3343 3908 3378 a

2211 3428 2329 3478 toto
2355 3438 2458 3493 per
2485 3426 2789 3492 sequentes
2848 3425 3056 3490 partes,
3111 3425 3166 3472 et
3221 3434 3325 3488 per
3377 3418 3606 3471 easdem
3660 3419 3908 3470 unitates

2213 3512 2422 3584 quibus
2451 3510 2712 3580 superius
2761 3512 3076 3575 creverunt,
3126 3507 3600 3578 progrediuntur.
3647 3507 3901 3575 Namque

2215 3602 2363 3655 inter
2393 3616 2570 3652 unum
2593 3602 2644 3651 et
2688 3599 2800 3652 duo
2832 3602 3052 3651 tantum
3078 3597 3265 3650 unitas
3288 3595 3605 3660 intercedit,
3635 3611 3764 3664 quae
3793 3593 3906 3646 uni-

2215 3690 2343 3744 tatis
2373 3689 2464 3742 cui
2507 3687 2744 3757 zequalis
2777 3690 2861 3739 est
2902 3689 3086 3738 totum
3121 3689 3224 3750 est,
3260 3684 3466 3737 binarii
3499 3698 3658 3748 vero,
3689 3682 3907 3734 medie-

2216 3784 2320 3833 tas.
2360 3778 2568 3832 Eodem
2611 3776 2777 3830 modo
2810 3775 2959 3828 inter
2988 3778 3020 3825 2
3055 3779 3110 3828 et
3139 3776 3172 3826 4
3217 3777 3438 3827 tantum
3473 3773 3585 3826 duo
3619 3777 3776 3834 sunt,
3816 3769 3910 3839 qui

2216 3867 2426 3922 binarii
2455 3870 2632 3920 totum
2673 3868 2826 3929 sunt,
2861 3861 3214 3934 quaternarii
3259 3860 3556 3915 medietas.
3594 3861 3747 3913 Inter
3776 3874 3907 3928 qua-

2218 3955 2536 4012 ternarium
2566 3971 2697 4008 vero
2723 3958 2778 4007 et
2807 3953 3095 4006 senarium
3123 3951 3296 4005 iidem
3329 3951 3442 4004 duo
3489 3953 3643 4014 sunt,
3677 3949 3744 4002 ad
3779 3963 3912 4018 qua—

2217 4045 2534 4100 ternarium
2556 4042 2849 4108 medietas,
2874 4042 2940 4094 ad
2965 4040 3252 4094 senarium
3275 4055 3406 4110 pars
3429 4041 3615 4092 tertia.
3632 4040 3765 4092 Tres
3791 4051 3914 4088 vero

2220 4134 2321 4205 qui
2349 4138 2687 4204 sequuntur,
2717 4131 2816 4202 qui
2847 4131 2995 4183 inter
3016 4133 3046 4182 6
3069 4134 3123 4182 et
3142 4132 3172 4183 9
3211 4127 3506 4182 constituti
3549 4132 3684 4179 sunt
3713 4124 3905 4186 medii,

2221 4229 2352 4278 sunt
2382 4223 2618 4294 quidem
2639 4221 2848 4274 senarii
2882 4219 3204 4283 dimidium,
3233 4234 3365 4287 pars
3387 4233 3518 4270 vero
3553 4215 3719 4268 tertia
3747 4229 3908 4266 nove-

420 4304 555 4375 80ni
585 4309 640 4358 θῑ
687 4309 845 4375 Parte
905 4306 1080 4358 altera
1137 4306 1426 4376 longiores
1483 4307 1884 4377 disponantur.
1933 4307 2012 4361 ita
2051 4312 2113 4361 ut
2155 4289 2194 4342 D
2223 4313 2475 4366 narii.Et
2502 4327 2700 4365 rursus
2737 4310 3038 4374 ternarias,
3064 4305 3796 4378 quinovenariitertiapars
3813 4306 3912 4368 est,

421 4393 744 4448 alternatim
775 4392 882 4447 sibi
914 4393 1182 4462 permixti
1213 4394 1343 4460 sint,
1377 4396 1614 4448 tantain
1642 4395 1729 4448 liis
1761 4399 1840 4448 est
1876 4395 2108 4464 conjun-

421 4483 550 4549 ctio,
577 4486 636 4535 ut
667 4481 803 4535 alias
847 4482 953 4535 sibi
993 4483 1051 4536 in
1102 4483 1315 4536 eisdem
1347 4483 1814 4553 proportionibus
1844 4499 2106 4538 commu-

421 4571 630 4638 nicent,
661 4571 981 4641 discrepent
1012 4577 1203 4625 autem
1237 4572 1592 4626 differentiis.
1637 4573 1788 4626 Alias
1833 4589 1963 4626 vero
2005 4574 2112 4626 dif-

423 4659 682 4714 ferentiis
711 4676 878 4730 pares
915 4659 1048 4726 sint,
1098 4661 1572 4730 proportionibus
1621 4661 1850 4716 distent.
1913 4661 2112 4731 Dispo-

424 4754 636 4802 nantur
667 4749 820 4802 enim
849 4749 907 4802 in
938 4749 1198 4803 ordinem
1237 4750 1414 4803 iidem
1458 4749 1542 4803 illi
1585 4751 1907 4820 superiores
1936 4755 2114 4804 tetra-

425 4837 576 4908 goni,
610 4841 665 4891 et
692 4843 852 4907 parte
868 4838 1047 4892 altera
1073 4838 1362 4909 longiores
1395 4839 1465 4892 ab
1497 4855 1634 4892 uno.

530 4953 2005 5017 11121416191121161201231301

426 5065 574 5134 Ergo
629 5063 687 5116 in
741 5064 1034 5132 superiore
1087 5064 1336 5118 formula
1363 5063 1470 5118 hoc
1509 5064 2117 5118 maximeintuendum

427 5159 529 5208 est.
564 5154 819 5223 Namque
850 5152 999 5206 inter
1028 5168 1230 5219 unum,
1291 5153 1389 5224 qui
1437 5157 1521 5206 est
1564 5156 1920 5222 tetragonus,
1954 5157 2011 5206 et
2067 5156 2115 5217 2,

428 5244 605 5314 dupla
660 5242 957 5313 proportio
1008 5246 1108 5309 est,
1140 5243 1288 5296 inter
1339 5245 1371 5296 2
1395 5246 1450 5295 et
1481 5243 1514 5295 4
1539 5241 1730 5312 dupla.
1770 5241 1866 5295 Hic
1883 5257 2019 5312 ergo
2043 5245 2120 5294 te-

425 5337 718 5400 tragonus,
751 5346 884 5385 cum
927 5335 1084 5400 parte
1113 5330 1292 5384 altera
1319 5331 1603 5400 longiore,
1637 5332 1807 5401 atque
1855 5330 1946 5383 hic
1981 5345 2112 5383 cum

429 5425 704 5489 sequente
733 5424 1051 5491 tetragono,
1110 5419 1311 5472 eodem
1374 5419 1746 5489 proportione
1774 5419 2119 5490 junguntur,

431 5507 767 5562 differentiis
791 5525 924 5563 vero
957 5524 1070 5562 non
1105 5507 1328 5561 iisdem.
1377 5510 1628 5577 Namque
1677 5509 1920 5562 duorum
1951 5513 2122 5578 atque

433 5595 602 5649 unius
649 5597 767 5650 sola
827 5597 1010 5651 unitas
1067 5595 1387 5651 differentia
1433 5599 1538 5662 est,
1570 5596 1668 5650 sed
1723 5596 1899 5651 iidem
1950 5597 2062 5652 duo
2094 5613 2125 5650 a

530 4958 622 5017 11
692 4958 2005 5025 Ι21416191121161201231301

2220 4402 2553 4457 duodenarii
2586 4405 2788 4471 quarta
2818 4404 2920 4465 est,
2965 4406 3021 4451 et
3062 4398 3129 4451 ad
3162 4397 3428 4450 eumdem
3460 4395 3696 4448 modum
3742 4405 3913 4460 usque

2220 4492 2280 4546 in
2312 4491 2485 4545 finem
2509 4489 2924 4559 descriptionis,
2953 4487 3256 4556 geminatis
3286 4484 3620 4554 hujusmodi
3643 4482 3910 4551 partibus.

2221 4579 2365 4634 sicut
2395 4580 2514 4650 ipsa
2545 4594 2776 4649 quoque
2822 4591 3179 4630 summarum
3233 4571 3584 4642 comparatio
3633 4571 3908 4641 geminata

2224 4674 2327 4734 est,
2350 4684 2542 4738 aequas
2569 4667 2819 4737 partium
2848 4665 3283 4735 progressiones
3315 4662 3576 4733 aspicies.

2805 4809 3029 4862 CAPUT
3064 4806 3331 4860 XXXVIII.

2439 4936 2714 5001 Probah‘o,
2739 4934 3038 5004 quad-ratos
3071 4930 3305 5000 ejusdem
3339 4943 3448 4983 esse
3478 4933 3713 4982 natura.

2301 5062 2442 5116 Illud
2471 5066 2663 5115 autem
2691 5057 3113 5130 apertissimum
3137 5055 3370 5124 signum
3395 5057 3499 5117 est,
3528 5067 3734 5105 omnes
3759 5055 3918 5104 tetra-

2229 5168 2410 5224 gonos
2441 5150 2756 5220 imparibus
2789 5164 2908 5202 esse
2941 5150 3234 5215 cognatos,
3260 5143 3411 5213 quod
3445 5144 3502 5194 in
3544 5141 3706 5194 omni
3738 5140 3918 5201 dispo-

2231 5241 2435 5294 sitione
2474 5239 2542 5291 ab
2579 5255 2713 5304 uno,
2763 5237 2849 5290 vcl
2880 5237 2938 5289 in
2987 5233 3333 5304 duplicibus,
3365 5232 3451 5284 vel
3498 5230 3559 5282 in
3609 5227 3921 5299 triplicibus

2231 5330 2360 5383 talis
2390 5333 2606 5382 natura?
2660 5327 2799 5380 ordo
2849 5324 3183 5388 conseritur,
3243 5326 3303 5373 ut
3335 5335 3635 5388 nunquam
3684 5317 3789 5370 nisi
3835 5329 3917 5366 se-

2232 5418 2480 5471 cundum
2510 5417 2790 5485 imparem
2833 5415 3023 5466 locum
3060 5417 3396 5479 tetragouus
3427 5407 3773 5462 inveniatur.
3810 5403 3921 5456 Dis-

2233 5522 2513 5578 ponamus
2543 5505 2697 5558 enim
2734 5503 2793 5556 in
2841 5502 3106 5556 ordinem
3140 5515 3434 5565 numeros,
3480 5496 3669 5567 primo
3699 5492 3918 5565 quidem

2235 5595 2464 5665 duplos,
2499 5592 2705 5648 deinde
2726 5589 2945 5660 triplos.
