4104 6176
194 298 209 346 1
228 297 326 348 143

1849 499 1884 506 —

181 605 238 659 Si
267 607 442 676 igitur
488 607 548 658 in
596 606 852 674 utrisque
901 604 1155 657 versibus
1188 605 1403 674 primos
1444 607 1704 676 aspicias,
1757 607 1875 658 siu-

183 695 352 763 gulos
385 711 526 765 quos
557 693 801 762 invenis,
842 694 1114 763 quoniam
1152 694 1442 764 tetragoni
1489 702 1640 760 sunt,
1678 696 1734 748 in
1767 695 1882 747 im-

182 799 322 853 pare
355 784 476 837 loco
501 788 634 836 sunt
664 782 980 847 constituti,
1010 783 1284 852 quoniam
1309 783 1478 852 primi
1511 784 1729 838 sunt.Si
1749 800 1881 837 vero

181 872 628 927 tertiumlocum
654 871 992 940 respexeris,
1027 874 1055 922 'i-
1088 876 1144 924 et
1174 874 1204 924 9
1237 873 1478 941 notabis,
1517 890 1762 944 quorum
1793 873 1884 925 hic

178 960 467 1014 aduobus
520 961 926 1030 proficiscitur,
975 961 1140 1014 illum
1190 963 1475 1015 ternarius
1534 969 1710 1027 creat,
1777 962 1878 1032 qui

181 1055 318 1103 sunt
346 1049 469 1102 loco
499 1049 706 1120 impari
729 1049 1042 1102 constituti.
1068 1049 1344 1113 Quintum
1377 1051 1584 1104 deinde
1609 1052 1653 1103 si
1688 1051 1884 1104 videas

181 1139 397 1202 locum,
442 1141 502 1191 16
549 1143 606 1191 et
635 1141 697 1192 81
755 1138 1046 1208 respicies,
1080 1139 1180 1192 sed
1237 1155 1386 1192 unus
1430 1156 1462 1193 a
1514 1140 1882 1210 quaternario

184 1229 460 1293 nascitur,
490 1228 734 1280 alterum
775 1228 1117 1281 novenari'is
1144 1233 1315 1282 creat.
1369 1229 1436 1282 Et
1480 1228 1525 1281 si
1556 1245 1777 1282 nonum
1807 1229 1885 1282 lo-

181 1332 316 1370 cum
345 1331 545 1368 rursus
565 1315 824 1384 aspicias,
849 1320 1178 1386 tetragonos
1200 1316 1527 1386 pernotabis
1557 1320 1683 1383 256,
1719 1320 1881 1384 6561,

184 1421 439 1476 quorum
461 1403 721 1474 superior
748 1404 812 1457 ﬁt
843 1421 876 1457 a
908 1407 990 1470 16,
1030 1404 1266 1460 inferior
1295 1422 1425 1459 vero
1460 1407 1528 1460 ab
1559 1409 1644 1460 8l.
1701 1406 1878 1471 Idem,

187 1495 233 1548 si
254 1494 317 1548 in
349 1493 644 1548 inﬁnitum
675 1493 859 1547 facere
892 1493 1080 1559 libeat,
1128 1493 1580 1564 indiscrepanter
1618 1494 1880 1548 incurrit.

797 1582 1021 1636 CAPUT
1051 1584 1265 1637 XXXIX.

258 1671 431 1726 Cubos
465 1671 703 1740 ejusdem
729 1673 1071 1740 participare
1093 1672 1408 1727 substantiae
1441 1672 1584 1740 quod
1615 1673 1680 1725 ab
1707 1675 1883 1740 impa-

786 1760 939 1814 ribus
971 1767 1288 1814 nascantur.

262 1849 377 1918 Ipsi
409 1863 541 1903 vero
598 1848 749 1916 cubi,
794 1849 893 1918 qui
941 1863 1276 1919 quanquam
1335 1849 1518 1903 tribus
1566 1849 1882 1903 intervallis

190 1937 404 1991 sublati
448 1943 600 2004 sunt,
644 1943 837 1991 tamen
878 1943 1116 2007 propter
1146 1939 1424 2008 aequalem
1461 1939 1886 2007 multiplicatio-

193 2041 329 2080 nem
361 2026 705 2096 participant
731 2026 1107 2080 immutabilis
1122 2027 1478 2093 substantiae,
1513 2027 1888 2096 ejusdemque

195 2120 421 2168 naturae
479 2121 612 2169 sunt
670 2115 828 2181 socii,
878 2131 991 2168 non
1050 2116 1298 2169 aliorum
1351 2132 1524 2185 quam
1575 2116 1889 2186 imparium

193 2204 626 2259 coacervatione
692 2205 1032 2274 produntur,
1088 2220 1386 2274 nunquam
1454 2220 1584 2257 vero
1639 2204 1888 2273 parium.

195 2295 343 2349 Nam
375 2293 422 2346 si
454 2309 652 2346 omnes
671 2293 741 2345 ab
774 2291 1676 2361 unitateimparesdisponantur,
1704 2291 1892 2361 juncti

194 2386 414 2454 ﬁguras
445 2383 671 2437 cubicas
698 2382 1083 2451 explicabunt.

199 2493 333 2563 _|__-I
401 2493 409 2551 |
470 2494 499 2544 3
559 2491 566 2551 |
723 2491 729 2549 1
790 2494 818 2540 7
882 2491 888 2548 ι
955 2494 984 2542 9
1046 2487 1895 2555 1111131151171191ᾎ11ξ

195 2589 262 2640 1n
292 2587 382 2639 his
426 2586 603 2656 igitur
624 2585 724 2656 qui
758 2584 977 2655 primus
1009 2587 1093 2636 est
1140 2587 1419 2653 potestate
1451 2589 1508 2637 et
1537 2584 1744 2638 virtute
1776 2584 1895 2654 pri-

195 2693 357 2730 mum
387 2676 596 2729 cubum
629 2674 814 2728 faciet.
849 2671 1037 2726 Juncti
1083 2687 1216 2726 vero
1251 2672 1364 2725 duo
1388 2673 1490 2742 qui
1542 2679 1890 2743 sequuntur,

196 2763 488 2818 ternarius
538 2762 750 2816 scilicet
804 2765 861 2815 et
917 2761 1237 2832 quinarius,
1270 2762 1588 2815 secundum
1643 2762 1900 2815 efﬁciunt

197 2854 435 2914 cubum,
480 2851 581 2922 qui
611 2856 695 2905 est
731 2852 1079 2904 octonarius.
1135 2850 1323 2905 Juncti
1370 2856 1561 2904 autem
1596 2854 1624 2903 3
1676 2851 1774 2921 qui
1807 2867 1900 2904 se-

199 2947 486 3013 quuntur,
511 2941 866 3010 septenarius
897 2941 1358 3012 novenariusque
1391 2946 1447 2995 et
1483 2943 1538 2993 11
1579 2940 1784 2993 cubum
1819 2940 1899 2994 fa-

200 3034 382 3097 ciunt,
420 3030 521 3100 qui
560 3034 629 3083 27
655 3045 897 3083 numero
938 3030 1284 3097 continetur,
1320 3030 1420 3100 qui
1462 3034 1546 3083 est
1596 3029 1902 3083 tertius.Et

202 3125 514 3189 sequentes
567 3123 833 3189 quatuor,
885 3123 1176 3188 quartum,
1232 3123 1288 3172 et
1335 3121 1436 3189 qui
1465 3125 1789 3189 sequuntur
1850 3122 1901 3184 5,

201 3210 495 3279 quintum,
517 3213 573 3261 et
595 3207 661 3261 ad
681 3207 947 3261 eumdem
971 3209 1206 3261 modum
1231 3214 1440 3278 quotus
1464 3210 1710 3278 quisque
1729 3208 1906 3260 cubus

205 3297 479 3364 efficitur,
511 3301 594 3349 tot
624 3297 1026 3366 conjunctione
1075 3297 1324 3366 impares
1357 3304 1745 3366 apponuntur.
1793 3299 1907 3350 Hoc

205 3392 400 3439 autem
434 3383 762 3453 diligentius
797 3385 1050 3454 subjecta
1079 3385 1384 3454 descriptio
1417 3387 1619 3439 docet:

1205 3500 1862 3613 [unum
1883 3504 1890 3613 ι

469 3569 732 3584 -ι-

1522 3591 1574 3613 tu.
1883 3585 1890 3613 1

1522 3613 1580 3635 U‘t

1205 3613 1215 3759 Ι
1309 3683 1527 3740 quartus
1554 3692 1582 3724 ει
1614 3683 1800 3738 quater
1884 3613 1892 3759 Ι

747 3778 755 3874 Ι
841 3778 1004 3789 Una-Inus!
1029 3778 1120 3788 *νιν
1205 3778 1217 3874 Ι
1349 3778 1565 3801 --ινιυι-ν-υι
1604 3778 1778 3802 ιιι-νυνι
1886 3778 1894 3874 I

436 3874 755 4119 Im,
1204 3874 1216 4118 Ι
1887 3874 1894 4119 1

318 3506 336 3547 -1
434 3506 678 3563 ,διεδ
796 3504 1849 3563 7191111131151111111

323 3571 732 3666 Cl:
747 3571 1191 3666 IT
1135 3571 1516 3666 ,ηΓ-ζῖ
1482 3571 1578 3666 -δῖ

313 3682 350 3748 g
435 3679 718 3748 |secu_n_dus
747 3679 753 3748 ι
805 3679 992 3748 tertius
1021 3693 1050 3748 a
1080 3681 1158 3725 ter
1205 3679 1215 3748 |
1309 3683 1527 3740 quintus
1554 3692 1582 3724 ει
1614 3683 1800 3738 quater

313 3741 350 3788 Ξ
435 3741 442 3802 |
517 3741 653 3788 abis
747 3741 754 3802 |
836 3741 1004 3789 tribus
1026 3743 1120 3788 ter.
1205 3741 1216 3802 |
1348 3744 1574 3801 quatuor
1603 3744 1785 3802 quater

299 3819 351 3852 .a
435 3802 443 3852 |
488 3802 694 3850 duobus

550 3864 629 3912 bis

302 3959 352 4049 ,ἒ

317 4053 352 4092 E:

237 4007 299 4122 l_

885 4167 1109 4221 CAPUT
1146 4166 1249 4218 XL.

562 4312 566 4315 .
705 4260 778 4311 De
803 4254 1437 4325 proportionalitatibus.

293 4349 360 4401 Et
389 4347 459 4400 de
485 4345 573 4398 bis
603 4345 839 4416 quidem
867 4343 1218 4397 sufﬁcienter
1247 4342 1460 4396 dictum
1493 4344 1594 4396 est.
1633 4342 1793 4395 Nunc
1825 4357 1917 4396 res

217 4439 515 4498 admonet,
576 4438 840 4508 quaedam
899 4437 968 4491 de
1016 4436 1480 4506 proportionibus
1539 4435 1917 4504 disputantes,

218 4545 350 4599 quae
385 4527 552 4581 nobis
572 4528 659 4580 vel
691 4527 760 4579 ad
792 4526 1036 4579 musicas
1069 4525 1608 4594 speculationes,vel
1630 4524 1696 4576 ad
1731 4529 1920 4576 astro-

219 4616 480 4670 nomicas
515 4615 874 4680 subtilitates,
907 4615 991 4667 vel
1012 4614 1080 4666 ad
1115 4614 1478 4682 geometricae
1510 4612 1917 4666 consideratio-

219 4706 311 4760 nis
346 4705 484 4770 vim,
518 4705 606 4757 vel
637 4703 811 4756 etiam
846 4703 913 4756 ad
946 4708 1202 4756 veterum
1234 4701 1544 4755 lectionum
1595 4701 1920 4770 intelligen-

222 4795 367 4848 tiam
419 4795 690 4862 prodesse
762 4791 1000 4861 possint,
1080 4791 1440 4844 arithmetica
1498 4790 1923 4843 introductione

221 4881 696 4936 commodissime
721 4879 1054 4934 terminare.
1083 4880 1182 4934 Est
1201 4879 1376 4949 igitur
1397 4878 1924 4948 proportionalitas,

224 4972 476 5025 duarum
505 4970 590 5022 vel
611 4968 789 5021 trium
810 4969 895 5022 vel
919 4967 1202 5039 quotlibet
1225 4967 1689 5037 proportionum,
1715 4981 1929 5019 assum-

225 5061 348 5130 ptio
381 5059 452 5112 ad
494 5075 672 5111 unum
706 5061 877 5128 atque
910 5057 1189 5111 collectio.
1227 5058 1507 5111 Utautem
1546 5055 1928 5109 communiter

224 5147 573 5203 deﬁniamus
607 5163 620 5201 :
657 5145 1170 5215 Proportionalitas
1189 5145 1534 5198 estduarum
1562 5146 1650 5197 vel
1674 5143 1929 5213 plurium

225 5237 677 5309 proportionum
730 5235 934 5288 similis
989 5235 1286 5300 habitudo,
1313 5233 1534 5286 etiamsi
1559 5249 1676 5286 non
1715 5232 1928 5285 eisdem

227 5326 652 5398 quantitatibus
668 5323 1073 5379 etditi‘erentiis
1096 5324 1415 5376 constitutae
1437 5322 1569 5375 sint.
1602 5320 1930 5374 Differentia

227 5431 363 5468 vero
414 5415 520 5480 est,
572 5414 723 5464 inter
777 5426 1051 5464 numeros
1101 5409 1407 5479 quantitas.
1486 5406 1789 5477 Propertio
1850 5411 1934 5459 est

228 5504 482 5556 duorum
531 5501 909 5554 terminorum
955 5499 1024 5553 ad
1055 5515 1113 5551 se
1136 5498 1379 5551 invicem
1409 5497 1671 5567 qumdam
1704 5495 1930 5548 habitu-

229 5593 322 5658 do,
361 5595 419 5644 et
449 5590 612 5661 quasi
643 5587 1067 5660 quodammodo
1092 5586 1458 5642 continentia.
1491 5586 1745 5648 Quorum
1768 5599 1931 5637 com-

1499 295 1588 346 DE
1627 295 2104 350 ARITHMETICA
2148 294 2275 349 LIB.
2318 295 2392 351 II.

1927 1713 1966 1766 B

1958 4286 1999 4338 D

3551 299 3685 353 H46

209 425 792 495 1’“ΓΤ2“1’4⁷’1⁷“8
852 434 860 492 1
910 437 971 487 16
1017 426 1196 496 1321
1256 425 1552 494 δῗιἿρδ
1612 428 1884 502 1ίίίρεςδΑ⁸

2015 427 3026 498 ιο5ίῐίοῳιοί1λθῐίὶοίῐφιθορονιὶοηδῖρ
3059 433 3159 485 est.
3182 431 3258 484 Ex
3283 429 3497 502 junctis
3523 431 3680 485 enim

1992 518 2460 586 proportionibus
2488 518 3011 591 7proportionalitas
3042 518 3120 572 ﬁt.
3153 521 3214 572 In
3245 521 3428 573 tribus
3489 525 3681 574 autem

1989 606 2503 660 terminisminima
2532 608 3036 678 proportionalitas
3059 609 3366 663 invenitur.
3397 612 3482 664 Fit
3503 611 3675 664 etiam

1991 696 2050 748 in
2078 697 2356 766 pluribus,
2392 698 2486 750 sed
2524 696 2762 765 longior,
2801 703 2859 751 ut
2890 699 3143 752 binarius
3174 699 3243 752 ad
3276 715 3477 764 unum,
3530 715 3671 768 quo-

1993 785 2145 837 niam
2166 786 2278 839 duo
2310 786 2711 851 sunttermini,
2738 785 2969 856 duplam
2999 788 3219 840 obtinet
3249 786 3683 857 proportionem

1991 873 2079 927 sin
2110 890 2242 927 vero
2275 880 2520 943 quatuor
2551 879 2749 928 contra
2787 878 2819 925 2
2854 891 3171 944 compares,
3209 881 3265 928 et
3316 876 3408 929 hic
3454 890 3683 945 quoque

1992 963 2164 1033 dupla
2195 965 2488 1033 proportio
2521 969 2624 1030 est,
2661 979 2802 1034 quos
2827 967 2940 1015 tres
2991 964 3271 1017 terminos
3332 965 3377 1017 si
3412 963 3682 1017 continue

1991 1053 2333 1120 consideres,
2359 1070 2422 1107 ex
2456 1054 2674 1107 duabus
2699 1053 3168 1122 proportionibus
3199 1055 3264 1108 lit
3285 1054 3680 1124 proportione.-

1992 1143 2140 1196 litas.
2178 1144 2242 1195 Et
2277 1148 2360 1195 est
2390 1142 2916 1211 proportionalitas,
2956 1158 3134 1195 unum
3171 1143 3239 1195 ad
3298 1144 3427 1207 duo,
3463 1148 3520 1194 et
3571 1143 3684 1194 duo

1993 1232 2064 1285 ad
2095 1236 2356 1302 quatuor.
2387 1233 2474 1284 Est
2492 1231 2646 1284 enim
2671 1231 3197 1300 proportionalitas,
3236 1236 3293 1285 ut
3338 1232 3553 1285 dictum
3578 1236 3682 1296 est,

1993 1321 2251 1374 collectio
2295 1321 2735 1390 proportionum
2783 1321 2843 1373 in
2889 1336 3181 1390 unumque
3243 1319 3515 1373 redactio.
3599 1319 3687 1372 Fit

1993 1410 2162 1464 etiam
2194 1409 2325 1462 etin
2349 1409 2716 1477 longioribus.
2742 1410 2881 1461 Nam
2914 1409 2960 1460 si
2991 1414 3235 1477 quatuor
3262 1409 3374 1461 illis
3417 1413 3544 1461 octo
3578 1424 3682 1460 ve-

1995 1500 2061 1553 lis
2097 1499 2432 1568 adjungere,
2490 1502 2543 1550 et
2573 1497 2769 1564 111516,
2804 1502 2860 1550 et
2899 1496 2986 1549 his
3033 1499 3120 1563 32,
3171 1502 3227 1550 et
3255 1497 3522 1565 deinceps
3578 1497 3682 1550 du-

1994 1590 2122 1658 plus
2154 1588 2251 1657 qui
2274 1591 2628 1656 sequuntur,
2660 1584 2724 1640 fit
2756 1587 2816 1638 in
2848 1585 3114 1638 omnibus
3149 1585 3322 1654 dupla
3373 1585 3689 1654 proportio-

1995 1676 2197 1730 nalitas
2229 1693 2295 1730 ex
2326 1674 2792 1745 proportionibus
2825 1673 3035 1743 duplis.
3067 1674 3245 1741 Igitur
3284 1675 3508 1743 quoties
3539 1688 3688 1725 unus

1997 1771 2168 1836 atque
2200 1765 2350 1818 idem
2381 1763 2680 1829 terminus,
2723 1762 2798 1815 ita
2824 1762 3046 1815 duobus
3073 1761 3284 1815 circum
3336 1777 3394 1814 se
3430 1761 3691 1814 terminis

1998 1855 2400 1918 communicat,
2434 1857 2497 1904 ut
2525 1851 2595 1904 ad
2632 1866 2813 1904 unum
2875 1851 2988 1904 dux
3035 1849 3126 1911 sit,
3165 1850 3234 1903 ad
3258 1849 3432 1902 alium
3479 1864 3690 1914 comes,

1999 1945 2120 1998 haec
2142 1941 2642 2013 proportionalitas
2664 1940 2934 1992 continua
2959 1944 3210 2002 vocatur,
3245 1943 3306 1991 ut
3337 1953 3508 2002 unus,
3542 1937 3677 2003 duo,

2001 2036 2264 2102 quatuor.
2285 2030 2378 2081 Est
2411 2028 2562 2081 enim
2607 2027 2906 2096 mqualitas
2958 2028 3015 2079 in
3057 2027 3144 2080 his
3177 2026 3590 2097 proportionis,
3637 2029 3696 2079 et

2001 2117 2486 2191 quemadmodum
2514 2121 2648 2169 sunt
2686 2117 2718 2167 4
2748 2116 2817 2168 ad
2854 2118 2907 2180 2,
2937 2116 3014 2168 sic
3047 2121 3178 2169 sunt
3207 2116 3318 2169 duo
3361 2116 3429 2168 ad
3490 2131 3691 2168 unum.

2002 2212 2066 2265 Et
2103 2225 2318 2274 rursus,
2351 2206 2850 2278 'quemadmodum
2884 2222 3031 2259 unus
3064 2206 3130 2259 ad
3162 2206 3294 2271 duo,
3329 2204 3407 2258 sic
3455 2203 3569 2256 duo
3624 2202 3697 2256 ad

2002 2302 2263 2370 quatuor.
2293 2299 2357 2350 Et
2403 2296 2722 2349 secundum
2753 2294 3135 2364 quantitatem
3175 2309 3404 2364 quoque
3443 2291 3693 2358 numeri,

2005 2388 2204 2442 eodem
2234 2385 2404 2439 modo
2430 2389 2530 2438 est.
2568 2383 2859 2448 Quantum
2896 2383 3049 2436 enim
3085 2388 3198 2435 tres
3226 2387 3502 2451 superant
3539 2380 3697 2434 bina-

2006 2475 2176 2541 rium,
2209 2479 2432 2527 tantum
2459 2473 2714 2526 binarius
2750 2473 3047 2537 unitatem,
3085 2475 3142 2524 et
3178 2479 3460 2540 quantum
3492 2485 3639 2521 unus
3665 2483 3698 2520 a

2005 2565 2226 2620 duobus
2250 2563 2440 2616 minor
2471 2567 2577 2630 est,
2622 2566 2844 2615 tantum
2865 2560 3140 2623 binarius
3188 2576 3221 2612 a
3249 2558 3501 2613 ternario
3530 2572 3696 2626 supe—

2006 2659 2183 2707 ratur.
2214 2652 2312 2706 Sin
2365 2667 2498 2704 vero
2539 2651 2684 2703 alius
2733 2650 2802 2704 ad
2850 2666 3033 2703 unum
3086 2649 3333 2702 refertur
3389 2647 3695 2711 terminus,

2008 2743 2152 2796 alius
2197 2757 2328 2794 vero
2379 2740 2447 2793 ad
2478 2739 2675 2804 alium,
2717 2754 2947 2792 necesse
3003 2742 3087 2791 est
3127 2736 3535 2807 habitudinem
3584 2734 3698 2787 dis-

2002 2834 2259 2903 junctam
2294 2829 2501 2882 vocari.
2543 2829 2610 2882 Ut
2645 2828 2713 2881 ad
2742 2828 3140 2897 [aequalitatem
3189 2825 3421 2895 quidem
3453 2837 3700 2892 propor-

2008 2918 2179 2970 tionis
2210 2921 2364 2981 sunt,
2398 2919 2443 2982 1,
2477 2919 2529 2982 2,
2565 2917 2617 2981 4,
2652 2918 2718 2981 8;
2752 2915 2829 2968 sic
2861 2915 3017 2968 enim
3043 2918 3176 2967 sunt
3210 2911 3700 2984 quemadmodum

1943 3014 1982 3068 C
2013 3007 2126 3059 duo
2167 3006 2235 3058 ad
2284 3021 2487 3070 unum,
2537 3004 2583 3057 si
2617 3009 2742 3057 octo
2790 3003 2859 3056 ad
2908 3008 3176 3072 quatuor,
3236 3007 3292 3054 et
3349 2998 3691 3060 conversim,

2017 3093 2505 3166 quemadmodum
2534 3108 2682 3146 unus
2705 3093 2773 3145 ad
2806 3093 2941 3156 duo,
2967 3092 3044 3144 sic
3076 3097 3324 3160 quatuor
3363 3089 3434 3141 ad
3459 3092 3601 3140 octo.
3637 3087 3704 3139 Et

2017 3183 2409 3254 permutatim,
2456 3181 2947 3251 quemadmodum
2995 3185 3240 3249 quatuor
3270 3179 3336 3231 ad
3385 3191 3586 3242 unum,
3625 3174 3704 3226 sic

2019 3276 2145 3326 octo
2192 3271 2263 3324 ad
2292 3269 2601 3323 binarium.
2659 3268 2981 3322 Secundum
3015 3267 3391 3336 quantitatem
3434 3280 3564 3317 vero
3596 3278 3701 3315 nu-

2018 3361 2184 3426 meri,
2212 3365 2276 3413 ut
2309 3363 2442 3412 sunt
2471 3362 2515 3423 l,
2539 3361 2593 3422 2,
2626 3361 2679 3422 3,
2704 3359 2764 3422 li;
2800 3361 3079 3426 quantum
3123 3355 3275 3408 enim
3308 3369 3452 3406 unus
3485 3369 3517 3404 a
3561 3352 3704 3406 duo-

2020 3451 2124 3503 bus
2150 3449 2413 3513 vincitur,
2442 3452 2666 3500 tautum
2697 3445 2982 3498 ternarius
3014 3461 3043 3497 a
3068 3442 3433 3513 quaternario
3473 3455 3708 3509 supera-

2017 3543 2129 3593 tur.
2185 3539 2248 3591 Et
2278 3540 2557 3607 quantum
2577 3534 2688 3588 duo
2717 3549 2896 3588 unum
2926 3533 3181 3597 vincunt,
3205 3536 3360 3584 tanto
3391 3529 3707 3584 ternarium

2021 3624 2663 3698 quaternariustransit.
2702 3621 3037 3675 l’ermixtim
3079 3620 3272 3684 etiam,
3307 3623 3520 3689 quanto
3560 3632 3710 3670 unus

2020 3716 2204 3770 tribus
2241 3715 2428 3768 minor
2479 3719 2582 3777 est,
2630 3717 2788 3764 tanto
2844 3711 3100 3763 binarius
3172 3706 3556 3778 quaternario,
3622 3703 3708 3757 vel

2023 3809 2237 3875 quanto
2291 3801 2575 3856 ternarius
2612 3801 2892 3854 unitatem
2936 3803 3171 3869 superat
3212 3801 3367 3851 tanto
3422 3794 3712 3850 binarium

2022 3891 2442 3961 transgreditur
2474 3889 2894 3959 quaternarius.

2672 3977 2897 4031 CAPUT
2931 3976 3064 4030 XLI.

2096 4070 2224 4135 Quae
2253 4066 2404 4138 apud
2453 4067 2706 4135 antiquos
2752 4065 3237 4134 proportionalitas
3286 4063 3455 4129 fuerit
3501 4065 3549 4114 et
3578 4074 3713 4128 quas

2583 4157 2790 4222 posteri
2811 4153 3146 4207 addiderint.

2098 4246 2378 4301 Confessae
2414 4243 2644 4314 quidem
2681 4248 2738 4296 et
2768 4243 2919 4313 apud
2969 4238 3326 4310 antiquiores
3353 4243 3522 4302 notae,
3558 4252 3716 4306 qua:-

2029 4351 2138 4406 que
2190 4334 2254 4388 ad
2300 4333 2634 4404 Pythagorae
2665 4332 2751 4384 vel
2803 4329 3052 4384 Platonis
3080 4330 3163 4380 vel
3191 4326 3503 4380 Aristotelis
3535 4323 3718 4376 scien-

2028 4425 2168 4479 tiam
2202 4427 2610 4494 pervcneruut,
2644 4422 2731 4474 ha:
2757 4419 3235 4475 tres'mcdietates
3267 4419 3400 4467 sunt
3453 4412 3722 4466 arithme-

2028 4515 2161 4578 tica,
2197 4512 2562 4583 geometrica,
2595 4510 2947 4564 harmonica.
2985 4500 3721 4576 Postquasproportionum

2031 4602 2413 4667 habitudines,
2447 4606 2560 4654 tres
2590 4600 2715 4653 alite
2749 4605 2881 4652 sunt
2913 4613 3040 4668 quas
3073 4595 3194 4648 sine
3229 4591 3461 4646 nomine
3491 4587 3723 4658 quidem

2030 4693 2313 4758 feruntur,
2349 4695 2624 4743 vocantur
2668 4693 2858 4742 autem
2896 4690 3118 4756 quarta,
3154 4682 3374 4752 quinta,
3418 4678 3506 4731 vel
3546 4680 3722 4741 sexta,

2033 4797 2160 4851 quae
2191 4779 2452 4849 superius
2487 4778 2648 4831 dictis
2683 4777 2959 4848 oppositae
3005 4778 3154 4826 sunt.
3205 4774 3275 4824 At
3322 4783 3455 4822 vero
3512 4763 3725 4836 posteri

2033 4873 2267 4940 propter
2298 4867 2520 4922 denarii
2544 4867 2770 4920 numeri
2803 4863 3232 4934 perfectionem,
3261 4858 3415 4929 quod
3438 4860 3558 4910 erat
3615 4857 3727 4924 Py-

2033 4960 2288 5028 thagorm
2311 4957 2736 5027 complacitum.
2773 4954 3110 5007 medietates
3133 4952 3272 5003 alias
3303 4953 3551 5020 quatuor
3575 4942 3730 4997 addi-

2035 5049 2263 5111 derunt,
2298 5046 2437 5099 utin
2470 5047 2557 5099 liis
2581 5040 3238 5114 proportionalitatibus,
3271 5034 3522 5092 denariac
3546 5048 3725 5102 quan-

2036 5137 2213 5192 titatis
2245 5152 2450 5206 corpus
2486 5135 2796 5188 efficerent.
2845 5129 3174 5185 Secundum
3205 5143 3376 5198 quem
3422 5135 3728 5176 numerum

2039 5232 2094 5280 et
2147 5226 2366 5296 priores
2431 5223 2686 5294 quinque
2745 5219 3107 5274 habitudines
3159 5212 3729 5285 comparationesque

2041 5315 2340 5382 descriptae
2388 5317 2538 5370 sunt,
2575 5311 2667 5364 ubi
2703 5310 2959 5380 quinque
2995 5305 3305 5375 majoribus
3337 5296 3729 5370 proportioni-

2041 5404 2166 5468 bus,
2196 5417 2336 5472 quos
2381 5398 2708 5452 vocavimus
2737 5399 2907 5452 duces
2942 5397 3192 5449 minores
3223 5389 3542 5461 aptavimus
3592 5385 3732 5438 alios

2041 5491 2315 5546 terminos
2365 5505 2507 5560 quos
2547 5488 2782 5541 comites
2807 5487 3073 5541 diximus.
3113 5481 3248 5534 Inde
3295 5477 3469 5531 etiam
3500 5476 3561 5529 in
3600 5473 3733 5528 Ari-

2044 5580 2299 5635 stotelica
2327 5582 2497 5649 atque
2543 5578 2804 5647 Archytae
2835 5576 2995 5646 prius
3059 5571 3118 5624 10
3152 5565 3734 5638 praedicamentorum
