4104 6176
414 357 546 409 1147

1738 356 1855 410 AN.
1898 357 2104 412 MANL.
2149 358 2295 413 SEV.
2343 357 2564 412 BOETlI

3735 363 3845 416 1148

410 484 809 556 descriptione,
870 483 1310 555 Pythagoricum
1373 485 1676 540 denarium
1725 486 2097 542 manifestum
2135 493 2177 547 Α
2207 488 2431 552 rentius,
2461 487 2864 560 proportiones
2893 502 3026 542 vero
3060 487 3205 544 alite.
3225 488 3481 560 Namque
3494 489 3602 545 duo
3621 490 3847 547 adunum

409 579 492 628 est
523 573 782 628 inveniri.
819 574 1298 645 Quandoquidem
1345 580 1400 629 et
1431 575 1590 629 Plato
1645 575 2096 630 studiosissimus

412 664 740 734 Pythagoras
790 664 1102 717 secundum
1131 681 1257 718 eam
1290 665 1732 735 disputationem
1785 665 2006 728 dividit,
2041 670 2097 720 et

413 751 680 822 Archytas
711 752 1123 822 Pythagoricus
1172 759 1302 807 ante
1345 755 1705 808 Aristotelem
1745 755 1900 825 (licet
1956 755 2096 826 qui-

411 840 643 894 busdam
657 840 728 894 sit
749 842 1106 912 ambiguum)
1133 845 1328 897 decem
1354 845 1472 897 haec
1491 843 1941 914 praedicamenta
1965 860 2094 899 con-

405 929 610 983 stituit.
666 931 801 984 Inde
847 932 1017 984 etiam
1063 935 1120 984 ~10
1160 933 1551 986 membrorum
1600 931 1917 1002 particulas,
1961 933 2095 987 inde

405 1017 512 1070 alia
560 1020 846 1088 permulta
900 1036 1026 1091 quae
1050 1022 1242 1073 omnia
1271 1021 1538 1091 persequi
1579 1037 1696 1075 non
1731 1025 1814 1074 est
1840 1036 2091 1074 necesse.

1036 1109 1260 1163 CAPUT
1291 1110 1444 1164 XLII.

408 1195 561 1260 Quod
584 1202 822 1266 primum
856 1198 920 1251 de
966 1214 1028 1251 ea
1055 1215 1171 1266 quae
1214 1205 1436 1253 vocatur
1483 1199 1832 1253 arithmetica
1860 1214 2090 1267 propor-

865 1290 1168 1342 tionalitate
1197 1289 1481 1343 dicendum
1519 1296 1617 1344 est.

477 1375 637 1428 Nunc
668 1391 798 1429 vero
836 1377 904 1429 de
946 1377 1603 1446 proportionalitatibus,
1651 1377 1832 1448 deque
1879 1377 2094 1431 medie-

405 1464 612 1517 tatibus
641 1464 944 1518 dicendum
977 1470 1077 1518 est.
1113 1466 1178 1518 Et
1205 1465 1456 1534 primum
1489 1466 1720 1535 quidem
1777 1465 1846 1520 de
1879 1482 1943 1519 ea
1970 1481 2097 1518 me-

404 1552 611 1607 dietate
687 1555 1078 1620 tractabimus,
1155 1571 1283 1624 qua}.
1361 1555 1675 1608 secundum
1757 1554 2097 1624 quantitatis

406 1642 808 1712 inqualitatem,
833 1644 1089 1712 neglecta
1115 1643 1503 1712 proportionis
1535 1643 1841 1713 parilitate,
1884 1643 2094 1696 consti-

407 1737 659 1784 tutorum
683 1731 1061 1784 terminorum
1089 1731 1456 1785 habitudines
1485 1737 1690 1785 servat.
1722 1732 1785 1785 In
1803 1732 1888 1785 his
1904 1736 2099 1785 autem

406 1819 823 1889 quantitatibus
863 1820 1136 1872 medietas
1169 1821 1274 1873 ista
1301 1826 1580 1888 versatur,
1616 1821 1790 1890 inque
1823 1821 1910 1874 his
1958 1837 2094 1890 spe-

405 1907 646 1960 culanda
676 1911 778 1972 est,
827 1908 887 1960 in
916 1908 1123 1978 quibus
1180 1925 1210 1960 a
1260 1909 1463 1979 seipsis
1517 1909 1752 1962 termini
1797 1909 2090 1962 differunt.

409 1995 554 2060 Quid
584 2001 776 2050 autem
798 2002 943 2050 esset
963 1997 1680 2051 differentiaterminorum
1710 1998 1974 2069 superius
1994 1997 2096 2051 dif.

411 2084 629 2139 .‘initum
661 2091 763 2139 est.
808 2087 959 2140 lianc
990 2093 1181 2140 autem
1213 2103 1334 2139 esse
1371 2087 1789 2141 arithmeticam
1824 2086 2098 2141 medieta-

410 2179 539 2241 tem,
576 2175 1088 2244 numerorumipsa
1121 2175 1266 2227 ratio
1303 2175 1631 2241 declarabit,
1659 2176 1933 2245 quoniam
1975 2174 2098 2243 ejus

409 2255 697 2325 proportio
731 2255 788 2308 in
821 2256 1046 2308 numeri
1080 2257 1396 2325 quantitate
1429 2257 1706 2310 consistit.
1742 2258 1878 2321 Quae.
1919 2257 2099 2327 igitur

407 2359 574 2396 causa
620 2349 723 2407 est,
753 2344 1085 2412 hujusmodi
1131 2345 1511 2398 terminorum
1561 2345 1978 2411 habitudinem,
2039 2344 2098 2399 id

409 2435 492 2484 est
548 2431 991 2499 arithmeticam,
1027 2433 1244 2484 cunctis
1292 2433 1418 2484 aliis
1466 2433 2100 2502 proportionalitatibus

409 2521 800 2588 anteponere?
848 2520 1103 2573 Primum
1139 2521 1288 2590 quod
1323 2521 1468 2574 hanc
1503 2522 1666 2574 nobis
1718 2523 1775 2574 in
1809 2521 2096 2591 principio

412 2609 530 2677 ipsa
569 2624 945 2662 numerorum
979 2615 1205 2674 natura,
1255 2616 1309 2662 et
1341 2612 1422 2662 vis
1456 2611 1731 2664 naturalis
1763 2611 2100 2682 quantitatis

408 2697 664 2766 opponit.
721 2696 1050 2765 Hujusmodi
1087 2699 1242 2751 enim
1274 2700 1676 2769 proportiones
1739 2716 1984 2771 quaeque
2029 2699 2097 2754 ad

414 2787 784 2839 icrminorum
828 2786 1182 2839 differentias
1212 2788 1521 2856 pertinent,
1549 2795 1613 2841 ut
1643 2789 1814 2859 paulo
1856 2795 1982 2859 post
2002 2788 2099 2842 de-

412 2875 837 2940 monstrabitur,
876 2874 932 2927 in
986 2876 1260 2928 naturalis
1293 2876 1544 2944 primum
1594 2877 1818 2930 numeri
1865 2876 2102 2946 disposi-

408 2965 556 3017 tione
615 2964 1031 3033 cognoscimus.
1093 2965 1325 3032 Deinde,
1381 2966 1536 3036 quod
1603 2967 1894 3036 superiore
1952 2967 2098 3020 libro

428 3052 830 3122 iisputantibus
862 3053 1025 3106 nobis
1056 3055 1344 3123 apparuit,
1370 3054 1788 3107 arithmeticam
1818 3054 1930 3107 vim
1967 3071 2099 3124 geo-
2139 3071 2179 3126 ρ

411 3142 639 3195 metrica
682 3148 850 3212 atque
884 3142 1096 3195 musica
1120 3159 1239 3195 esse
1271 3143 1677 3213 antiquiorem,
1712 3147 1768 3197 et
1788 3143 1942 3214 quod
1973 3144 2097 3196 illa-

412 3251 481 3288 ..|,
506 3231 606 3283 has
637 3231 804 3284 simul
829 3231 1082 3296 inferret,
1131 3233 1356 3285 sublata
1384 3248 1519 3284 vero
1556 3232 1880 3302 perimeret.
1915 3233 2100 3296 Quare

407 3320 600 3373 ordine
632 3319 942 3389 disputatio
964 3321 1350 3389 progreditur,
1375 3320 1418 3374 si
1453 3321 1524 3375 ab
1547 3338 1613 3376 ea
1644 3323 1803 3392 prius
1826 3323 2100 3375 inchoan-

408 3411 541 3460 .lum
566 3408 635 3460 sit
669 3409 994 3472 medietate,
1031 3426 1156 3478 qua:
1187 3411 1245 3462 in
1274 3411 1499 3462 numeri
1529 3411 1874 3476 differentia,
1907 3410 2102 3464 nonin

413 3495 797 3566 proportionis
828 3497 1215 3563 speculatione
1253 3503 1531 3550 versatur.

1034 3587 1258 3639 CAPUT
1293 3586 1474 3638 XLIII.

508 3677 580 3727 De
609 3672 957 3727 arithmetica
977 3674 1262 3728 medietate
1289 3676 1513 3742 ejusque
1543 3673 1995 3742 proprietatibus.

479 3762 908 3816 Arithmeticam
971 3762 1332 3816 medietatem
1401 3777 1687 3827 vocamus,
1740 3763 1965 3831 quoties
2019 3763 2105 3816 vel

412 3852 591 3904 tribus
625 3853 710 3904 vel
768 3852 1047 3921 quotlibet
1077 3851 1336 3904 terminis
1369 3850 1591 3920 positis,
1639 3851 1873 3920 aequalis
1928 3857 2098 3921 atque

413 3940 607 3993 eadem
656 3940 976 3993 differentia
1026 3939 1176 3993 inter
1206 3955 1405 3992 omnes
1462 3939 1767 4009 dispositos
1829 3940 2105 3993 terminos

412 4028 716 4082 invenitur.
744 4029 801 4081 In
842 4044 974 4098 qua,
1007 4030 1264 4097 neglecta
1297 4027 1689 4097 proportionis
1751 4027 2102 4097 aequalitate,

411 4117 784 4170 terminorum
819 4121 1043 4170 tantum
1074 4117 1642 4186 ditf‘erentiarumque
1666 4116 1980 4186 speculatio
2011 4131 2106 4168 cu-

413 4206 675 4270 stoditur,
703 4211 763 4258 ut
796 4209 840 4271 l,
871 4208 920 4271 2,
955 4207 1007 4272 3,
1043 4207 1094 4270 4,
1133 4209 1186 4273 5,
1231 4207 1283 4270 6,
1309 4210 1364 4270 7,
1407 4208 1460 4271 8,
1493 4207 1546 4268 9,
1583 4209 1662 4257 tO.
1697 4206 1759 4258 In
1793 4205 1897 4257 hac
1948 4205 2106 4257 enim

414 4295 684 4347 naturalis
731 4293 950 4346 numeri
1014 4293 1406 4362 dispositione,
1467 4291 1510 4344 si
1544 4292 1674 4362 quis
1719 4288 2105 4344 continuatim

2208 578 2418 648 duplus
2463 583 2565 646 est,
2596 583 2711 632 tres
2769 577 2840 632 ad
2866 578 3000 646 duo,
3061 578 3415 649 sesquialter,
3464 584 3520 634 et
3563 581 3620 633 in
3666 581 3850 635 caeteris

2205 667 2358 722 idem
2386 666 2624 722 videbis.
2661 668 2759 722 Sin
2788 672 2981 722 autem
3009 667 3360 739 permiscens
3390 673 3445 722 et
3481 669 3691 740 aliquos
3731 685 3851 739 prte-

2205 756 2417 811 teriens
2439 757 2636 828 eligas,
2667 763 2724 811 et
2740 756 2798 811 in
2828 757 2917 810 his
2941 757 3195 828 aliquam
3218 757 3658 826 speculationem
3684 773 3852 826 ponas,

2205 845 2361 901 idem
2387 845 2595 918 poterit
2625 847 2873 901 evenire.
2912 847 3054 901 Nam
3075 844 3120 899 si
3151 845 3398 916 aequales
3417 845 3684 900 terminos
3713 845 3856 899 inter-

2207 935 2420 1002 mittas,
2455 940 2510 989 et
2539 951 2662 990 sese
2706 935 2766 988 in
2791 935 2984 1006 priore
3016 934 3390 1005 dispositione
3437 939 3782 1005 praetereant,
3822 933 3858 987 si

2206 1023 2460 1094 singulos
2489 1023 2854 1091 intermittas,
2876 1023 3052 1078 solius
3077 1022 3287 1078 binarii
3315 1023 3606 1078 notabitur
3633 1021 3860 1075 differen-

2204 1113 2301 1181 tia,
2331 1115 2418 1165 sin
2444 1129 2574 1166 vero
2615 1114 2728 1166 duo
2760 1117 3084 1183 praetereas,
3119 1112 3374 1180 ternarii,
3408 1113 3453 1166 si
3505 1119 3638 1177 tres,
3670 1117 3860 1182 quater-

2205 1201 2376 1268 narii,
2411 1207 2466 1254 et
2499 1202 2567 1254 ad
2619 1202 2888 1256 eumdem
2930 1201 3168 1256 modum
3213 1218 3329 1256 uno
3362 1202 3489 1271 plus
3519 1216 3684 1271 quam
3711 1199 3861 1252 inter-

2205 1289 2448 1354 miseris,
2480 1291 2590 1342 erit
2610 1290 2706 1343 illa
2727 1306 2902 1360 quam
2930 1291 3244 1360 quaerimus
3272 1288 3597 1344 differentia
3625 1287 3862 1341 termino-

2203 1393 2354 1432 rum.
2379 1378 2638 1449 Namque
2671 1379 2720 1431 si
2745 1380 2805 1432 in
2836 1380 3019 1432 tribus
3053 1379 3313 1432 terminis
3330 1379 3542 1447 singuli
3587 1379 3863 1446 relinquan-

2208 1473 2324 1535 tur,
2354 1467 2609 1521 binarius
2639 1483 2865 1538 semper
2893 1467 3176 1522 intererit.

2871 1555 3222 1604 Differentize.

2278 1654 3640 2083 ,ῥέξ’τέ
3726 1952 3770 1961 ,

2268 1981 3048 2092 __._.'__..._._i_.._3
3283 1988 3348 2066 4
3563 1975 3611 2061 ί
3745 2068 3784 2079 .-

2747 2103 3320 2376 Ἂν

2891 2415 3216 2466 lntermissi.

2208 2501 2446 2556 Videsne
2473 2505 2535 2556 ut
2565 2515 2694 2555 cum
2726 2497 2990 2568 superius
3022 2497 3081 2550 in
3113 2492 3388 2549 naturalis
3420 2489 3651 2546 numeri
3700 2488 3868 2556 dispo—

2207 2590 2414 2645 sitione
2446 2606 2504 2645 se
2539 2589 2770 2644 termini
2811 2587 3052 2657 singulis
3085 2585 3451 2656 praeterirent
3509 2575 3870 2652 praetermissis

2209 2680 2433 2735 duobus
2475 2685 2532 2734 et
2560 2681 2612 2746 4,
2647 2695 2798 2733 unus
2827 2678 2894 2732 ad
2941 2681 3075 2740 tres,
3110 2681 3162 2728 et
3192 2679 3221 2730 3
3264 2675 3331 2728 ad
3377 2671 3708 2745 quinarium
3742 2683 3868 2722 com-

2211 2768 2417 2839 parati,
2451 2767 2740 2822 binarium
2773 2766 2961 2819 solum
2994 2763 3054 2817 in
3072 2761 3397 2818 differentia
3415 2758 3766 2814 retinuerint.
3783 2757 3872 2810 Nec

2215 2873 2333 2912 non
2373 2855 2544 2910 etiam
2576 2855 2636 2910 in
2667 2854 2952 2925 disjuncta
2983 2852 3182 2906 eadem
3213 2850 3538 2904 versabitur
3562 2847 3864 2903 observatio.

2886 2958 3235 3007 Diﬂ'erentize.

2499 3077 2605 3255 ,2
3405 3183 3453 3232 Ζ
3485 3083 3674 3328 \\

2305 3382 2452 3463 ιη).
2508 3346 3094 3455 Ε
3187 3366 3239 3448 Γ
3288 3347 3670 3452 n
3712 3332 3740 3340 υ

2519 3340 2646 3701 Ἐκ,
2895 3339 3134 3683 ἓξ
3252 3515 3546 3723 _,,/

2897 3762 3225 3814 Intermissi.

2211 3853 2439 3908 Talibus
2479 3851 2655 3922 igitur
2685 3845 2935 3917 vestigiis
2965 3843 3341 3905 insistentem,
3373 3838 3569 3892 nullus
3601 3834 3668 3888 ab
3703 3829 3872 3922 eadem

2215 3917 2592 3994 similitudine
2637 3949 2796 3990 error
2849 3931 3111 3986 abducet.
3155 3929 3410 3996 Namque
3441 3923 3491 3976 si
3539 3922 3677 3976 duos
3722 3917 3874 3970 inter-

2215 4029 2423 4093 mittas,
2478 4022 2762 4079 ternarius
2822 4015 3204 4075 differentiam
3271 4010 3606 4075 continebit,
3664 4007 3708 4061 si
3759 4012 3872 4099 tres,

2214 4111 2638 4186 quaternarius,
2682 4109 2728 4162 si
2781 4112 3050 4178 quatuor,
3085 4101 3404 4174 quinarius,
3438 4114 3605 4170 teque
3631 4097 3686 4150 in
3718 4097 3871 4148 conti-

2213 4202 2344 4258 nuis
2366 4197 2839 4272 proportionibus
2869 4200 3040 4264 atque
3063 4190 3382 4261 disjunctis.
3425 4186 3682 4276 Qualitas
3709 4188 3873 4276 autem

2218 4288 2605 4362 proportionis
2681 4285 2881 4339 eadem
2929 4298 3045 4336 non
3089 4281 3217 4346 erit,
3279 4277 3540 4350 quamvis
3580 4275 3699 4362 sint
3724 4275 3874 4340 aequis

411 4383 757 4436 differentias
806 4361 1185 4435 tcrminorum
1241 4388 1401 4434 curet
1449 4361 1722 4449 aspicere,
1785 4379 2101 4432 secundum
2141 4367 2184 4420 Ι)
2217 4377 2445 4434 termini
2478 4373 2812 4431 differentiis
2840 4369 3144 4426 distributi.
3172 4367 3332 4432 Quod
3375 4365 3420 4419 si
3452 4361 3759 4419 conversim
3787 4374 3873 4449 po-

413 4471 827 4525 arithmeticam
856 4471 1238 4533 medietatem,
1265 4485 1428 4539 aequa
1455 4468 1831 4522 terminorum
1868 4468 2018 4521 inter
2047 4483 2106 4520 se

415 4559 794 4629 discrepantia
833 4566 931 4613 est.
977 4560 1241 4628 Aiquales
1272 4559 1426 4610 enim
1456 4563 1587 4609 sunt
1619 4557 1974 4620 differentiae,
2010 4557 2104 4610 sed

414 4647 613 4700 eadem
646 4649 939 4717 proportio
973 4654 1143 4717 atque
1185 4646 1460 4699 habitudo
1493 4662 1605 4698 non
1650 4652 1759 4699 est.
1810 4646 1867 4696 Si
1927 4644 2107 4714 igitur

418 4735 469 4786 in
502 4735 683 4788 tribus
714 4737 973 4789 terminis
1005 4734 1383 4788 consideratio
1415 4734 1503 4798 sit,
1541 4733 1814 4786 continua
1871 4749 2110 4803 propor-

416 4823 695 4874 tionalitas
735 4823 960 4876 dicitur.
997 4823 1095 4877 Sin
1128 4839 1261 4874 vero
1291 4822 1384 4875 hic
1417 4822 1558 4874 alius
1598 4822 1710 4874 dux
1742 4827 1797 4875 et
1835 4822 1978 4874 alius
2011 4837 2106 4874 co-

419 4926 555 4975 mes,
587 4910 702 4962 illic
730 4926 862 4964 vero
903 4912 1130 4980 utrique
1187 4911 1300 4964 sint
1329 4910 1448 4976 alii,
1484 4909 1778 4963 vocabitur
1827 4909 2108 4979 disjuncta

421 4999 713 5052 medietas.
764 4999 820 5052 Si
849 4999 1024 5069 igitur
1053 5001 1112 5052 in
1143 4999 1326 5053 tribus
1352 5003 1575 5052 tantum
1605 4998 1865 5052 terminis
1908 5014 2107 5052 secun-

415 5090 552 5142 dum
583 5087 913 5141 continuam
939 5088 1302 5142 medietatem
1335 5087 1710 5158 conspexeris,
1743 5087 1829 5140 vel
1861 5087 1920 5140 in
1966 5103 2106 5157 qua-

420 5186 562 5244 tuor,
600 5179 684 5230 vel
712 5178 770 5230 in
797 5177 1051 5247 quolibet
1073 5177 1198 5230 aliis
1218 5177 1532 5231 secundum
1569 5176 1937 5245 disjunctam,
1985 5193 2109 5229 eas-

419 5267 544 5319 item
561 5283 787 5336 semper
827 5266 1174 5320 differentias
1208 5267 1585 5318 terminorum
1621 5264 1857 5329 videbis,
1879 5271 2105 5318 tantum

420 5355 550 5406 solis
601 5355 1072 5424 proportionibus
1112 5355 1471 5423 permutatis.
1518 5355 1574 5407 Id
1622 5353 1668 5406 si
1720 5354 1778 5406 in
1818 5368 1935 5406 uno
1979 5353 2108 5423 quis

420 5443 654 5508 noverit,
690 5445 911 5513 reliqua
943 5460 1074 5496 eum
1116 5443 1261 5495 ratio
1316 5459 1431 5494 non
1466 5443 1684 5496 latebit.
1720 5442 1775 5496 Si
1835 5443 2108 5496 continua

422 5530 688 5583 medietas
725 5536 771 5596 1,
807 5536 860 5596 2,
885 5535 934 5584 3.
975 5533 1073 5585 llic
1103 5547 1250 5584 unus
1282 5546 1314 5582 a
1336 5531 1582 5594 duobus,
1605 5536 1659 5583 et
1691 5531 1802 5584 duo
1834 5549 1865 5584 a
1898 5531 2102 5600 tribus,

420 5616 549 5671 solis
580 5622 805 5672 tantum
852 5620 1093 5690 singulis
1125 5620 1355 5684 distant,
1403 5623 1458 5673 et
1504 5624 1638 5672 sunt
1689 5620 1903 5673 eaedem
1943 5619 2104 5674 diffe-

2217 4471 2450 4533 nantur,
2484 4469 2547 4518 ut
2589 4479 2706 4518 non
2737 4461 2950 4515 eisdem
3013 4456 3351 4512 differentiis
3401 4455 3602 4508 eadem
3660 4448 3874 4522 qualitas

2219 4553 2608 4628 proportionis
2638 4551 2885 4617 eveniat,
2919 4546 3270 4618 geometrica
3291 4544 3417 4598 talis
3455 4535 3871 4613 proportionali-

2217 4651 2324 4710 tas,
2383 4659 2497 4697 non
2556 4638 2914 4695 arithmetica
2960 4636 3311 4690 nominatur.
3378 4634 3464 4686 Est
3521 4637 3707 4685 autem
3762 4641 3878 4696 pro-

2217 4733 2409 4806 prium
2455 4731 2626 4800 hujus
2657 4726 2994 4791 medietatis,
3023 4725 3175 4796 quod
3224 4724 3270 4776 si
3316 4721 3373 4776 in
3406 4721 3589 4776 tribus
3648 4712 3876 4773 terminis

2217 4821 2531 4892 speculatio
2557 4817 2649 4882 sit,
2682 4815 3012 4886 compositis
3037 4811 3508 4877 extremitatibus,
3545 4809 3643 4863 illa
3682 4817 3876 4860 summa

2218 4927 2348 4982 quae
2382 4909 2530 4962 inter
2559 4905 2945 4961 extremitates
2977 4908 3080 4970 est,
3106 4918 3221 4955 non
3269 4902 3389 4954 loco
3428 4903 3674 4963 tantum,
3706 4905 3878 4949 verum

2218 4999 2386 5055 etiam
2419 4995 2823 5067 fitquantitate
2870 4991 3161 5047 medietas.
3217 4991 3284 5044 Ut
3329 4989 3377 5042 si
3410 4992 3696 5059 ponantur
3743 4987 3784 5047 Ι,
3835 4982 3877 5044 ‘2,

2216 5091 2268 5156 3,
2304 5103 2451 5140 unus
2477 5090 2534 5139 et
2579 5089 2692 5138 tres
2732 5087 2980 5154 quatuor
3016 5079 3281 5134 reddunt.
3332 5080 3474 5145 Duo,
3501 5091 3631 5130 vero
3662 5072 3755 5145 qui
3785 5083 3880 5122 me-

2217 5177 2346 5231 dius
2401 5177 2552 5228 inter
2583 5177 2854 5242 utrosque
2887 5175 2987 5237 est,
3021 5167 3372 5239 quaternarii
3424 5165 3696 5219 medietas
3736 5161 3876 5212 inve-

2217 5265 2393 5319 nitur.
2429 5261 2593 5327 Quod
2624 5261 2671 5315 si
2695 5261 2781 5314 bis
2811 5258 3178 5314 medietatem
3215 5259 3408 5321 ducas,
3440 5269 3640 5325 aequus
3663 5250 3764 5305 erit
3790 5262 3868 5299 ex-

2217 5352 2615 5409 tremitatibus.
2648 5351 2739 5403 Bis
2757 5349 2908 5403 enim
2939 5349 3074 5415 duo,
3112 5351 3358 5418 quatuor
3386 5347 3594 5398 creant.
3645 5340 3739 5395 Sin
3766 5349 3880 5389 vero

2218 5443 2502 5513 disjuncta
2566 5440 2656 5507 sit,
2709 5446 2864 5510 quod
2921 5437 2986 5490 fit
3031 5452 3095 5490 ex
3148 5435 3403 5505 utrisque
3461 5424 3880 5486 extremitatibus

2216 5530 2569 5602 compositis,
2620 5528 2727 5582 hoc
2783 5542 2852 5581 ex
2899 5524 3120 5580 duabus
3183 5522 3576 5576 medietatibus
3624 5515 3872 5571 redditur.

2219 5619 2276 5675 Si
2322 5601 2479 5675 enim
2501 5622 2634 5673 sunt
2668 5620 2717 5684 1,
2749 5618 2804 5682 2,
2837 5617 2889 5682 3,
2922 5617 2974 5683 4,
3011 5629 3162 5668 unus
3195 5616 3251 5666 et
3285 5616 3526 5683 quatuor
3569 5601 3874 5678 quinarium
