4104 6176
158 324 298 376 1149

1481 335 1569 389 DE
1610 337 2077 393 AltlTllMETltlA
2121 340 2247 394 LIB.
2293 342 2360 395 ΙΙ.

3526 354 3656 403 1150

147 459 365 552 creant,
397 457 510 513 duo
544 462 601 514 et
643 463 757 515 tres
795 462 975 517 medii
1029 463 1089 519 in
1121 465 1390 523 eumdem
1422 483 1619 524 rursus
1642 469 1844 542 quina-
1884 466 1935 524 A
1958 470 2204 527 minores
2245 474 2700 546 comparationes
2731 492 2959 533 necesse
2991 483 3076 533 est
3103 477 3368 536 inveniri.
3396 484 3655 557 Namque

148 545 303 600 rium
327 552 589 619 surgunt.

876 661 1151 713 Conﬁnua

614 1170 995 1179 Ἢ

1012 1170 1391 1179 __——.._.—

892 1263 980 1313 bis
1014 1261 1121 1311 duo

831 1356 1178 1476 Disco‘ntinua

705 1536 1235 1651 /"\

898 1699 939 1767 5

220 1581 1775 2260 [Γ.

710 2222 723 2233 1
885 2279 928 2347 5

148 2398 243 2452 Est
275 2397 363 2452 illi
411 2398 518 2451 hoc
559 2394 1009 2469 quoque'solida
1052 2396 1406 2467 proprietate
1455 2398 1851 2469 conjunctum,

148 2487 305 2557 quod
338 2486 829 2557 quemadmodum
860 2490 993 2541 sunt
1016 2503 1214 2541 omnes
1255 2488 1489 2542 termini
1524 2489 1855 2560 hujusmodi

147 2574 550 2644 dispositionis
581 2575 653 2628 ad
682 2574 921 2644 seipsos,
972 2575 1052 2628 ita
1092 2581 1225 2629 sunt
1256 2574 1592 2631 differentia:
1641 2578 1712 2632 ad
1750 2578 1856 2633 dif-

148 2662 425 2717 ferentias
479 2663 817 2717 constitutae.
881 2664 1139 2734 Namque
1193 2665 1379 2718 omnis
1436 2667 1717 2720 terminus
1748 2667 1857 2721 sibi

147 2753 261 2823 ipsi
290 2752 527 2824 aequalis
550 2756 653 2817 est,
678 2757 735 2806 et
754 2752 1093 2807 differentia:
1128 2753 1468 2808 differentiis
1496 2760 1629 2809 sunt
1660 2772 1852 2825 aequa-

148 2843 253 2897 les.
284 2841 434 2896 lllud
466 2856 697 2912 quoque
728 2842 1014 2911 subtilius,
1057 2844 1207 2913 quod
1252 2844 1419 2898 multi
1466 2845 1637 2914 hujus
1687 2844 1853 2899 disci-

148 2931 325 3002 plinae
358 2930 547 3001 periti,
588 2930 700 2983 nisi
751 2930 1128 2985 Nicomachus
1178 2949 1475 3004 nunquam
1521 2938 1685 2987 antea
1729 2951 1853 3005 per-

151 3023 489 3090 spexerunt,
523 3019 677 3089 quod
709 3019 771 3073 in
802 3020 959 3073 omni
991 3021 1385 3091 dispositione,
1435 3024 1521 3077 vel
1557 3024 1847 3086 continua,

150 3112 239 3163 vel
266 3110 568 3179 disjuncte,
601 3110 754 3180 quod
786 3110 1116 3164 continetur
1158 3112 1262 3165 sub
1309 3112 1528 3166 duabus
1583 3113 1852 3166 extremi-

149 3199 390 3267 tatibus,
422 3198 612 3252 minus
647 3204 731 3253 est
761 3216 828 3253 eo
870 3216 1113 3254 numero
1156 3201 1254 3271 qui
1281 3217 1349 3255 ex
1378 3202 1686 3255 medietate
1723 3218 1855 3255 con-

149 3288 366 3356 ﬁcitur,
400 3292 623 3342 tantum
646 3294 925 3359 quantum
954 3294 1191 3359 possunt
1221 3291 1348 3345 dua:
1381 3291 1484 3344 sub
1514 3308 1571 3344 se
1596 3292 1859 3345 differen-

149 3378 247 3431 tiae
269 3377 586 3443 continere,
623 3394 751 3448 quae
792 3378 941 3432 inter
973 3380 1127 3449 ipsos
1175 3384 1307 3433 sunt
1341 3380 1616 3433 terminos
1648 3382 1858 3435 consti-

150 3472 312 3522 tutae.
352 3470 639 3521 Ponamus
684 3468 837 3521 enim
874 3473 986 3521 tres
1044 3468 1321 3522 terminos
1353 3470 1686 3539 hujusmodi
1720 3474 1768 3537 3,
1806 3474 1857 3538 ὅ,

151 3562 205 3610 7.
242 3556 302 3610 Si
354 3556 531 3626 igitur
580 3560 694 3610 tres
728 3556 937 3626 septies
968 3561 1309 3625 augeantur,
1346 3558 1403 3611 in
1435 3562 1495 3610 21
1549 3575 1858 3612 numerum

152 3645 391 3700 cadunt.
436 3645 600 3709 Quod
632 3646 678 3698 si
727 3645 981 3699 medium
1014 3646 1350 3715 terminum,
1386 3647 1439 3701 id
1471 3655 1554 3701 est
1602 3651 1653 3712 ε’),
1688 3648 1745 3701 in
1781 3665 1859 3701 se-

151 3735 473 3805 metipsum
500 3734 986 3805 multiplicaveris,
1022 3735 1326 3807 quinquies
1355 3736 1611 3806 quinque
1644 3737 1861 3791 faciunt

152 3828 243 3877 233.
274 3825 347 3876 Et
395 3823 490 3877 hic
522 3839 798 3877 numerus
852 3824 920 3878 ab
956 3841 1021 3878 eo
1059 3841 1229 3895 quem
1261 3826 1646 3879 extremitates
1700 3827 1860 3879 colli-

152 3917 322 3983 gunt,
358 3912 727 3982 quaternario
751 3913 934 3983 major
964 3918 1066 3981 est,
1093 3930 1265 3984 quem
1290 3915 1502 3969 scilicet
1524 3915 1856 3969 differentiae

149 4000 490 4057 conficiunt.
526 4002 680 4055 Inter
711 4005 739 4056 3
767 4002 923 4057 enim
956 4008 1010 4057 et
1036 4007 1064 4055 ὅ
1089 4009 1145 4057 et
1173 4008 1203 4056 7
1228 4003 1348 4057 bini
1378 4004 1683 4070 intersunt,
1718 4021 1860 4074 quos

150 4092 195 4145 si
230 4092 290 4144 in
315 4106 439 4143 sese
471 4090 837 4160 multiplices,
866 4094 899 4144 4
928 4092 1195 4160 reddunt,
1228 4092 1314 4147 bis
1350 4092 1503 4147 enim
1536 4093 1668 4160 duo,
1713 4109 1856 4162 qua-

152 4184 285 4234 tuor
316 4178 484 4231 tiunt.
521 4179 688 4233 Recte
714 4180 892 4250 igitur
923 4181 1136 4235 dictum
1168 4186 1271 4250 est,
1305 4182 1362 4235 in
1396 4182 1501 4236 hac
1528 4180 1859 4251 hujusmodi

152 4266 536 4337 dispositione
594 4268 752 4338 quod
821 4270 1145 4325 continetur
1217 4270 1320 4325 sub
1381 4270 1857 4335 extremitatibus,

150 4358 353 4413 minus
382 4372 503 4409 esse
536 4355 632 4409 illo
659 4372 900 4413 numero
933 4360 1032 4430 qui
1062 4360 1129 4414 ﬁt
1170 4376 1236 4413 ex
1272 4360 1599 4430 medietate,
1637 4363 1861 4413 tantum
1899 4364 1943 4421 Ι)

153 4451 445 4520 quantum
491 4445 824 4502 differentiae
876 4448 936 4502 in
987 4466 1045 4503 se
1080 4449 1471 4521 multiplicatae
1521 4450 1860 4511 restituunt.

1432 4884 1481 4973 γ
1513 4799 1563 4848 ³
1604 4897 1684 4965 7

476 4922 843 5001 ΕΔΑ-1
922 4922 947 4976 )
1113 4922 1124 4980 ¹
1185 4922 1525 5003 2.1--)—

465 4922 1525 5221 ww,

155 5387 443 5451 Quartum
474 5400 605 5439 vero
634 5384 935 5456 proprium
977 5377 1308 5451 hujusmodi
1340 5376 1733 5449 dispositionis
1769 5393 1871 5431 no-

159 5481 337 5543 tatur,
373 5474 529 5547 quod
559 5474 917 5545 antiquiores
948 5486 1178 5542 quoque
1205 5469 1456 5523 habuere
1480 5467 1868 5535 notissimum,

160 5566 323 5636 quod
354 5565 417 5619 in
448 5565 555 5618 hac
581 5562 1116 5634 proportionalitate
1172 5560 1259 5613 vel
1294 5559 1617 5624 medietate,
1653 5557 1713 5609 in
1761 5556 1868 5609 mi-

156 5656 402 5709 noribus
424 5653 687 5709 terminis
714 5653 961 5724 majores
991 5648 1412 5722 proportiones,
1448 5646 1523 5719 in_
1547 5646 1868 5717 majoribus

1962 560 2022 614 in
2061 562 2432 633 dispositione
2456 566 2559 619 hac
2587 570 2631 632 1,
2664 569 2713 635 2,
2749 569 2799 635 3,
2838 567 3088 622 minores
3118 574 3254 624 sunt
3283 573 3517 627 termini
3552 579 3571 629 1
3602 580 3657 630 et

1962 652 2017 717 2,
2051 652 2292 721 majores
2322 656 2353 704 2
2386 656 2441 706 et
2473 657 2525 719 3,
2574 658 2628 707 et
2657 658 2687 706 2
2722 656 2790 709 ad
2822 671 3001 711 unum
3049 658 3255 728 duplus
3310 666 3416 727 est,
3460 666 3489 716 3
3524 679 3657 719 vero

1962 738 2031 792 ad
2062 741 2093 790 2
2124 739 2482 810 sesquialter,
2518 742 2614 795 sed
2646 742 2831 813 major
2862 750 2945 798 est
2964 748 3258 816 preportio
3289 749 3450 820 dupli
3480 768 3655 821 quam

1961 828 2351 898 sesquialtera,
2413 831 2477 884 In
2526 831 2857 886 harmonica
2885 839 3074 889 autem
3132 837 3459 905 medietate,
3494 857 3655 895 econ-

1958 918 2139 971 trario
2172 918 2397 973 evenire
2419 920 2715 990 contingit.
2752 924 2813 974 1n
2842 923 3161 978 minoribus
3192 926 3344 980 enim
3396 930 3655 984 terminis

1960 1005 2210 1059 minores
2257 1008 2679 1077 proportiones,
2715 1009 2775 1063 in
2811 1011 3126 1079 majoribus
3180 1017 3365 1086 major
3406 1034 3653 1089 propor-

1960 1093 2132 1147 tionis
2161 1096 2449 1166 quantitas
2480 1098 2817 1153 custoditur.
2854 1102 3064 1156 Harum
3087 1119 3217 1158 vero
3253 1106 3651 1175 medietatum,

1960 1182 2015 1236 id
2072 1189 2157 1237 est
2211 1184 2584 1240 arithmeticae
2645 1193 2813 1258 atque
2875 1191 3245 1261 harmonicae,
3310 1197 3656 1265 geometrica

1959 1272 2457 1341 proportionalitas
2487 1276 2817 1346 mediaiesse
2840 1283 3037 1335 notata
3063 1286 3167 1350 est,
3188 1300 3314 1353 quae.
3334 1287 3421 1339 vel
3448 1286 3507 1339 in
3537 1303 3655 1341 ma-

1956 1360 2178 1430 joribus
2210 1364 2297 1417 vel
2326 1363 2385 1418 in
2404 1364 2721 1420 minoribus
2748 1369 3033 1437 terminis,
3059 1387 3251 1441 aequas
3278 1388 3653 1428 numerorum

1964 1450 2263 1519 qualitates
2293 1452 2352 1506 in
2398 1456 2931 1523 proportionalitate
2978 1460 3240 1514 custodit.
3290 1462 3446 1515 Inter
3473 1464 3654 1533 majus

1964 1554 2095 1593 vero
2128 1545 2183 1593 et
2212 1540 2401 1595 minus
2446 1544 2739 1612 aequalitas
2779 1547 2900 1600 loco
2934 1548 3169 1617 ponitur
3215 1550 3555 1605 medietatis.
3594 1554 3656 1605 Et

1964 1628 2033 1682 de
2061 1629 2420 1684 arithmetica
2465 1631 2697 1702 quidem
2746 1635 3051 1690 medietate
3110 1638 3245 1691 satis
3284 1639 3496 1693 dictum
3549 1645 3649 1694 est.

2605 1721 2828 1777 CAPUT
2864 1724 3021 1778 XLIV

2037 1810 2113 1861 De
2138 1811 2459 1873 geometrica
2489 1811 2773 1866 medietate
2803 1814 3026 1883 ejusque
3052 1814 3498 1883 proprietatibus.

2038 1897 2198 1951 Nunc
2227 1914 2361 1952 vero
2392 1916 2518 1969 qua)
2550 1900 2696 1953 hanc
2725 1903 2980 1972 sequitur
3012 1901 3358 1973 geometrica
3384 1902 3659 1957 medietas

1969 1988 2320 2056 expediatur,
2345 2005 2469 2059 quae
2502 1989 2620 2043 sola
2650 1990 2737 2043 vel
2770 1991 3013 2045 maxime
3036 1991 3544 2062 proportionalitas
3562 2008 3659 2062 ap-

1968 2076 2170 2145 pellari
2204 2081 2406 2145 potest,
2440 2083 2746 2147 propterea
2776 2081 2932 2149 quod
2964 2080 3023 2133 in
3056 2097 3121 2134 ea
3154 2080 3367 2134 eisdem
3412 2097 3656 2150 propor-

1968 2165 2221 2219 tionibus
2259 2166 2660 2234 terminorum,
2698 2169 2783 2221 vel
2814 2169 2873 2222 in
2913 2170 3227 2239 majoribus
3259 2170 3345 2223 vel
3377 2170 3438 2223 in
3470 2169 3657 2224 mino-

1968 2254 2124 2308 ribus
2147 2255 2453 2325 speeulatio
2487 2257 2738 2327 ponitur.
2774 2257 2876 2311 Hic
2907 2258 3059 2312 enim
3084 2274 3247 2329 aequa
3278 2274 3505 2328 semper
3526 2274 3656 2328 pro-

1967 2345 2153 2415 portio
2182 2346 2517 2413 custoditur,
2548 2347 2777 2400 numeri
2810 2347 3100 2417 quantitas
3125 2347 3546 2418 multitudoque
3566 2362 3660 2401 ne-

1968 2433 2205 2505 gligitur
2226 2435 2507 2489 contrarie
2540 2453 2713 2507 quam
2746 2437 2805 2489 in
2838 2437 3195 2491 arithmetica
3236 2438 3563 2505 medietate,
3599 2439 3660 2491 ut

1968 2529 2100 2578 sunt
2134 2528 2174 2589 l,
2206 2527 2258 2591 2,
2292 2526 2344 2592 4,
2392 2528 2442 2593 8,
2482 2528 2562 2592 16,
2606 2528 2692 2591 32,
2735 2528 2821 2581 61.
2872 2526 2969 2580 Vel
3000 2526 3058 2579 in
3088 2526 3258 2596 tripla
3288 2526 3659 2595 proportione

1974 2617 2018 2681 1,
2047 2616 2099 2680 3,
2131 2616 2181 2680 9,
2207 2617 2295 2680 27,
2324 2618 2413 2669 81.
2474 2615 2571 2667 Vel
2615 2614 2661 2667 si
2707 2614 3047 2685 quadrupla,
3100 2616 3187 2668 vel
3244 2614 3288 2667 si
3320 2614 3655 2685 quincupla,

1965 2704 2051 2758 vel
2080 2704 2126 2756 si
2184 2703 2243 2756 in
2277 2704 2591 2774 quamlibet
2630 2703 3109 2774 multiplicitatem
3166 2720 3537 2757 numerorum
3588 2704 3662 2758 sit

1966 2792 2275 2846 constituta
2306 2792 2599 2846 distensio.
2644 2794 2705 2846 In
2754 2793 2843 2846 his
2882 2792 3035 2846 enim
3069 2793 3346 2863 quotlibet
3380 2793 3661 2847 terminos

1966 2882 2296 2951 sumpseris,
2382 2880 2694 2949 explebunt
2775 2880 3181 2951 geometricam
3268 2880 3655 2948 medietatem,

1965 2970 2451 3042 quemadmodum
2481 2975 2609 3023 ante
2641 2970 2800 3040 prior
2828 2970 2895 3023 ad
2926 2973 3285 3039 sequentem,
3310 2969 3389 3022 ita
3412 2986 3658 3039 sequens

1892 3076 1931 3130 ρ
1964 3061 2032 3114 ad
2064 3060 2260 3113 alium.
2308 3061 2371 3113 Et
2422 3075 2638 3124 rursus,
2691 3059 2737 3111 si
2770 3058 3047 3128 permixte
3098 3058 3291 3123 facias,
3334 3057 3487 3111 idem
3528 3058 3655 3113 erit.

1966 3148 2021 3202 Si
2053 3148 2208 3201 enim
2238 3152 2529 3217 ponantur
2554 3151 2669 3199 tres
2704 3147 2934 3200 termini
2966 3151 3017 3212 2,
3048 3148 3077 3197 at
3109 3150 3165 3199 et
3204 3149 3254 3213 8,
3288 3146 3660 3216 quemadmo-

1966 3238 2104 3291 dum
2138 3241 2271 3290 sunt
2299 3237 2330 3289 8
2356 3236 2423 3289 ad
2455 3236 2506 3303 4,
2536 3236 2615 3289 ita
2657 3236 2691 3289 4
2721 3236 2790 3289 ad
2823 3239 2872 3290 2.
2915 3239 3099 3306 Atque
3132 3236 3237 3289 hoc
3265 3236 3312 3289 si
3342 3240 3657 3302 convertas,

1967 3326 2453 3398 quemadmodum
2485 3330 2617 3378 sunt
2646 3329 2678 3379 2
2709 3326 2776 3379 ad
2808 3313 2859 3390 4,
2896 3324 2971 3377 ita
3002 3329 3170 3379 erunt
3198 3327 3231 3379 4
3258 3326 3329 3379 ad
3360 3328 3411 3379 8.

2366 3518 3269 3721 \hr/k//

2519 3755 2703 3817 Dupla
2954 3751 3131 3813 Dupla

3280 3428 3653 3436 ____——_——————

1966 3860 2063 3913 Vel
2103 3858 2239 3911 siin
2279 3859 2529 3927 quatuor
2574 3853 2858 3918 terminis,
2912 3859 2977 3906 ut
3007 3859 3139 3906 sunt
3168 3857 3200 3905 2
3232 3858 3287 3907 et
3329 3855 3383 3920 4,
3419 3857 3449 3908 8
3492 3857 3546 3908 et
3584 3856 3665 3921 16,

1970 3946 2457 4019 quemadmodum
2494 3947 2576 3996 est
2608 3944 2828 4013 primus
2860 3943 2928 3995 ad
2964 3942 3220 4009 tertium,
3252 3943 3305 3995 id
3339 3947 3421 3997 est
3449 3946 3480 3998 2
3512 3944 3582 3997 ad
3613 3946 3667 4009 8,

1969 4038 2047 4093 sic
2078 4037 2186 4090 erit
2212 4034 2491 4089 secundus
2514 4033 2581 4085 ad
2615 4036 2904 4102 quartum,
2934 4031 2989 4084 id
3024 4035 3106 4085 est
3136 4033 3167 4082 4
3197 4032 3265 4085 ad
3304 4035 3383 4085 l6.
3416 4033 3667 4102 Utraque

1970 4127 2121 4182 enim
2160 4123 2451 4195 proportio
2492 4121 2811 4192 quadrupla
2846 4124 2946 4172 est.
3000 4122 3064 4173 Et
3095 4120 3434 4185 conversim,
3470 4136 3667 4190 quem-

1972 4215 2278 4271 admodum
2306 4216 2544 4282 quartus
2575 4213 2659 4264 est
2692 4210 2762 4263 ad
2794 4209 3129 4270 secundum,
3174 4208 3253 4261 ita
3284 4209 3482 4261 tertius
3510 4212 3669 4261 nota-

1973 4312 2068 4361 tur
2100 4304 2167 4357 ad
2200 4302 2472 4374 primum.
2508 4303 2620 4354 Hoc
2652 4315 2785 4353 vero
2816 4297 2989 4352 etiam
3032 4297 3314 4367 disjuncte
3348 4298 3500 4350 licet.
3528 4298 3670 4351 Nam

1977 4391 2464 4467 quemadmodum
2496 4394 2580 4443 est
2619 4388 2841 4459 primus
2867 4388 2936 4441 ad
2985 4387 3322 4452 secundum,
3354 4386 3410 4440 id
3434 4390 3515 4439 est
3536 4389 3569 4438 2
3600 4385 3671 4439 ad

1973 4486 2029 4553 4,
2059 4486 2138 4537 sic
2158 4480 2359 4536 tertius
2404 4480 2473 4533 ad
2529 4483 2819 4549 quartum,
2852 4476 2909 4531 id
2944 4478 3077 4530 est8
3104 4476 3171 4529 ad
3208 4478 3265 4528 16
3293 4491 3305 4540 ;
3344 4479 3397 4527 et
3431 4490 3667 4527 conver-

1897 4605 1909 4616 -
1974 4573 2103 4634 sim,
2137 4568 2623 4641 quemadmodum
2658 4566 2938 4620 secundus
2999 4565 3069 4618 ad
3115 4563 3387 4634 primum,
3422 4562 3478 4615 id
3527 4566 3610 4615 est
3636 4564 3669 4616 4

1975 4663 2045 4717 ad
2075 4666 2128 4726 2,
2156 4662 2233 4713 ita
2254 4663 2489 4729 quartus
2522 4658 2590 4711 ad
2626 4657 2877 4722 tertium,
2921 4655 2977 4709 id
3010 4658 3092 4707 est
3126 4656 3186 4706 16
3218 4653 3287 4707 ad
3318 4656 3368 4720 8,
3396 4652 3570 4724 idque
3611 4652 3672 4707 in

1973 4750 2243 4809 omnibus
2280 4753 2404 4801 rata
2436 4746 2888 4799 consideratione
2916 4742 3246 4815 perspicies.

2350 4835 2531 4897 Dupla
2968 4833 3151 4894 Dupla

2372 4935 2414 4948 ,α

2489 4945 2525 4960 κ

2559 5296 2581 5380 \
3136 5352 3175 5432 [ι

2911 5450 3123 5589 /_/

2330 4951 2350 4967 κ

2266 4978 2301 5003 Δρ

2443 5646 2749 5709 Οιιωίτιιριιι
2782 5639 3085 5702 Quadrupla
