4104 6176
232 286 369 336 1153

1541 280 1631 335 DE
1668 280 2135 337 ARITHMETICA
2176 283 2307 337 LIB.
2352 284 2420 334 ll.

3596 289 3729 342 1154

223 415 548 470 secundum
579 413 987 485 geometricam
1030 413 1243 468 scilicet
1273 413 1731 483 proportionem.
1770 412 1928 467 Unde
1966 416 2013 469 A
2037 413 2177 467 ximi
2206 420 2259 468 et
2291 414 2468 468 medii
2493 418 2689 469 contra
2737 415 3123 469 differentiam
3175 416 3351 470 medii
3387 421 3558 488 atque
3606 435 3737 489 par-

222 506 429 560 formaa
473 503 673 558 solidae
730 502 841 556 tria
900 502 1197 556 intervalla
1247 502 1517 555 dicuntur
1561 502 1792 555 habere.
1835 502 1931 556 Est

222 596 384 649 enim
416 610 598 647 unum
638 592 1006 645 intervallum
1038 608 1084 661 7a
1112 591 1299 661 primo
1331 591 1401 645 ad
1441 591 1780 657 secundum,
1814 595 1871 645 et
1900 607 1933 644 a

226 683 483 737 secundo
513 682 584 735 ad
615 679 871 746 tertium,
900 684 954 733 et
984 696 1016 733 a
1044 678 1212 734 tertio
1254 679 1324 733 ad
1357 683 1651 749 quartum,
1690 695 1816 749 quae
1849 684 1933 733 est

225 773 446 828 scilicet
495 775 785 841 postrema
812 768 1104 823 distantia.
1141 770 1329 823 Recta:
1360 769 1539 838 igitur
1572 774 1626 822 et
1657 770 1843 838 plana:
1866 768 1933 822 ﬁ-

222 877 388 931 gurae
419 861 639 914 duobus
666 859 982 913 intervallis
1004 864 1058 912 et
1088 858 1286 913 solidae
1318 857 1502 911 tribus
1540 856 1824 911 contineri
1855 856 1934 910 di-

223 956 457 1004 cuntur.
499 949 626 1003 Sint
650 948 819 1002 ‘enim
852 948 965 1001 duo
995 946 1305 1017 tetragoni,
1338 948 1370 999 4
1400 946 1618 1000 scilicet
1646 952 1702 1000 et
1742 948 1793 1011 9,
1828 946 1934 999 ho-

223 1054 360 1091 rum
388 1038 565 1107 igitur
618 1052 767 1090 unus
808 1040 1034 1090 tantum
1071 1035 1295 1090 medius
1337 1036 1398 1089 in
1446 1034 1647 1089 eadem
1702 1050 1936 1104 propor-

222 1128 387 1181 tione
416 1126 687 1180 constitui
713 1129 919 1196 potest.
955 1126 1212 1195 Namque
1246 1124 1505 1178 senarius
1535 1124 1604 1177 ad
1654 1124 1686 1175 4
1712 1122 1933 1194 sesqui-

228 1216 377 1270 alter
403 1219 508 1281 est,
542 1220 598 1269 et
632 1218 661 1269 9
694 1216 764 1268 ad
794 1215 1087 1268 senarium
1117 1214 1319 1268 eodem
1355 1213 1527 1268 modo
1574 1212 1931 1283 sesquialter.

229 1307 350 1359 Hoc
388 1310 578 1358 autem
630 1303 841 1358 idcirco
874 1305 1082 1368 evenit,
1123 1304 1273 1373 quod
1310 1302 1537 1373 singula
1567 1303 1763 1369 latera,
1816 1302 1933 1355 sin-

228 1394 503 1465 gulorum
526 1397 955 1461 tetragonorum
970 1390 1227 1445 efficiunt
1240 1391 1528 1445 senariam
1542 1391 1931 1444 medietatem.

232 1484 498 1552 Namque
564 1480 915 1551 quaternarii
963 1480 1253 1549 tetragoni
1310 1480 1458 1533 latus
1511 1480 1768 1533 binarius
1829 1484 1933 1545 est,

229 1570 537 1625 novenarii
575 1570 890 1635 ternarius;
936 1569 997 1623 hi
1044 1585 1179 1639 ergo
1236 1566 1602 1638 multiplicati
1644 1568 1932 1622 senarium

223 1662 614 1732 perfecerunt.
650 1658 739 1712 Bis
767 1658 925 1712 enim
955 1662 1071 1711 tres
1098 1657 1357 1712 senarius
1394 1662 1497 1711 est.
1534 1658 1597 1710 Et
1642 1658 1936 1727 quotiens-

2037 502 2255 557 vissimi
2287 508 2671 573 comparatur.
2711 504 2779 557 Ut
2811 505 2857 556 si
2888 504 3003 556 sint
3029 506 3080 567 3,
3114 505 3168 570 4,
3202 507 3254 570 6,
3290 506 3379 558 vel
3409 506 3455 559 si
3503 509 3555 573 '2,
3591 510 3641 575 3,
3681 512 3732 562 6.

2040 591 2309 646 Senarins
2330 592 2485 646 enim
2516 593 2949 663 quaternarium
2974 609 3075 646 sua
3098 594 3263 647 tertia
3294 599 3457 664 parte
3479 602 3732 665 superat,

2039 679 2099 733 id
2130 685 2213 734 est
2236 681 2489 751 duobus;
2507 681 2905 751 quaternarius
2923 698 3054 735 vero
3072 682 3389 735 ternarium
3408 700 3507 736 sua
3526 690 3732 754 quarta

2039 774 2200 839 parte
2223 771 2572 840 supervenit,
2598 770 2653 824 id
2674 776 2755 823 est
2773 787 2916 837 uno;
2940 776 2995 824 et
3015 771 3274 825 senarius
3295 773 3605 826 ternarium
3636 789 3738 827 sua

2040 858 2365 927 medietate,
2396 858 2449 912 id
2484 864 2566 912 est
2595 859 2797 927 tribus,
2831 860 3115 914 ternarius
3138 876 3269 914 vero
3301 861 3590 915 binarium
3636 879 3737 915 sua

2040 951 2203 1017 parte
2235 948 2419 1015 tertia,
2464 948 2521 1001 id
2551 952 2637 1001 est
2680 949 2899 1001 unitate
2930 949 3298 1003 transcendit.
3332 950 3515 1013 Quare
3558 950 3616 1003 in
3650 950 3737 1003 his

2041 1052 2230 1105 neque
2262 1036 2462 1089 eadem
2502 1037 2799 1107 proportio
2832 1038 3214 1092 terminorum
3245 1043 3349 1104 est,
3385 1055 3570 1109 neque
3603 1049 3737 1093 sunt

2042 1126 2258 1179 eadem
2290 1125 2647 1180 differentiae.
2684 1128 2777 1180 Est
2820 1132 3013 1181 autem
3054 1128 3539 1197 quemadmodum
3564 1131 3736 1181 maxi-

2043 1230 2170 1269 mus
2202 1215 2482 1270 terminus
2524 1215 2594 1270 ad
2642 1216 3047 1285 parvissimum
3080 1216 3415 1285 terminum,
3452 1218 3531 1270 sic
3575 1218 3734 1271 difl'c-

2041 1303 2227 1358 rentia
2270 1304 2502 1358 maximi
2533 1309 2588 1357 et
2618 1306 2792 1359 medii
2821 1305 2893 1358 ad
2924 1306 3308 1360 differentiam
3357 1306 3531 1360 medii
3567 1310 3739 1376 atque

2042 1395 2334 1462 postremi.
2369 1394 2625 1463 Namque
2657 1393 2716 1447 in
2744 1393 2848 1448 hac
2882 1393 3269 1464 proportione,
3304 1412 3429 1464 qua:
3466 1400 3567 1459 est,
3602 1398 3651 1461 3,
3684 1397 3739 1459 4,

2044 1484 2096 1548 6,
2133 1480 2317 1550 major
2348 1482 2650 1549 terminus,
2705 1483 2762 1536 id
2803 1487 2888 1535 est
2928 1482 3184 1536 senarius
3224 1482 3293 1535 ad
3341 1482 3741 1552 parvissimum

2042 1571 2357 1623 terminum
2407 1571 2726 1624 ternarium
2768 1572 2977 1640 duplus
3011 1577 3114 1637 est,
3168 1577 3223 1625 et
3253 1572 3575 1625 differentia
3624 1588 3742 1625 ma-

2044 1658 2185 1713 ximi
2214 1664 2269 1711 et
2296 1658 2488 1723 medii,
2519 1658 2574 1712 id
2607 1664 2691 1712 est
2720 1661 2929 1713 senarii
2959 1662 3038 1731 et]
3066 1660 3437 1730 quaternarii,
3487 1661 3599 1714 duo
3637 1661 3743 1714 sci-

227 1718 484 1821 cunque,
518 1748 663 1802 datis
697 1747 924 1801 duobus
954 1745 1290 1817 tetragonis,
1333 1761 1534 1800 eorum
1566 1718 1937 1801 medietatem
1978 1718 2019 1772 Β
2050 1747 2182 1801 licet
2211 1748 2281 1802 ad
2304 1718 2688 1802 differentiam
2720 1749 2898 1803 medii
2929 1754 2987 1803 et
3026 1718 3236 1815 ultimi,
3270 1749 3329 1802 id
3378 1718 3461 1801 est
3510 1754 3742 1818 quater-

228 1839 499 1893 volumus
535 1836 815 1903 invenire,
850 1837 1030 1890 latera
1072 1851 1273 1891 eorum
1314 1834 1748 1905 multiplicanda
1784 1839 1935 1900 sunt,

231 1932 289 1982 et
320 1930 423 1998 qui
454 1943 518 1980 ex
548 1926 654 1994 _his
683 1925 1159 1995 procreabantur,
1194 1924 1473 1978 medietas
1512 1928 1612 1977 est.
1647 1923 1703 1977 Si
1747 1928 1940 1977 autem

229 2015 525 2080 cubisint,
573 2019 635 2068 ut
668 2017 699 2067 8
744 2018 801 2067 et
836 2016 923 2079 27,
954 2013 1082 2067 dua:
1126 2017 1351 2066 tantum
1396 2012 1547 2065 inter
1586 2012 1691 2065 hos
1741 2011 1941 2066 eadem

232 2105 616 2175 proportione
646 2104 983 2157 medietates
1014 2102 1287 2156 constitui
1335 2106 1573 2171 queunt,
1634 2103 1695 2153 12
1729 2100 1944 2155 scilicet

231 2199 290 2249 et
326 2197 410 2261 18,
441 2208 690 2263 namque
726 2195 787 2245 12
819 2191 890 2245 ad
920 2194 973 2257 8,
1008 2195 1064 2245 et
1093 2193 1157 2245 l8
1190 2190 1260 2245 ad
1290 2192 1378 2257 27,
1410 2189 1787 2260 sesquialtera
1808 2194 1938 2243 tan-

232 2288 357 2337 tum
394 2282 768 2353 proportione
794 2281 1138 2351 junguntur.
1173 2282 1237 2334 In
1259 2280 1348 2333 his
1376 2295 1608 2350 quoque
1632 2279 1833 2333 eadem
1866 2279 1944 2332 la-

231 2378 429 2426 terum
458 2371 603 2426 ratio
635 2377 740 2425 est.
776 2372 1035 2440 Namque
1086 2386 1154 2423 ex
1195 2384 1308 2422 uno
1354 2369 1498 2423 cubo
1543 2368 1643 2439 qui
1695 2368 1942 2438 propin-

231 2461 406 2533 quior
445 2464 551 2527 est,
591 2477 706 2513 una
757 2459 1027 2514 medietas
1082 2462 1196 2513 duo
1246 2458 1428 2511 latera
1470 2456 1721 2527 colligit;
1766 2472 1835 2510 ex
1870 2456 1946 2510 al-

231 2549 508 2605 ternatim
539 2565 670 2603 vero
702 2547 908 2619 posito,
928 2564 1132 2602 unum.
1168 2549 1233 2601 In
1254 2547 1365 2601 alia
1387 2562 1617 2618 quoque
1636 2546 1945 2601 medietate

232 2639 395 2694 idem
427 2644 530 2693 est.
561 2640 857 2693 Ponantur
882 2637 1037 2691 enim
1068 2637 1180 2691 duo
1211 2636 1362 2703 cubi,
1405 2642 1461 2690 et
1504 2636 1565 2689 in
1612 2636 1800 2690 medio
1856 2651 1944 2689 eo-

233 2744 373 2782 rum
430 2728 559 2782 duaa
600 2727 937 2782 medietates
978 2741 1119 2796 quas
1159 2725 1422 2795 superius
1459 2724 1724 2791 diximus,
1759 2727 1812 2786 8,
1859 2728 1943 2792 l2,

242 2820 331 2885 18,
374 2820 464 2884 27,
497 2816 776 2871 octonarii
814 2814 991 2885 igitur
1024 2816 1171 2868 latus
1222 2819 1304 2867 est
1343 2812 1624 2880 binarius,
1656 2813 1744 2867 bis
1789 2813 1945 2867 enim

234 2906 364 2960 bini
413 2904 498 2960 bis
549 2905 907 2960 octonarium
933 2903 1227 2975 fecerunt.
1258 2902 1562 2956 Ternarius
1588 2918 1722 2957 vero
1753 2905 1816 2957 27
1848 2918 1943 2955 cu-

233 2995 298 3092 m
337 2995 486 3092 {at}?
516 2999 620 3050 θεῖ’
656 2995 763 3092 Τξπ
786 2992 1088 3092 Win?“
1118 2998 1208 3091 Fer
1236 2995 1305 3045 27
1333 2991 1679 3092 ,τίῖδξίωψξξ
1734 2990 1942 3092 Μθξλίθ“
1984 3013 2024 3069 C
2058 3024 2160 3085 est,
2189 2990 2535 3075 contrariam
2585 2990 2957 3075 arithmeticae
2986 2990 3318 3092 [medietati.

234 3089 325 3139 tas
352 3084 532 3152 igitur
554 3099 681 3154 quae
695 3083 857 3154 juxta
878 3081 1237 3136 octonarium
1266 3085 1369 3149 est,
1400 3081 1458 3135 id
1488 3084 1573 3135 est
1610 3084 1690 3149 12,
1722 3085 1947 3134 mutua-

237 3179 339 3228 tur
365 3173 479 3227 duo
510 3174 691 3227 latera
731 3188 799 3226 ex
828 3171 1153 3242 propinquo
1179 3170 1286 3224 sibi
1331 3169 1647 3224 octonario.
1693 3174 1750 3223 et
1792 3170 1945 3223 aliud

237 3278 426 3317 unum
460 3263 609 3316 latus
641 3277 706 3315 ex
751 3260 1085 3315 altrinsecus
1123 3260 1308 3330 posito
1334 3261 1402 3313 27
1457 3259 1618 3314 cubo.
1657 3258 1747 3313 Bis
1790 3258 1947 3313 enim

237 3353 367 3407 bini
387 3357 476 3406 ter
508 3354 567 3404 12
598 3350 877 3421 pandunt.
912 3350 980 3403 Et
1008 3352 1070 3404 18
1102 3349 1302 3403 eadem
1340 3348 1565 3403 ratione
1612 3348 1725 3403 duo
1766 3348 1948 3402 latera

238 3459 276 3496 a
306 3441 635 3513 prOpinquo
669 3439 775 3493 sibi
801 3441 869 3492 27
896 3438 1041 3493 cubo
1072 3438 1307 3507 colligit,
1341 3442 1396 3492 et
1420 3454 1599 3492 unum
1642 3437 1712 3491 ab
1752 3437 1949 3491 altrin-

239 3548 409 3586 secus
444 3528 628 3600 posito
675 3526 987 3582 octonario.
1022 3529 1155 3582 Tres
1189 3527 1346 3581 enim
1378 3532 1463 3581 ter
1494 3527 1582 3581 bis
1620 3530 1679 3580 18
1719 3527 1949 3580 conclu-

237 3622 409 3676 dunt.
447 3620 559 3673 Hoc
600 3623 791 3672 autem
840 3616 1243 3670 universaliter
1292 3615 1704 3685 speculandum
1755 3620 1858 3681 est,
1900 3614 1947 3668 si

237 3712 579 3778 tetragonus
623 3712 990 3777 tetragonum
1033 3703 1392 3775 multiplicet,
1414 3704 1535 3758 sine
1568 3703 1740 3758 dubio
1778 3708 1949 3758 tetra-

239 3812 431 3867 gonus
464 3794 747 3866 provenit.
794 3796 894 3849 Sin
923 3810 1056 3849 vero
1104 3800 1265 3864 parte
1297 3794 1475 3847 altera
1514 3793 1739 3862 longior
1773 3798 1947 3847 tetra-

241 3901 469 3957 gonum
499 3884 859 3955 multiplicet,
892 3884 981 3938 vel
1012 3888 1344 3953 tetragonus
1386 3886 1548 3951 parte
1588 3882 1767 3934 altera
1816 3880 1951 3934 lon-

243 3977 495 4046 giorem,
519 3990 818 4046 nunquam
840 3978 1194 4043 tetragonus,
1218 3972 1313 4025 sed
1340 3986 1569 4040 semper
1587 3968 1951 4040 antelongior

244 4065 472 4120 crescit.
516 4066 732 4119 Rursus
762 4063 809 4116 si
843 4062 1020 4117 cubus
1054 4062 1266 4116 cubum
1297 4058 1781 4130 multiplicaverit,
1822 4058 1953 4113 cubi

245 4155 440 4209 forma
452 4154 765 4207 conficitur.
782 4152 839 4207 Si
853 4168 984 4205 vero
1009 4156 1169 4222 parte
1187 4151 1363 4204 altera
1378 4148 1702 4219 longiorem
1718 4147 1950 4209 cubum,

245 4245 340 4298 vel
393 4243 570 4297 cubus
604 4247 767 4313 parte
822 4241 999 4296 altera
1044 4239 1385 4310 longiorem,
1426 4252 1727 4308 nunquam
1775 4235 1954 4289 cubus

247 4332 673 4404 procreabitur,
727 4332 835 4385 hoc
886 4330 1098 4384 scilicet
1144 4328 1458 4383 secundum
1511 4325 1949 4381 similitudinem

246 4421 409 4493 paris
443 4425 613 4491 atque
645 4419 903 4489 imparis.
946 4420 1054 4473 Par
1084 4418 1236 4473 enim
1271 4433 1469 4488 parem
1500 4416 1548 4470 si
1586 4415 1947 4485 multiplicet,

248 4527 486 4582 semper
515 4527 619 4581 par
651 4510 925 4577 nascitur,
952 4513 1021 4578 ,et
1059 4508 1247 4578 impar
1276 4507 1557 4577 imparem
1584 4505 1631 4559 si
1679 4504 1951 4575 multipli-

248 4606 361 4667 cet,
394 4601 580 4671 impar
598 4600 869 4653 continuo
892 4601 1240 4669 procreatur.
1275 4596 1333 4650 Si
1360 4611 1495 4649 vero
1520 4595 1713 4664 impar
1728 4609 1949 4664 parem,

251 4691 346 4744 vel
380 4690 426 4743 si
453 4707 555 4760 par
582 4689 862 4759 imparem
896 4686 1257 4757 multiplicet,
1286 4701 1390 4756 par
1420 4700 1645 4753 semper
1676 4683 1949 4737 exoritur.

255 4780 377 4834 Hoc
408 4782 601 4831 autem
644 4776 863 4830 facilius
908 4773 1268 4845 cognoscitur
1312 4789 1375 4826 ex
1418 4772 1663 4827 lectione
1706 4770 1956 4825 Platonis

257 4870 319 4921 in
348 4867 509 4921 libris
538 4867 606 4921 de
653 4865 983 4935 Republica,
1021 4880 1088 4918 eo
1118 4864 1239 4917 loco
1274 4861 1380 4933 qui
1418 4860 1692 4931 nuptialis
1724 4857 1953 4927 dicitur,

254 4973 435 5028 quem
466 4972 529 5009 ex
587 4970 833 5027 persona
868 4954 1151 5007 Musarum
1203 4950 1579 5021 philosophus
1622 4949 1956 5003 introducit.

257 5046 372 5101 Sed
406 5061 560 5100 nunc
590 5045 659 5099 ad
679 5044 906 5099 tertiam
943 5042 1311 5096 medietatem
1345 5039 1702 5094 redeundum
1728 5042 1830 5093 est.

879 5150 1101 5205 CAPUT
1142 5147 1349 5203 XLVII.

372 5244 452 5297 De
481 5241 798 5295 harmoniae
830 5238 1114 5292 medietate
1148 5237 1374 5306 ejusque
1399 5235 1850 5305 proprietatibus.

337 5338 680 5394 Harmonice
719 5340 912 5389 autem
939 5334 1212 5389 medietas
1245 5338 1328 5387 est
1359 5350 1483 5404 qua:
1518 5348 1706 5403 neque
1744 5332 1959 5385 eisdem

262 5426 625 5491 differentiis,
673 5441 776 5479 nec
824 5423 1002 5494 aequis
1051 5421 1523 5494 proportionibus
1568 5420 1959 5484 constituitur,

262 5518 363 5573 sed
387 5516 486 5569 illa
512 5516 573 5567 in
603 5529 719 5584 qua
748 5512 1242 5583 quemadmodum
1274 5510 1556 5565 maximus
1577 5508 1860 5563 terminus
1892 5508 1962 5561 ad

2049 1834 2197 1890 narii
2226 1842 2397 1907 atque
2430 1837 2688 1903 ternarii,
2723 1853 2850 1907 quin
2878 1842 2962 1891 est
3003 1838 3214 1904 unitas,
3256 1837 3430 1907 dupla
3474 1837 3745 1907 perspici-

2049 1931 2161 1979 tur.
2222 1925 2332 1979 Sed
2392 1929 2497 1979 hoc
2554 1942 2784 1998 quoque
2844 1926 3098 1998 subjecta
3158 1926 3541 1996 descriptione
3585 1941 3744 1980 mon-

2050 2020 2261 2069 stratur
2290 2029 2302 2066 :

2239 2102 2569 2151 Difl‘erentiae
2596 2102 2791 2166 duplic.
3000 2104 3329 2153 Differ-entire
3361 2102 3555 2164 triplae.

2196 2412 3628 2475 |”"t|2||1|3|

2185 2482 3722 2553 |3|4|6||2|3IGL_

2324 2833 2563 2887 Termini
2593 2831 2745 2896 dupli
3096 2826 3337 2878 Termini
3366 2824 3516 2887 tripli

2058 2930 2234 2984 Habet
2275 2936 2467 2985 autem
2519 2933 2953 3003 proprietatem,
2998 2931 3485 3001 quemadmodum
3534 2931 3744 2986 dictum

3355 3022 3418 3073 In
3441 3021 3535 3074 illa
3569 3021 3743 3084 enim,

2057 3106 2116 3160 in
2144 3108 2463 3162 minoribus
2503 3109 2762 3163 terminis
2794 3109 2977 3179 major
3017 3113 3141 3163 erat
3169 3108 3483 3179 proportio,
3525 3109 3584 3161 in
3634 3126 3748 3161 ma-

2052 3195 2273 3266 joribus
2304 3197 2522 3265 minor;
2568 3198 2629 3252 in
2687 3199 2791 3252 hac
2831 3214 2984 3266 vero,
3039 3198 3099 3251 in
3145 3198 3465 3267 majoribus
3512 3198 3745 3268 quidem

2056 3285 2315 3339 terminis
2341 3287 2529 3357 major
2561 3291 2644 3342 est
2670 3288 2989 3358 proportio,
3022 3287 3082 3340 in
3113 3287 3431 3341 minoribus
3464 3303 3598 3341 vero
3639 3288 3744 3340 mi-

2055 3390 2182 3429 nor.
2231 3376 2486 3446 Namque
2548 3378 2605 3431 in
2656 3377 2760 3431 hac
2809 3377 3183 3446 dispositione
3232 3380 3282 3443 3,
3316 3378 3369 3443 4,
3420 3380 3470 3444 6,
3520 3380 3632 3431 tres
3679 3378 3745 3429 ad

2059 3469 2305 3534 quatuor
2350 3466 2668 3535 comparati
2711 3465 3144 3536 sesquitertium
3190 3464 3608 3532 habitudinem,
3657 3482 3748 3517 sex

2056 3569 2189 3607 vero
2221 3554 2289 3607 ad
2332 3559 2579 3623 quatuor
2618 3555 3049 3626 sesquialteram
3107 3555 3392 3621 reddunt;
3423 3555 3521 3608 sed
3570 3555 3752 3625 major

2058 3642 2837 3714 est_'proportiosesquialtera
2860 3660 2891 3697 a
2912 3643 3294 3714 sesquitertia,
3316 3647 3541 3698 tantum
3567 3659 3749 3713 quan-

2057 3735 2180 3785 tum
2212 3747 2341 3801 pars
2371 3732 2539 3786 tertia
2572 3732 2873 3786 medietate
2903 3731 3339 3785 transcenditur.
3382 3732 3538 3786 Juste
3580 3732 3753 3801 igitur

2058 3818 2336 3873 medietas
2364 3820 2627 3890 quaedam
2684 3822 3032 3891 geometrica
3072 3822 3418 3892 proprieque
3458 3838 3578 3876 esse
3627 3839 3755 3892 pro-

2057 3908 2449 3978 portionalitas
2477 3908 2791 3978 judicatur,
2827 3910 3042 3964 scilicet
3067 3910 3219 3963 inter
3243 3926 3369 3964 eam
3411 3912 3507 3966 ubi
3540 3912 3598 3964 in
3629 3929 3750 3965 ma-

2054 3996 2277 4067 joribus
2314 3998 2570 4051 terminis
2623 3998 2812 4051 minor
2859 4003 2942 4051 est
2971 3999 3284 4068 proportio,
3334 4003 3389 4051 et
3433 3999 3756 4054 minoribus

2062 4085 2264 4155 major,
2298 4090 2355 4139 et
2392 4085 2541 4138 inter
2571 4100 2700 4140 eam
2734 4085 2832 4139 ubi
2862 4085 2921 4138 in
2966 4086 3283 4155 majoribus
3324 4086 3508 4155 major
3544 4092 3647 4154 est,
3693 4086 3753 4141 in

2062 4174 2384 4228 minoribus
2423 4174 2631 4228 minor.
2667 4175 2771 4228 Illa
2802 4180 2887 4229 est
2914 4174 3070 4229 enim
3119 4190 3252 4227 vere
3303 4175 3753 4244 proportionali-

2064 4268 2149 4318 tas
2177 4280 2324 4334 quae,
2358 4264 2685 4319 medietatis
2716 4263 3143 4335 quodammodo
3170 4264 3361 4318 locum
3387 4265 3670 4332 obtinens,
3702 4271 3757 4322 et

2063 4353 2122 4407 in
2158 4353 2472 4424 majoribus
2503 4358 2560 4407 et
2588 4353 2648 4407 in
2680 4353 3019 4421 minoribus,
3063 4354 3383 4424 aequalibus
3422 4355 3756 4425 proportio-

2058 4459 2199 4498 num
2218 4443 2739 4514 comparationibus
2758 4444 3099 4498 continetur.
3128 4447 3245 4499 lloc
3266 4460 3499 4515 quoque
3529 4444 3753 4515 signum

2061 4538 2163 4599 est,
2198 4532 2442 4587 duarum
2475 4532 2899 4587 extremitatum
2920 4533 3167 4587 mediam
3186 4549 3307 4587 esse
3333 4534 3756 4603 quodammodo

2062 4622 2470 4692 geometricam
2504 4623 2956 4693 proportionem.
2995 4623 3252 4692 Namque
3297 4621 3359 4675 in
3399 4622 3757 4677 arithmetica

2063 4710 2455 4781 proportione,
2512 4710 2736 4765 medius
2783 4710 3064 4765 terminus
3102 4711 3300 4764 eadem
3346 4727 3447 4763 sua
3486 4716 3668 4781 parte,
3702 4728 3759 4767 et

2064 4799 2348 4852 minorem
2381 4799 2653 4868 praecedit
2680 4803 2736 4851 et
2764 4816 2796 4852 a
2836 4800 3052 4868 majore
3098 4798 3457 4868 praaceditnr,
3506 4801 3604 4855 sed
3647 4801 3760 4855 alia

2064 4890 2226 4957 parte
2286 4886 2549 4952 minoris,
2621 4886 2733 4940 alia
2802 4903 2934 4940 vero
2987 4891 3147 4956 parte
3184 4887 3437 4957 majoris.
3472 4889 3555 4943 Sit
3604 4890 3757 4944 enim

2067 4975 2423 5030 arithmetica
2454 4975 2749 5045 dispositio
2776 4978 2829 5043 2,
2882 4979 2931 5043 3,
2981 4976 3032 5030 4.
3084 4976 3389 5032 Ternarius
3436 4978 3613 5048 igitur
3656 4996 3759 5032 nu-

2066 5080 2257 5119 merus
2282 5064 2570 5118 binarium
2592 5064 2759 5118 tertia
2787 5081 2890 5118 sua
2906 5068 3067 5135 parte
3095 5067 3385 5137 praecedit,
3414 5067 3474 5122 id
3505 5073 3590 5122 est
3621 5084 3759 5134 uno,

2070 5158 2125 5208 et
2149 5170 2181 5207 a
2213 5154 2583 5224 quaternario
2622 5153 2790 5208 tertia
2829 5170 2932 5208 sua
2958 5160 3120 5226 parte
3152 5157 3507 5227 prmceditur,
3559 5155 3618 5209 id
3677 5160 3762 5209 est

2071 5259 2207 5296 uno.
2245 5247 2314 5296 At
2340 5258 2473 5297 vero
2504 5242 2787 5297 ternarius
2818 5259 2936 5297 non
2967 5245 3164 5299 eadem
3194 5249 3353 5315 parte
3380 5244 3619 5297 minoris
3660 5243 3763 5295 mi-

2070 5348 2272 5385 norem
2302 5330 2496 5399 vincit,
2520 5332 2607 5385 vel
2633 5332 2867 5401 majoris
2913 5351 2943 5387 a
2974 5334 3189 5403 majore
3236 5336 3557 5403 superatur.
3600 5332 3764 5385 Nam-

2072 5436 2183 5491 que
2215 5420 2520 5487 minorem,
2562 5419 2619 5474 id
2655 5426 2739 5474 est
2766 5421 3076 5489 binarium,
3119 5437 3233 5474 uno
3283 5425 3533 5490 superat,
3586 5420 3645 5474 id
3680 5426 3766 5475 est

2070 5507 2249 5579 ipsius
2278 5507 2584 5562 medietate
2619 5509 2846 5577 binarii,
2890 5508 3315 5580 aiqnaternario
3347 5524 3481 5564 vero
3516 5525 3632 5564 uno
3676 5526 3764 5565 re-

263 5602 674 5679 parvissimum
716 5602 1035 5660 terminum
1076 5600 1345 5672 ponitur;
1374 5599 1456 5655 sic
1494 5598 1822 5656 differentia
1863 5613 1982 5653 ma—
2060 5596 2367 5668 linquitur,
2422 5613 2553 5667 quae
2618 5614 2753 5669 pars
2799 5596 3151 5670 quaternarii
3189 5600 3395 5668 quarta
3436 5601 3539 5655 est.
3588 5599 3762 5657 Recte
