4104 6176
441 225 576 278 1155

1761 221 1876 275 AN.
1918 217 2130 274 MANL.
2173 218 2318 276 SEV.
2362 220 2590 278 BOETII

3784 230 3923 283 H56

421 355 600 426 igitur
632 353 847 410 dictum
885 358 967 408 est
997 355 1250 409 medium
1301 354 1607 408 terminum
1662 369 1719 406 ιιι
1780 350 2105 421 hujnsmodi
2143 351 2189 406 A
2217 367 2403 423 neque
2430 354 2616 409 solum
2647 353 2706 409 in
2734 355 2996 410 terminis
3021 357 3470 427 speculationem
3519 360 3918 430 proportionis

422 445 726 499 medietate
756 444 954 498 eadem
989 444 1074 497 sui
1134 448 1293 514 parte
1324 450 1380 498 et
1431 442 1711 496 minorem
1747 442 1972 494 vincere
2005 445 2056 494 et
2090 457 2122 494 a

423 535 638 604 majore
665 534 943 602 superari,
981 534 1075 586 sed
1110 550 1220 586 non
1254 533 1463 586 eisdem
1503 533 1778 604 partibus,
1812 531 1899 584 vel
1936 529 2121 584 mino-

424 624 502 677 ris
541 623 822 676 minorem
871 624 1214 692 transgredi,
1256 623 1345 676 vel
1377 622 1612 692 majoris
1643 639 1672 674 a
1706 621 1920 690 majore
1963 624 2119 672 tran-

423 711 637 766 scendi.
673 712 971 766 Contrarie
1016 712 1352 765 harmonica
1396 709 1669 764 medietas
1719 708 2121 779 proportiones

421 801 611 855 habet.
650 803 905 872 Namque
928 818 1044 855 non
1082 801 1280 855 eadem
1310 805 1468 870 parte
1512 817 1632 866 sua,
1676 798 1896 851 medius
1930 796 2125 850 termi-

425 907 530 944 nus
563 890 621 945 in
653 891 758 944 hac
787 892 1157 962 proportione
1180 891 1264 943 vel
1294 891 1575 943 minorem
1600 887 1792 957 vincit,
1826 887 1913 940 vel
1945 903 1976 939 a
2006 901 2124 938 ma-

417 981 544 1050 jore
577 985 903 1050 superatur,
937 981 1034 1036 sed
1077 981 1276 1034 eadem
1332 984 1491 1050 parte
1547 977 1786 1031 minoris
1837 977 2121 1029 minorem

423 1074 672 1138 superat,
737 1086 850 1140 qua
909 1075 1066 1138 parte
1145 1069 1378 1139 majoris
1433 1086 1463 1120 a
1523 1068 1736 1136 majore
1799 1069 2121 1136 superatur.

423 1157 487 1210 In
523 1159 628 1210 liae
656 1158 810 1211 enim
843 1158 1215 1229 dispositione
1245 1156 1594 1219 harmonica,
1624 1172 1752 1225 quae
1781 1159 1866 1208 est
1897 1157 1949 1220 2,
1987 1156 2037 1217 3,
2070 1156 2122 1215 6,

422 1247 707 1300 ternarius
737 1247 1028 1300 binarium
1062 1246 1229 1300 tertia
1262 1247 1349 1299 sui
1389 1249 1549 1316 parte
1579 1245 1769 1309 vincit,
1799 1243 1948 1296 idem
2006 1247 2124 1296 ter-

421 1337 616 1389 narius
651 1353 683 1389 a
736 1336 961 1391 senario
996 1341 1112 1390 tota
1171 1337 1257 1389 sui
1316 1336 1635 1406 quantitate
1687 1338 2009 1403 superatur,
2069 1331 2126 1385 id

425 1430 508 1478 est
541 1425 739 1478 tribus.
765 1427 1039 1496 Idemque
1073 1426 1191 1496 ipse
1224 1425 1529 1489 ternarius,
1558 1424 1864 1476 medietate
1891 1421 2126 1474 minoris

422 1513 599 1568 vincit
642 1516 951 1582 minorem,
994 1515 1048 1570 id
1089 1522 1171 1569 est
1203 1532 1336 1581 uno,
1373 1519 1427 1567 et
1477 1512 1782 1566 medietate
1829 1511 2063 1580 majoris
2094 1527 2126 1563 a

424 1605 643 1674 majore
671 1606 919 1658 termino
951 1604 1212 1667 vincitur,
1246 1605 1301 1657 id
1340 1609 1422 1656 est
1463 1603 1662 1655 tribus.
1707 1601 1927 1654 Senarii
1973 1617 2124 1654 enim

425 1693 702 1747 medietas
733 1694 1018 1746 ternarius
1042 1705 1143 1746 est.
1173 1695 1231 1746 In
1264 1691 1611 1761 geometrica
1634 1707 1764 1744 vero
1791 1690 2122 1756 medietate,

430 1797 616 1851 neque
648 1782 864 1836 eisdem
896 1783 1008 1834 suis
1039 1782 1297 1852 partibus
1329 1781 1550 1834 medius
1599 1781 1685 1833 vel
1719 1779 1891 1833 vincit
1941 1779 2124 1832 mino-

431 1886 576 1938 rem,
612 1871 761 1924 vela
789 1872 1003 1941 majore
1047 1871 1308 1938 vincitur,
1359 1885 1545 1940 neque
1591 1870 1786 1922 eadem
1836 1873 1994 1938 parte
2036 1866 2124 1922 vel

426 1959 665 2013 minoris
697 1961 977 2014 minorem
1014 1964 1265 2030 superat,
1300 1960 1385 2013 vel
1433 1958 1667 2028 majoris
1715 1975 1748 2011 a
1781 1957 1995 2027 majore
2039 1973 2125 2011 re-

426 2048 728 2118 linquitur,
771 2049 867 2103 sed
900 2065 1012 2120 qua
1034 2053 1192 2118 parte
1221 2065 1324 2102 sua
1356 2048 1579 2102 medius
1612 2047 1896 2100 terminus
1948 2046 2125 2099 mino-

425 2153 547 2191 rem
583 2143 836 2208 superat,
889 2141 1087 2192 eadem
1138 2141 1299 2208 parte
1339 2153 1441 2190 sua
1476 2137 1659 2206 major
1688 2135 1966 2189 terminus
2005 2151 2124 2188 me-

427 2228 586 2281 dium
618 2227 821 2283 vincit.
864 2228 1026 2291 Quod
1055 2231 1139 2281 est
1171 2232 1231 2280 ut
1262 2227 1533 2281 medietas
1556 2229 1725 2296 atque
1775 2224 2122 2291 extremitas,

426 2317 744 2386 mqualibus
776 2318 1142 2370 medietatem
1166 2321 1221 2369 et
1251 2315 1668 2369 extremitatem
1700 2314 1981 2384 reliquam
2009 2314 2124 2366 suis

425 2407 685 2477 partibus
708 2405 1108 2476 supervadant.
1143 2407 1207 2460 In
1237 2405 1341 2458 hac
1362 2404 1514 2457 enim
1549 2403 1943 2472 dispositione,
1997 2419 2122 2472 quae

429 2501 513 2548 est
543 2497 592 2561 4,
628 2499 677 2561 6,
710 2498 763 2562 9,
799 2495 968 2548 tertia
999 2495 1088 2548 sui
1130 2499 1290 2565 parte
1331 2493 1557 2547 medius
1603 2493 1858 2547 senarius
1901 2497 2126 2562 quater-

431 2585 658 2637 narium
681 2589 930 2653 superat,
958 2584 1014 2637 id
1046 2589 1130 2636 est
1160 2583 1404 2644 duobus,
1425 2587 1480 2636 et
1510 2582 1675 2635 tertia
1693 2583 1779 2634 sui
1811 2587 1970 2651 parte
2004 2597 2126 2634 rur-

427 2688 522 2726 sus
551 2674 896 2727 novenarius
927 2673 1216 2728 senarium
1248 2671 1438 2739 vincit,
1479 2671 1535 2725 id
1571 2675 1655 2725 est
1701 2671 1901 2725 tribus.
1948 2671 2127 2725 Habet

429 2766 619 2816 autem
669 2763 839 2816 aliam
883 2763 1292 2834 proprietatem
1333 2761 1669 2816 harmonica
1715 2760 2012 2825 medietas,
2061 2764 2127 2814 ut

427 2867 557 2906 cum
581 2853 721 2905 duas
759 2852 1147 2906 extremitates
1196 2852 1256 2906 in
1291 2867 1472 2905 unum
1515 2851 1790 2917 redactas,
1847 2849 2125 2904 medietas

427 2941 912 3012 multiplicaverit,
959 2943 1134 3013 dupla
1165 2942 1454 3013 quantitas
1493 2941 1802 3010 colligitur,
1853 2954 2023 3010 quam
2075 2937 2124 2992 si
2163 2935 2204 2990 C

427 3047 485 3084 se
516 3030 902 3100 multiplicent
932 3031 1056 3085 duae
1102 3031 1511 3085 extremitates.
1549 3029 1672 3083 Sint
1720 3027 1873 3081 enim
1913 3027 1972 3080 hi
2010 3031 2122 3080 ter-

425 3118 572 3172 mini
601 3122 651 3185 3,
684 3121 736 3184 4,
763 3123 813 3174 6.
851 3119 910 3173 Si
941 3119 1118 3189 igitur
1143 3119 1460 3173 ternarium
1493 3122 1549 3172 et
1577 3117 1865 3171 senarium
1889 3115 2120 3185 jungas,

425 3209 799 3262 novenarium
837 3209 1027 3276 facies,
1063 3209 1163 3279 qui
1205 3225 1307 3279 per
1329 3206 1761 3278 quaternarium
1813 3205 2015 3259 ductus
2059 3205 2126 3258 36

425 3297 615 3351 efficit.
648 3298 810 3361 Quod
853 3299 899 3351 si
932 3315 990 3352 se
1017 3298 1156 3368 ipsae
1206 3298 1594 3352 extremitates
1633 3295 2035 3365 multiplicent,
2069 3296 2125 3348 et

425 3385 568 3438 fiant
598 3390 710 3438 tres
742 3387 938 3456 sexies,
974 3390 1035 3442 18
1061 3388 1394 3451 conficiunt,
1435 3386 1589 3458 quod
1619 3389 1702 3440 est
1731 3383 1936 3456 prioris
1973 3398 2125 3437 sum-

454 3473 887 3529 niaadimidium.

957 3871 1194 3882 _.__.._—

1248 3587 1306 3631 36

465 3684 2100 4134 #._C’gs__/—\_—_‘Tf::j:_‘/Ij__l___

1241 4171 1294 4218 '13

997 4390 1083 4441 κβ
1097 4351 1329 4387 ’Χβῄ
1339 4357 1623 4528 \\

1248 4826 1303 4873 12

1027 4925 1252 4980 CAPUT
1291 4928 1522 4983 XLVIII.

427 5006 609 5073 Quare
639 5007 789 5062 dicta
817 5011 888 5063 sit
911 5011 1226 5068 harmonica
1263 5016 1521 5072 medietas
1552 5034 1614 5072 ea
1643 5035 1762 5088 qua:
1791 5020 2000 5088 digesta
2021 5029 2116 5078 est.

498 5098 989 5155 Considerandum
1018 5102 1260 5159 forsitan
1295 5106 1550 5161 videatur
1588 5125 1688 5162 cur
1717 5110 1862 5165 hanc
1898 5113 2120 5168 harmo-

426 5196 610 5250 nieam
655 5197 1025 5252 medietatem
1090 5217 1376 5256 vocemus.
1433 5205 1606 5274 Cujus
1655 5207 1774 5261 hare
1822 5210 1966 5264 ratio
2011 5216 2116 5280 est,

427 5285 703 5356 quoniam
766 5288 1127 5342 arithmetica
1170 5291 1468 5361 dispositio
1517 5312 1708 5365 zrquas
1759 5304 1981 5353 tantum
2020 5318 2122 5370 per

429 5374 780 5428 differentias
812 5375 1015 5429 dividit
1045 5379 1408 5448 quantitates,
1445 5385 1790 5451 geometrica
1835 5404 1966 5441 vero
2015 5393 2121 5442 ter-

427 5462 615 5516 minos
642 5480 806 5534 azqua
836 5466 1210 5534 proportione
1249 5468 1566 5539 conjungit.
1610 5475 1682 5526 At
1723 5492 1856 5528 vero
1896 5477 2119 5531 harmo-

429 5548 554 5602 nica
582 5550 652 5604 ad
699 5550 916 5620 aliquid
955 5552 1381 5622 quodammodo
1425 5557 1602 5610 relata
1646 5561 2116 5631 consideratione,

2229 441 2419 508 habet,
2455 459 2640 514 neque
2672 444 2859 500 solum
2909 446 2969 499 in
3001 446 3358 514 differentiis,
3409 448 3506 502 sed
3555 449 3617 502 in
3664 449 3928 520 utrisque

2229 535 2633 588 communiter.
2667 534 2882 598 Quaerit
2911 535 3066 589 enim
3100 537 3665 607 utjquemadmodum
3700 543 3836 591 sunt.
3862 538 3929 591 ad

2230 636 2287 673 se
2315 623 2557 676 extremi
2583 625 2832 692 termini,
2864 624 2944 679 sic
2985 627 3218 696 majoris
3250 627 3316 680 ad
3356 627 3612 680 medium
3661 627 3928 681 differen-

2229 710 2327 775 tia,
2367 716 2566 765 contra
2615 713 2997 768 differentiam
3040 715 3358 769 medietatis
3401 716 3470 769 ad
3503 717 3796 770 ultimum.
3850 717 3930 770 Ad

2232 797 2444 866 aliquid
2519 805 2732 864 autem,
2779 802 3296 857 considerationem
3341 805 3659 858 harmonia:
3702 807 3932 876 prOprie

2233 902 2371 953 esse,
2405 889 2463 942 in
2499 889 2672 960 primi
2701 890 2836 944 libri
2879 908 3073 946 rerum
3124 893 3384 946 omnium
3447 895 3732 948 divisione
3779 911 3936 948 mon-

2233 978 2556 1034 stravimus.
2589 981 2848 1050 Ipsarum
2876 998 3102 1053 quoque
3133 984 3480 1036 musicarum
3530 984 3934 1037 consonantia-

2233 1079 2362 1117 rum
2425 1083 2565 1136 quas
2621 1069 3022 1138 symphonicas
3082 1071 3342 1124 nominat
3396 1072 3824 1142 preportiones,
3878 1073 3931 1125 in

2234 1153 2339 1207 hac
2369 1171 2515 1225 pene
2563 1157 2685 1210 sola
2723 1158 3026 1212 medietate
3072 1159 3402 1230 frequenter
3445 1159 3728 1214 invenias.
3773 1161 3934 1214 Nam-

2235 1261 2346 1316 que
2397 1245 2738 1316 symphonia
2803 1247 3178 1314 diatessaron,
3243 1265 3371 1318 quze
3436 1249 3708 1318 princeps
3751 1253 3836 1304 est
3883 1254 3933 1303 et

2235 1335 2656 1404 quodammodo
2689 1336 2803 1391 vim
2834 1337 3099 1392 obtinens
3143 1338 3432 1404 elementi,
3461 1341 3774 1392 constituta
3824 1338 3927 1392 sci-

2236 1423 2366 1478 licet
2391 1424 2448 1478 in
2490 1425 2723 1494 epitrita
2759 1427 3156 1496 proportione,
3196 1431 3259 1480 ut
3288 1432 3373 1481 est
3425 1428 3829 1498 quaternarius
3867 1427 3934 1480 ad

2236 1513 2573 1576 ternarium,
2609 1514 2669 1568 in
2698 1515 2978 1585 ejusmodi
3017 1516 3364 1570 harmonicis
3403 1516 3813 1570 medictatibus
3859 1516 3934 1569 in-

2237 1602 2484 1658 venitur.
2529 1603 2656 1658 Sint
2696 1604 2852 1658 enim
2897 1605 3182 1676 ejusmodi
3213 1605 3560 1659 harmonica:
3609 1605 3934 1660 medietatis

2240 1691 2473 1746 termini
2503 1709 2753 1764 quorum
2787 1693 2983 1748 extimi
3009 1695 3170 1766 dupli
3196 1695 3330 1760 sint,
3357 1699 3414 1748 et
3443 1711 3642 1749 rursus
3684 1695 3801 1749 alia
3843 1695 3937 1749 hu-

2235 1780 2491 1851 jusmodi
2525 1782 2823 1854 dispositio
2861 1800 3110 1855 quorum
3141 1784 3338 1839 extimi
3362 1784 3541 1854 tripli.

2290 1916 2300 1979 Ι
2391 1921 2420 1971 3
2511 1916 2538 1975 1⁷
2612 1921 2645 1972 4
2733 1916 3214 1978 litiﬁl—l
3285 1916 3338 1972 '2
3405 1916 3568 1978 il
3651 1920 3660 1979 Ι
3756 1923 3788 1972 6
3874 1922 3886 1978 Ι

2236 2042 2503 2097 Senarius
2519 2043 2697 2112 igitur
2716 2044 2787 2099 ad
2828 2045 3496 2115 ternariumiduplusest.
3545 2044 3705 2098 Idem
3745 2050 3933 2100 autem

2233 2131 2293 2184 in
2340 2132 2453 2186 alia
2516 2133 2908 2202 dispositione,
2949 2135 3208 2188 senarius
3256 2135 3328 2188 ad
3361 2134 3655 2188 binarium
3706 2135 3930 2205 triplns.

2235 2221 2453 2274 Horum
2491 2221 2669 2290 igitur
2699 2222 2744 2276 si
2775 2223 3125 2277 differentias
3156 2223 3490 2294 colligamus
3525 2229 3581 2277 et
3601 2224 3678 2278 ad
3704 2240 3765 2278 se
3800 2225 3935 2278 invi-

2233 2324 2358 2364 cem
2388 2326 2806 2381 comparemus,
2846 2312 3074 2382 epitrita
3101 2312 3396 2383 proportio
3428 2312 3738 2382 colligitur,
3790 2313 3932 2367 unde

2234 2399 2588 2454 diatessaron
2629 2401 2973 2472 symphonia
3015 2402 3326 2457 resonabit.
3362 2402 3515 2455 Inter
3548 2404 3578 2456 3
3610 2402 3770 2456 enim
3803 2408 3860 2456 et
3904 2406 3932 2455 6

2235 2489 2523 2543 ternarius
2557 2495 2660 2557 est,
2695 2496 2752 2544 et
2784 2491 2934 2546 inter
2964 2491 3256 2545 binarium
3289 2497 3347 2546 et
3372 2491 3667 2545 senarium
3692 2497 3934 2562 quater-

2237 2578 2453 2645 narius,
2480 2579 2600 2650 qui,
2627 2579 2857 2635 sibimet
2877 2581 3211 2652 comparati,
3235 2580 3664 2652 sesquitertiam
3687 2581 3934 2636 efﬁcient

2237 2667 2692 2739 proportionem.

2535 2818 2545 2872 l
2729 2817 2754 2862 3
2907 2815 2916 2875 Ι
3068 2816 3094 2861 4
3244 2815 3254 2871 Ι
3404 2814 3432 2858 6
3614 2819 3623 2872 t

2245 3207 3088 3272 __—~l———§

2331 3275 2667 3331 diatessaron
3425 3285 3834 3347 scsquitertium

2762 3235 2773 3404 Ι

3103 3413 3316 3420 -——_

2551 3739 2700 3810 Γ’“’
2725 3737 2761 3794 ί2
2771 3737 3622 3809 ’ρΓῤϐᾐΙΪζ-νσ...]

3101 3733 3248 3740 _____-

3633 3795 3920 3804 —————

2252 3811 2546 3822 ——_———

2236 3885 2296 3938 ln
2319 3885 2517 3939 eadem
2568 3900 2801 3956 quoque
2850 3883 3159 3939 medietate
3190 3884 3246 3936 et
3279 3879 3548 3950 diapente
3587 3870 3926 3946 symphonia

2234 3975 2616 4046 componitur,
2683 3991 2856 4046 quam
2914 3973 3287 4044 sesquialtero
3335 3965 3613 4024 habitudo
3649 3960 3920 4018 restituit.

2234 4065 2374 4118 Nam
2415 4064 2475 4118 in
2515 4064 2772 4136 utrisque
2829 4061 3294 4134 dispositionibus
3340 4058 3428 4114 his
3477 4071 3607 4128 quas
3654 4050 3921 4119 subjectae

2231 4158 2384 4221 sunt,
2411 4153 2470 4208 in
2496 4154 2708 4225 duplici
2738 4153 2994 4208 senarius
3022 4152 3091 4207 ad
3121 4147 3551 4223 quaternarium
3584 4140 3922 4212 sesquialter

2158 4235 2202 4289 Ι)
2235 4248 2338 4311 est,
2372 4243 2433 4297 in
2455 4243 2666 4314 triplici
2695 4242 2978 4298 ternarius
2999 4243 3071 4297 ad
3099 4241 3410 4305 binarium,
3435 4251 3502 4292 ex
3521 4233 3730 4306 quibus
3754 4227 3921 4283 utris-

2227 4346 2360 4402 que,
2393 4332 2662 4404 diapente
2691 4333 3034 4405 symphonia
3057 4329 3445 4404 conjungitur.

3237 4471 3489 4532 diapente

3179 4534 3542 4597 sesquialtera

3141 4629 3554 4862 ΚΧ

2851 4869 2947 4952 ζῖὶ
2964 4865 3452 4951 ”,.-..-’
3018 4867 3152 4925 ’⁷4
3177 4865 3903 4952 *Γ-ῗ--ἐθή-

2929 4957 2939 5014 Ι
3120 4955 3146 4998 3
3330 4957 3338 5010 Ι
3537 4952 3566 4996 6
3715 4951 3725 5008 |

2720 4958 2748 5002 2
2929 4957 2939 5014 Ι
3120 4955 3146 4998 3
3330 4957 3338 5010 Ι

2712 5025 3125 5262 k/

2754 5283 3112 5345 scsquialtcra

2812 5349 3062 5405 diapente

3571 4859 3900 4870 —————-—

3337 4864 3542 4872 ...υ-

2720 4885 2748 4953 ἓ

2720 4958 2748 5002 2

2230 5477 2362 5530 Post
2397 5476 2544 5530 hanc
2581 5480 2773 5531 autem
2805 5477 3084 5549 diapason
3122 5477 3521 5548 consonantia,
3562 5492 3688 5549 quae
3738 5473 3800 5530 fit
3844 5489 3908 5528 ex

2228 5565 2465 5637 duplici,
2496 5569 2560 5622 ut
2580 5570 2666 5623 est
2688 5567 2749 5622 in
2777 5567 3032 5639 subjecta
3060 5566 3328 5624 formula.
