4104 6176
286 154 428 206 H57

1023 297 1238 360 Duplex

988 358 1271 424 Diapason

785 710 1030 796 Dupfm
1252 719 1491 797 Diapaj'on

397 456 1107 916 :[é‘z
1113 454 1269 918 ἐ
1274 631 1380 920 -l
1428 831 1659 922 -_§

1459 916 1658 928 αξη-δ...

1666 923 1829 937 ουκ-
1860 930 1871 937 ν

276 990 352 1045 In
398 992 609 1064 triplici
658 1010 889 1066 quoque
940 996 1338 1068 dispositione,
1391 1002 1562 1058 simul
1605 1005 1875 1077 diapente
1922 1015 1981 1064 et

269 1081 557 1153 diapason
585 1084 930 1154 symphonia
958 1088 1345 1159 componitur,
1377 1107 1611 1148 servans
1640 1096 1975 1167 sesquialte-

274 1186 407 1225 ram
440 1177 495 1225 et
518 1172 806 1243 duplicem
843 1174 1149 1230 rationem:
1185 1178 1341 1247 quod
1373 1181 1629 1253 subjecta
1666 1185 1976 1258 descriptio

270 1259 464 1315 docet.

624 1331 990 1393 Sesquialtera

1246 1335 1459 1399 Duplex

682 1395 947 1458 Diapente

1198 1396 1477 1461 Diapason

1022 2165 1240 2215 Triplex

798 2224 1062 2289 Diapente
1092 2224 1144 2278 et
1176 2228 1461 2290 diapason.

271 2306 344 2359 Et
373 2302 648 2376 quoniam
698 2302 900 2375 triplus
930 2306 1070 2375 duas
1112 2309 1368 2362 continet
1400 2310 1822 2380 consonantias,
1856 2311 1974 2366 dia-

268 2400 446 2465 pente
493 2394 725 2456 scilicet,
775 2399 830 2447 et
880 2394 1177 2466 diapason,
1230 2396 1291 2449 in
1331 2397 1502 2467 hujus
1546 2398 1787 2469 triplicis
1817 2401 1971 2471 posi-

269 2484 429 2537 tione
459 2482 519 2536 in
550 2481 891 2536 differentiis
917 2485 1185 2539 eumdem
1228 2501 1424 2539 rursus
1451 2487 1692 2557 triplum
1722 2490 1972 2561 reperie-

267 2587 421 2641 mus,
453 2570 770 2625 secundum
800 2570 995 2628 subter
1029 2574 1383 2643 descriptum
1417 2577 1678 2633 modum.

675 2658 896 2722 Triplus
926 2659 1176 2724 diapente
1204 2664 1255 2710 et
1281 2660 1567 2725 diapason.

761 2894 807 2951 /

682 2759 1567 3391 [λι

392 3153 1867 3281 ””’“”“”

386 3379 449 3385 _
654 3316 723 3363 2
912 3302 1264 3389 __?_5___

993 3431 1254 3483 Termini.

265 3514 330 3568 In
363 3513 539 3584 dupla
567 3528 699 3568 vero
731 3511 1120 3583 dispositione,
1156 3513 1341 3583 major
1380 3514 1661 3570 terminus
1688 3515 1757 3569 ad
1791 3516 1968 3571 medii

263 3603 501 3659 termini
543 3606 741 3656 contra
771 3616 829 3655 se
862 3600 1263 3669 differentiam,
1298 3602 1507 3673 triplus
1540 3608 1644 3671 est,
1681 3610 1734 3660 et
1768 3621 1967 3661 rursus

268 3695 461 3749 minor
490 3692 771 3746 terminus
801 3691 871 3744 ad
904 3690 1075 3745 medii
1104 3698 1299 3745 contra
1336 3691 1619 3749 minorem
1651 3695 1965 3752 terminum

269 3782 589 3854 comparati
620 3781 1022 3845 differentiam,
1054 3781 1261 3851 triplus
1292 3785 1397 3836 est.

982 3880 1330 3939 Differentice.

1092 4011 1211 4061 H2

266 5060 371 5114 Illa
404 5064 600 5115 autem
630 5061 880 5116 maxima
913 5060 1255 5133 symphonia
1290 5077 1417 5132 quae
1458 5063 1694 5114 vocatur
1724 5053 1810 5108 bis
1840 5052 1960 5106 dia-

263 5168 470 5223 pason,
504 5151 660 5205 velut
684 5151 771 5205 bis
802 5151 1063 5221 duplum,
1092 5150 1366 5222 quoniam
1399 5150 1673 5220 diapason
1700 5143 1965 5216 sympho-

260 5239 359 5293 nia
388 5256 453 5292 ex
487 5238 702 5308 duplici
732 5239 1103 5310 proportione
1135 5239 1444 5310 colligitur,
1478 5236 1611 5291 huic
1641 5250 1697 5288 se
1721 5232 1962 5302 junctu-

264 5344 344 5383 rae
376 5327 729 5382 harmonicaa
769 5327 1093 5383 medietatis
1134 5327 1439 5382 interserit.
1476 5326 1614 5379 Nam
1658 5323 1719 5377 in
1747 5319 1963 5392 duplici

265 5418 663 5489 proportione,
698 5419 921 5473 medius
956 5417 1234 5471 terminus
1264 5417 1334 5471 ad
1360 5414 1597 5471 minoris
1627 5412 1829 5483 suique
1860 5409 1963 5465 dif-

264 5506 577 5564 ferentiam
608 5507 963 5579 quadruplus
991 5506 1301 5563 invenitur.

1599 175 1689 229 DE
1732 178 2209 237 ARITHMETICA
2255 187 2378 240 LIB.
2424 190 2493 241 ll.

3648 222 3796 273 1158

2775 346 3117 402 Differentia.

2724 475 2739 521 l

2853 527 2887 559 ε

2857 567 2893 627 3,

2863 634 2915 695 Ξ

2871 704 2903 733 .~:

2862 740 2909 791 ’Ξ

2885 825 2917 850 Ἰ)

2887 858 2920 871 Α

2873 864 2920 871 ,νη

2878 878 2923 910 .22

2897 938 2931 965 ω

2890 970 2935 1022 Ξ

2906 1029 2954 1060 ελ

2910 1066 2943 1095 ες

2904 1104 2950 1162 ἔ

2922 1167 2956 1197 C3

2917 1202 2973 1283 ἓν

2533 1332 2633 1389 l3
2787 1347 2951 1411 *λι

2084 1503 2145 1558 In
2177 1505 2502 1576 triplicibus
2528 1530 2757 1586 quoque
2786 1523 3263 1589 extremitatibus,
3300 1524 3483 1593 major
3512 1522 3785 1577 differen-

2010 1603 2053 1659 Β
2088 1594 2166 1647 tia
2218 1596 2286 1649 ad
2335 1598 2617 1655 minorem
2670 1605 3055 1662 differentiam
3104 1613 3425 1682 quadrupla
3458 1616 3559 1675 est,
3613 1615 3667 1663 et
3697 1609 3782 1663 bis

2082 1682 2353 1753 diapason
2397 1689 2796 1758 symphoniam
2852 1696 3081 1749 emittit.
3140 1700 3396 1769 Namque
3434 1698 3490 1751 in
3547 1697 3783 1766 disposi-

2082 1771 2238 1825 tione
2269 1776 2321 1836 2,
2354 1776 2407 1841 3,
2441 1778 2490 1842 6,
2541 1781 2929 1836 extremorum
2963 1784 3287 1839 differentia
3332 1791 3434 1847 est.
3492 1786 3545 1838 id
3583 1791 3668 1839 est
3700 1802 3783 1841 se-

2085 1860 2233 1914 narii
2260 1866 2315 1915 et
2362 1862 2590 1932 binarii,
2624 1868 2657 1920 4
2701 1885 2713 1935 ;
2764 1872 3117 1926 minorNcro
3165 1874 3511 1941 differentia,
3582 1875 3639 1929 id
3697 1879 3781 1929 est

2082 1951 2316 2003 ternarii
2346 1956 2404 2005 et
2430 1952 2660 2023 binarii,
2694 1973 2842 2011 unus
2890 1976 2901 2025 ;
2956 1961 2988 2013 4
3037 1966 3227 2015 autem
3275 1979 3393 2016 uno
3454 1964 3780 2034 quadrupla

2083 2039 2270 2108 major
2311 2044 2396 2093 est
2437 2042 2751 2111 relatione,
2783 2064 2912 2117 quae
2962 2050 3312 2119 comparatio
3365 2052 3449 2106 bis
3500 2052 3779 2123 diapason

2083 2129 2517 2183 consonantiam
2558 2135 2734 2186 tenet.
3036 2154 3043 2159 ·

2532 2217 2888 2284 Quadruplus
2924 2222 3009 2271 bis
3040 2222 3324 2287 diapason.

2430 2802 2460 2829 ο
2926 2801 2935 2811 .

2440 2832 2465 2847 ι-
2898 2840 2925 2882 ἲ
3372 2876 3415 2921 ζ

2702 2966 2930 3023 CAPUT
2972 2972 3144 3024 XLIX.

2538 3038 2614 3090 De
2643 3043 2965 3105 geometrica
2998 3042 3303 3098 harmonia.

2154 3120 2363 3174 Vocant
2389 3126 2580 3177 autem
2605 3126 2840 3195 quidam
2874 3130 3265 3186 harmonicam
3297 3134 3625 3204 hujusmodi
3660 3156 3772 3191 mc-

2079 3207 2368 3276 dietatem,
2401 3210 2612 3265 idcirco
2663 3216 2817 3285 quod
2851 3234 3077 3288 semper
3106 3220 3227 3274 haec
3271 3227 3769 3293 proportionalitas

2079 3299 2440 3367 geometricas
2471 3300 2786 3357 harmonia:
2837 3312 3076 3376 cognata
3125 3315 3225 3374 est,
3270 3311 3627 3367 harmoniam
3670 3334 3767 3368 au-

2077 3391 2192 3440 tem
2224 3390 2650 3458 geometricam,
2685 3393 2895 3448 cubum
2930 3397 3144 3454 dicunt.
3191 3401 3273 3453 ita
3305 3402 3456 3455 enim
3487 3419 3550 3455 ex
3582 3404 3767 3474 longi-

2076 3476 2274 3531 tudine
2311 3477 2372 3532 in
2414 3478 2775 3535 latitudinem
2808 3483 3090 3539 distentus
3123 3490 3226 3553 est,
3258 3494 3312 3542 et
3359 3489 3418 3542 in
3450 3490 3770 3549 altitudinis

2077 3566 2374 3622 cumulum
2423 3569 2616 3635 crevit,
2671 3575 2735 3625 ut
2788 3588 2852 3626 ex
2902 3576 3219 3645 aequalibus
3258 3578 3642 3650 proficiscens,
3698 3585 3770 3638 ad

2076 3655 2319 3726 aequalia
2365 3658 2703 3727 perveniens
2736 3663 3033 3731 aequaliter
3074 3668 3228 3718 totus
3271 3667 3380 3720 sibi
3422 3672 3767 3727 conveniens

2076 3744 2337 3799 creverit.
2365 3746 2492 3801 Haec
2524 3751 2715 3802 autem
2743 3750 3039 3817 medietas,
3067 3752 3127 3805 in
3156 3754 3419 3809 omnibus
3453 3758 3609 3812 cubis
3637 3777 3767 3830 quae

2076 3840 2160 3885 est
2204 3832 2549 3901 geometrica
2598 3835 2903 3889 harmonia
2952 3840 3314 3909 perspicitur.
3368 3843 3564 3899 Omnis
3610 3848 3767 3903 enim

2073 3920 2251 3974 cubus
2306 3920 2475 3974 habet
2530 3923 2708 3976 latera
2776 3928 2856 3991 li),
2918 3928 3159 3996 angulos
3214 3932 3264 3997 8,
3323 3935 3652 4001 superficies
3710 3941 3762 3991 6.

2075 4010 2174 4065 Hic
2210 4014 2399 4063 autem
2445 4011 2581 4065 ordo
2615 4017 2670 4065 et
2701 4013 2999 4082 dispositio
3045 4017 3379 4073 harmonica
3427 4028 3527 4076 est.
3564 4025 3767 4095 Dispo-

2072 4102 2283 4152 nantur
2312 4096 2466 4149 enim
2511 4101 2563 4164 6,
2606 4103 2657 4165 8,
2692 4103 2785 4166 l2;
2828 4101 2920 4155 hic
2966 4118 3102 4174 ergo
3141 4108 3629 4176 quemodmadum
3682 4121 3767 4170 est

2077 4188 2262 4257 major
2291 4185 2570 4239 terminus
2606 4188 2672 4243 ad
2716 4190 3132 4258 parvissimum,
3174 4193 3253 4247 ita
3292 4194 3614 4256 differentia
3647 4220 3764 4260 ma-

2071 4277 2214 4353 joris
2244 4278 2301 4332 et
2325 4274 2496 4329 medii
2527 4275 2598 4330 ad
2626 4278 3023 4347 parvissimam
3057 4288 3439 4353 comparatur.

2652 4364 2978 4418 Differcntiae
3006 4368 3202 4434 duplze.

2901 4469 3247 4685 \La
3258 4564 3374 4614 fero

2513 4800 2833 4818 ,—_,__..a

2706 5320 2871 5383 Dupli
2900 5322 3135 5371 termini.

2071 5409 2339 5481 Perpensi
2361 5425 2609 5481 namque
2634 5414 2693 5464 1'2
2717 5411 2785 5466 ad
2804 5428 2897 5465 sex
2926 5411 3087 5481 dupli
3106 5415 3260 5479 sunt,
3284 5410 3603 5467 differentia
3629 5432 3754 5467 H‘l‘t)

2080 5503 2141 5553 l2
2173 5504 2228 5554 et
2276 5498 2555 5555 octonarii
2598 5500 2999 5573 quaternarius
3044 5503 3149 5567 est,
3201 5502 3478 5556 octonarii
3536 5519 3667 5557 vero
3718 5513 3772 5558 et
