4104 6176
419 252 553 303 1159

1756 247 1868 300 ΑΝ.
1913 247 2118 300 MANL.
2165 245 2308 299 SEV.
2355 245 2581 300 BOETII

3768 242 3904 293 1160

406 384 616 441 senarii
655 383 788 448 duo,
837 381 1012 450 dupla
1051 383 1242 433 autem
1292 379 1513 432 ratione
1544 341 1835 433 distat/bunt
1875 378 2097 431 duobus
2134 380 2181 432 A
2211 375 2580 446 dispositione
2618 377 2699 440 10,
2730 377 2819 436 25,
2856 375 2944 428 40.
2979 373 3143 428 Vides
3175 373 3332 427 enim
3361 377 3427 427 ut
3447 371 3758 443 quindenm
3786 388 3911 426 sese

411 481 656 545 quatuor
695 468 1024 540 comparati.
1057 469 1270 522 Rursus
1299 468 1645 533 octonarius,
1688 468 1786 538 qui
1824 467 2104 520 medietas

411 569 513 629 est,
567 562 677 616 alia
721 575 821 612 sua
869 563 1030 628 parte
1071 555 1353 611 minorem
1399 556 1688 626 praecedit,
1745 560 1800 609 et
1843 555 1954 608 alia
1999 571 2102 608 sua

411 656 571 722 parte
603 667 632 703 a
672 649 886 718 majore
931 646 1292 717 praeceditur,
1336 646 1534 700 eadem
1566 649 1754 698 autem
1788 649 1949 715 parte
2001 644 2106 698 mi-

412 739 568 793 noris
602 737 884 791 minorem
924 739 1153 805 superat
1193 751 1306 804 qua
1339 739 1500 803 parte
1542 734 1772 804 majoris
1806 751 1838 787 a
1887 733 2103 803 majore

410 833 731 898 superatur.
767 827 981 880 Rursus
1030 824 1077 877 si
1109 824 1491 877 extremitates
1521 823 1581 876 in
1623 840 1803 876 unum
1836 823 2101 893 redigan-

415 925 511 971 tur
543 920 599 970 et
630 933 661 968 a
692 914 997 968 medietate
1043 913 1336 967 octonario
1383 913 1860 982 multiplicentur,
1894 912 2105 981 duplus

416 1007 526 1061 erit
555 1005 624 1058 ab
657 1021 724 1058 eo
754 1019 995 1057 numero
1023 1019 1197 1072 quem
1242 1003 1375 1055 solae
1404 1001 1790 1055 extremitates
1823 1000 2102 1069 multipli-

405 1101 546 1149 catae
576 1094 940 1163 perfecerint.
993 1093 1204 1146 Omnes
1230 1096 1421 1144 autem
1469 1090 1530 1143 in
1584 1091 1689 1145 hac
1729 1089 2100 1160 dispositione

406 1183 776 1255 symphonias
795 1181 1040 1234 musicas
1071 1180 1413 1234 invenimus.
1448 1179 1811 1234 Diatessaron
1861 1178 2094 1248 quidem

403 1279 489 1328 est
533 1277 658 1326 octo
707 1272 778 1325 ad
815 1287 928 1335 sex,
959 1269 1235 1340 quoniam
1275 1267 1572 1338 proportio
1610 1266 1980 1338 sesquitertia
2006 1271 2095 1320 est

408 1367 481 1418 At
513 1364 800 1432 diapente,
839 1364 899 1413 12
941 1360 1008 1413 ad
1041 1362 1093 1425 8,
1136 1358 1410 1429 quoniam
1455 1374 1520 1411 ea
1553 1373 1682 1428 quae
1723 1356 2101 1426 sesquialtera

414 1451 766 1522 comparatio
803 1449 1028 1516 dicitur,
1062 1449 1122 1502 in
1159 1463 1224 1502 ea
1255 1449 1520 1518 diapente
1549 1446 1915 1500 consonantia
1945 1462 2102 1516 repe-

409 1541 575 1595 ritur.
610 1540 892 1609 Diapason
921 1553 1080 1603 vero,
1115 1553 1242 1607 quae
1275 1553 1344 1589 ex
1379 1535 1592 1606 duplici
1623 1535 1892 1601 nascitur,
1927 1551 1989 1587 ex
2035 1536 2100 1586 12

406 1632 476 1685 ad
530 1647 625 1684 sex
674 1628 1089 1700 compositione
1143 1625 1496 1696 producitur.
1545 1625 1827 1695 Diapason
1857 1641 1990 1678 vero
2042 1629 2100 1677 et

405 1721 691 1789 diapente,
725 1735 850 1788 quae
881 1715 1122 1785 triplicis
1161 1715 1380 1768 obtinet
1425 1713 1728 1780 rationem,
1783 1714 1846 1767 fit
1895 1713 1963 1766 ab
2009 1729 2100 1766 ex-

409 1807 768 1862 tremitatum
831 1803 1170 1863 differentia,
1230 1803 1299 1856 ad
1360 1802 1740 1857 differentiam
1792 1801 2098 1857 minorem.

409 1897 665 1966 Namque
719 1893 1059 1948 duodenarii
1115 1896 1170 1946 et
1207 1891 1416 1945 senarii
1464 1908 1558 1946 sex
1612 1892 1933 1945 ditferentia
1977 1897 2098 1956 est;

407 1983 598 2036 minor
627 1997 760 2034 vero
783 1985 866 2035 est
895 1981 1218 2034 differentia
1250 1979 1524 2034 octonarii
1559 1983 1615 2034 et
1654 1979 1884 2044 senarii,
1919 1978 1974 2032 id
2015 1985 2100 2032 est

405 2074 456 2124 2.
493 2071 600 2134 Qui
641 2070 899 2124 senarius
931 2070 1001 2124 ad
1045 2070 1337 2124 binarium
1361 2070 1570 2140 triplus
1603 2073 1706 2136 est,
1739 2073 1796 2122 et
1824 2068 2098 2138 diapason

409 2159 654 2213 simulet
675 2159 940 2229 diapente
961 2159 1333 2212 consonantia
1354 2163 1576 2214 sonant.
1609 2159 1712 2212 Illa
1744 2173 1875 2212 vero
1918 2157 2100 2226 major

409 2249 784 2302 consonantia
813 2264 939 2319 quae
967 2254 1050 2302 est
1078 2247 1164 2301 bis
1185 2249 1481 2317 diapason,
1517 2265 1641 2318 quae
1679 2264 1743 2301 ex
1777 2247 2099 2317 quadruplo

408 2338 473 2391 ﬁt
496 2338 556 2390 in
587 2337 764 2391 medii
785 2337 1040 2401 termini,
1075 2336 1131 2390 id
1166 2341 1249 2390 est
1278 2336 1579 2405 octonarii,
1601 2341 1656 2390 et
1687 2337 1810 2406 ejus
1832 2336 2094 2389 differen-

409 2425 502 2477 tiae
530 2425 960 2493 comparatione
1000 2424 1362 2494 perspicitur,
1395 2441 1524 2495 quae
1566 2425 1717 2478 inter
1739 2423 2100 2478 octonarium

407 2511 813 2581 senariumque
866 2511 1170 2582 reperitur.
1218 2512 1403 2575 Quare
1431 2512 1658 2582 proprie
1689 2515 1858 2582 atque
1890 2527 2100 2566 conve-

409 2597 634 2652 nienter
669 2599 998 2669 hujusmodi
1039 2600 1544 2672 proportionalitas
1599 2600 1931 2656 harmonica
1979 2617 2099 2655 me-

411 2688 590 2743 dietas
623 2688 961 2760 appellatur.

1079 2901 1324 2974 {CAPUT
1363 2901 1424 2956 L.

407 3066 867 3135 Quemadmodum
898 3069 1208 3122 constitutis
1240 3068 1563 3120 altrinsecus
1594 3065 1800 3120 duobus
1833 3067 2096 3133 terminis,

479 3159 850 3223 arithmetica,
885 3159 1226 3224 geometrica,
1267 3161 1317 3209 et
1349 3157 1666 3210 harmonica
1691 3158 1833 3209 inter
1880 3170 1968 3209 eas
1997 3170 2100 3208 me-

479 3247 656 3303 dietas
688 3249 1005 3314 alternctur,
1041 3251 1203 3314 atque
1232 3246 1297 3300 de
1326 3260 1505 3300 eorum
1536 3244 1992 3312 generationibus.

481 3423 593 3475 Nos
625 3426 815 3476 autem
845 3426 1114 3487 praestare
1143 3421 1437 3485 debemus,
1493 3425 1771 3491 quatenus
1822 3421 2095 3491 quemad-

410 3510 642 3564 modum
674 3511 806 3563 dato
842 3511 1080 3574 calamo,
1113 3510 1378 3562 extremis
1408 3509 1784 3563 foraminibus
1807 3511 2100 3564 manenti—

407 3599 513 3652 bus
543 3598 773 3652 musicis
812 3614 936 3652 mos
979 3602 1083 3661 est,
1121 3602 1182 3651 ut
1216 3598 1437 3651 medius
1481 3598 1738 3651 foramen
1769 3604 2098 3668 permutan-

405 3692 511 3754 tes,
547 3692 716 3758 atque
747 3687 899 3741 aliud
932 3687 1274 3757 aperientes,
1303 3686 1455 3740 aliud
1487 3686 1683 3756 digitis
1714 3687 2093 3755 occludentes,

408 3776 660 3830 diversos
699 3777 964 3830 emittant
996 3792 1186 3843 sonos,
1210 3776 1298 3830 vel
1349 3792 1477 3829 cum
1513 3776 1732 3829 duabus
1763 3776 2096 3830 altrinsecus

405 3866 690 3936 protensis
735 3867 982 3931 chordis,
1033 3865 1210 3920 medii
1266 3865 1426 3918 nervi
1476 3882 1681 3919 sonum
1729 3867 1980 3919 musicus
2012 3867 2097 3920 vel

408 3954 780 4025 astringendo
826 3958 1039 4022 tenuat,
1082 3955 1172 4009 vel
1211 3954 1559 4010 remittendo
1587 3960 1805 4025 gravat,
1835 3955 1912 4009 ita
1955 3972 2096 4025 quo-

407 4060 519 4115 que
554 4045 699 4098 datis
746 4045 970 4098 duobus
1000 4044 1277 4111 numeris,
1311 4060 1465 4098 nunc
1495 4043 1728 4114 quidem
1770 4044 2098 4098 arithmeti-

405 4149 552 4200 cam,
582 4150 736 4187 nunc
762 4149 895 4187 vero
923 4134 1356 4203 geometricam,
1397 4149 1550 4187 nunc
1577 4138 1767 4188 autem
1801 4133 2094 4187 harmoni-

405 4239 528 4278 cam
585 4223 952 4277 medietatem
1002 4224 1366 4293 experiamur
1422 4221 1692 4289 inserere,
1756 4226 1822 4275 ut
1878 4225 2096 4275 rectum

403 4312 819 4382 propriumque
836 4311 1157 4365 medietatis
1176 4327 1409 4366 momen
1436 4311 1527 4377 sit,
1549 4311 1704 4382 quod
1730 4309 2097 4364 manentibus

406 4401 858 4456 extremitatibus
915 4401 1026 4454 huc
1077 4405 1249 4471 atque
1295 4401 1432 4455 illuc
1480 4400 1616 4454 ferri
1667 4399 2099 4469 permutarique

402 4491 680 4544 videatur.
725 4489 1042 4544 Poterimus
1073 4495 1266 4544 autem
1313 4490 1460 4543 hanc
1486 4490 1547 4543 in
1579 4489 1799 4543 duobus
1831 4489 2094 4543 altrinse-

407 4594 507 4634 cus
551 4579 749 4649 positis
789 4578 1073 4646 terminis,
1104 4580 1189 4632 vel
1227 4579 1459 4650 paribus
1487 4579 1572 4632 vel
1619 4579 1938 4649 imparibus
1968 4594 2099 4648 per-

407 4672 652 4735 mutare,
687 4668 765 4721 ita
798 4670 861 4720 ut
887 4683 1018 4721 cum
1059 4667 1478 4722 arithmeticam
1517 4668 1789 4738 ponimus
1819 4667 2097 4721 medieta-

405 4759 522 4809 tem
537 4755 989 4810 diﬂ’erentiarum
1005 4761 1228 4811 tantum
1249 4757 1393 4811 ratio
1410 4757 1822 4828 aaqualitasque
1842 4761 2101 4810 servetur

406 4845 546 4899 Cum
587 4859 719 4897 vero
759 4844 1185 4914 geometricam,
1228 4850 1352 4899 rata
1392 4861 1450 4900 se
1493 4846 1936 4916 proportionum
1962 4845 2102 4915 jun-

406 4935 565 4984 ctura
597 4932 894 4986 custodiat.
948 4933 1043 4987 Sin
1089 4939 1297 5000 autemj
1325 4933 1660 4987 harmonica
1708 4933 1809 4987 fiat
1837 4933 2100 4987 differen-

405 5020 616 5076 tiarum
656 5021 1022 5090 comparatio,
1059 5021 1128 5075 ab
1159 5021 1543 5076 terminorum
1573 5022 1948 5091 proportione
1980 5038 2100 5076 non

408 5107 707 5179 discrepet.
763 5110 828 5163 Et
855 5109 968 5163 sint
1016 5110 1248 5180 quidem
1279 5111 1469 5181 primo
1519 5127 1686 5181 pares
1714 5110 1916 5181 positae
1948 5128 2099 5181 quae-

403 5197 538 5252 dam
571 5197 972 5262 extremitates,
1022 5200 1172 5253 inter
1200 5216 1342 5268 quas
1369 5201 1470 5254 has
1513 5216 1713 5254 omnes
1769 5200 2098 5254 medietates

405 5291 669 5355 oporteat
723 5286 1126 5352 internectere,
1181 5290 1245 5340 10
1277 5293 1329 5342 et
1372 5290 1459 5342 40.
1493 5289 1657 5342 Prius
1699 5288 1876 5358 igitur
1925 5289 2100 5342 arith-

406 5375 614 5429 metica
635 5377 912 5429 medietas
938 5381 1183 5446 aptetur.
1207 5377 1361 5430 Inter
1386 5378 1487 5431 hos
1508 5394 1644 5448 ergo
1668 5379 1797 5431 8125
1829 5393 2096 5448 posuero,

408 5461 515 5514 erit
550 5463 689 5516 mihi
719 5465 1076 5518 arithmetica
1105 5465 1404 5534 proportio
1437 5466 1889 5521 differentiarum
1921 5484 2098 5538 quan-

407 5549 569 5606 titate
616 5553 1056 5611 immutabiliter
1100 5555 1401 5623 custodita,
1434 5555 1494 5610 in
1518 5557 1850 5628 hujusmodi
1887 5557 2101 5612 scilicet

2215 465 2516 519 summulae
2566 464 2881 534 quantitate
2914 463 3334 518 transcendant.
3809 459 3822 484 δ’

2857 572 3229 647 ζῇρᾮοῆ
3403 572 3567 638 ΓῙΓἾ
3583 573 3780 637 '21"!

2847 653 3130 715 101201
3186 655 3465 721 'm_l_l__1(i
3513 663 3519 708 ι
3572 656 3632 705 to
3673 654 3851 720 ΗΜ

2211 928 2534 998 Omnesque
2565 928 2972 998 proprietates,
3012 946 3152 1000 quas
3185 947 3356 1002 supra
3389 932 3639 986 diximus
3682 933 3744 986 in
3791 950 3912 988 me-

2211 1016 2420 1071 dietate
2479 1018 2833 1072 artthmetica
2903 1019 3205 1074 convenire
3261 1022 3331 1075 ab
3407 1023 3509 1076 hac
3564 1023 3906 1093 hujusmodi

2211 1105 2584 1176 dispositione
2614 1121 2734 1161 non
2768 1107 3016 1177 reperies
3058 1109 3288 1163 alienas.
3325 1111 3581 1181 Namque
3629 1114 3912 1182 quemad-

2212 1196 2448 1250 modum
2471 1196 2866 1267 unusquisque
2890 1213 3087 1251 eorum
3110 1198 3388 1253 terminus
3411 1201 3480 1254 ad
3508 1201 3770 1270 seipsum
3801 1207 3906 1268 est,

2213 1284 2488 1354 quoniam
2521 1284 2627 1338 sibi
2657 1286 2893 1356 aequalis
2923 1290 3027 1350 est,
3062 1286 3139 1340 ita
3168 1292 3300 1341 sunt
3331 1289 3400 1342 ad
3428 1305 3484 1342 se
3520 1289 3768 1343 invicem
3797 1291 3916 1344 diff-

2212 1374 2469 1428 ferentia:
2500 1375 2779 1444 quoniam
2811 1375 2916 1428 sibi
2947 1380 3080 1429 sunt
3102 1379 3370 1446 aequales,
3407 1383 3461 1431 et
3483 1383 3702 1448 quanto
3737 1380 3920 1448 major

2212 1463 2498 1516 terminus
2531 1463 2784 1516 medium
2819 1463 3047 1529 transit,
3079 1469 3236 1518 tanto
3268 1465 3490 1519 medius
3523 1466 3702 1520 vincit
3731 1467 3913 1520 mino-

2213 1567 2356 1618 rem,
2393 1552 2457 1605 Et
2485 1552 2914 1606 extremitatum
2946 1553 3280 1623 aggregatio
3314 1555 3520 1624 duplex
3553 1561 3638 1608 est
3687 1556 3913 1611 medie-

2907 712 3234 719 Μ

3429 713 3674 720 __————

3530 747 3701 795 music

2137 1666 2177 1717 Β
2211 1643 2345 1707 tate,
2393 1644 2448 1694 et
2483 1640 2776 1694 minorum
2825 1642 3208 1695 terminorum
3247 1643 3544 1712 proportio
3595 1644 3790 1714 major
3832 1650 3912 1699 est

2215 1727 2314 1780 illa
2341 1728 2787 1798 comparatione,
2823 1745 2951 1799 quae
3000 1729 3153 1784 inter
3181 1731 3428 1802 majores
3467 1733 3754 1819 terminos
3781 1749 3914 1787 con-

2215 1817 2452 1870 tinetur.
2480 1818 2543 1870 Et
2567 1821 2726 1871 tanto
2750 1817 2942 1871 minor
2972 1825 3056 1872 est
3088 1835 3363 1874 numerus
3387 1821 3482 1891 qui
3520 1817 3582 1875 fit
3615 1837 3682 1875 ex
3717 1823 3910 1876 multi-

2213 1906 2438 1975 plicatis
2479 1906 2954 1973 extremitatibus,
2987 1908 3056 1961 ab
3105 1925 3169 1962 eo
3209 1909 3309 1978 qui
3339 1910 3403 1963 fit
3430 1926 3492 1963 ex
3526 1911 3913 1980 multiplicata

2215 1995 2548 2061 medietate,
2592 2000 2870 2065 quantum
2914 2011 3111 2050 eorum
3146 1997 3484 2053 differentiae
3513 2000 3915 2069 multiplicatae

2212 2084 2542 2138 restituunt.
2580 2084 2726 2138 Illud
2776 2101 3006 2156 quoque
3047 2087 3198 2156 quod
3233 2087 3510 2142 medietas
3568 2089 3778 2142 eadem
3829 2092 3915 2144 sui

2211 2177 2373 2242 parte
2408 2179 2464 2226 et
2497 2190 2527 2227 a
2560 2173 2779 2243 majore
2801 2173 3066 2240 vincitur,
3102 2179 3159 2228 et
3180 2175 3462 2230 minorem
3483 2176 3610 2246 ipsa
3640 2193 3913 2246 superve-

2213 2262 2318 2327 nit,
2389 2278 2501 2315 non
2579 2261 2779 2316 eadem
2836 2266 3030 2316 autem
3093 2269 3257 2333 parte
3322 2264 3607 2318 minorem
3680 2266 3907 2332 transit,

2210 2351 2298 2404 vel
2330 2349 2563 2419 majoris
2596 2368 2626 2403 a
2659 2350 2875 2419 majore
2899 2351 3264 2421 relinquitur,
3299 2369 3424 2423 quae
3465 2369 3666 2406 omnes
3698 2354 3910 2407 scilicet

2211 2439 2586 2510 proprietates
2617 2455 2734 2492 non
2766 2439 3001 2493 alterius
3031 2439 3141 2493 nisi
3164 2441 3538 2495 arithmeticae
3568 2442 3910 2496 'medietatis

2213 2533 2364 2583 sunt.
2401 2528 2563 2592 Quod
2617 2528 2662 2581 si
2711 2527 2973 2598 superius
3025 2529 3175 2583 dicta
3225 2531 3554 2584 meminerit
3589 2529 3794 2594 lector,
3833 2532 3910 2585 ita

2213 2633 2333 2670 esse
2359 2616 2754 2671 indubitanter
2799 2617 3100 2688 intelliget.
3150 2621 3363 2673 Rursus
3395 2619 3440 2672 si
3487 2620 3637 2673 inter
3667 2621 3907 2674 eosdem

2217 2709 2280 2760 10
2311 2709 2366 2760 et
2402 2708 2469 2760 40
2511 2705 2716 2775 viginti
2747 2707 3110 2774 constituam,
3145 2708 3335 2762 statim
3378 2709 3724 2778 geometrica
3775 2727 3908 2764 me-

2214 2793 2394 2847 dietas
2450 2810 2587 2848 cum
2638 2795 2754 2848 suis
2819 2795 3268 2866 proprietatibus
3340 2797 3555 2850 cunctis
3624 2799 3903 2862 exoritur,

2214 2885 2572 2938 arithmetica
2593 2886 2897 2940 medietate
2928 2891 3225 2955 pereunte.
3260 2889 3322 2940 In
3343 2888 3445 2941 hac
3476 2888 3629 2941 enim
3654 2888 3906 2958 disposi-

2211 2974 2363 3028 tione
2416 2977 2499 3036 10,
2549 2977 2635 3041 20,
2680 2977 2769 3041 40,
2811 2976 3294 3045 quemadmodum
3326 2983 3411 3031 est
3442 2978 3622 3046 major
3674 2978 3741 3031 ad
3779 2994 3904 3032 me-

2211 3063 2369 3116 dium
2426 3063 2505 3116 sic
2534 3065 2758 3118 medius
2798 3065 2870 3118 ad
2910 3070 3247 3120 extremum.
3301 3067 3365 3120 Et
3395 3066 3547 3137 quod
3575 3067 3910 3121 continetur

2213 3151 2282 3204 ab
2325 3153 2802 3218 extremitatibus,
2853 3170 3083 3225 aequum
3133 3159 3217 3207 est
3250 3155 3301 3207 ei
3348 3155 3503 3226 quod
3533 3172 3561 3208 a
3596 3155 3906 3225 multiplici

2212 3240 2521 3295 medietate
2569 3243 2904 3312 completur.
2969 3243 3316 3298 Ditl‘erentiae
3345 3261 3576 3315 quoque
3607 3260 3811 3298 eorum
3847 3245 3906 3299 in

2213 3330 2410 3383 eadem
2455 3334 2583 3383 sunt
2640 3332 3016 3402 proportione
3066 3349 3180 3403 qua
3225 3333 3475 3386 termini.
3529 3333 3905 3388 Crementum

2211 3435 2342 3472 vero
2365 3425 2421 3472 et
2453 3418 2782 3474 imminutio
2811 3422 3248 3491 prOportionum
3278 3423 3592 3476 secundum
3624 3424 3905 3476 terminos

2211 3508 2365 3562 nulla
2395 3514 2500 3574 est,
2533 3509 2630 3563 sed
2668 3510 2951 3580 majorum
2983 3511 3355 3565 terminorum
3398 3512 3698 3581 proportio
3730 3529 3764 3565 a
3805 3513 3907 3566 mi-

2208 3612 2417 3651 norum
2469 3599 2851 3653 terminorum
2900 3600 3274 3670 proportione
3322 3616 3438 3654 non
3492 3601 3789 3671 discrepat.
3844 3602 3904 3655 Si

2208 3703 2339 3740 vero
2367 3685 2761 3743 harmonicam
2803 3688 3170 3744 medietatem
3217 3690 3566 3759 conjungere
3607 3690 3798 3756 velim,
3841 3694 3899 3743 l6

2209 3776 2352 3830 mihi
2389 3793 2666 3832 numerus
2701 3778 2850 3832 inter
2878 3779 3264 3833 extremitates
3299 3785 3567 3850 utrasque
3598 3780 3902 3850 ponendus

2209 3870 2310 3932 est,
2345 3870 2409 3919 ut
2438 3866 2509 3920 sit
2552 3867 2658 3920 hoc
2700 3868 2866 3921 modo
2908 3870 2987 3921 10.
3025 3871 3105 3934 16,
3143 3868 3232 3921 40.
3280 3869 3438 3922 Nunc
3469 3869 3646 3937 igitur
3676 3868 3808 3922 licet
3839 3868 3901 3921 in

2205 3953 2539 4022 hujusmodi
2561 3956 2932 4026 dispositione
2965 3973 3165 4010 omnes
3197 3957 3554 4010 harmonicas
3584 3957 3904 4027 proprieta-

2206 4047 2291 4097 tes
2321 4059 2627 4113 agnoscere
2659 4061 2671 4112 ;
2728 4062 2841 4116 qua
2871 4045 3027 4099 enim
3057 4046 3337 4100 maximus
3376 4046 3447 4100 ad
3495 4046 3902 4117 parvissimum

2205 4134 2487 4188 terminus
2530 4135 2910 4204 proportione
2955 4136 3240 4206 jungitur,
3278 4137 3475 4190 eadem
3528 4137 3901 4207 proportione

2207 4221 2546 4277 differentim
2595 4224 2666 4277 ad
2721 4241 2777 4277 se
2820 4225 3064 4279 invicem
3107 4230 3536 4293 comparantur.
3581 4227 3646 4280 Et
3693 4225 3900 4296 quibus

2208 4312 2464 4381 partibus
2505 4313 2741 4380 majoris
2780 4330 2813 4366 a
2865 4314 3080 4383 majore
3113 4314 3334 4368 medius
3381 4313 3651 4380 vincitur,
3685 4315 3901 4368 eisdem

2209 4400 2470 4470 partibus
2511 4401 2750 4455 minoris
2789 4403 3043 4472 praeterit
3095 4403 3401 4457 minorem.
3437 4402 3562 4456 Suis
3619 4419 3755 4457 vero
3788 4420 3900 4458 non

2211 4487 2424 4542 eisdem
2455 4490 2542 4542 vel
2595 4507 2624 4543 a
2664 4490 2881 4560 majore
2912 4490 3178 4558 vincitur,
3221 4491 3309 4546 vel
3354 4492 3556 4545 transit
3596 4493 3897 4557 minorem,

2210 4578 2274 4632 Et
2305 4578 2362 4631 in
2394 4579 2705 4647 majoribus
2737 4580 2998 4634 terminis
3029 4580 3215 4651 major
3244 4586 3328 4635 est
3351 4582 3672 4652 proportio,
3708 4582 3770 4636 in
3802 4582 3903 4635 mi-

2209 4667 2446 4721 noribus
2464 4667 2670 4722 minor.
2689 4670 2752 4723 Et
2778 4670 2822 4722 si
2845 4670 2905 4724 in
2931 4686 3110 4723 unum
3133 4671 3518 4724 extremitates
3545 4672 3898 4742 redigantur,

2209 4760 2267 4809 et
2319 4757 2644 4810 medietatis
2695 4760 3023 4828 quantitate
3071 4765 3453 4827 concrescant,
3505 4759 3716 4831 duplus
3774 4761 3903 4814 inde

2208 4845 2510 4899 conficitur
2549 4862 2824 4902 numerus
2872 4849 2944 4903 ab
2984 4865 3050 4903 eo
3087 4850 3187 4920 qui
3217 4867 3286 4904 ex
3330 4850 3460 4904 solis
3505 4851 3900 4920 multiplicatis

2211 4935 2661 4990 extremitatibus
2681 4942 3042 5002 procreatur.
3074 4941 3259 5009 Atque
3286 4939 3393 4993 hoc
3420 4939 3656 5010 quidem
3696 4939 3756 4993 in
3784 4945 3899 4992 ter-

2208 5023 2380 5077 minis
2427 5024 2663 5094 paribus
2703 5027 3080 5080 constitutum
3126 5033 3227 5082 est.
3280 5030 3349 5081 At
3389 5044 3524 5082 vero
3571 5029 3619 5082 si
3657 5029 3901 5100 impares

2206 5118 2627 5184 proponantur,
2679 5119 2740 5169 ut
2790 5121 2924 5170 sunt
2973 5119 3001 5169 5
3035 5121 3093 5170 ct
3131 5119 3219 5180 43,
3263 5121 3486 5187 aptatus
3542 5117 3770 5172 medius
3813 5120 3897 5182 23,

2207 5202 2628 5257 arithmeticam
2643 5206 3074 5276 proportionem
3092 5206 3453 5261 medietatem
3463 5223 3573 5275 que
3588 5207 3896 5262 constituit.

2208 5292 2349 5346 Nam
2381 5293 2427 5346 si
2449 5293 2561 5346 sint
2593 5296 2643 5362 ὅ,
2677 5297 2765 5362 25,
2810 5297 2900 5363 45,
2931 5296 3129 5350 eadem
3153 5313 3274 5350 sesc
3309 5313 3684 5350 numerorum
3722 5312 3893 5366 quan-

2208 5381 2366 5434 titate
2413 5383 2646 5435 termini
2677 5384 3195 5453 transgredientnr,
3230 5389 3285 5438 et
3313 5385 3496 5438 omnis
3526 5385 3791 5455 superius
3819 5385 3901 5438 di-

2206 5475 2298 5523 cta
2326 5471 2646 5540 proprietas
2677 5472 3051 5527 arithmeticae
3079 5474 3400 5528 medietatis
3428 5474 3487 5527 in
3523 5473 3613 5528 his
3645 5472 3899 5528 terminis

2207 5559 2549 5616 custoditur.
2587 5559 2699 5616 Sed
2747 5559 2797 5615 si
2831 5565 2893 5617 15
2926 5578 3236 5618 numerum
3275 5562 3533 5618 medium
3571 5578 3803 5633 ponam,
3836 5565 3900 5614 ut
