2065 3090
255 148 322 174 “63

250 210 412 238 differentia
425 211 613 239 terminorum
628 212 662 239 ad
672 213 814 249 majorum
822 214 1012 243 differentiam
1019 225 1095 244 com-

251 258 378 291 paratur.
395 255 440 283 Est
451 259 548 283 autem
564 257 713 292 proprium
728 258 758 285 in
777 258 830 286 hac
846 268 960 295 quoque
972 261 1094 296 disposi-

252 300 341 334 tione,
355 302 432 336 quod
447 301 517 328 illud
528 301 604 336 quod
611 303 773 330 continetur
788 303 839 330 sub
847 304 955 340 majore
972 306 1096 333 termino

250 348 277 373 et
291 346 444 373 medietate
459 346 579 381 duplum
595 348 647 380 est,
665 355 698 374 eo
707 347 785 383 quod
799 348 850 375 sub
865 349 995 385 utrisque
1006 353 1096 378 extre-

249 391 397 418 mitatibus
412 390 582 418 continetur.
602 392 673 419 Nam
700 393 853 428 quinquies
879 397 1005 429 quatuor
1029 398 1096 422 sunt

247 437 292 469 20,
318 435 471 471 quinquies
494 443 560 463 vero
575 438 592 462 2
618 439 684 464 sunt
702 437 743 471 10,
760 440 788 464 et
803 439 837 465 20
862 438 972 465 denarii
986 439 1092 475 duplus

247 483 298 508 est.
311 481 395 508 Sexta
414 489 480 508 vero
505 481 639 508 medietas
653 484 694 509 est
720 483 836 518 quando
853 483 943 510 tribus
963 485 1094 511 terminis

246 525 416 559 constitutis,
447 526 691 561 quemadmodum
714 529 755 553 est
770 527 864 563 major
887 528 1029 555 terminus
1058 529 1094 556 ad

245 570 384 604 medium,
401 570 441 597 sic
456 570 799 599 minorumterminorum
813 572 975 599 differentia
990 572 1028 600 ad
1038 573 1093 600 dif-

243 614 395 642 ferentiam
411 614 611 642 maximorum.
627 615 659 642 In
675 615 863 651 dispositione
884 617 961 644 enim
973 625 1037 653 quas
1049 620 1092 645 est

248 662 272 694 i,
288 661 353 694 4,6,
378 660 521 687 maximus
547 660 688 687 terminus
716 661 751 688 ad
780 661 909 689 medium
925 662 1093 698 sesquialter

243 708 294 739 est,
311 705 472 732 differentia
485 713 551 732 vero
569 704 723 739 minorum,
741 706 770 733 id
781 708 824 733 est
838 706 924 734 unius
940 709 969 734 et
984 708 1010 741 4,
1029 709 1088 734 ter-

242 751 340 778 narias
360 752 410 782 est,
426 751 567 785 majorum
591 758 666 785 vero,
686 751 715 778 id
735 753 778 778 est
799 752 975 787 quaternarii
1001 755 1029 780 et
1052 760 1092 779 se-

242 795 327 830 narii,
346 795 484 823 binarius.

473 856 630 881 Differentiae
645 857 831 888 sesquialterae.

498 905 502 935 Ι
575 908 587 928 3
658 907 662 935 Ι

425 940 900 976 LAeiC

660 974 900 1092 Ο,-

238 1117 392 1145 Ternarius
404 1119 501 1145 autem
524 1118 638 1145 binario
660 1120 852 1153 comparatus,
869 1117 1085 1154 sesquialteram

235 1161 436 1189 habitudinem
447 1162 643 1198 proportionis
653 1162 765 1190 efﬁciet.
784 1162 889 1189 Eodem
897 1165 992 1189 autem
1000 1162 1084 1190 modo

235 1206 296 1233 haec
322 1214 437 1242 quoque
471 1207 610 1234 medietas
648 1206 828 1242 geometricas
858 1207 1001 1234 contraria
1030 1210 1081 1241 est,

236 1251 479 1286 quemadmodum
490 1253 517 1277 et
532 1251 632 1286 quinta
642 1251 984 1286 propterproportionem
1000 1251 1083 1278 diffe~

234 1295 395 1322 rentiarum
422 1303 439 1322 a
463 1295 624 1322 minoribus
643 1295 677 1322 ad
704 1295 826 1329 majores
850 1296 989 1323 terminos
1013 1304 1079 1323 con-

234 1348 355 1367 versam.

560 1375 674 1404 CAPUT
689 1375 746 1403 LII.

233 1421 270 1447 De
284 1423 409 1456 lquatuor
427 1420 617 1447 medietatibus
646 1428 714 1454 quas
728 1420 830 1454 posteri
852 1419 890 1447 ad
912 1421 1079 1455 implendum

431 1457 574 1483 denarium
591 1457 703 1483 limitem
718 1456 884 1490 adjecerunt.

267 1510 301 1537 Et
320 1509 365 1537 hae
379 1509 497 1545 quidem
508 1511 574 1537 sunt
588 1518 635 1537 sex
650 1509 826 1543 medietates,
844 1517 966 1544 quarum
983 1512 1039 1537 tres
1062 1518 1078 1537 a
1098 1522 1118 1549 α

233 1555 396 1590 Pythagora
409 1562 501 1590 usque
513 1554 547 1581 ad
557 1554 706 1581 Platonem
717 1554 957 1590 Aristotelemque
968 1563 1079 1581 manse-

230 1601 309 1628 runt.
327 1600 394 1626 Post
406 1607 473 1627 vero
489 1599 539 1634 qui
559 1599 679 1626 insecuti
695 1602 772 1630 sunt.
796 1599 848 1626 has
864 1601 922 1626 tres
937 1599 1018 1632 alias,
1045 1599 1079 1626 de

233 1644 338 1679 quibus
351 1652 437 1680 supra
452 1643 650 1676 disseruimus,
672 1643 730 1670 suis
754 1643 967 1670 commentariis
994 1643 1078 1670 addi-

231 1688 309 1715 dere.
327 1688 456 1723 Sequens
476 1690 572 1715 autem
584 1690 662 1721 astas,
680 1688 925 1723 quemadmodum
941 1688 1076 1721 diximus,

231 1733 266 1759 ad
288 1732 464 1767 implendam
481 1732 629 1759 denariam
645 1731 844 1767 quantitatem,
861 1732 933 1759 alias
953 1735 1077 1767 quatuor

230 1776 399 1804 medietates
415 1777 557 1812 apposuit,
574 1784 643 1812 quas
668 1784 725 1803 non
741 1776 812 1803 adeo
827 1776 877 1812 qui
900 1776 930 1803 in
948 1779 1075 1804 veterum

228 1821 309 1848 libris
327 1822 463 1849 inveniat.
491 1822 545 1849 Has
560 1822 716 1857 igiturlnos
731 1829 817 1856 quam
834 1829 986 1856 possumus
1010 1821 1074 1848 bre-

227 1867 343 1894 vissime
355 1867 551 1902 disponamus.
570 1867 665 1894 Prima
679 1866 758 1893 enim
775 1874 839 1901 quae
853 1868 896 1893 est
909 1874 1019 1900 earum,
1045 1867 1075 1893 in

227 1912 327 1939 ordine
335 1920 401 1939 vero
411 1912 531 1947 septima
542 1911 719 1945 medietates,
728 1911 781 1937 hoc
791 1910 875 1937 modo
889 1910 1075 1946 conjungitur

226 1964 292 1983 cum
308 1956 338 1983 in
353 1956 444 1983 tribus
458 1956 599 1988 terminis,
617 1955 861 1991 quemadmodum
877 1957 919 1982 est
931 1955 1073 1982 maximus

227 2001 369 2028 terminus
384 2001 418 2028 ad
433 2001 577 2035 ultimum,
593 2001 632 2027 sic
647 2000 763 2027 maximi
780 2002 808 2026 et
824 1999 993 2035 'parvissimi
1013 2002 1072 2026 ter-

228 2046 300 2073 mini
313 2045 483 2079 differentia,
499 2046 533 2073 ad
555 2046 699 2072 minorum
723 2045 915 2072 differentiam
937 2044 1074 2071 termino-

228 2099 303 2124 rum,
320 2091 390 2117 utin
402 2090 462 2117 ‘liac
489 2090 677 2125 dispositione
692 2092 719 2123 6,
736 2091 797 2121 8,9.
815 2089 992 2116 Novenarius
1018 2088 1072 2124 igi-

226 2137 273 2163 tur
283 2136 318 2163 ad
333 2135 478 2162 senarium
495 2135 663 2170 sesquialter
677 2137 729 2167 est,
743 2142 866 2170 quorum
883 2136 924 2161 est
938 2133 1072 2160 differen-

891 153 946 179 ΑΝ.
968 153 1071 181 MANL.
1091 155 1163 182 SEV.
1186 157 1310 184 BOETII.

1919 168 1971 195 1164

1115 219 1137 245 Α
1153 226 1218 245 rum
1234 219 1436 253 differentiam,
1454 224 1485 249 ut
1498 225 1598 258 suntt},
1616 227 1641 258 7,
1660 226 1684 253 9.
1699 227 1808 254 Novem
1823 227 1901 262 igitur
1915 230 1944 256 ad
1960 232 1970 257 6

1151 263 1321 298 sesquialter
1347 268 1398 299 est,
1415 268 1443 293 et
1471 275 1572 295 eorum
1596 269 1760 298 differentia
1772 273 1904 300 ternarias
1928 278 1969 308 est,

1151 307 1389 343 quicomparatus
1404 314 1502 339 contra
1518 314 1659 348 majorum
1679 315 1879 350 differentiam,
1896 318 1922 345 id
1936 322 1970 346 est

1150 353 1302 387 septenarii
1320 356 1347 380 et
1362 357 1517 391 novenarii,
1541 359 1590 393 qui
1605 359 1735 387 binarius
1746 363 1796 395 est,
1816 361 1900 389 reddit
1925 371 1970 390 ses-

1149 396 1320 431 quialterum
1336 400 1562 435 proportionem.

1145 767 1238 795 Tertia
1251 776 1318 796 vero
1338 768 1413 796 inter
1427 769 1479 797 has
1493 773 1644 806 sequentes
1656 776 1791 811 quatuor,
1804 785 1877 805 nona
1890 782 1967 808 autem

1145 811 1292 860 iri-ordine
1308 814 1524 860 proportiorest,
1541 817 1657 851 quando
1673 818 1766 847 tribus
1787 823 1908 851 terminis
1926 833 1965 860 po-

1110 869 1130 896 Β
1145 856 1213 888 sitis,
1234 865 1321 892 quam
1337 859 1553 893 proportionem
1570 861 1682 889 medius
1699 865 1841 894 terminus
1857 868 1888 895 ad
1912 856 1964 904 par-

1146 901 1293 929 vissimum
1318 903 1451 935 custodit,
1479 911 1542 931 eam
1568 906 1673 934 retinet
1693 912 1882 939 extremorum
1902 901 1965 940 diffe-

1145 945 1236 991 rentia
1251 947 1283 973 ad
1301 947 1447 974 minorum
1462 948 1653 978 differentiam
1675 958 1848 990 comparata,
1866 959 1893 984 ut
1905 958 1926 991 4,
1944 960 1963 991 6,

1144 991 1168 1016 7.
1187 990 1298 1018 Etenim
1310 992 1325 1018 6
1351 991 1387 1018 ad
1414 992 1430 1018 4
1460 993 1628 1028 sesquialter
1642 999 1694 1030 est,
1714 1006 1837 1033 quorum
1853 1003 1890 1028 est
1901 990 1963 1029 diffe;

1143 1034 1236 1061 rentia
1251 1034 1396 1068 binarius;
1415 1038 1569 1071 septenarii
1585 1047 1651 1067 vero
1668 1043 1696 1068 et
1708 1044 1899 1078 (quaternarii,
1922 1049 1963 1072 ter-

1141 1078 1239 1105 narius
1256 1079 1417 1107 differentia
1435 1083 1486 1114 est,
1503 1090 1589 1117 quem
1603 1084 1638 1119 “si
1654 1086 1687 1113 ad
1704 1088 1879 1122 superiorem
1900 1090 1962 1117 bina-

1140 1122 1217 1171 rium
1232 1131 1442 1159 comparemus,
1462 1127 1649 1162 sesquialtera
1671 1133 1856 1167 proportione
1868 1135 1963 1170 conjun-

1138 1169 1226 1202 gitur.

1284 1275 1314 1307 2
1695 1253 1879 1351 ΓΔ

1195 1324 1906 1408 ΠΕ.

1134 1581 1239 1612 Quarta
1256 1591 1334 1618 vero,
1351 1593 1416 1621 qua:
1428 1585 1458 1612 in
1473 1585 1574 1612 ordine
1588 1584 1700 1612 decima
1718 1588 1770 1620 est,
1788 1586 1955 1613 consideratur

1133 1625 1161 1651 in
1179 1627 1269 1654 tribus
1284 1630 1423 1663 terminis,
1441 1638 1506 1657 cum
1522 1630 1571 1656 tali
1586 1630 1777 1664 proportione
1790 1631 1892 1658 medius
1911 1633 1953 1657 ter-

1133 1670 1227 1698 minus
1235 1672 1269 1699 ad
1282 1674 1480 1708 parvissimum
1487 1676 1683 1709 comparatur,
1695 1675 1778 1710 quali
1786 1678 1951 1702 extremorum

1131 1714 1291 1744 differentia
1327 1721 1426 1746 contra
1460 1719 1603 1754 majorum
1627 1719 1818 1747 terminorum
1845 1719 1952 1746 differen-

1131 1758 1198 1786 tiam
1224 1762 1410 1797 proportione
1430 1763 1627 1799 conjungitur,
1657 1766 1688 1791 ut
1714 1767 1781 1792 sunt
1803 1766 1865 1797 tres,
1886 1762 1951 1799 quin-

1131 1811 1196 1838 que,
1215 1808 1285 1833 octo.
1301 1806 1454 1839 Quinarius
1467 1808 1545 1835 enim
1565 1808 1675 1835 medius
1700 1809 1849 1844 terminus,
1861 1808 1892 1836 ad
1911 1809 1949 1833 ter-

1130 1848 1244 1876 narium
1260 1852 1505 1887 superbipartiens
1520 1855 1570 1880 est.
1592 1853 1792 1881 Extremorum
1807 1861 1868 1880 vero
1888 1851 1946 1879 diffe—

1129 1892 1233 1927 rentia,
1256 1896 1395 1922 octonarii
1417 1896 1525 1923 scilicet
1540 1898 1567 1924 et
1586 1896 1716 1930 ternarii,
1739 1897 1887 1933 quinarius,
1911 1893 1947 1930 qui

1129 1941 1310 1973 comparatus
1320 1943 1418 1968 contra
1426 1941 1565 1977 majorum
1573 1941 1766 1969 terminorum
1773 1939 1947 1970 differentiam,

1128 1982 1235 2009 scilicet
1252 1984 1377 2018 quinarii
1391 1988 1419 2012 et
1435 1985 1584 2019 octonarii,
1597 1985 1695 2021 quiest
1706 1986 1853 2018 ternarius,
1868 1984 1942 2018 etipse

1129 2034 1244 2061 quoque
1264 2029 1507 2065 superbipartiens
1521 2030 1678 2058 invenitur.

1451 2083 1563 2111 CAPUT
1578 2083 1645 2111 LIII.

1326 2127 1471 2161 Dispositio
1491 2128 1579 2155 decem
1593 2128 1779 2156 medietatum.

223 2180 266 2207 tia
281 2180 432 2207 ternarius.
450 2168 591 2206 Minorum
607 2188 673 2206 vero
689 2168 889 2212 ter-minorum,
906 2178 934 2205 id
947 2181 988 2205 est
997 2180 1070 2205 octo-
1090 2171 1111 2198 D
1127 2168 1317 2204 Disponamus
1344 2171 1432 2206 igitur
1447 2175 1564 2200 cunctas
1587 2173 1755 2201 medietates
1775 2174 1803 2200 in
1828 2171 1942 2200 ordinem.

224 2225 299 2251 narii
314 2227 342 2252 et
353 2224 468 2258 senarii,
485 2223 612 2251 biuarius
628 2223 788 2251 differentia
810 2226 861 2257 est,
891 2223 940 2258 qui
957 2223 991 2250 ad
1019 2231 1066 2250 su-

222 2268 369 2303 periorem
386 2268 544 2296 ternarium
557 2270 749 2303 comparatus,
766 2268 832 2295 facit
848 2267 1065 2303 sesquialteram

219 2313 447 2348 proportionem.

466 2358 616 2382 Differentia
633 2357 819 2389 sesquialterre.

483 2634 622 2660 Terminus
635 2638 800 2669 sesquialter.

224 2681 354 2710 Secunda
377 2691 443 2711 vero
459 2684 534 2711 inter
559 2688 689 2721 quatuor,
710 2690 759 2716 sed
783 2692 883 2718 octava
908 2691 939 2718 in
966 2690 1069 2723 ordine

211 2729 472 2762 proportionatitas
498 2732 548 2764 est,
574 2731 708 2766 quotiens
741 2734 771 2761 in
799 2736 892 2763 tribus
923 2737 1067 2771 terminis,

211 2773 461 2806 quemadmodum
477 2777 545 2802 snnt
559 2777 752 2805 extremitates
763 2780 798 2807 ad
815 2789 844 2807 se
853 2781 976 2809 invicem
988 2790 1065 2810 com-

208 2818 324 2850 parata:
341 2816 380 2844 sic
399 2826 500 2846 eorum
524 2819 685 2849 differentia
702 2822 738 2849 ad
764 2824 908 2859 majorum
932 2826 1066 2854 termino-

1127 2216 1158 2240 ut
1188 2214 1350 2249 cujusmodi
1377 2224 1477 2244 omnes
1521 2217 1588 2250 sint,
1615 2218 1752 2246 facillime
1779 2216 1877 2253 possint
1909 2213 1942 2240 iu-

1289 2341 1525 2348 ἱ,
1334 2331 1338 2332 ν
1525 2331 1612 2346 __-
1682 2331 1797 2348 _.-___-
1795 2331 1940 2348 '_~.:——."r

1317 2368 1567 2381 ‘v
1716 2368 1719 2378 ι
1755 2368 1759 2374 ι
1793 2368 1797 2377 ι
1827 2368 1838 2385 f

1137 2447 1179 2450 ὴ
1185 2448 1430 2453 ξὴίη
1434 2442 1875 2455 “‘~‘.+_I_V_;——U

1125 2256 1226 2291 teiligi.

1136 2340 1156 2377 If
1170 2338 1931 2378 (whiiip’erWu—I

1135 2377 1938 2414 Ligﬂnéu‘ﬁre‘rimm

1123 2414 1843 2452 _|_c.,.u[rimimo—[gurria
1749 2422 1763 2446 :3
1792 2420 1795 2448 |
1823 2414 1867 2446 :s'l
1892 2414 1938 2452 6,!

1135 2453 1138 2480 ι
1170 2449 1810 2486 (IWWTGWI'Qwumm
1714 2449 1718 2486 i
1749 2459 1763 2482 ρ
1792 2457 1795 2484 Ι
1824 2455 1837 2481 4
1848 2449 1938 2486 L5;

1123 2485 1937 2522 :lennlrnriammml

1122 2522 1937 2561 igiﬁﬁi

1135 2560 1154 2594 ιγ
1170 2559 1240 2583 Inter
1256 2562 1267 2584 ~i
1282 2559 1935 2595 securum—I—G—IZLQJ

1136 2593 1239 2629 ῌῊ
1255 2598 1266 2619 4
1283 2598 1359 2620 tertia
1388 2595 1513 2598 d_
1529 2593 1927 2629 l—Nouaﬁl—dﬁlji‘ld’l

1123 2634 1156 2666 _L
1171 2630 1927 2666 immmm

1451 2697 1561 2725 CAPUT
1578 2697 1644 2726 LIV.

1123 2740 1160 2766 De
1171 2740 1293 2767 maxima
1303 2742 1328 2767 et
1340 2741 1466 2775 perfecta
1486 2743 1657 2777 symphonia,
1676 2751 1733 2779 qua
1753 2742 1834 2771 tribus
1852 2740 1932 2767 disten-

1417 2786 1496 2813 ditur
1510 2788 1673 2816 intervallis.

1159 2828 1255 2856 Restat
1269 2837 1337 2864 ergo
1351 2829 1387 2858 de
1403 2831 1528 2859 maxima
1542 2832 1723 2870 perfectaque
1741 2829 1874 2861 harmonia
1886 2826 1929 2854 δίε*
