4104 6176
192 311 334 363 1165

1499 307 1588 360 DE
1627 304 2101 361 ARITHMETICA
2141 305 2271 361 LIB.
2314 304 2383 359 Ιῐ.

3554 304 3690 360 1166

190 453 404 497 serere,
431 452 559 507 qua:
582 436 762 490 tribus
789 436 1098 489 intervallis
1120 435 1444 502 constituta,
1476 451 1745 505 magnam
1776 435 1891 488 vim
1928 437 1973 490 A
1999 436 2323 490 octonarius
2370 436 2662 491 senarium
2694 439 2944 506 superat,
2976 435 3033 490 id
3062 437 3147 490 est
3180 438 3338 507 parte
3368 436 3556 505 tertia,
3598 452 3691 491 ea-

194 527 420 581 obtinet
454 526 509 579 in
553 526 754 580 musici
804 524 1211 579 modulaminis
1250 524 1719 594 temperamentis
1750 530 1807 578 et
1836 523 1895 577 in

194 616 593 686 speculatione
634 616 979 670 naturalium
1030 616 1436 686 quwstionum.
1486 615 1709 668 Etenim
1768 630 1895 684 per-

195 705 401 758 fectius
433 704 765 773 hujusmodi
816 705 1120 758 medietate
1171 703 1313 757 nihil
1372 704 1583 773 poterit
1630 702 1895 768 inveniri,

200 810 333 864 quae
374 793 554 847 tribus
588 793 902 847 intervallis
935 793 1233 862 producta,
1267 791 1668 862 perfectissimi
1691 807 1899 861 corpo—

197 883 282 936 ris
327 887 592 935 naturam
633 882 1129 951 substantiamque
1172 881 1369 934 sortita
1421 885 1522 935 est.
1580 883 1694 936 Hoc
1743 879 1898 933 enim

199 971 397 1037 modo,
438 971 648 1023 cubum
699 986 927 1041 quoque
975 970 1127 1023 trina
1177 970 1535 1023 dimensione
1566 974 1896 1032 crassatum,

198 1062 439 1131 plenam
479 1059 838 1113 harmoniam
870 1074 991 1114 esse
1042 1060 1496 1112 monstravimus.
1552 1060 1678 1112 Haec
1711 1062 1901 1111 autem

202 1149 538 1220 hujusmodi
563 1148 906 1215 invenietur,
937 1148 981 1202 si
1014 1148 1237 1202 duobus
1265 1147 1525 1201 terminis
1554 1146 1901 1210 constitutis,

200 1238 305 1307 qci
340 1237 447 1305 ipsi
476 1237 655 1291 tribus
687 1239 969 1292 creverint
998 1238 1331 1304 intervallis,
1363 1236 1747 1306 longitudine,
1783 1236 1905 1289 lati-

203 1326 411 1379 tudine
433 1332 488 1380 et
518 1327 924 1396 profunditate,
957 1327 1070 1381 duo
1103 1326 1431 1397 hujusmodi
1467 1325 1697 1379 termini
1731 1324 1906 1379 medii

206 1415 427 1468 fuerint
455 1416 766 1484 constituti,
792 1421 846 1469 et
876 1416 983 1487 ipsi
1016 1416 1195 1469 tribus
1226 1414 1539 1470 intervallis
1572 1415 1771 1481 notati,
1807 1412 1907 1485 qui

209 1506 302 1557 vel
347 1505 416 1558 ab
467 1506 781 1575 aequalibus
826 1522 928 1576 per
974 1506 1222 1576 aequales
1266 1505 1566 1575 aequaliter
1618 1504 1731 1557 sint
1770 1519 1907 1573 pro-

211 1592 392 1659 ducti,
424 1595 508 1647 vel
540 1594 608 1647 ab
639 1594 1020 1665 inaequalibus
1050 1595 1122 1648 ad
1150 1594 1456 1665 inrequalia
1478 1592 1796 1664 aequaliter,
1819 1592 1907 1645 vel

210 1684 287 1737 ab
326 1684 704 1753 inaequalibus
750 1685 819 1738 ab
870 1684 1112 1754 aequalia
1146 1684 1463 1754 aequaliter,
1513 1682 1601 1735 vel
1651 1682 1908 1753 quolibet

183 1772 325 1825 'alio
357 1773 545 1834 modo,
575 1779 743 1844 atque
770 1774 848 1827 ita
878 1790 1009 1827 cum
1041 1773 1432 1827 harmonicam
1476 1772 1905 1842 proportionem

209 1862 554 1929 custodiant,
578 1862 686 1915 alio
719 1867 910 1916 tamen
945 1864 1110 1916 modo
1138 1862 1474 1932 comparati,
1500 1862 1713 1915 faciunt
1735 1860 1908 1915 arith-

208 1951 479 2004 meticam
528 1951 912 2018 medietatem,
966 1952 1165 2023 hisque
1216 1951 1561 2021 geometrica
1611 1950 1907 2018 medietas,

211 2056 343 2110 quae
386 2040 533 2093 inter
582 2045 849 2110 utrasque
884 2046 1163 2105 versatur,
1210 2040 1405 2093 deesse
1455 2056 1572 2093 non
1604 2040 1801 2110 possit.
1846 2040 1909 2092 In

214 2135 466 2198 quatuor
498 2129 647 2182 enim
676 2129 937 2182 terminis
970 2130 1015 2182 si
1046 2129 1240 2195 fuerit,
1278 2130 1763 2200 quemadmodum
1795 2128 1909 2199 pri-

214 2234 345 2271 mus
374 2218 443 2271 ad
488 2219 823 2285 secundum,
869 2219 946 2271 sic
977 2218 1175 2271 tertius
1220 2219 1289 2272 ad
1334 2224 1622 2289 quartum,
1671 2234 1910 2289 propor-

216 2306 446 2360 tionum
474 2307 694 2362 ratione
727 2307 939 2361 scilicet
969 2308 1271 2374 custodita,
1316 2308 1665 2377 geometrica
1696 2308 1911 2361 medie-

216 2400 304 2449 tas
353 2396 682 2465 explicatur.
737 2398 802 2450 Et
849 2397 999 2468 quod
1034 2397 1357 2451 continetur
1399 2396 1503 2451 sub
1542 2396 1913 2451 extremitati-

218 2486 329 2539 bus
358 2501 587 2555 aequum
624 2484 733 2539 erit
763 2485 813 2539 ei
853 2486 1004 2557 quod
1055 2486 1160 2540 sub
1210 2490 1455 2557 utraque
1506 2485 1811 2540 medietate
1842 2484 1911 2538 ad

218 2591 278 2628 se
311 2574 554 2628 invicem
586 2574 963 2645 multiplicata
994 2575 1309 2629 conficitur.
1352 2576 1588 2643 Rursus,
1630 2575 1679 2629 si
1724 2574 1914 2629 maxi-

218 2680 350 2718 mus
398 2668 644 2734 quatuor
688 2663 1069 2718 terminorum
1100 2680 1376 2718 numerus
1411 2664 1482 2717 ad
1512 2679 1645 2718 eum
1678 2663 1776 2735 qui
1807 2662 1915 2717 sibi

219 2753 583 2824 propinquus
615 2758 698 2807 est
753 2754 927 2808 talem
978 2753 1187 2807 habeat
1238 2752 1643 2820 differentiam,
1686 2753 1915 2823 qualem

218 2842 376 2896 idem
400 2858 519 2895 esse
547 2842 793 2895 maximo
843 2842 1201 2912 propinquus
1233 2842 1299 2895 ad
1342 2841 1767 2911 parvissimum,
1808 2840 1915 2894 hu-

217 2931 474 3001 jusmodi
505 2931 794 3001 proportio
827 2930 887 2984 in
926 2929 1282 2984 aritmethica
1313 2928 1762 2984 consideratione
1787 2944 1917 2999 pro-

222 3021 481 3091 ponitur.
531 3022 595 3075 Et
629 3023 1014 3074 extremorum
1046 3019 1372 3089 conjunctio
1405 3018 1617 3089 duplex
1648 3017 1756 3071 erit
1786 3034 1917 3089 pro-
1957 3042 1997 3096 ρ

221 3111 353 3183 pria
384 3110 703 3165 medietate.
740 3110 797 3164 Si
840 3126 971 3164 vero
1010 3110 1162 3163 inter
1188 3113 1435 3179 quatuor
1468 3108 1567 3179 qui
1600 3112 1687 3161 est
1712 3107 1915 3162 tertius

222 3200 527 3266 terminus,
552 3216 584 3253 a
607 3216 719 3269 qua
741 3204 903 3270 parte
934 3198 1145 3270 quarti,
1181 3202 1451 3269 quartum
1481 3196 1791 3251 terminum
1824 3212 1916 3249 su-

223 3292 406 3360 peret,
451 3295 507 3343 et
538 3305 700 3360 aequa
741 3288 910 3359 primi
938 3305 971 3343 a
999 3288 1187 3359 primo
1225 3291 1546 3358 superetur,
1588 3285 1921 3340 harmonica

224 3378 559 3449 hujusmodi
620 3378 917 3449 proportio
990 3377 1381 3447 medietasque
1434 3375 1811 3447 perspicitur:
1866 3378 1921 3428 et

227 3468 382 3539 quod
430 3466 752 3521 continetur
800 3466 905 3520 sub
958 3471 1353 3520 extremorum
1410 3463 1819 3535 aggregatione
1868 3466 1923 3517 et

227 3555 706 3625 multiplicatione
756 3554 1096 3623 medietatis,
1146 3555 1358 3625 duplex
1398 3559 1484 3608 est
1520 3569 1586 3608 eo
1619 3552 1776 3624 quod
1818 3551 1921 3606 sub

229 3652 473 3717 utraque
503 3645 859 3699 extremitate
890 3644 1209 3698 conﬁcitur.
1266 3643 1349 3697 Sit
1403 3647 1594 3697 autem
1634 3642 1924 3713 quoddam

228 3735 403 3805 hujus
450 3734 835 3804 dispositionis
875 3734 1167 3803 exemplar
1198 3732 1306 3786 hoc
1334 3731 1530 3800 modo,
1562 3734 1614 3798 6,
1648 3730 1703 3798 8,
1736 3734 1787 3798 9,
1840 3734 1922 3784 12.

232 3824 343 3876 Has
392 3821 568 3891 igitur
600 3837 800 3875 omnes
848 3819 1054 3874 solidas
1112 3820 1457 3891 quantitates
1507 3835 1627 3873 esse
1674 3835 1789 3873 non
1824 3819 1927 3873 du-

230 3912 397 3966 bium
430 3916 531 3965 est.
566 3911 669 3965 Sex
701 3910 855 3965 enim
886 3914 1199 3963 nascuntur
1237 3925 1302 3963 ex
1326 3924 1440 3962 uno
1474 3908 1560 3962 bis
1603 3912 1711 3977 ter,
1744 3911 1806 3961 12
1839 3924 1931 3960 au-

231 4008 354 4057 tem
377 4016 444 4054 ex
474 3999 559 4053 bis
584 3999 695 4052 duo
726 4002 828 4051 ter.
866 3999 1077 4051 Horum
1106 4000 1299 4051 autem
1330 3995 1682 4062 medietates,
1705 3999 1933 4049 octona-

230 4092 358 4145 rius
387 4091 454 4143 fit
488 4089 662 4143 semel
692 4088 804 4141 duo
836 4092 1054 4158 quater.
1081 4085 1434 4140 Novenarius
1462 4101 1595 4139 vero
1617 4085 1791 4138 semel
1823 4092 1933 4137 tres

232 4186 342 4235 ter.
381 4179 590 4233 Omnes
636 4177 811 4247 igitur
846 4175 1080 4230 termini
1112 4175 1341 4245 cognati
1370 4173 1495 4236 sibi,
1549 4177 1605 4227 et
1634 4172 1815 4227 tribus
1840 4172 1935 4229 in-

234 4268 611 4323 tervallorum
648 4266 1100 4320 dimensionibus
1130 4263 1311 4318 notati
1344 4270 1496 4317 sunt.
1532 4263 1591 4316 In
1641 4263 1730 4316 his
1758 4261 1938 4332 igitur

235 4356 591 4427 geometrica
638 4355 1145 4426 proportionalitas
1204 4352 1512 4416 invenitur,
1568 4350 1613 4404 si
1668 4354 1729 4405 12
1788 4350 1857 4403 ad
1908 4347 1940 4402 8
1983 4346 2025 4399 D

237 4447 328 4500 vel
364 4448 394 4498 9
444 4445 514 4499 ad
555 4447 585 4497 6
617 4460 1035 4515 comparemus.
1094 4442 1343 4513 Utraque
1386 4440 1542 4494 enim
1591 4436 1942 4509 comparatio

236 4534 618 4605 sesquialtera
664 4533 961 4604 proportio
1016 4535 1118 4591 est,
1170 4535 1227 4584 et
1270 4529 1423 4600 quod
1466 4528 1793 4581 continetur
1840 4524 1944 4579 sub

239 4622 701 4678 extremitatibus
736 4623 889 4676 idem
921 4625 1005 4676 est
1037 4620 1089 4675 ei
1119 4620 1274 4690 quod
1306 4618 1369 4671 fit
1401 4633 1467 4670 ex
1515 4616 1742 4671 mediis.
1782 4616 1948 4668 Nam-

240 4728 357 4782 que
390 4711 545 4781 quod
577 4710 641 4764 fit
670 4726 735 4765 ex
771 4709 1075 4764 duodecies
1123 4710 1177 4775 6,
1230 4721 1463 4777 aequum
1496 4710 1582 4759 est
1612 4705 1662 4758 ei
1703 4702 1856 4774 quod
1887 4701 1951 4755 fit

240 4817 308 4855 ex
358 4800 531 4855 octies
575 4803 647 4855 9:
695 4799 1042 4871 geometrica
1073 4813 1209 4868 ergo
1248 4794 1546 4867 proportio
1608 4791 1945 4862 hujusmodi

241 4898 329 4947 est
356 4910 369 4961 ;
406 4892 765 4947 arithmetica
792 4898 980 4945 autem
1016 4893 1120 4959 est,
1152 4888 1201 4941 si
1253 4884 1640 4941 duodenarius
1670 4883 1741 4937 ad
1773 4898 1947 4936 nove-

240 4983 499 5045 narium,
551 4986 606 5035 et
635 4981 976 5036 novenarius
1015 4979 1085 5034 ad
1136 4976 1428 5032 senarium
1469 4977 1855 5045 comparetur.
1892 4972 1954 5025 In

242 5072 511 5141 utrisque
542 5071 697 5126 enim
723 5070 1008 5125 ternarius
1036 5067 1360 5123 differentia
1392 5069 1497 5133 est,
1531 5068 1586 5119 et
1612 5064 1832 5135 juncta:
1858 5077 1950 5115 ex-

242 5162 567 5217 tremitates
603 5162 906 5217 medietate
955 5159 1145 5230 duplaa
1183 5164 1337 5213 sunt.
1391 5155 1450 5211 Si
1499 5155 1654 5209 enim
1698 5151 1955 5223 junxeris

245 5252 545 5306 senarium
584 5256 639 5305 et
682 5250 985 5305 duodecim
1028 5248 1201 5303 facies
1255 5246 1343 5313 18,
1394 5244 1495 5316 qui
1527 5248 1613 5298 est
1642 5239 1953 5296 novenario

246 5340 443 5397 medio
517 5341 765 5395 termino
798 5340 1027 5411 duplus.
1088 5340 1154 5392 ln
1217 5336 1307 5393 his
1354 5350 1489 5406 ergo
1546 5330 1955 5404 geometricam

250 5430 795 5501 arithmeticamque
827 5429 1197 5484 medietatem
1230 5424 1647 5497 perspeximus.
1686 5420 1787 5474 Hic
1814 5435 1957 5490 quo-

249 5536 364 5591 que
416 5519 750 5575 harmoniea
796 5520 1072 5575 medietas
1108 5515 1422 5583 invenitur,
1477 5512 1524 5567 si
1588 5514 1643 5565 12
1699 5509 1767 5563 ad
1815 5508 1848 5561 8
1904 5510 1959 5562 et

250 5626 458 5665 rursus
501 5613 531 5663 8
573 5611 641 5665 ad
673 5613 703 5661 6
760 5624 1177 5682 comparemus.
1213 5606 1335 5672 Qua
1364 5603 1518 5659 enim
1558 5602 1718 5671 parte
1751 5594 1959 5651 senarii

2007 525 2138 579 dem
2171 525 2509 579 duodenarii
2530 530 2714 595 parte,
2738 523 3063 580 octonarius
3090 528 3408 595 superatur.
3440 525 3698 589 Quatuor

2008 614 2162 668 enim
2195 615 2404 686 quibus
2435 614 2760 669 octonarius
2794 631 2828 668 a
2871 613 3224 669 duodenario
3263 614 3525 682 vincitur,
3559 614 3698 669 duo-

2008 703 2229 758 denarii
2257 703 2426 757 tertia
2464 719 2596 773 pars
2636 708 2737 757 est.
2786 704 2852 757 Et
2904 703 2951 756 si
2984 703 3372 758 extremitates
3409 703 3620 774 jungas
3668 705 3699 756 6

2008 792 2220 845 scilicet
2247 796 2302 846 et
2334 795 2414 859 12,
2442 807 2653 862 easque
2686 808 2791 861 per
2832 791 3186 846 octonarium
3218 790 3473 846 medium
3504 790 3701 846 multi-

2008 880 2203 951 plices,
2241 882 2337 933 144
2389 885 2541 934 suut.
2586 880 2748 944 Quod
2783 881 2830 933 si
2888 897 2946 934 se
2995 880 3379 935 extremitates
3418 879 3700 951 multipli-

2010 974 2159 1036 cent,
2193 985 2285 1023 sex
2317 968 2530 1023 scilicet
2587 974 2643 1023 et
2676 970 2759 1033 12,
2799 968 3008 1023 facient
3048 973 3135 1038 72,
3177 986 3290 1042 quo
3336 985 3580 1025 numero
3608 970 3706 1024 144

2011 1058 2219 1128 duplus
2250 1062 2351 1112 est.
2417 1058 2779 1112 Inveniemus
2811 1057 2903 1111 hic
2951 1074 3180 1129 quoque
3221 1074 3422 1113 omnes
3462 1058 3708 1113 musicas

2014 1147 2431 1201 consonantias.
2464 1147 2721 1218 Namque
2744 1150 2775 1201 8
2797 1147 2866 1201 ad
2900 1149 2930 1201 6
2953 1153 3008 1202 et
3029 1150 3059 1201 9
3083 1147 3151 1202 ad
3176 1150 3239 1202 l2
3264 1146 3582 1219 comparati
3599 1164 3710 1202 ses-

2016 1236 2345 1306 quitertiam
2386 1236 2817 1308 proportionem
2846 1236 3113 1305 reddunt,
3148 1242 3205 1292 et
3246 1237 3417 1292 simul
3447 1237 3712 1292 diatessa-

2015 1340 2121 1378 ron
2153 1326 2603 1381 consonantiam.
2641 1326 2743 1381 Sex
2793 1342 2924 1381 vero
2964 1327 3034 1381 ad
3081 1330 3111 1381 9
3155 1328 3242 1381 vel
3273 1325 3307 1381 8
3348 1327 3416 1381 ad
3455 1328 3521 1381 l2
3553 1341 3711 1381 com-

2018 1415 2221 1485 parati,
2285 1415 2535 1469 reddunt
2615 1415 3048 1486 sesquialteram
3097 1416 3553 1487 proportionem,
3614 1414 3714 1468 sed

2018 1503 2285 1574 diapente
2317 1505 2743 1574 symphoniam.
2793 1505 3104 1561 Duodecim
3138 1521 3275 1560 vero
3320 1505 3391 1560 ad
3423 1504 3714 1559 senarium

2018 1592 2361 1646 considerati
2420 1594 2707 1664 duplicem
2765 1594 3220 1665 proportionem,
3279 1594 3377 1650 sed
3439 1594 3716 1664 diapason

2019 1682 2421 1753 symphoniam
2470 1689 2701 1737 canunt.
2756 1684 2892 1739 Octo
2928 1700 3058 1738 vero
3089 1688 3146 1738 et
3178 1686 3208 1738 9
3254 1683 3368 1754 ipsi
3418 1688 3616 1737 contra
3659 1698 3717 1736 se

2020 1771 2192 1826 medii
2218 1772 2579 1839 considerati,
2611 1773 2935 1843 epogdoum
2961 1774 3234 1843 jungunt,
3266 1771 3366 1843 qui
3399 1772 3461 1826 in
3500 1770 3720 1825 musico

2017 1861 2409 1916 modulamine
2440 1866 2609 1916 tonus
2640 1868 2894 1929 vocatur,
2917 1878 3045 1934 quae
3068 1862 3328 1918 omnium
3367 1860 3721 1915 musicorum

2020 1967 2299 2005 sonorum
2333 1967 2603 2006 mensura
2646 1951 2967 2007 communis
2998 1957 3100 2007 est.
3152 1951 3425 2007 Omnium
3455 1950 3609 2005 enim
3638 1953 3724 2005 est

2020 2058 2192 2095 sonus
2224 2041 2333 2095 iste
2392 2040 2780 2113 parvissimus.
2830 2042 2988 2096 Unde
3018 2047 3224 2095 notum
3281 2044 3367 2095 est
3414 2040 3569 2111 quod
3606 2038 3723 2094 dia-

2020 2136 2281 2185 tessaron
2312 2134 2367 2185 et
2401 2130 2668 2202 diapente
2710 2130 3232 2199 consonantiarum,
3267 2134 3435 2185 tonus
3462 2129 3725 2184 differen-

2019 2220 2099 2274 tia
2157 2224 2260 2285 est,
2318 2219 2464 2274 sicut
2520 2218 2670 2274 inter
2718 2219 3142 2291 sesquitertiam
3189 2224 3246 2275 et
3287 2216 3724 2289 sesquialteram

2021 2309 2454 2379 proportionem
2502 2308 2621 2363 sola
2686 2313 2770 2363 est
2840 2310 3133 2381 epogdous
3190 2306 3529 2364 differentia.
3592 2306 3726 2378 Ejus

2022 2403 2215 2453 autem
2240 2397 2657 2469 descriptionis,
2692 2398 2886 2453 subter
2919 2398 3174 2469 exmplar
3199 2396 3512 2469 adjecimus

2460 2632 2931 2696 Proportionalitas
2965 2634 3301 2696 geometrica.

2480 2726 2849 2791 Sesquialterte
2874 2730 3263 2793 proportiones.

2857 3761 2917 3807 72

2199 3861 2565 3909 Extremorum
2597 3856 2997 3919 mediorumque
3024 3855 3509 3919 multiplicationes.

2357 4113 2831 4178 Pr0portionalitas
2866 4114 3214 4163 arithmetica.

2548 4212 2866 4262 Difl‘erentia:
2905 4211 3153 4275 aequales.

2242 4492 3545 5195 πθ

2896 5366 2952 5411 18

2066 5490 2431 5545 Extremitates
2451 5488 2653 5553 juncta:
2684 5484 2749 5535 ad
2779 5483 3126 5534 novenarium
3152 5476 3385 5529 medium
3422 5474 3597 5539 dupla;
3622 5479 3765 5527 sunt.
