4104 6176
360 256 492 307 1167

785 519 1252 586 Proportionalitas
1275 518 1599 568 liarmonica.

566 605 744 653 Partes
774 599 995 649 minoris
1021 597 1339 660 majorisque
1372 596 1736 645 termiuorum.

619 1060 622 1069 ’
744 1074 799 1146 ε
1049 1080 1089 1148 δ
1627 1089 1702 1143 ιε

729 1213 796 1356 \
955 1248 1010 1306 Ε
1027 1253 1332 1349 xtl-amitath
1624 1193 1727 1389 //

810 1374 914 1474 \\
959 1336 1297 1474 muu'lp’ttcatz
1545 1396 1620 1471 Ili,

955 1248 1010 1306 Ε
1027 1253 1332 1313 xtl-amitath

796 1336 943 1428 ‘\\
959 1336 1192 1428 mulliptic
1199 1340 1297 1400 alar.

855 1426 1164 1536 Ν

1164 1601 1252 1647 144

408 1684 612 1731 Junctaa
643 1680 1002 1729 extremitates
1033 1682 1084 1728 et
1108 1693 1201 1741 per
1229 1680 1461 1729 medium
1493 1681 1875 1744 multiplicatae.

1164 1474 1540 1531 ___.//"

1689 252 1803 304 AN.
1856 250 2063 305 MANL.
2104 249 2264 306 SEV.
2314 251 2564 306 BOETII.

2118 389 2164 440 Α
2717 384 3090 436 Consonantiae
3111 387 3346 436 musicas.

3749 260 3881 310 1168

2501 460 2847 523 Sesquitertia
3190 467 3534 529 Sesquitertia

2849 545 3130 609 Epogdous

2507 619 2849 673 Diatessaron
3195 630 3535 680 Diatessaron

2412 960 3329 1319 II.
3459 1019 3533 1066 ιι

2681 1425 2999 1519 J"clinium-ix
3017 1446 3261 1540 Diath

2928 1736 3096 1798 Dupla

2866 1807 3133 1871 Diapasou

989 2112 1270 2227 AN.
1399 2116 1949 2229 MANL.
2078 2118 2437 2229 SEV.
2572 2117 3224 2229 BOETII

1512 2318 1768 2439 DE
1883 2315 2689 2441 MUSICA
2960 2315 2974 2330 ’

1687 2507 1934 2579 LIBRI
2028 2505 2493 2592 QUINQUE.

1937 2641 2245 2656 .—-——

343 2749 469 2809 Quae
501 2748 553 2796 in
589 2747 843 2810 marginze
877 2746 1145 2795 Glareanus
1172 2745 1418 2795 editionis
1445 2759 1473 2794 e
1501 2746 1716 2809 regione
1738 2749 1912 2795 textus
1928 2749 2109 2795 notata
2129 2749 2270 2805 sunt,
2290 2759 2387 2795 nos
2413 2746 2478 2794 ad
2502 2745 2870 2796 columnarum
2891 2749 3193 2795 nostrarum
3229 2744 3426 2794 calcem
3450 2745 3857 2807 exscripsimus-

1649 2925 2015 3017 LIBER
2105 2923 2593 3019 PRIMUS.

921 3097 1144 3151 CAPUT
1176 3097 1462 3151 PRIMUM.

337 3186 544 3240 Musica
588 3187 917 3241 naturaliter
968 3185 1121 3240 nobis
1179 3200 1289 3239 esse
1341 3185 1700 3254 conjunctam,
1754 3189 1802 3237 et
1858 3197 2031 3238 mores

759 3275 842 3329 vel
870 3276 1150 3328 honestare
1175 3276 1257 3328 vel
1277 3281 1531 3328 evertere.

408 3362 680 3416 Omnium
706 3363 938 3433 quidem
967 3363 1259 3432 perceptio
1299 3379 1593 3428 sensuum,
1627 3364 1705 3417 ita
1735 3367 1934 3434 sponte
1965 3381 2030 3419 ac

336 3451 674 3515 naturaliter
702 3452 1047 3520 quibusdam
1098 3452 1419 3504 viventibus
1460 3452 1637 3518 adest,
1672 3455 1736 3506 ut
1781 3453 1902 3506 sine
1939 3454 2028 3508 his

334 3539 546 3593 animal
577 3556 696 3594 non
723 3540 903 3611 possit
933 3540 1198 3609 intelligi.
1223 3540 1330 3594 Sed
1362 3556 1480 3594 non
1504 3556 1667 3610 aeque
1690 3542 2026 3596 eorumdem

332 3627 580 3697 cognitio
623 3645 686 3682 ac
732 3629 898 3682 ﬁrma
917 3629 1204 3699 perceptio
1247 3629 1425 3682 animi
1461 3629 1896 3700 investigatione
1917 3633 2027 3686 col-

329 3719 547 3787 ligitur.
584 3718 951 3772 lllaboratum
976 3723 1056 3772 est
1081 3720 1236 3772 enim
1269 3719 1424 3789 quod
1447 3736 1675 3773 sensum
1706 3721 2024 3790 percipien-

331 3807 416 3860 dis
448 3806 808 3860 sensibilibus
839 3807 1008 3860 rebus
1040 3807 1395 3862 adhibemus.
1439 3807 1576 3871 Qua:
1606 3825 1738 3862 vero
1761 3810 1834 3862 sit
1863 3809 2018 3879 ipso-

328 3913 454 3949 rum
482 3913 752 3950 sensuum
786 3896 1097 3950 secundum
1133 3913 1276 3966 quos
1307 3899 1531 3966 agimus
1559 3903 1780 3964 natura,
1814 3903 1868 3951 et
1893 3917 2019 3969 qum

326 4002 518 4039 rerum
561 3985 917 4039 sensibilium
953 3986 1295 4055 proprietas,
1323 3985 1382 4039 id
1413 4002 1526 4039 non
1561 3987 1790 4040 obvium
1833 4004 2018 4059 neque

325 4075 555 4129 cuilibet
585 4076 911 4146 explicabile
939 4092 1058 4129 esse
1095 4079 1300 4145 potest,
1332 4076 1439 4128 nisi
1471 4092 1642 4146 quem
1677 4078 2018 4131 conveniens

324 4167 686 4237 investigatio
717 4167 969 4219 veritatis
996 4166 1480 4236 contemplatione
1514 4167 1804 4231 direxerit,
1847 4169 2019 4222 Adest

323 4256 474 4308 enim
516 4255 733 4309 cunctis
760 4256 1095 4308 mortalibus
1125 4255 1296 4320 visus,
1324 4255 1421 4324 qui
1444 4260 1634 4307 utrum
1654 4255 2015 4310 venientibus

320 4346 388 4398 ad
418 4345 600 4398 visum
648 4345 863 4414 ﬁguris,
900 4360 972 4397 an
1003 4345 1070 4398 ad
1105 4344 1394 4397 sensibilia
1437 4337 1608 4397 radiis
1647 4345 1870 4398 emissis
1891 4346 2014 4401 efﬁ-

319 4435 517 4501 ciatur,
570 4435 719 4487 inter
767 4433 965 4486 doctos
1022 4433 1254 4503 quidem
1303 4433 1614 4487 dubitabile
1661 4439 1764 4498 est,
1812 4435 2013 4504 vulgus

321 4538 547 4590 quoque
596 4522 716 4592 ipsa
764 4520 1044 4574 dubitatio
1099 4521 1373 4590 praeterit.
1442 4521 1657 4574 Rursus
1709 4538 1839 4575 cum
1885 4524 2010 4592 quis

315 4609 666 4677 triangulum
707 4608 956 4678 respicit,
998 4609 1082 4662 vel
1134 4609 1502 4679 quadratum,
1546 4609 1706 4662 facile
1749 4609 1805 4662 id
1856 4611 2010 4680 quod

314 4699 490 4752 oculis
522 4697 806 4750 invenitur
835 4697 1111 4767 agnoscit.
1147 4698 1258 4751 Sed
1300 4713 1566 4768 quasnam
1614 4697 1888 4768 trianguli
1925 4699 2010 4752 vel

311 4787 572 4857 quadrati
602 4785 673 4838 sit
701 4793 925 4853 natura,
961 4804 992 4840 a
1016 4787 1416 4841 mathematica
1447 4803 1674 4841 necesse
1717 4793 1800 4841 est
1831 4791 2006 4857 petat.

311 4883 335 4908 ⁸
367 4875 639 4944 Idemque
671 4874 738 4928 de
770 4875 987 4929 caeteris
1013 4878 1038 4917 ι)
1067 4877 1328 4930 sensibus
1348 4875 1460 4930 dici
1486 4881 1688 4944 potest,
1739 4876 2012 4930 maxime-

310 4979 421 5034 que
449 4963 515 5016 de
544 4962 779 5016 arbitrio
811 4963 1056 5030 aurium,
1091 4981 1335 5034 quarum
1362 4964 1443 5017 vis
1482 4964 1562 5016 ita
1589 4980 1758 5018 sonos
1800 4969 2008 5035 captat,

312 5056 377 5106 ut
408 5067 524 5105 non
557 5051 725 5104 modo
757 5051 824 5104 de
855 5051 944 5105 his
982 5052 1264 5122 judicium
1299 5051 1500 5122 capiat,
1547 5051 2011 5122 differentiasque

313 5145 638 5211 cognoscat,
672 5156 870 5194 verum
908 5141 1081 5194 etiam
1127 5141 1439 5196 delectetur
1469 5141 1700 5210 saepius,
1744 5141 1791 5194 si
1821 5141 2012 5195 dulces

305 5231 675 5300 coaptatique
729 5231 883 5283 modi
935 5236 1088 5293 sunt,
1138 5236 1385 5299 angatur
1442 5246 1598 5298 vero,
1659 5230 1704 5282 si
1751 5231 2011 5300 dissipati

304 5324 476 5389 atque
534 5321 990 5375 incohtrrentesc
1046 5320 1254 5372 feriant
1303 5336 1552 5374 sensum.
1626 5319 1780 5372 Unde
1832 5321 1912 5385 iit,
1948 5324 2012 5373 ut

371 5486 394 5508 τι
447 5477 588 5531 Idem
635 5495 867 5548 quoque.
920 5481 944 5519 b
993 5477 1376 5530 Sensibilibus.
1422 5490 1445 5517 ο
1491 5479 1723 5532 Ferient.
1751 5477 1777 5513 ιι
1827 5480 1923 5532 Est
1955 5493 2074 5531 non
2112 5477 2342 5549 legitur.

331 5547 699 5615 Comparalos.
787 5553 923 5604 Vero
951 5563 1066 5602 non
1090 5549 1324 5617 legitur.

2073 3097 2112 3151 C
2143 3109 2272 3148 cum
2299 3095 2412 3147 sint
2442 3098 2689 3164 quatuor
2731 3093 3056 3147 matheseos
3083 3092 3421 3164 disciplina,
3457 3099 3672 3148 caterua
3702 3096 3848 3164 qui-

2139 3186 2268 3240 dem
2300 3185 2372 3239 ad
2415 3184 2918 3253 investigationem
2956 3183 3209 3237 veritatis
3261 3183 3556 3249 laborent;
3616 3183 3852 3239 musica

2137 3292 2270 3330 vero
2304 3291 2420 3329 non
2450 3274 2620 3329 modo
2651 3273 3044 3345 speculationi,
3075 3288 3274 3326 verum
3311 3273 3480 3326 etiam
3524 3272 3850 3327 moralitati

2135 3364 2438 3434 conjuncta
2465 3363 2553 3418 sit.
2579 3362 2731 3417 Nihil
2750 3359 2778 3398 ἀ
2799 3366 2882 3416 est
2903 3361 3058 3415 enim
3084 3366 3202 3415 tam
3245 3361 3541 3432 proprium
3575 3366 3598 3392 ⁸
3627 3361 3846 3416 huma-

2136 3453 2323 3518 nitati,
2356 3469 2530 3525 quam
2557 3451 2773 3507 remitti
2806 3451 3068 3506 dulcibus
3099 3451 3280 3505 modis
3312 3450 3658 3521 astringique
3694 3467 3844 3505 con-

2134 3542 2342 3596 trariis.
2394 3543 2569 3613 quue
2601 3559 2716 3596 non
2751 3542 2925 3596 modo
2975 3558 3095 3596 sese
3127 3543 3186 3594 in
3236 3540 3476 3611 singulis
3508 3541 3594 3594 vel
3625 3541 3844 3595 studiis

2133 3633 2218 3685 vel
2248 3632 2511 3686 aatatibus
2537 3637 2714 3700 tenet,
2739 3647 2937 3686 verum
2964 3647 3066 3702 per
3094 3636 3297 3684 cuncta
3331 3630 3675 3684 diffunditur
3708 3636 3838 3683 stu-

2131 3720 2244 3786 dia,
2281 3726 2336 3774 et
2361 3721 2605 3775 infantes
2650 3737 2713 3774 ac
2737 3721 2998 3790 juvenes,
3044 3735 3265 3772 necnon
3311 3718 3483 3772 etiam
3531 3734 3716 3781 senes,
3747 3719 3839 3772 ita

2131 3809 2471 3863 naturaliter
2497 3809 2700 3863 affectu
2740 3807 2990 3878 quodam
3025 3812 3340 3876 spontaneo
3378 3804 3565 3858 modis
3595 3804 3838 3858 musicis

2129 3898 2545 3968 adjunguntur,
2581 3900 2642 3950 ut
2671 3897 2830 3950 nulla
2865 3895 3100 3949 omnino
3148 3895 3219 3948 sit
3250 3899 3386 3948 retas
3421 3910 3548 3965 quae
3594 3910 3625 3946 a
3653 3894 3839 3947 canti-

2127 3985 2272 4040 lenae
2303 3987 2482 4040 dulcis
2513 3985 2889 4040 delectatione
2937 3983 3199 4055 sejuncta
3228 3985 3319 4038 sit.
3349 3983 3494 4038 Hinc
3537 3984 3710 4037 etiam
3744 3983 3835 4037 in-

2127 4075 2370 4130 ternosci
2399 4081 2606 4145 potest,
2639 4076 2794 4147 quod
2853 4091 2969 4129 non
3013 4075 3279 4128 frustraa
3330 4075 3562 4128 Platone
3610 4074 3834 4129 dictum

2127 4161 2146 4198 ‘
2199 4168 2300 4232 est,
2355 4165 2552 4218 mundi
2611 4165 2882 4228 animam,
2944 4163 3162 4217 musica
3210 4163 3603 4217 convenientia
3657 4163 3832 4218 fuisse

2125 4251 2509 4321 conjunctam.
2544 4252 2684 4306 Cum
2726 4251 2936 4305 enim:
2981 4268 3046 4304 ex
3095 4266 3161 4305 eo
3209 4251 3363 4321 quod
3416 4250 3475 4303 in
3525 4250 3692 4304 nobis
3751 4257 3833 4305 est

2126 4340 2387 4409 junctum
2408 4341 2927 4411 convenienterque
2957 4344 3307 4410 coaptatum,
3332 4339 3470 4393 illud
3486 4340 3826 4410 excipimus,

2131 4429 2286 4499 quod
2319 4429 2378 4482 in
2411 4429 2565 4483 sonis
2596 4434 2728 4500 apte
2770 4429 3293 4499 convenienterque
3325 4428 3700 4498 conjunctum
3724 4434 3824 4494 est,

2125 4534 2307 4588 eoque
2331 4517 2703 4585 delectamur,
2736 4535 2837 4573 nos
2869 4535 3098 4590 quoque
3131 4519 3285 4590 ipsos
3323 4518 3523 4572 eadem
3564 4517 3827 4570 similitu-

2122 4607 2255 4660 dine
2284 4609 2311 4649 h
2352 4614 2678 4678 compactos
2713 4625 2833 4662 esse
2865 4608 3280 4678 cognoscimus.
3318 4605 3516 4660 Amica
3559 4607 3646 4657 est
3673 4604 3826 4656 enim

2121 4697 2454 4751 similitudo.
2492 4697 2945 4752 Dissimilitudoi
2982 4715 3114 4752 vero
3147 4698 3340 4752 odiosa
3383 4701 3560 4766 atque
3606 4700 3827 4748 contra-

2121 4787 2224 4840 ria.
2243 4787 2381 4840 Hinc
2395 4787 2565 4840 etiam
2590 4803 2816 4841 morum
2836 4803 3065 4858 quoque
3089 4787 3342 4841 maxime
3371 4783 3825 4854 permutationes

2122 4875 2284 4928 ﬁunt.
2321 4874 2580 4928 Lascivus
2612 4875 2824 4946 quippe
2868 4874 3115 4940 animus,
3152 4875 3241 4928 vel
3269 4873 3391 4943 ipse
3429 4870 3823 4925 lascivioribus

2121 4962 2436 5016 delectatur
2456 4963 2664 5029 modis,
2696 4963 2783 5016 vel
2815 4979 2966 5034 saepe
2996 4963 3226 5017 eosdem
3249 4961 3490 5016 audiens
3521 4961 3635 5014 cito
3657 4960 3826 5013 emol-

2120 5052 2279 5118 litur,
2309 5068 2374 5105 ac
2411 5052 2712 5122 frangitur.
2747 5054 2962 5107 Rursus
3009 5052 3267 5123 asperior
3307 5066 3471 5105 mens
3502 5051 3590 5104 vel
3624 5050 3820 5104 incita-

2127 5141 2365 5194 tioribus
2421 5141 2651 5210 gaudet.
2705 5143 2793 5195 vel
2837 5141 3258 5195 incitatioribus
3312 5145 3630 5211 asperatur.
3685 5139 3820 5194 Hinc

2125 5235 2208 5282 est
2239 5230 2411 5282 etiam
2443 5231 2589 5299 quod
2624 5230 2781 5283 modi
2815 5230 3015 5283 musici
3048 5230 3308 5299 gentium
3357 5229 3633 5284 vocabulo
3676 5228 3817 5282 desi-

2123 5320 2281 5390 gnati
2303 5325 2455 5384 suut,
2480 5325 2542 5372 ut
2572 5319 2779 5388 Lydius
2811 5320 3034 5386 modus,
3088 5325 3144 5374 et
3174 5318 3473 5390 Phrygius.
3504 5317 3628 5384 Quo
3670 5318 3814 5371 enim

2398 5487 2419 5512 ο
2475 5477 2886 5546 Humanitatis,
2947 5478 2966 5516 ί
3018 5480 3122 5534 Sit.
3195 5491 3226 5534 ς
3271 5481 3360 5534 Ea:
3411 5494 3529 5533 non
3587 5478 3810 5549 legitur.
