4104 6176
311 268 450 319 1169

1747 266 1835 319 DE
1880 264 2136 321 MUSICA
2183 267 2308 319 LIB.
2354 268 2393 317 l.

3686 271 3813 325 H7O

298 401 465 473 quasi
505 416 865 472 unaquaeque
912 416 1049 470 gens
1096 400 1325 469 gaudet,
1372 401 1572 455 eodem
1624 401 1832 456 modus
1876 401 1992 472 ipse

2111 402 2200 452 καί
2234 400 2380 453 ἐττόν
2422 400 2593 473 ἀγῶνα
2633 409 2729 476 τᾶρ
2760 402 3075 475 Ἑλευσινίαρ
3117 406 3389 477 Δάματρορ
3432 404 3633 479 ἀπρεπῆ
3677 404 3815 459 διεντ-

298 491 578 545 vocabulo
608 494 993 559 nuncupatur.
1029 490 1247 543 Gaudet
1271 498 1295 523 ⁸
1322 489 1477 543 enim
1506 507 1644 559 gens
1664 492 1844 545 modis
1876 509 2000 545 mo-

300 596 427 633 rum
457 579 852 633 similitudine.
892 580 1086 649 Neque
1118 578 1271 631 enim
1313 579 1436 632 ﬁeri
1482 584 1663 649 potest
1697 585 1755 634 ut
1806 582 2003 635 mollia

300 670 481 735 duris,
529 672 671 723 dura
718 668 1075 722 mollioribus
1117 669 1493 722 adnectantur
1540 674 1636 722 aut
1692 670 1998 739 gaudeant.

298 758 409 812 Sed
442 774 697 812 amorem
749 757 1298 827 delectationemque
1329 758 1416 827 (ut
1447 758 1659 811 dictum
1702 762 1808 827 est)
1842 758 1998 811 simi-

298 846 485 899 litudo
512 845 790 899 conciliat.
828 845 984 899 Unde
1016 845 1174 899 Plato
1207 844 1379 897 etiam
1410 845 1653 898 maxime
1681 845 1999 899 cavendum

302 934 613 1001 existimat,
650 952 719 987 ne
752 934 821 988 de
852 934 995 987 bene
1028 938 1247 986 morata
1274 932 1492 987 musica
1527 933 1741 1003 aliquid
1772 949 2000 1002 permu-

298 1028 472 1078 tetur.
508 1026 690 1093 Negat
737 1024 889 1077 enim
917 1038 1040 1076 esse
1090 1023 1266 1075 ullam
1298 1027 1517 1075 tantam
1556 1038 1780 1075 morum
1812 1022 1869 1074 in
1916 1038 1999 1074 re-

296 1114 527 1184 publica
558 1113 767 1178 labem,
792 1128 964 1183 quam
996 1111 1275 1182 paulatim
1300 1112 1368 1165 de
1390 1111 1626 1181 pudenti
1657 1128 1719 1163 ac
1743 1112 1999 1164 modesta

300 1203 518 1256 musica
550 1202 853 1255 invertere.
892 1201 1089 1255 Statim
1122 1200 1275 1253 enim
1307 1201 1459 1253 idem
1489 1216 1716 1271 quoque
1758 1199 1994 1251 audien-

298 1293 445 1345 tium
476 1292 699 1344 animos
732 1290 867 1361 pati,
898 1291 1294 1361 paulatimque
1320 1289 1628 1355 discedere,
1656 1289 1996 1358 nullumque

298 1381 523 1434 honesti
571 1398 633 1434 ac
680 1380 817 1433 recti
858 1380 1105 1433 retinere
1139 1380 1466 1449 vestigium,
1498 1380 1544 1431 si
1574 1380 1658 1431 vel
1688 1394 1790 1448 per
1839 1377 1997 1430 lasci-

298 1468 487 1522 viores
523 1468 717 1522 modos
746 1468 1195 1523 iuverecundum
1229 1469 1465 1538 aliquid,
1494 1469 1578 1520 vel
1616 1484 1717 1537 per
1748 1467 1996 1536 asperio-

296 1574 389 1611 res
439 1559 595 1610 ferox
636 1564 806 1628 atque
863 1559 1115 1611 immane
1160 1558 1448 1610 mentibus
1492 1558 1777 1610 illabatur.
1834 1556 1997 1608 Nulla

299 1647 456 1700 enim
490 1648 670 1715 magis
697 1648 768 1701 ad
790 1649 1049 1701 animum
1083 1646 1395 1717 disciplinis
1428 1646 1534 1711 via,
1565 1662 1738 1716 quam
1762 1645 1995 1699 auribus

300 1741 481 1805 patet.
518 1736 655 1788 Cum
679 1751 812 1805 ergo
830 1752 933 1805 per
957 1752 1051 1789 eas
1068 1736 1321 1806 rhythmi
1340 1735 1611 1805 modique
1636 1735 1705 1788 ad
1737 1734 1995 1787 animum

294 1842 480 1896 usque
512 1825 929 1887 descenderint,
982 1825 1228 1881 dubitari
1263 1842 1375 1879 non
1418 1831 1608 1895 potest
1648 1824 1787 1897 quin
1833 1841 1996 1895 {equo

293 1917 469 1969 modo
502 1920 753 1969 mentem
787 1920 958 1985 atque
987 1915 1107 1984 ipsa
1139 1920 1270 1968 sunt
1299 1917 1323 1957 ί)
1355 1914 1603 1969 efficiant
1649 1920 1819 1985 atque
1858 1930 1995 1967 con-

292 2004 561 2057 forment.
606 2005 667 2058 Id
711 2020 842 2057 vero
896 2004 1061 2056 etiam
1090 2002 1335 2073 intelligi
1374 2004 1433 2057 in
1483 2003 1747 2074 gentibus
1791 2008 1990 2073 potest.

293 2094 439 2147 Nam
468 2110 595 2163 qua:
627 2093 945 2164 asperiores
976 2098 1103 2146 sunt
1138 2094 1427 2160 Getarum,
1461 2093 1791 2147 durioribus
1841 2093 1993 2146 dele-

292 2187 523 2236 ctantur
573 2183 773 2236 modis.
835 2182 971 2246 Quae
1024 2198 1158 2236 vero
1206 2188 1525 2250 mansuete,
1585 2182 1991 2250 mediocribus,

294 2288 630 2343 quanquam
674 2272 730 2326 id
763 2272 870 2326 hoc
902 2278 1161 2343 tempore
1212 2288 1356 2343 pene
1406 2273 1630 2326 nullum
1682 2276 1785 2325 est.
1831 2271 1995 2335 Quod

289 2378 429 2415 vero
456 2361 726 2415 lascivum
745 2377 808 2415 ac
829 2362 1003 2415 molle
1032 2366 1115 2416 est
1145 2376 1325 2432 genus
1353 2361 1693 2428 humanum,
1718 2360 1770 2415 id
1805 2366 1991 2415 totum

290 2450 530 2505 scenicis
562 2465 625 2503 ac
658 2450 1031 2504 theatralibus
1064 2450 1250 2504 modis
1282 2455 1524 2506 tenetur.
1562 2450 1689 2503 Fuit
1721 2466 1851 2505 vero
1889 2466 1991 2520 pu-

292 2541 439 2595 dens
470 2556 533 2593 ac
567 2539 825 2593 modesta
858 2540 1095 2607 musica,
1126 2542 1263 2593 dum
1284 2539 1728 2610 simplicioribus
1760 2539 1991 2609 organis

290 2634 581 2699 ageretur.
632 2629 735 2682 Ubi
783 2644 915 2682 vero
964 2629 1118 2682 varie
1163 2628 1557 2699 permixteque
1605 2632 1841 2681 tractata
1886 2635 1986 2695 est,

288 2719 486 2773 amisit
518 2717 811 2788 gravitatis
863 2722 1035 2788 atque
1077 2717 1299 2771 virtutis
1352 2718 1610 2783 modum,
1647 2723 1703 2770 et
1728 2733 1873 2788 pene
1929 2718 1988 2771 in

288 2808 706 2879 turpitudinem
738 2807 1027 2878 prolapsa,
1062 2807 1371 2860 minimum
1394 2807 1707 2877 tantiquam
1739 2807 1985 2877 speciem

288 2902 497 2952 servat.
532 2898 691 2951 Unde
722 2897 879 2951 Plato
913 2896 1171 2967 praecipit
1202 2896 1438 2950 minime
1470 2903 1735 2967 oportere
1777 2912 1986 2967 pueros

2115 493 2335 543 κεύσατο
2381 494 2475 542 τὰν
2520 502 2591 543 τῶ
2636 496 2782 563 μύθὼ
2834 490 3134 555 ὃιασκευὰν,
3176 494 3269 566 τὰρ
3316 515 3415 567 γαρ
3464 502 3557 567 τᾶρ
3592 496 3811 570 Σεμέὶαρ

2114 580 2310 654 ὼὸῐναρ
2344 585 2433 631 οὐκ
2462 578 2639 632 ἕνδεκα
2672 588 2773 655 τῲρ
2810 587 2931 655 νέωρ
2972 580 3215 635 δίδασκε.
3255 580 3502 634 Δέὸοκται
3542 585 3667 659 ὑπὲρ
3699 590 3813 637 τοὺς

2112 692 2209 722 των
2244 680 2343 744 τωρ
2391 670 2652 744 βασιλέως)
2702 676 2787 722 καὶ
2818 680 2919 745 τώρ
2967 674 3157 745 ἐεμόρωρ
3190 672 3497 743 μέμψασθαι
3545 678 3811 745 Τιμόθεον.

2111 781 2159 811 κ.
2194 781 2239 814 τ.
2280 770 2323 811 λ.

2182 850 2344 913 Quod
2403 850 2727 903 consultum
2778 850 2830 903 id
2873 850 3085 904 scilicet
3132 851 3406 916 continet,
3453 852 3510 905 id
3528 853 3677 906 circo
3722 854 3813 907 Ti-

2110 941 2336 993 motheo
2366 940 2581 994 Milesio
2624 940 2935 1010 Spartiates
2968 942 3380 1004 succensuisse,
3417 942 3568 1012 quod
3617 942 3810 995 multi-

2106 1030 2311 1099 plicem
2348 1029 2622 1082 musicam
2663 1029 2905 1082 reddens
2940 1046 3250 1099 puerorum
3296 1030 3500 1083 animis
3532 1047 3675 1101 quos
3730 1048 3814 1084 ac-

2106 1123 2333 1187 ceperat
2363 1119 2725 1185 erudiendos,
2777 1118 3049 1184 officeret,
3101 1124 3212 1171 eta
3262 1120 3488 1173 virtutis
3532 1121 3813 1173 modestia

2106 1207 2469 1277 praepediret,
2525 1213 2581 1261 et
2626 1208 2777 1277 quod
2830 1207 3210 1274 harmoniam,
3269 1225 3444 1279 quam
3490 1209 3808 1261 modestam

2106 1302 2449 1364 susceperat,
2482 1296 2538 1348 in
2571 1314 2749 1365 genus
2775 1296 3213 1363 chromaticum,
3249 1298 3400 1367 quod
3433 1303 3515 1351 est
3548 1299 3804 1364 mollius,

2106 1384 2449 1438 invertissct.
2486 1388 2662 1439 Tanta
2710 1386 2887 1455 igitur
2917 1386 3025 1439 luit
3057 1387 3207 1457 apud
3261 1403 3356 1440 eos
3400 1387 3633 1439 musica:
3677 1386 3806 1439 dili-

2109 1474 2323 1542 gentia,
2357 1480 2417 1527 ut
2440 1491 2566 1527 eam
2589 1475 2812 1527 animos
2831 1492 3059 1545 quoque
3083 1475 3341 1528 obtinere
3372 1475 3807 1530 arbitrarentur.

2109 1564 2411 1633 Vulgatum
2465 1564 2677 1633 quippe
2730 1569 2831 1629 est,
2889 1581 3060 1635 quam
3108 1581 3241 1634 sape
3274 1565 3596 1618 iracundias
3626 1566 3806 1619 canti—

2108 1653 2238 1706 lena
2260 1652 2612 1722 represserit,
2657 1669 2829 1721 quam
2862 1654 3043 1707 multa
3069 1654 3156 1706 vel
3189 1653 3247 1706 in
3276 1670 3606 1723 corporum,
3632 1655 3716 1707 vel
3748 1655 3808 1708 in

2108 1741 2435 1794 animorum
2464 1739 2855 1794 affectionibus
2886 1742 3144 1795 miranda
3171 1742 3491 1811 perfecerit.
3514 1743 3618 1795 Cui
3652 1743 3803 1796 enim

2108 1835 2190 1883 est
2238 1830 2379 1883 illud
2430 1828 2715 1899 ignotum,
2770 1830 2920 1900 quod
2956 1824 3306 1900 Pythagoras
3363 1831 3587 1885 ebrium
3619 1832 3808 1886 adole-

2108 1925 2357 1973 scentem
2390 1919 2922 1973 Taurominitanum
2953 1920 3075 1972 sub‘
3103 1920 3299 1990 Phygii
3330 1921 3487 1973 modi
3539 1937 3678 1974 sono
3719 1922 3806 1975 in-

2107 2010 2360 2075 citatum,
2397 2009 2649 2078 spondeo
2692 2010 3019 2061 succinente
3068 2010 3379 2063 reddiderit
3412 2010 3704 2065 mitiorem
3751 2016 3807 2066 et

2107 2100 2192 2153 sui
2223 2102 2568 2167 compotem.
2624 2098 2949 2168 Namlcum
3003 2103 3259 2151 scortum
3300 2098 3357 2151 in
3392 2100 3585 2152 rivalis
3632 2100 3804 2154 domo

2106 2192 2252 2241 esset
2281 2187 2557 2253 clausum,
2592 2190 2762 2257 atque
2790 2186 2885 2239 ille
2915 2187 3110 2241 furens
3136 2187 3373 2241 domum
3398 2187 3567 2242 vellet
3600 2188 3800 2243 ambu-

2102 2292 2247 2338 rere.
2283 2292 2528 2346 cumque
2546 2276 2933 2346 Pytgliagoras
2956 2276 3249 2329 stellarum
3270 2291 3468 2329 cursus
3494 2276 3583 2347 (ut
3606 2278 3657 2330 ei
3680 2293 3801 2332 mos

2103 2370 2417 2420 nocturnus
2449 2365 2590 2434 erat)
2623 2365 2944 2434 inspiceret,
2980 2364 3076 2417 ubi
3128 2364 3413 2419 intellexit
3442 2382 3581 2419 sono
3626 2367 3801 2436 Phry-

2104 2456 2183 2525 gii
2210 2453 2361 2509 modi
2394 2455 2715 2519 incitatum,
2748 2453 2941 2507 multis
2984 2453 3305 2508 amicorum
3326 2463 3346 2489 °
3395 2454 3799 2509 admonitioni-

2101 2544 2206 2597 bus
2234 2561 2265 2597 a
2295 2543 2545 2597 facinore
2569 2542 2817 2596 noluisse
2858 2542 3148 2607 desistere,
3176 2542 3387 2596 mutari
3409 2543 3640 2597 modum
3664 2560 3803 2613 prae-

2101 2632 2251 2703 cepit
2283 2638 2453 2703 atque
2491 2633 2568 2685 ita
2595 2632 2837 2685 furentis
2880 2632 3139 2686 animum
3187 2632 3562 2685 adolescentis
3595 2633 3663 2685 ad
3694 2637 3801 2686 sta-

2098 2728 2221 2777 tum
2270 2722 2477 2775 mentis
2527 2723 2902 2791 pacatissimam
2969 2721 3322 2791 temperavit.
3380 2722 3539 2784 Quod
3587 2722 3799 2776 scilicet

2097 2813 2311 2866 Marcus
2376 2811 2595 2865 Tullius
2637 2815 3049 2865 commemorat
3096 2810 3157 2863 in
3206 2825 3271 2864 eo
3312 2810 3459 2863 libro
3509 2826 3679 2881 quem
3730 2811 3797 2864 de

2098 2900 2351 2955 consiliis
2408 2899 2524 2952 suis
2581 2899 2918 2970 composuit,
2988 2899 3151 2952 aliter
3220 2898 3478 2969 quidem,
3535 2900 3631 2953 sed
3690 2900 3799 2952 hoc

289 2988 364 3041 ad
422 3002 619 3040 omnes
650 2986 848 3040 modos
881 2984 1117 3050 erudiri,
1155 2986 1254 3039 sed
1301 2986 1493 3055 potius
1523 2986 1590 3039 ad
1636 2987 1887 3039 valentes
1924 3002 1988 3039 ac
2027 3000 2066 3053 ρ
2097 2990 2288 3044 modo.
2322 2988 2430 3042 Sed
2462 2993 2525 3041 ut
2554 2988 2747 3058 aliqua
2784 2987 3157 3042 similitudine
3189 2987 3486 3053 adductus,
3533 2987 3799 3041 maximis

290 3076 601 3147 simplices.
639 3078 824 3147 Atque
856 3075 949 3129 hic
997 3075 1240 3129 maxime
1292 3074 1435 3129 illud
1477 3079 1561 3128 est
1604 3075 1985 3143 retinendum,

285 3165 441 3235 quod
492 3164 539 3217 si
586 3180 817 3234 quoquo
858 3164 1027 3217 modo
1079 3180 1179 3233 per
1224 3162 1593 3233 parvissimas
1642 3163 1989 3216 mutationes

286 3254 422 3307 hinc
455 3253 681 3324 jaliquid
730 3256 1177 3323 permutaretur,
1230 3268 1425 3307 recens
1471 3252 1702 3324 quidem
1751 3251 1988 3307 minime

288 3342 511 3410 sentiri,
548 3348 677 3412 post
701 3358 833 3395 vero
868 3356 1138 3409 magnam
1157 3340 1339 3395 facere
1369 3342 1770 3409 differentiam,
1804 3346 1860 3395 et
1888 3358 1990 3412 per

288 3447 459 3485 aures
491 3432 558 3485 ad
584 3431 843 3485 animum
875 3447 1055 3501 usque
1082 3431 1288 3485 delabi.
1326 3432 1540 3485 Idcirco
1570 3448 1843 3501 magnam
1866 3447 1986 3485 esse

286 3520 609 3574 custodiam
649 3520 873 3589 reipub.
924 3522 1082 3573 Plato
1127 3519 1436 3573 arbitratur
1466 3521 1742 3574 musicam
1771 3520 1987 3590 optime

287 3615 575 3663 moratam
603 3609 999 3679 pudenterque
1031 3609 1419 3679 conjunctam,
1455 3610 1526 3664 ita
1558 3615 1619 3663 ut
1640 3611 1710 3664 sit
1734 3610 1990 3665 modesta

287 3716 355 3753 ac
386 3700 650 3769 simplex,
685 3704 740 3752 et
770 3699 1041 3765 mascula,
1076 3715 1177 3753 nec
1201 3699 1549 3766 effeminata,
1580 3716 1684 3754 nec
1716 3700 1855 3767 fera,
1886 3716 1990 3753 nec

284 3790 463 3842 varia.
520 3788 684 3852 Quod
738 3788 1157 3844 Lacedaemonii
1211 3788 1461 3843 maxima
1518 3806 1625 3859 ope
1678 3805 1988 3855 servavere,

286 3879 424 3932 dum
458 3879 609 3948 apud
654 3895 751 3932 eos
796 3878 1019 3932 Taletas
1065 3878 1351 3934 Cretensis
1390 3887 1410 3912 ε
1467 3879 1732 3933 Gortinus
1778 3895 1989 3949 magno

286 3968 474 4037 pretio
521 3968 752 4031 accitus,
801 3984 1007 4037 pueros
1058 3968 1358 4038 disciplina
1416 3969 1648 4021 musicas
1701 3968 1837 4021 artis
1886 3969 1992 4022 im-

283 4057 512 4110 bueret.
555 4058 681 4111 Fuit
732 4056 886 4110 enim
924 4056 981 4110 id
1014 4056 1263 4127 antiquis
1308 4058 1367 4110 in
1409 4070 1433 4110 d
1492 4074 1732 4123 morem,
1780 4058 1992 4127 diuque

284 4147 623 4217 permansit.
659 4146 947 4210 Quoniam
980 4162 1116 4199 vero
1147 4146 1227 4200 eis
1256 4146 1587 4201 Timotheus
1622 4148 1867 4201 Milesius
1897 4164 1990 4201 su-

284 4252 391 4306 per
421 4252 515 4289 eas
556 4252 695 4306 quas
727 4241 859 4289 ante
910 4241 1199 4306 repererat
1245 4252 1426 4289 unum
1474 4236 1689 4290 addidit
1731 4253 1990 4305 nervum,

286 4342 353 4379 ac
400 4325 868 4395 multipliciorem
923 4326 1198 4380 musicam
1247 4326 1395 4393 fecit,
1448 4343 1684 4396 exegere
1732 4326 1799 4380 de
1846 4326 1992 4379 laco-

282 4414 433 4467 nica.
469 4415 924 4485 Consultumque
952 4416 1021 4469 de
1055 4432 1120 4471 eo
1151 4416 1363 4470 factum
1392 4421 1493 4470 est.
1520 4416 1681 4480 Quod
1712 4416 1987 4486 quoniam

284 4503 515 4572 insigne
547 4510 630 4556 est
662 4504 1078 4574 Spartiatarum
1108 4506 1303 4575 lingua
1329 4506 1363 4560 S
1398 4506 1648 4559 litteram
1681 4504 1737 4558 in
1770 4506 1813 4559 R
1862 4522 1985 4558 ver-

280 4593 552 4657 tentium,
598 4593 789 4663 ipsum
818 4595 885 4649 de
917 4612 983 4649 eo
1011 4596 1336 4649 consultum
1370 4594 1581 4649 eisdem
1613 4594 1799 4649 verbis
1834 4595 1986 4648 Grae-

281 4682 364 4735 cis
393 4683 657 4751 apposui.

361 4768 571 4828 Ἐπειὸὴ
605 4774 853 4845 Τιμοθεορ
884 4774 908 4824 ό
941 4772 1223 4845 Μιλήσιορ,
1257 4772 1411 4824 ἐλθὼν
1442 4772 1589 4823 ἐττάν
1620 4774 1870 4845 ἁμετέραν
1901 4776 1989 4823 πό-

284 4863 393 4925 λιν,
451 4864 545 4912 τὰν
590 4861 816 4913 παλαιὰν
858 4862 1055 4933 μολπὴν
1094 4859 1407 4933 ἁτιμάσὸει,
1456 4866 1568 4928 καὶ,
1620 4865 1709 4913 τάν
1764 4860 1856 4914 διὰ
1898 4870 1989 4913 τάν

280 4953 416 5003 ἐτττά
448 4948 651 5023 χορδᾶν
684 4953 969 5025 κιθαρίζειν
1000 4949 1469 5024 ἀποστρεφόμενορ,
1505 4951 1827 5021 παλνφωνίαν
1852 4954 1988 5003 εἰσά-

277 5062 386 5113 γων
408 5040 712 5113 λυμαίνεται
736 5044 832 5114 τὰρ
855 5040 1019 5115 ἀκοὰρ
1042 5045 1292 5109 τνέιννέων,
1318 5038 1409 5092 διά
1423 5060 1474 5091 τε
1503 5048 1596 5113 reip
1612 5039 1740 5091 πο).υ
1756 5038 1987 5113 χορὸίαρ

277 5135 371 5181 καὶ
405 5136 500 5203 τάρ
552 5135 854 5205 καινότητορ
898 5140 966 5182 τὸ)
1010 5130 1207 5204 pili-:09,
1250 5130 1429 5201 ἀγεννῆ
1468 5135 1553 5181 καὶ
1598 5129 1833 5180 ποικίλαν
1876 5128 1988 5179 ἀντι

280 5220 486 5292 enim?
522 5224 606 5269 καὶ
639 5225 951 5294 τεταγμέναρ
981 5220 1315 5291 ἀμφιέννυται
1349 5222 1440 5271 τὰν
1472 5224 1702 5291 μοῦσαν,
1738 5216 1820 5269 ἐπι
1850 5224 1989 5291 χρὼ-

282 5328 451 5382 ματος
498 5313 871 5380 συνιστάμενος
914 5313 1005 5361 τάν
1048 5318 1117 5360 τῶ
1164 5309 1339 5384 μέλεορ
1386 5306 1695 5371 ὃιασκευὰν,
1731 5308 1843 5359 ἀντι
1894 5315 1986 5381 τὰρ

284 5402 572 5470 ἔναρμονίω
632 5408 792 5450 ποιῶν
852 5399 1193 5473 ἀντιστροφαί
1249 5398 1469 5471 ἀμοιϐάν
1528 5396 1871 5470 παρακλαθεις
1931 5397 1989 5451 δέ

366 5603 391 5626 ⁸
471 5595 623 5648 Vero.
716 5598 740 5637 b
792 5594 1079 5663 Afﬁciant.
1176 5606 1197 5630 ε
1238 5596 1550 5663 ,ϐονιὶηἰαω
1646 5596 1672 5637 d
1728 5597 1891 5650 More.

1968 5621 1993 5649 θ
2033 5596 2128 5649 Ad
2201 5610 2319 5649 non
2351 5593 2611 5649 habetur.

2097 3078 2338 3133 minima
2367 3077 2676 3143 conferam,
2720 3083 2784 3131 ut
2820 3093 2949 3131 cum
2990 3076 3263 3131 vinolenti
3298 3076 3687 3141 adolescentes
3730 3076 3797 3129 ti-

2096 3168 2320 3223 biarum
2341 3168 2509 3220 etiam
2544 3170 2711 3219 cantu
2744 3166 2832 3235 (ut
2861 3166 2946 3233 fit)
2981 3165 3257 3232 instincti,
3292 3166 3550 3220 mulieris
3572 3165 3797 3235 pudicae

2096 3257 2246 3311 fores
2276 3257 2628 3326 frangerent,
2656 3255 3019 3309 admonuisse
3050 3254 3348 3308 tibicinam
3382 3259 3441 3308 ut
3469 3255 3792 3325 spondeum

2096 3350 2324 3399 caneret
2364 3344 2711 3415 Pythagoras
2754 3343 2994 3409 dicitur;
3036 3344 3188 3413 quod
3233 3359 3361 3396 cum
3410 3343 3507 3397 illa
3550 3343 3795 3409 fecisset,

2097 3434 2363 3489 tarditate
2395 3433 2701 3486 modorum
2735 3437 2791 3486 et
2820 3432 3096 3502 gravitate
3128 3433 3405 3501 canentis,
3438 3432 3671 3486 illorum
3714 3434 3795 3489 fu-

2096 3529 2320 3579 rentem
2355 3522 2728 3594 petulantiam
2767 3522 3122 3575 consedasse.
3157 3521 3260 3575 Sed
3294 3526 3357 3575 t't
3406 3521 3618 3575 similia
3664 3522 3793 3576 bre-

2096 3614 2239 3669 viter
2291 3614 2552 3683 exempla
2616 3612 2973 3682 conquiram.
3022 3610 3361 3681 ,Terpander
3398 3615 3567 3681 atque
3624 3610 3797 3665 Arion

2096 3705 2502 3774 Methymnaeus
2528 3701 2754 3755 Lesbios
2773 3706 2946 3771 atque
2970 3702 3153 3760 Iones,
3182 3700 3535 3769 gravissimis
3558 3701 3792 3767 morbis,

2098 3799 2296 3848 cantus
2341 3792 2605 3863 eripuere
2655 3789 2947 3860 praesidio.
2998 3790 3273 3843 Ismenias
3315 3806 3447 3843 vero
3495 3791 3798 3843 Thebanus

2100 3882 2426 3937 Boetiorum
2454 3880 2737 3951 pluribus,
2778 3894 2921 3948 quos
2960 3877 3215 3931 schiatici
3251 3878 3468 3947 doloris
3510 3882 3797 3933 tormenta

2096 3972 2357 4038 vexabat,
2410 3970 2597 4024 modis
2638 3969 2817 4022 fertur
2862 3972 3064 4021 cuncta
3111 3967 3437 4029 abstersisse
3484 3968 3790 4021 molestias.

2099 4061 2204 4115 Sed
2234 4066 2290 4113 et
2319 4058 2684 4129 Empedocles
2717 4074 2847 4111 cum
2879 4057 3000 4126 ejus
3026 4056 3310 4127 hospitem
3342 4056 3575 4126 quidam
3607 4058 3795 4126 gladio

2101 4149 2441 4204 furibundus
2474 4148 2785 4213 invaderet,
2816 4146 2966 4218 quod
3008 4145 3128 4215 ejus
3162 4154 3382 4215 patrem
3426 4145 3519 4198 ille
3561 4160 3795 4197 accusa-

2104 4238 2261 4291 tione
2303 4238 2647 4303 damnasset,
2692 4234 2979 4289 inﬂexisse
3020 4235 3225 4288 dicitur
3265 4234 3501 4287 modum
3533 4232 3794 4295 canendi,

2107 4328 2300 4398 itaque
2335 4325 2712 4381 adolescentis
2746 4324 3100 4378 iracundiam
3136 4330 3503 4394 temperasse.
3555 4323 3618 4375 In
3670 4327 3793 4375 tan-

2100 4422 2223 4471 tum
2268 4432 2399 4469 vero
2455 4415 2654 4485 priscae
2706 4414 3083 4485 philosophiae
3133 4413 3150 4447 ί
3190 4413 3391 4467 studiis
3432 4413 3515 4466 vis
3566 4411 3798 4465 musicae

2100 4506 2235 4560 artis
2267 4504 2535 4562 innotuit,
2574 4508 2637 4557 ut
2665 4504 3048 4574 Pythagorici,
3092 4520 3220 4555 cum
3252 4504 3484 4555 diurnas
3511 4502 3569 4555 in
3592 4518 3795 4554 somno

2097 4596 2449 4650 resolverent
2500 4610 2683 4659 curas,
2729 4594 3070 4664 quibusdam
3121 4591 3419 4645 cantilenis
3476 4594 3797 4655 uterentur,

2099 4690 2162 4739 ut
2192 4685 2273 4739 eis
2302 4684 2446 4738 lenis
2478 4689 2531 4737 et
2572 4683 2798 4752 quietus
2824 4700 2997 4752 sopor
3024 4682 3319 4751 irreperet.
3358 4682 3555 4750 Itaque
3596 4696 3797 4750 exper-

2099 4774 2257 4841 recti,
2292 4773 2417 4827 aliis
2449 4772 2792 4842 quibusdam
2837 4771 3022 4825 modis
3053 4776 3345 4841 stuporem
3378 4769 3566 4824 somni
3599 4770 3796 4824 confu-

2102 4864 2435 4932 sionemque
2457 4860 2795 4931 purgabant.
2824 4860 2884 4914 Id
2910 4860 3182 4913 nimirum
3212 4859 3474 4929 scientes,
3501 4861 3652 4931 quod
3678 4864 3798 4913 tota

2100 4957 2309 5007 nostra:
2344 4951 2549 5004 animae
2582 4951 2949 5020 corporisque
2975 4966 3251 5021 compago
3299 4952 3517 5005 musica
3562 4956 3799 5020 coapta-

2101 5044 2256 5096 tione
2286 5041 2588 5111 conjuncta
2619 5039 2706 5091 sit.
2744 5040 2883 5091 Nam
2926 5042 2985 5091 ut
3035 5056 3153 5092 sese
3196 5040 3451 5109 corporis
3495 5039 3664 5093 habet
3709 5036 3795 5089 af-

2101 5132 2302 5197 fectus,
2328 5130 2424 5195 {ita
2478 5129 2648 5181 etiam
2692 5129 2889 5197 pulsus
2936 5128 3121 5182 cordis
3166 5130 3418 5183 motibus
3462 5129 3792 5181 incitantur.

2100 5220 2261 5285 Quod
2320 5218 2533 5271 scilicet
2580 5217 2935 5270 Democritus
2982 5218 3308 5289 Hippocrati
3352 5218 3569 5270 medico
3618 5216 3791 5268 tradi-

2100 5311 2247 5365 disse
2280 5310 2479 5371 fertur,
2511 5324 2641 5360 cum
2672 5323 2805 5359 eum
2836 5308 2997 5377 quasi
3030 5308 3297 5361 insanum
3328 5306 3541 5359 cunctis
3588 5306 3791 5358 Demo-

2097 5399 2230 5453 criti
2266 5397 2482 5451 vicibus
2521 5396 2579 5450 id
2627 5395 3016 5467 opinantibus,
3082 5397 3140 5451 in
3209 5395 3466 5450 custodia
3526 5387 3801 5450 medendi

2691 5606 2708 5647 ς
2744 5594 3036 5650 Studiosis.
