4104 6176
432 268 561 322 1171

1762 266 1874 320 ΑΝ.
1917 267 2121 323 MANL.
2164 267 2315 322 SEV.
2356 266 2585 323 BOETII

3766 279 3880 329 H72

433 416 603 455 causa
628 400 852 454 viseret.
878 398 986 453 Sed
1009 414 1283 470 quorsum
1306 399 1412 453 ista
1445 400 1604 454 haec?
1624 398 1764 464 Quia
1786 414 1901 453 non
1930 403 2122 470 potest
2159 400 2206 453 Α
2234 399 2431 453 multis
2461 400 2586 453 ﬁeri
2618 399 2687 454 de
2725 399 2911 453 causis
2948 415 3176 454 necesse
3208 407 3311 469 est,
3348 418 3464 456 non
3494 406 3691 473 poterit
3716 412 3879 461 tamen

432 488 678 546 dubitari
696 486 835 559 quin
864 492 1076 542 nostrae
1098 488 1304 542 animae
1326 494 1383 542 et
1412 488 1669 559 corporis
1685 493 1881 555 status,
1904 490 2119 543 eisdem

432 577 853 651 quodammodo
882 577 1350 648 proportionibus
1388 578 1647 633 videatur
1678 595 1796 632 esse
1836 579 2122 650 composi-

430 674 542 735 tus,
568 666 775 739 quibus
796 666 1158 721 harmonicas
1179 667 1601 723 modulationes
1623 668 1903 739 posterior
1923 668 2122 738 dispu-

431 757 570 811 tatio
592 757 866 827 conjungi
897 757 1269 827 copularique
1293 756 1655 812 monstrabit.
1682 758 1815 812 Inde
1847 761 1933 811 est
1963 758 2117 812 enim

431 845 587 916 quod
625 845 873 899 infantes
894 861 1125 917 quoque
1155 845 1439 901 cantilena
1484 846 1664 901 dulcis
1707 846 1966 901 oblectat.
2001 848 2119 902 Ali-

430 933 567 1006 quid
595 949 730 988 vero
758 949 1026 1003 asperum
1057 938 1232 1005 atque
1271 935 1515 998 immite,
1559 936 1630 989 ab
1662 935 1933 991 audiendi
1966 938 2124 992 volu-

428 1030 583 1096 ptate
613 1024 931 1095 suspendit.
966 1025 1247 1080 Nimirum
1280 1024 1335 1080 id
1368 1026 1543 1080 etiam
1578 1025 1763 1080 omnis
1799 1030 1936 1081 aetas
1975 1027 2123 1097 pati-

430 1117 547 1179 tur,
579 1112 883 1184 omnisque
921 1129 1102 1167 sexus.
1156 1113 1293 1178 Quae
1332 1114 1461 1168 licet
1505 1114 1622 1168 suis
1675 1115 1897 1170 actibus
1933 1117 2121 1171 distri-

430 1202 570 1257 buta
597 1202 732 1266 sint,
762 1218 879 1255 una
906 1206 1097 1255 tamen
1131 1202 1359 1256 musicae
1390 1203 1767 1258 delectatione
1818 1204 2123 1275 conjuncta

430 1294 581 1346 sunt.
614 1290 760 1355 Quid
804 1291 957 1345 enim
988 1290 1071 1359 fit,
1096 1307 1227 1345 cum
1255 1291 1317 1345 in
1340 1290 1569 1347 ﬂetibus
1598 1294 1781 1347 luctus
1813 1292 1966 1365 ipsos
1997 1310 2120 1348 mo-

432 1380 703 1435 dulantur
749 1380 1051 1435 dolentes?
1086 1380 1249 1445 Quod
1287 1381 1531 1436 maxime
1584 1382 1862 1437 muliebre
1910 1388 2014 1451 est,
2062 1389 2123 1437 ut

432 1485 563 1525 cum
590 1470 806 1524 cantico
833 1470 1082 1541 quodam
1130 1470 1351 1525 dulcior
1387 1496 1417 1527 ιι
1461 1471 1562 1525 fiat
1599 1487 1767 1526 causa
1819 1471 2014 1527 ﬂendi.
2060 1473 2122 1527 Id

430 1573 565 1613 vero
604 1557 776 1612 etiam
808 1557 917 1613 fuit
953 1561 978 1602 b
1005 1558 1254 1629 antiquis
1281 1557 1342 1611 in
1364 1563 1622 1627 ’morem,
1647 1565 1709 1613 ut
1738 1565 1937 1615 cantus
1964 1560 2121 1615 tibiae

431 1647 677 1703 luctibus
694 1648 943 1718 prmiret.
963 1646 1141 1701 Testis
1163 1652 1247 1702 est
1266 1648 1535 1718 Papinius
1556 1648 1768 1703 Statius
1791 1650 1899 1704 hoc
1917 1666 2115 1706 versu:

856 1755 1034 1811 Cornu
1061 1769 1228 1821 grave
1262 1758 1438 1823 mugit
1463 1756 1692 1823 adunco,

508 1843 668 1898 Tibia
696 1844 784 1897 cui
810 1847 1011 1898 teneros
1042 1848 1250 1898 suetum
1275 1844 1571 1913 producere
1594 1860 1797 1900 manes.

437 1951 504 2005 Et
530 1950 631 2022 qui
655 1950 904 2005 suaviter
932 1966 1135 2005 canere
1162 1967 1279 2005 non
1309 1955 1515 2021 potest,
1542 1952 1648 2006 sibi
1678 1956 1872 2008 tamen
1903 1953 2120 2026 aliquid

433 2039 604 2107 canit,
628 2055 742 2093 non
764 2039 916 2110 quod
949 2056 1078 2093 eum
1121 2040 1313 2111 aliqua
1350 2041 1642 2111 voluptate
1672 2041 1727 2096 id
1768 2043 1921 2113 quod
1969 2044 2123 2097 canit

434 2128 663 2196 afficiat,
694 2129 787 2183 sed
821 2130 976 2200 quod
1017 2130 1325 2200 quamdam
1372 2129 1601 2184 insitam
1653 2131 2013 2187 dulcedinem
2057 2150 2122 2187 ex

435 2218 628 2274 animo
661 2217 998 2290 proferentis
1038 2219 1445 2290 quoquomodo
1495 2221 1808 2290 proferant,
1845 2223 2123 2277 delectan-

433 2311 548 2363 tur.
583 2309 781 2362 Nonne
829 2306 974 2361 illud
1023 2307 1195 2361 etiam
1240 2308 1607 2363 manifestum
1653 2314 1757 2376 est,
1799 2310 1857 2364 in
1907 2311 2123 2366 bellum

432 2396 822 2468 pugnantium
845 2395 1064 2449 animos
1092 2398 1359 2449 tubarum
1387 2398 1638 2451 carmine
1662 2399 1931 2453 accendi?
1961 2401 2125 2465 Quod

434 2485 482 2538 si
509 2483 817 2539 verisimile
851 2488 954 2553 est,
994 2485 1063 2537 ab
1103 2484 1281 2538 animi
1311 2490 1511 2555 pacato
1551 2491 1721 2554 statu,
1772 2504 2124 2561 quemquam

437 2574 509 2627 ad
538 2573 790 2626 furorem
820 2577 992 2642 atque
1019 2571 1373 2626 iracundiam
1396 2590 1558 2644 posse
1588 2576 1851 2645 proferri.
1890 2579 2012 2632 Non
2044 2584 2125 2634 est

441 2661 700 2727 dubium,
734 2661 887 2732 quod
918 2661 1268 2716 conturbata:
1290 2668 1499 2717 mentis
1530 2664 1903 2735 iracundiam,
1935 2668 2021 2721 vel
2041 2669 2125 2723 ni-

438 2750 613 2806 miam
635 2749 1007 2820 cupiditatem
1026 2751 1334 2806 modestior
1354 2752 1560 2807 modus
1581 2755 1757 2825 possit
1787 2757 2121 2828 astringere.

439 2839 588 2906 Quid
618 2840 771 2911 quod
809 2856 937 2894 cum
978 2840 1186 2910 aliquis
1217 2841 1559 2897 cantilenam
1589 2844 1860 2899 libentius
1892 2847 2126 2902 auribus

441 2934 611 3002 atque
642 2929 837 2985 animo
867 2929 1036 2999 capit,
1058 2929 1130 2984 ad
1159 2930 1300 2985 illud
1323 2931 1495 2985 etiam
1512 2949 1627 2987 non
1660 2940 1858 3004 sponte
1888 2952 2121 2991 conver-

439 3018 599 3087 titur,
633 3023 695 3073 ut
715 3023 935 3073 motum
964 3035 1194 3091 quoque
1215 3021 1465 3092 aliquem
1498 3023 1744 3077 similem
1766 3024 1974 3079 auditae
2001 3041 2127 3079 can-

440 3107 635 3163 tilenae
651 3123 857 3177 corpus
888 3107 1143 3179 efﬁngat,
1173 3114 1230 3163 et
1246 3110 1397 3180 quod
1432 3112 1667 3166 omnino
1692 3112 1922 3184 aliquod
1948 3115 2130 3169 melos

443 3195 703 3251 auditum
721 3195 830 3251 sibi
860 3212 1083 3251 memor
1111 3197 1337 3252 animus
1375 3199 1497 3269 ipse
1531 3200 1836 3270 decerpat?
1864 3202 1933 3256 Ut
1955 3218 2018 3255 ex
2044 3202 2131 3255 his

444 3285 712 3340 omnibus
745 3286 1042 3357 perspicue
1065 3303 1168 3341 nec
1205 3288 1533 3343 dubitanter
1563 3296 1853 3360 appareat,
1888 3291 1964 3346 ita
1997 3292 2132 3363 qui—

2235 492 2423 543 motus
2472 493 2589 543 tam
2631 489 3023 543 velocissimus
3073 489 3153 544 ita
3197 506 3538 561 magnorum
3590 510 3877 564 corporum,

2232 578 2419 631 nullos
2451 578 2685 631 omnino
2718 594 2888 632 sonos
2920 578 3089 645 ciere,
3122 595 3251 632 cum
3281 582 3596 649 praesertim
3622 588 3764 636 tanta
3789 586 3881 638 sint

2231 667 2523 721 stellarum
2548 682 2744 721 cursus
2774 667 3129 737 coaptatione
3151 667 3456 739 conjuncti,
3494 675 3554 723 ut
3580 671 3713 724 nihil
3743 688 3879 744 aeque

2231 755 2717 825 compaginatum,
2750 756 2895 809 nihil
2926 755 3007 809 ita
3036 757 3405 811 commixtum
3438 759 3619 828 possit
3656 761 3878 831 intelligi.

2233 847 2489 917 Namque
2513 846 2611 900 alii
2635 847 2988 913 excelsiores,
3016 847 3112 900 alii
3135 848 3429 902 inferiores
3448 848 3724 917 feruntur,
3741 858 3883 922 atque

2228 936 2310 991 ita
2340 952 2538 990 omnes
2570 937 2777 1006 aequali
2808 936 3143 990 incitatione
3174 938 3495 1005 volvuntur,
3523 945 3583 992 ut
3606 956 3701 1008 per
3730 941 3883 1011 dispa-

2228 1041 2318 1078 res
2357 1025 2774 1095 inzequalitates
2805 1030 2960 1080 ratus
2987 1042 3255 1080 cursuum
3290 1028 3427 1081 ordo
3458 1028 3713 1082 ducatur.
3754 1029 3880 1083 Unde

2231 1130 2348 1168 non
2374 1119 2559 1184 potest
2583 1114 2652 1168 ab
2685 1115 2790 1169 hac
2820 1115 3033 1170 cmlesti
3054 1116 3337 1186 vertigine
3369 1122 3525 1170 ratus
3556 1118 3687 1171 ordo
3713 1120 3880 1172 modu-

2227 1203 2457 1257 lationis
2520 1203 2812 1258 absistere.
2876 1205 2996 1259 Jam
3025 1220 3157 1258 vero
3204 1206 3467 1275 [quatuor
3506 1207 3881 1261 elementorum

2231 1292 2587 1348 diversitates
2660 1294 3089 1364 contrariasque
3144 1295 3452 1364 potentias,
3503 1294 3610 1348 nisi
3658 1296 3883 1366 quadam

2229 1383 2565 1437 harmonica
2596 1384 2991 1454 conjungeret,
3018 1383 3115 1454 qui
3148 1384 3275 1437 ﬁeri
3300 1390 3509 1454 posset,
3546 1392 3606 1437 ut
3644 1384 3701 1437 in
3736 1400 3883 1438 unum

2230 1488 2436 1543 corpus
2467 1489 2530 1526 ac
2579 1473 2903 1527 machinam
2948 1473 3363 1527 convenirent?
3407 1474 3516 1528 Sed
3558 1472 3675 1527 haec
3728 1475 3880 1528 omnis

2231 1560 2527 1616 diversitas
2562 1561 2639 1615 ita
2674 1565 2729 1615 et
2760 1566 3088 1632 temporum
3136 1562 3470 1615 varietatem
3510 1562 3658 1631 parit
3682 1566 3733 1615 et
3754 1562 3881 1615 fruc-

2230 1655 2416 1719 tuum,
2451 1654 2512 1703 ut
2540 1655 2732 1705 tamen
2773 1667 2953 1705 unum
2986 1650 3123 1705 anni
3155 1666 3363 1721 corpus
3401 1650 3628 1705 efﬁciat.
3684 1651 3817 1705 Unde
3848 1651 3884 1705 si

2233 1740 2371 1811 quid
2393 1740 2621 1806 horum,
2646 1755 2774 1811 quae
2796 1745 3013 1794 tantam
3042 1740 3371 1794 varietatem
3392 1739 3567 1794 rebus
3580 1739 3882 1801 ministrant,

2232 1828 2425 1883 animo
2461 1833 2517 1882 et
2536 1829 2879 1899 cogitatione
2899 1827 2927 1864 ἀ
2956 1829 3259 1899 discerpas,
3289 1834 3495 1882 cuncta
3522 1833 3766 1899 pereant,
3805 1844 3886 1883 nec

2233 1917 2319 1988 (ut
2348 1917 2427 1971 ita
2453 1916 2658 1987 dicam)
2692 1918 3008 1989 quidquam
3043 1933 3358 1971 consonum
3390 1923 3639 1972 servent.
3675 1919 3737 1970 Et
3769 1919 3885 1970 utin

2232 2007 2500 2078 gravibus
2523 2007 2748 2061 chordis
2778 2008 2826 2060 is
2850 2006 2998 2061 vocis
3031 2013 3115 2061 est
3144 2007 3368 2072 modus,
3400 2011 3465 2060 ut
3512 2023 3629 2060 non
3675 2006 3740 2060 ad
3778 2006 3886 2059 taci-

2232 2096 2565 2150 turnitatem
2640 2096 2887 2167 gravitas
2965 2113 3147 2167 usque
3226 2095 3556 2161 descendat,
3633 2101 3787 2165 atque
3843 2096 3889 2147 in

2233 2186 2414 2239 acutis
2460 2185 2555 2239 ille
2632 2185 2955 2240 custoditur
3026 2184 3305 2238 acuminis
3382 2185 3594 2238 modus
3658 2200 3724 2236 ne
3763 2182 3891 2236 nervi

2232 2275 2479 2329 nimium
2532 2275 2681 2330 teusi
2738 2276 2888 2329 vocis
2953 2276 3233 2329 tenuitate
3284 2276 3661 2344 knmpantur,
3706 2274 3792 2327 sed
3822 2278 3889 2326 to-

2231 2367 2357 2418 tum
2409 2363 2516 2417 sibi
2579 2364 2648 2417 sit
2709 2367 3379 2433 consentaneumatque
3428 2362 3796 2425 conveniens;
3831 2359 3890 2412 ita

2234 2451 2410 2507 etiam
2466 2454 2523 2506 in
2574 2452 2774 2507 mundi
2826 2452 3042 2506 musica
3088 2452 3474 2522 pervidemus,
3531 2450 3667 2505 nihil
3715 2451 3783 2503 ita
3823 2448 3890 2502 ni-

2233 2541 2419 2594 mium
2450 2557 2571 2595 esse
2600 2557 2765 2612 posse
2799 2546 2860 2595 ut
2899 2542 3141 2595 alterum
3185 2540 3420 2610 propria
3473 2539 3757 2593 nimietate
3797 2537 3891 2590 dis-

2236 2631 2432 2684 solvat.
2486 2632 2690 2684 Verum
2731 2630 3013 2701 quidquid
3052 2630 3196 2683 illud
3244 2635 3350 2697 est,
3382 2634 3487 2682 aut
3517 2645 3646 2683 suos
3696 2655 3716 2681 θ
3757 2626 3891 2680 atlert

2234 2717 2472 2784 fructus,
2513 2724 2609 2771 aut
2643 2718 2766 2772 aliis
2812 2719 3123 2773 auxiliatur
3165 2723 3227 2773 ut
3273 2718 3534 2772 afferant.
3588 2719 3721 2771 Nam
3768 2714 3890 2785 quod

2236 2807 2571 2875 constringit
2612 2807 2818 2875 hiems,
2869 2825 2967 2861 ver
3011 2809 3179 2871 laxat,
3230 2812 3408 2861 torret
3458 2812 3642 2868 testas,
3686 2807 3893 2858 maturat

2238 2903 2568 2965 autumnus,
2598 2903 2975 2970 temporaque
3013 2898 3259 2952 vicissim
3304 2898 3391 2951 vel
3445 2898 3574 2967 ipsa
3614 2912 3737 2949 suos
3787 2893 3891 2945 atie-

2166 2987 2205 3042 C
2236 2992 2369 3040 runt
2401 2987 2638 3053 fructus,
2668 2988 2755 3041 vel
2803 2988 2929 3041 aliis
2960 2994 3025 3041 ut
3072 2987 3310 3040 atl‘erant
3354 2985 3793 3039 subministrant.
3837 2982 3892 3035 De

2239 3076 2447 3147 quibus
2481 3077 2761 3146 posterius
2790 3076 3097 3131 studiosius
3143 3075 3555 3145 disputandum
3589 3080 3686 3128 est.
3718 3073 3893 3125 Huma-

2238 3181 2374 3219 nam
2405 3182 2538 3220 vero
2586 3167 2883 3233 musicam,
2920 3166 3180 3237 quisquis
3214 3166 3269 3218 in
3320 3181 3439 3218 sese
3471 3166 3657 3234 ipsum
3707 3162 3894 3215 descen-

2240 3254 2343 3321 dit,
2370 3254 2658 3326 intelligit.
2692 3256 2836 3319 Quid
2860 3259 2943 3309 est
2973 3255 3124 3308 enim
3158 3254 3309 3325 quod
3338 3254 3501 3306 illam
3546 3253 3894 3321 incorpoream

2240 3343 2477 3397 rationis
2527 3343 2882 3399 vivacitatem
2925 3344 3145 3413 corpori
3200 3344 3452 3408 misceat,
3514 3342 3623 3394 nisi
3677 3338 3896 3410 qua‘dam

446 3373 577 3429 dem
616 3374 781 3429 nobis
814 3375 1089 3428 musicam
1119 3376 1455 3431 naturaliter
1494 3394 1611 3432 esse
1659 3380 2024 3451 conjunctam
2072 3385 2135 3434 ut

447 3477 515 3515 ea
546 3478 619 3514 ne
641 3460 687 3514 si
708 3461 949 3515 velimus
979 3463 1210 3532 quidem
1262 3481 1452 3519 carere
1502 3468 1804 3536 possimus.
1859 3470 2136 3533 Quocirca

446 3548 795 3603 intendenda
818 3550 901 3603 vis
943 3551 1147 3605 mentis
1187 3557 1286 3615 est,
1322 3560 1385 3607 ut
1413 3554 1470 3607 id
1502 3558 1655 3625 quod
1682 3562 1888 3612 natura
1932 3564 2016 3613 est
2052 3558 2137 3612 in-

448 3638 641 3705 situm,
673 3638 908 3693 scientia
937 3654 1167 3711 quoque
1196 3642 1378 3710 possit
1406 3645 1885 3713 comprehensum
1926 3649 2134 3704 teneri.

448 3725 605 3782 Sicut
643 3727 797 3782 enim
824 3727 885 3782 in
916 3728 1035 3783 visu
1070 3746 1299 3801 quoque
1322 3747 1435 3785 non
1466 3732 1674 3787 sufficit
1704 3736 1943 3791 eruditis
1977 3738 2136 3792 colo-

447 3832 538 3871 res
566 3817 895 3889 formasque
922 3819 1264 3890 conspicere,
1298 3820 1408 3874 nisi
1439 3822 1612 3877 etiam
1645 3840 1772 3894 qua:
1817 3826 1889 3880 sit
1929 3826 2137 3881 horum

447 3906 771 3977 proprietas
808 3906 1271 3979 investigaverint
1307 3929 1315 3963 :
1343 3910 1421 3964 sic
1447 3928 1559 3966 non
1591 3913 1799 3968 sufﬁcit
1840 3916 2138 3971 cantilenis

448 3994 682 4049 musicis
709 3995 997 4063 delectari,
1023 3997 1133 4051 nisi
1167 3998 1337 4055 etiam
1367 4001 1521 4070 quali
1550 4001 1699 4056 inter
1729 4018 1786 4058 se
1820 4006 2138 4076 conjunctae

448 4087 563 4138 sint
586 4100 791 4140 vocum
823 4087 1191 4157 proportione
1224 4087 1491 4143 discatur.
2256 4087 2341 4112 ιῠι
2360 4087 2433 4112 ua
2463 4087 2546 4111 cae
2585 4087 2821 4124 ιιιιιδιυα,
2857 4087 2985 4128 qua:
3020 4087 3074 4110 ιιι
3105 4087 3448 4126 ιίυιυυουαυι
3490 4087 3785 4142 ιςυιιῡιουυιυ

1130 4193 1163 4205 η
1184 4196 1194 4205 .
1217 4195 1351 4205 η...
1391 4196 1436 4205 --
2248 4145 2394 4200 citur
2422 4145 2837 4199 instrumentis.
2865 4146 2994 4199 Haec
3027 4159 3159 4197 vero
3208 4141 3665 4205 administratur,
3710 4140 3797 4190 aut
3831 4148 3898 4186 1n-

1126 4193 1351 4303 .CAPUT
1390 4196 1457 4251 II.
2173 4277 2217 4303 η
2246 4193 2991 4303 {elegia—4.15;,3};
3015 4193 3239 4303 spiritu,
3255 4193 3546 4298 ii—t'tfibiis,
3580 4193 3665 4282 vel
3693 4226 3771 4280 bis
3799 4236 3899 4293 qua:

451 4301 577 4354 Τνθε
609 4314 721 4355 9599
748 4302 1001 4369 πηιείοαε,
1043 4301 1341 4372 ίηζαιιίδιιε
1374 4302 1439 4357 de
1483 4306 1541 4357 υί
1588 4309 1803 4361 "tum?
1848 4313 2132 4366 ηανναίανο
2173 4277 2217 4331 D
2246 4325 2314 4379 ad
2343 4279 2549 4395 aquarii
2581 4277 2903 4390 moventu’r,
2934 4277 3434 4391 aut‘percussione
3468 4277 3732 4390 qtiadam,
3764 4317 3815 4365 ut
3857 4312 3900 4363 in

517 4406 807 4478 Principio
827 4407 1005 4478 igitur
1029 4408 1099 4463 de
1130 4410 1348 4466 musica
1378 4410 1704 4482 disserenti,
1736 4414 1877 4469 illud
1907 4416 2139 4471 interim

447 4495 755 4552 dicendum
785 4496 1032 4566 videtur,
1063 4503 1201 4570 quot
1242 4500 1467 4555 musicae
1510 4518 1721 4572 genera
1761 4504 1829 4557 ab
1854 4504 1976 4574 ejus
2022 4511 2139 4560 stu-

449 4584 623 4639 diosis
678 4587 1091 4657 comprehensa
1152 4604 1273 4643 esse
1336 4592 1686 4646 noverimus.
1756 4592 1901 4647 Sunt
1950 4600 2140 4649 autem

398 4702 409 4713 ο
449 4673 575 4729 tria.
609 4675 674 4730 Et
710 4676 898 4747 prima
936 4676 1169 4748 quidem
1220 4678 1515 4732 mundana
1543 4685 1661 4747 est;
1718 4684 1966 4737 secunda
2006 4700 2141 4738 vero

449 4762 730 4832 humana;
764 4767 934 4820 tertia
964 4782 1092 4836 quae
1114 4767 1171 4821 in
1196 4766 1541 4837 quibusdam
1574 4779 1592 4803 °
1622 4770 1928 4826 constituta
1951 4776 2037 4826 est
2062 4773 2146 4827 in-

451 4854 803 4917 strumentis,
845 4859 905 4908 ut
961 4855 1292 4922 inﬁcithara
1348 4858 1434 4911 vel
1480 4858 1541 4911 in
1584 4858 1758 4924 tibiis,
1810 4861 2145 4932 caeterisque

450 4957 580 5012 quae
618 4942 917 4999 cantilena
966 4945 1337 5001 famulantur.
1386 4948 1451 5001 Et
1485 4947 1740 5019 primum
1790 4966 1856 5004 ea
1889 4966 2017 5021 quae
2060 4958 2150 5010 est

450 5030 744 5086 mundana
774 5032 836 5086 in
856 5032 946 5087 his
978 5034 1220 5089 maxime
1248 5035 1647 5107 perspicienda
1668 5040 1753 5090 est
1773 5054 1901 5108 quae
1931 5038 1989 5092 in
2022 5039 2147 5110 ipso

450 5120 611 5184 caelo,
644 5121 728 5175 vel
769 5137 1044 5193 compage
1078 5124 1515 5194 elementorum,
1560 5126 1644 5180 vel
1680 5130 2008 5197 temporum
2048 5145 2147 5182 va-

450 5211 654 5266 rietate
684 5211 962 5268 visuntur.
994 5213 1100 5278 Qui
1136 5215 1292 5269 enim
1315 5215 1451 5280 ~tieri
1483 5220 1692 5286 potest,
1727 5221 1788 5270 ut
1823 5220 1940 5270 tam
1985 5219 2145 5272 velox

450 5300 577 5355 coeli
617 5302 879 5357 machina
927 5302 1099 5358 tacito
1139 5304 1443 5375 silentique
1480 5320 1651 5359 cursu
1705 5306 2042 5360 moveatur?
2085 5308 2151 5361 Et

453 5388 501 5443 si
530 5390 600 5445 ad
648 5396 866 5447 nostras
919 5408 1085 5447 aures
1133 5408 1304 5447 sonus
1348 5394 1443 5449 ille
1490 5411 1608 5449 non
1656 5395 1940 5466 pervenit,
1992 5396 2149 5466 quod

2241 3433 2546 3501 coaptatio,
2570 3437 2625 3487 et
2652 3433 2828 3486 veluti
2857 3432 3115 3503 gravium
3148 3431 3481 3501 leviumque
3517 3445 3731 3491 vocum,
3765 3423 3895 3496 quasi

2241 3536 2415 3574 unam
2455 3522 2888 3575 consonantiam
2922 3520 3192 3587 efficiens,
3229 3519 3623 3588 temperatio?
3676 3516 3807 3579 Quid
3832 3514 3897 3564 est

2242 3615 2430 3664 autem
2462 3609 2617 3663 aliud
2653 3611 2805 3680 quod
2838 3609 3016 3680 ipsius
3055 3609 3207 3662 inter
3234 3624 3291 3661 se
3337 3612 3533 3678 partes
3573 3606 3767 3659 animae
3792 3616 3896 3653 con-

2236 3700 2463 3771 jungat,
2498 3715 2625 3769 qua:
2654 3698 2739 3769 (ut
2771 3698 3061 3752 Aristoteli
3092 3699 3300 3768 placet)
3332 3713 3395 3750 ex
3427 3692 3751 3749 rationabili
3780 3692 3897 3743 irra-

2242 3789 2620 3859 tionabilique
2650 3788 2953 3859 conjuncta
2979 3788 3110 3841 est?
3139 3787 3285 3850 Quid
3316 3802 3445 3839 vero
3480 3785 3635 3856 quod
3685 3778 3897 3851 corporis

2246 3880 2529 3934 elementa
2554 3878 2913 3948 permisceat,
2949 3883 3045 3931 aut
3074 3883 3264 3948 partes
3295 3876 3527 3929 sibimet
3564 3879 3683 3927 rata
3706 3874 3895 3938 coapta-

2246 3968 2401 4023 tione
2426 3968 2759 4021 contineat?
2779 3967 2884 4021 Sed
2908 3967 2977 4021 de
3006 3966 3110 4020 hac
3143 3981 3371 4037 quoque
3403 3965 3689 4035 posterius
3724 3960 3895 4014 dicam.

2246 4058 2433 4112 Tertia
2463 4062 2546 4111 est
2585 4057 2821 4124 musica,
2857 4072 2985 4128 quae
3016 4056 3074 4110 in
3105 4055 3448 4126 quibusdam
3490 4052 3785 4107 consistere
3827 4045 3897 4098 di-

2250 4414 2338 4469 his
2368 4430 2497 4485 quas
2530 4414 2589 4467 in
2633 4427 2876 4467 concaVa
2922 4411 3185 4482 qumdam
3232 4410 3390 4479 virga
3440 4425 3589 4462 aerea
3636 4405 3898 4465 feriuntur,

2253 4508 2421 4574 atque
2446 4503 2574 4557 inde
2606 4502 2811 4557 diversi
2847 4500 3174 4556 efficiuntur
3199 4499 3343 4553 soni.
3378 4500 3455 4551 De
3482 4497 3589 4550 hac
3640 4494 3802 4565 igitur
3838 4491 3901 4541 in-

2252 4597 2701 4647 strumentorum
2716 4591 2929 4645 musica
2946 4589 3199 4660 primum
3212 4588 3317 4641 hoc
3340 4603 3511 4657 opere
3534 4580 3900 4655 disputandum

2252 4682 2498 4736 videtur.
2538 4681 2644 4737 Sed
2676 4679 2938 4750 prooemii
2971 4679 3104 4731 satis
3128 4682 3229 4730 est.
3263 4678 3425 4730 Nunc
3452 4675 3521 4729 de
3546 4675 3682 4744 ipsis
3711 4668 3901 4724 musicae

2255 4770 2552 4825 elementis
2587 4773 2671 4824 est
2710 4766 3125 4822 disserendum.

2919 4856 3145 4910 CAPUT
3186 4856 3279 4908 lIl.

2557 4948 2632 5000 De
2659 4944 2873 4999 vocibus
2902 4959 2965 4997 ac
3008 4944 3071 4996 de
3100 4944 3317 4995 musicae
3346 4941 3636 4994 elementis.

2330 5034 2885 5104 Consonantia,quaa
2930 5047 3159 5085 omnem
3219 5030 3449 5083 musicae
3494 5022 3902 5080 modulationem

2258 5126 2421 5196 regit,
2451 5130 2662 5195 praeter
2681 5139 2883 5177 sonum
2906 5122 3031 5176 ﬁeri
3057 5136 3173 5174 non
3204 5124 3410 5190 potest.
3438 5118 3617 5172 Sonus
3642 5129 3764 5168 vero
3796 5121 3905 5179 prir-

2257 5222 2345 5270 ter
2374 5214 2681 5286 quemdam
2708 5214 2938 5284 pulsum
2963 5210 3501 5281 percussionemque
3524 5221 3639 5259 non
3671 5200 3902 5255 redditur.

2260 5308 2462 5361 Pulsus
2494 5320 2625 5357 vero
2659 5308 2829 5373 atque
2861 5300 3147 5371 percussio
3181 5298 3338 5351 nullo
3372 5296 3539 5349 modo
3579 5310 3695 5347 esse
3733 5288 3902 5378 potest:

2264 5396 2374 5451 nisi
2400 5393 2754 5465 praecesserit
2792 5396 2999 5445 motus.
3035 5389 3095 5443 Si
3127 5388 3279 5442 enim
3312 5390 3509 5440 cuncta
3541 5384 3654 5437 sint
3682 5373 3904 5434 immobi-

527 5557 552 5583 ⁸
593 5550 681 5606 Fit
717 5553 742 5594 ι)
778 5554 842 5607 In
872 5556 1113 5623 antiquis
1142 5555 1325 5610 moris.
1403 5563 1423 5589 ε
1459 5555 1738 5611 Instituta.
1818 5557 1843 5601 ἀ
1879 5559 2144 5627 Decerpas
2217 5564 2238 5592 °
2275 5556 2472 5625 Effert.
