4104 6176
284 253 426 305 H73

1722 253 1811 307 DE
1849 251 2104 307 MUSICA
2142 251 2270 307 [ΑΒ.
2305 253 2348 304 l.

3658 252 3792 308 H74.-

276 388 381 454 lia,
411 403 529 442 non
570 386 780 458 poterit
827 387 1071 442 alterum
1118 386 1282 442 alteri
1311 403 1671 454 concurrere,
1724 392 1789 443 ut
1829 389 1976 443 alte-
2016 390 2062 443 A
2084 387 2259 459 tiplex
2293 387 2392 443 ubi
2424 387 2609 457 major
2639 402 2918 442 numerus
2949 386 3235 441 minorem
3256 401 3563 442 numerum
3586 388 3782 455 habet,

280 494 418 531 rum
449 472 777 548 impellatur
807 476 877 530 ab
909 477 1106 531 altero.
1150 477 1260 533 Sed
1290 478 1507 531 cunctis
1540 477 1818 532 stantibus
1851 494 1976 531 mo-

278 571 466 637 tuque
493 564 831 629 carentibus,
866 564 1089 618 nullum
1123 563 1244 618 ﬁeri
1281 579 1507 617 necesse
1541 569 1624 617 est
1643 580 1867 618 sonum.
1895 565 1979 617 Id-

279 654 437 709 circo
490 653 763 708 deﬁnitur
804 669 975 707 sonus
1018 670 1030 707 :
1094 653 1256 706 Aeris
1304 653 1592 722 percussio
1642 652 1980 707 indissoluta

281 759 466 815 usque
496 743 564 797 ad
596 741 875 796 auditum.
910 743 1160 796 Motuum
1193 759 1326 797 vero
1359 742 1458 796 alii
1489 748 1620 795 sunt
1647 743 1974 809 velociores,

279 834 387 887 alii
425 832 720 900 tardiores,
773 832 1220 903 eorumdemque
1272 836 1533 886 motuum
1585 832 1681 885 alii
1730 832 1978 886 rariores

279 927 420 976 sunt
440 920 534 976 alii
567 922 878 992 spissiores.
905 923 1044 975 Nam
1069 922 1113 975 si
1146 922 1273 993 quis
1304 921 1364 975 in
1391 922 1729 977 continuum
1756 928 1977 976 motum

282 1010 573 1082 respiciat,
610 1011 689 1064 ibi
720 1016 818 1065 aut
846 1011 1205 1065 velocitatem
1247 1016 1344 1065 aut
1387 1013 1715 1066 tarditatem
1748 1027 1975 1065 necesse

283 1106 371 1154 est
395 1100 867 1171 comprehendat.
905 1100 1003 1155 Sin
1028 1117 1159 1154 vero
1180 1101 1307 1171 quis
1333 1106 1555 1155 moveat
1588 1117 1845 1165 manum,
1877 1104 1975 1153 aut

280 1190 574 1261 frequenti
606 1206 731 1243 eam
782 1194 939 1242 motu
970 1190 1214 1243 movebit
1245 1195 1345 1243 aut
1392 1206 1538 1243 raro.
1583 1191 1646 1242 Et
1678 1189 1750 1242 sit
1781 1189 1975 1242 tardus

283 1280 521 1351 quidem
548 1279 805 1333 fueritac
834 1278 1019 1332 rarior
1040 1284 1228 1332 motus
1260 1295 1460 1347 graves
1492 1294 1741 1345 necesse,
1775 1284 1859 1331 est
1892 1295 1974 1332 so-

281 1386 390 1423 nos
431 1368 577 1423 efﬁci
609 1369 733 1439 ipsa
762 1369 1027 1423 tarditate
1063 1374 1118 1422 et
1150 1370 1380 1422 raritate
1411 1369 1680 1439 pellendi.
1714 1368 1811 1423 Sin
1843 1385 1975 1422 vero

282 1464 475 1512 motus
512 1458 624 1511 sint
652 1458 864 1511 celeres
897 1474 959 1511 ac
990 1457 1175 1527 spissi,
1212 1464 1408 1512 acutos
1438 1458 1600 1511 reddi
1636 1474 1861 1511 necesse
1895 1462 1977 1511 est

282 1563 477 1601 sonos.
532 1547 740 1600 Idcirco
787 1548 939 1600 enim
986 1547 1140 1601 idem
1172 1547 1453 1625 nervusysi
1485 1547 1817 1599 intendatur
1850 1563 1972 1599 am-

280 1636 459 1706 plius,
499 1640 729 1689 acutum
767 1640 929 1689 sonat
966 1652 979 1701 ;
1015 1635 1061 1688 si
1108 1634 1454 1701 remittatur,
1507 1651 1695 1704 grave.
1741 1635 1974 1699 Quando

279 1725 439 1778 enim
474 1724 689 1779 tensior
711 1729 813 1790 est,
846 1724 1185 1778 velociorem
1216 1724 1447 1794 pulsum
1469 1723 1675 1790 reddit,
1711 1724 1975 1778 celerius-

280 1830 397 1884 que
430 1814 753 1879 revertitur,
782 1818 835 1867 et
856 1813 1215 1884 frequentius
1240 1829 1304 1866 ac
1335 1813 1572 1883 spissius
1596 1829 1788 1867 aerem
1820 1813 1973 1867 ferit.

280 1903 392 1967 Qui
420 1919 551 1956 vero
602 1903 782 1956 laxior
825 1907 927 1969 est,
963 1903 1182 1956 solutos
1212 1918 1275 1955 ac
1316 1903 1512 1956 tardos
1543 1903 1740 1973 pulsus
1789 1902 1972 1969 effert,

280 2008 562 2061 rarusque
608 1992 729 2061 ipsa
762 1991 1153 2045 imbecillitate
1183 1991 1446 2056 feriendi,
1482 2008 1582 2044 nec
1618 1991 1829 2045 diutius
1860 1995 1974 2044 tre-

280 2080 407 2134 mit.
444 2081 637 2152 Neque
671 2081 825 2134 enim
867 2080 1133 2152 quotiens
1164 2081 1376 2135 chorda
1406 2081 1657 2151 pellitur,
1695 2096 1840 2133 unus
1884 2078 1976 2133 edi

276 2172 505 2222 tantum
557 2169 845 2239 putandus
880 2174 963 2223 est
1011 2185 1202 2235 sonus,
1257 2173 1354 2222 aut
1401 2185 1574 2222 unam
1617 2168 1674 2221 in
1720 2168 1807 2221 his
1854 2183 1975 2221 esse

276 2259 732 2327 percussionem,
768 2258 864 2312 sed
911 2257 1121 2311 totiens
1171 2274 1268 2311 aer
1307 2257 1513 2311 feritur
1543 2258 1812 2327 quotiens
1843 2272 1975 2311 eum

277 2346 496 2401 chorda
526 2348 901 2401 tremebunda
929 2346 1288 2416 percusserit.
1326 2346 1433 2400 Sed
1462 2346 1733 2416 quoniam
1759 2346 1975 2416 junctze

278 2442 417 2490 sunt
438 2436 766 2489 velocitates
798 2452 1089 2500 sonorum,
1136 2435 1297 2488 nulla
1334 2433 1697 2503 intercapedo
1732 2433 1976 2489 sentitur

277 2525 543 2579 auribus.
599 2526 665 2578 Et
697 2541 843 2577 unus
876 2540 1048 2577 sonus
1085 2538 1315 2576 sensum
1345 2523 1507 2592 pellit
1536 2525 1619 2576 vel
1652 2524 1859 2593 gravis,
1888 2525 1976 2579 vel

276 2620 501 2680 acutus,
537 2613 794 2683 quamvis
840 2616 1083 2682 uterque
1116 2628 1181 2666 ex
1218 2612 1479 2681 pluribus
1520 2618 1757 2677 constet,
1790 2614 1976 2682 gravis

278 2703 519 2773 quidem
552 2719 615 2755 ex
644 2701 1013 2767 tardioribus,
1051 2706 1111 2754 et
1138 2701 1477 2766 rarioribus,
1510 2707 1709 2754 acutus
1739 2718 1871 2755 vero
1906 2719 1974 2756 ex

277 2801 303 2824 δ
329 2791 608 2846 celeribus
651 2807 712 2843 ac
748 2791 962 2861 spissis,
996 2791 1171 2844 veluti
1203 2790 1249 2843 si
1297 2806 1528 2856 conum,
1565 2807 1735 2861 quem
1770 2793 1974 2846 turbo-

280 2897 416 2934 nem
466 2885 683 2944 vocant,
736 2880 863 2950 quis
897 2880 1205 2950 diligenter
1240 2883 1265 2922 Ι)
1305 2888 1563 2946 exornet,
1601 2881 1768 2953 eique
1798 2898 1971 2936 unam

2089 476 2148 529 in
2182 494 2239 530 se
2270 482 2475 541 totum,
2509 477 2592 530 vel
2624 475 2729 537 bis,
2767 476 2851 529 vel
2881 479 2988 542 ter,
3016 474 3105 529 vel
3136 480 3359 547 quater,
3397 492 3460 529 ac
3510 477 3783 548 deinceps

2089 566 2344 637 nihilque
2374 566 2551 631 deest,
2592 565 2849 635 nihilque
2881 565 3173 631 exuberat,
3207 564 3649 635 appellaturque
3689 567 3779 620 vel

2089 655 2455 725 duplum,vcl
2483 654 2740 723 triplum,
2765 654 2853 707 vel
2886 653 3295 724 quadruplum.
3322 657 3493 724 atque
3530 654 3599 708 ad
3631 655 3784 709 hunc

2087 745 2350 797 ordinem
2381 743 2439 796 in
2471 742 2694 796 inﬁnita
2725 741 3112 813 progreditur.
3156 742 3483 796 Secundum
3525 759 3661 795 vero
3693 743 3782 796 in-

2087 832 2431 903 requalitatis
2462 848 2643 902 genus
2678 838 2762 885 est
2802 832 2955 902 quod
2986 831 3309 901 appellatur
3355 832 3783 902 superparticu-

2085 922 2223 989 lare,
2254 922 2311 975 id
2355 925 2438 975 est
2466 937 2595 975 cum
2623 920 2807 991 major
2840 936 3111 973 numerus
3151 920 3438 974 minorem
3470 936 3780 975 numerum

2086 1012 2252 1065 habet
2287 1011 2345 1064 in
2386 1027 2443 1064 se
2496 1016 2703 1074 totum,
2756 1014 2811 1063 et
2853 1026 3023 1063 unam
3065 1009 3188 1079 ejus
3228 1009 3482 1079 aliquam
3534 1016 3777 1079 partem,

2087 1116 2328 1171 eamque
2376 1100 2461 1153 vel
2514 1098 2838 1166 dimidiam,
2886 1102 2948 1151 ut
2978 1103 3091 1151 tres
3140 1098 3409 1164 duorum,
3462 1103 3517 1151 et
3548 1103 3782 1153 vocatur

2087 1190 2458 1261 sesquialtera
2507 1188 2823 1259 proportio,
2868 1188 2956 1241 vel
3001 1188 3252 1253 tertiam,
3300 1192 3365 1240 ut
3419 1192 3665 1257 quatuor
3711 1187 3785 1241 ad

2084 1285 2217 1341 tres,
2250 1284 2305 1332 et
2333 1283 2568 1331 vocatur
2599 1277 2983 1347 sesquitertia.
3030 1276 3113 1330 Ad
3157 1276 3308 1329 hunc
3338 1276 3511 1329 etiam
3543 1276 3784 1331 modum

2084 1369 2142 1421 in
2175 1367 2588 1438 posterioribus
2614 1366 2869 1421 numeris
2900 1382 3031 1435 pars
3065 1366 3257 1435 aliqua
3287 1381 3319 1418 a
3350 1366 3663 1435 majoribus
3694 1382 3784 1420 su-

2084 1473 2187 1528 per
2209 1457 2457 1509 minores
2479 1472 2747 1509 nnmeros
2767 1455 3110 1508 continetur.
3145 1454 3401 1508 Tertium
3435 1470 3568 1508 vero
3600 1471 3782 1525 genus

2084 1544 2487 1615 inaequalitatis
2510 1548 2613 1605 est,
2634 1544 2899 1613 quotiens
2915 1543 3097 1613 major
3122 1558 3402 1597 numerus
3425 1547 3610 1597 totum
3632 1544 3785 1599 intra

2086 1651 2144 1688 se
2176 1636 2455 1687 minorem
2488 1633 2763 1697 continet,
2796 1637 2853 1685 et
2885 1634 3006 1701 ejus
3032 1633 3353 1702 aliquantas
3384 1632 3621 1703 insuper
3649 1649 3779 1703 par-

2087 1729 2189 1789 tes,
2224 1728 2280 1776 et
2310 1723 2356 1775 si
2386 1722 2526 1775 duas
2559 1721 2792 1791 quidem
2819 1737 2991 1791 supra
3021 1722 3295 1788 continet,
3332 1721 3629 1775 vocabitur
3658 1737 3783 1791 pro-

2086 1812 2270 1883 portio
2300 1810 2811 1881 superbipartiens,
2842 1814 2905 1864 ut
2935 1812 3069 1863 sunt
3099 1808 3356 1879 quinque
3388 1809 3459 1863 ad
3493 1814 3619 1863 tres.
3663 1808 3784 1863 Sin-

2084 1916 2217 1954 vero
2264 1905 2378 1953 tres
2428 1916 2601 1970 super
2637 1916 2694 1953 se
2739 1899 3009 1965 continet,
3059 1897 3356 1953 vocabitur
3388 1897 3780 1969 supertripar-

2086 1991 2250 2055 tiens,
2289 1995 2348 2043 ut
2378 1995 2509 2043 suut
2539 1994 2756 2059 septem
2779 1988 2849 2041 ad
2875 1993 3141 2058 quatuor.
3178 1989 3242 2041 Et
3272 1988 3331 2040 in
3364 1988 3581 2041 caeteris
3608 1996 3627 2020 ο
3657 1987 3781 2058 qui-

2086 2080 2214 2134 dem
2249 2080 2447 2133 eadem
2475 2078 2788 2131 similitudo
2820 2093 2940 2131 esse
2975 2080 3179 2147 potest.
3213 2076 3489 2140 Quartum
3521 2092 3651 2129 vero
3697 2080 3784 2129 est

2084 2169 2490 2240 inaequalitatis
2520 2184 2723 2238 genus,
2760 2167 2911 2237 quod
2941 2181 3005 2219 ex
3035 2165 3340 2236 multiplici
3372 2170 3427 2218 et
3462 2181 3779 2235 superpar-

2085 2258 2309 2313 ticulari
2336 2257 2724 2327 conjungitur,
2756 2271 2886 2308 cum
2916 2254 3131 2308 scilicet
3162 2255 3347 2323 major
3377 2270 3653 2307 numerus
3683 2255 3780 2308 ha-

2086 2349 2181 2403 bet
2223 2349 2282 2401 in
2336 2365 2393 2401 se
2445 2347 2726 2400 minorem
2776 2361 3105 2411 numerum,
3158 2345 3248 2398 vel
3289 2343 3375 2398 bis
3417 2344 3501 2397 vel
3558 2347 3645 2396 ter
3691 2345 3778 2398 vel

2085 2437 2469 2509 quoticslibet,
2513 2441 2683 2506 atque
2716 2436 2839 2506 ejus
2871 2450 3046 2488 unam
3076 2434 3334 2504 aliquam
3364 2437 3606 2504 partem.
3641 2434 3704 2487 Et
3728 2433 3776 2487 si

2085 2543 2215 2580 eum
2247 2526 2333 2580 bis
2382 2526 2571 2591 habet,
2618 2530 2673 2578 et
2701 2524 2824 2593 ejus
2856 2523 3156 2577 dimidiam
3189 2528 3432 2591 partem,
3478 2521 3775 2576 vocabitur

2084 2616 2294 2686 duplex
2322 2614 2680 2685 sesquialter,
2713 2617 2777 2666 ut
2797 2618 2930 2667 sunt
2959 2613 3215 2683 quinque
3247 2612 3319 2666 ad
3350 2612 3484 2666 duo.
3521 2611 3619 2665 Sin
3643 2627 3777 2666 vero

2082 2706 2170 2760 bis
2201 2705 2388 2759 minor
2417 2703 2820 2767 continebitur,
2854 2706 2909 2757 et
2948 2707 3071 2772 ejus
3100 2701 3267 2755 tertia
3297 2717 3448 2771 pars,
3480 2700 3779 2754 vocabitur

2085 2796 2292 2864 duplex
2325 2793 2739 2863 sesquitertius,
2772 2797 2835 2845 ut
2865 2796 2997 2845 sunt
3020 2796 3237 2860 septem
3263 2791 3332 2844 ad
3362 2794 3496 2843 tres.
3523 2789 3621 2843 Sin
3644 2806 3775 2843 vero

2084 2884 2252 2939 tertio
2309 2882 2716 2949 continebitur,
2766 2885 2823 2934 et
2852 2880 2975 2949 ejus
3016 2880 3255 2934 dimidia
3298 2894 3448 2950 pars,
3481 2878 3777 2933 vocabitur

276 2970 565 3041 virgulam
596 2970 799 3023 coloris
832 2969 986 3023 rubri
1018 2970 1104 3023 vel
1136 2969 1369 3023 alterius
1392 2970 1583 3036 ducat,
1616 2977 1670 3024 et
1701 2989 1831 3025 eum
1860 2988 1973 3043 qua
2013 2979 2051 3033 C
2083 2974 2285 3043 triplex
2317 2970 2696 3042 sesquialiter.
2733 2974 2795 3023 ut
2824 2973 2956 3022 sunt
2983 2974 3203 3039 septem
3226 2968 3295 3021 ad
3327 2968 3458 3020 duo.
3491 2970 3677 3037 Atque
3707 2968 3778 3022 ad

276 3066 472 3130 potest
501 3059 786 3113 celeritate
835 3062 1147 3126 convertat,
1198 3063 1332 3112 tunc
1379 3064 1532 3112 totus
1582 3076 1758 3113 conus
1801 3061 1973 3115 rubro

278 3148 471 3203 colore
516 3149 743 3203 videtur
790 3148 1052 3214 infectus,
1097 3165 1209 3202 non
1251 3149 1402 3219 quod
1446 3154 1597 3201 totus
1632 3149 1706 3201 ita
1752 3149 1843 3215 sit,
1876 3149 1971 3202 sed

278 3238 434 3309 quod
470 3243 656 3307 partes
688 3254 858 3307 puras
894 3238 1082 3291 rubra)
1113 3238 1286 3307 virgae
1319 3239 1583 3291 velocitas
1610 3238 1977 3308 comprehen-

277 3328 397 3391 dat,
424 3332 477 3380 et
502 3342 777 3396 apparere
812 3342 923 3379 non
959 3325 1127 3379 sinat.
1164 3327 1273 3380 Sed
1309 3326 1377 3380 de.
1410 3326 1497 3379 his
1530 3328 1832 3396 posterius.
1868 3327 1974 3397 lgi-

275 3420 371 3469 tur
402 3416 675 3485 quoniam
707 3420 881 3468 acutae
927 3431 1087 3469 voces
1120 3414 1487 3485 spissioribus
1520 3420 1571 3468 et
1602 3415 1975 3470 velocioribus

277 3504 531 3556 motibus
564 3503 895 3561 incitantur,
944 3519 1142 3573 graves
1168 3519 1299 3555 vero
1344 3503 1690 3557 tardioribus
1720 3520 1782 3556 ac
1808 3504 1973 3569 raris,

275 3592 460 3663 liquet
511 3591 801 3645 additione
849 3592 1097 3662 quadam
1132 3597 1394 3645 motuum
1427 3608 1488 3644 ex
1531 3591 1808 3661 gravitate
1836 3608 1976 3646 acu-

278 3697 413 3735 men
440 3679 681 3745 intendi,
717 3680 1068 3734 detractione
1091 3697 1223 3734 vero
1256 3686 1520 3733 motuum
1544 3681 1721 3733 laxari
1749 3696 1812 3734 ex
1844 3697 1973 3735 acu-

277 3770 435 3822 mine
467 3769 822 3838 gravitatem.
850 3770 925 3822 Ex
951 3768 1210 3838 pluribus
1242 3769 1392 3822 enim
1429 3769 1679 3822 motibus
1709 3786 1971 3835 acumen,

275 3873 452 3928 quam
503 3857 749 3927 gravitas
780 3862 1018 3910 constat.
1072 3858 1134 3911 In
1181 3858 1389 3928 quibus
1422 3864 1616 3910 autem
1670 3857 1974 3927 pluralitas

276 3946 661 4000 ditferentiam
697 3946 851 4012 facit,
882 3962 1007 3999 eam
1040 3962 1265 4000 necesse
1297 3952 1381 4000 est
1409 3947 1467 4000 in
1501 3947 1746 4017 quadam
1770 3962 1973 4000 nume-

277 4036 516 4089 rositate
542 4034 866 4089 consistere.
904 4035 1102 4089 Omnis
1136 4051 1267 4088 vero
1299 4035 1555 4106 paucitas
1585 4035 1652 4089 ad
1685 4035 1977 4105 pluralita-

275 4129 393 4177 tem
428 4124 507 4176 ita
536 4140 654 4176 sese
686 4123 875 4183 habet,
914 4130 973 4175 ut
1002 4140 1275 4197 numerus
1310 4124 1379 4176 ad
1416 4140 1720 4177 numerum
1749 4140 1975 4193 compa-

270 4218 450 4266 ratus.
489 4214 697 4266 Eorum
742 4229 875 4265 vero
921 4229 1048 4282 quae
1080 4213 1393 4266 secundum
1436 4229 1741 4266 numerum
1776 4214 1968 4268 confe-

275 4306 504 4363 runtur,
540 4302 747 4371 partim
784 4301 893 4354 sibi
924 4306 1059 4355 sunt
1106 4301 1369 4371 aequalia,
1400 4303 1606 4371 partim
1639 4302 1965 4372 inaequalia.

272 4392 553 4455 Quocirca
602 4391 727 4444 soni
758 4407 984 4461 quoque
1025 4392 1236 4460 partim
1279 4398 1413 4444 sunt
1459 4393 1725 4460 aequales,
1764 4392 1972 4461 partim

272 4497 409 4533 vero
442 4484 575 4532 sunt
612 4480 1003 4549 inaequalitate
1049 4480 1341 4533 distantes.
1371 4480 1475 4533 Sed
1509 4480 1565 4533 in
1600 4481 1687 4533 his
1717 4481 1968 4547 Vocibus,

271 4586 405 4641 quas
428 4570 586 4622 nulla
606 4568 998 4640 inaequalitate
1029 4569 1375 4635 discordant,
1406 4570 1560 4622 nulla
1590 4570 1826 4623 omnino
1849 4587 1974 4623 con~

271 4658 544 4713 sonantia
566 4663 668 4721 est,
692 4657 905 4711 etenim
930 4657 1302 4711 consonantia
1323 4664 1408 4710 est
1430 4657 1795 4711 dissimilium
1823 4659 1974 4712 inter

272 4764 331 4801 se
367 4764 569 4800 vocum
605 4747 663 4799 in
699 4763 879 4800 unum
910 4747 1137 4800 redacta
1169 4746 1491 4800 concordia.

947 4836 1167 4889 CAPUT
1216 4836 1303 4889 IV.

668 4925 743 4976 De
799 4923 1073 4991 speciebus
1122 4924 1579 4992 iliaqualitatum.

345 5014 485 5077 Quae
517 5027 650 5064 vero
693 5017 825 5065 sunt
852 5010 1179 5082 inaequalia,
1216 5014 1471 5083 quinque
1505 5012 1655 5065 inter
1699 5030 1755 5067 se
1789 5014 1971 5068 modis

275 5100 693 5171 inmqualitatis
740 5108 1033 5154 momenta
1077 5103 1424 5155 custodiunt.
1479 5107 1592 5155 Aut
1636 5103 1788 5156 enim
1827 5104 1971 5156 alte—

276 5205 408 5241 rum
433 5189 505 5242 ab
534 5190 713 5241 altero
740 5190 1114 5260 multiplicate
1138 5192 1579 5257 transcenditur,
1606 5198 1701 5245 aut
1733 5192 1972 5263 singulis

272 5278 561 5347 partibus,
595 5282 694 5328 aut
750 5278 1010 5345 pluribus
1060 5283 1158 5329 aut
1218 5278 1635 5347 multiplicitate
1686 5284 1740 5331 et
1788 5284 1968 5349 parte,

272 5372 377 5421 aut
403 5365 826 5435 multiplicitate
859 5372 915 5419 et
944 5366 1218 5436 partibus.
1254 5368 1316 5419 Et
1340 5368 1588 5437 primum
1623 5367 1854 5436 quidem
1890 5366 1973 5419 in—

272 5454 621 5527 aequalitatis
650 5471 831 5523 genus
860 5455 1157 5525 multiplex
1190 5457 1528 5526 appellatur.
1568 5457 1659 5509 Est
1681 5472 1811 5509 vero
1836 5457 1976 5509 mul—

346 5590 372 5614 ⁸
404 5579 783 5636 Celerioribus.
821 5582 846 5622 b
876 5580 1166 5635 Ecctomct.
1198 5590 1217 5614 ο
1244 5583 1365 5639 Νοη
1394 5586 1488 5635 est.
1530 5578 1557 5616 ἀ
1586 5582 1960 5650 Easequamur.

2081 3063 2347 3117 eumdem
2381 3060 2619 3113 modum
2652 3059 2710 3112 in
2763 3058 2988 3112 caeteris
3012 3055 3086 3128 {et
3115 3056 3552 3127 multiplicitatis
3592 3062 3649 3110 et
3679 3073 3775 3110 su-

2081 3149 2653 3223 perparticularitatis
2700 3148 2973 3202 vocabula
3017 3148 3327 3200 variantur.
3373 3145 3650 3210 Quintum
3690 3150 3776 3200 est

2081 3257 2261 3312 genus
2284 3239 2704 3309 iueequalitatis,
2731 3238 2882 3307 quod
2904 3237 3227 3307 appellatur
3244 3234 3548 3306 multiplex
3572 3250 3772 3305 super-

2082 3330 2355 3400 partiens,
2382 3327 2612 3399 quando
2636 3327 2821 3397 major
2851 3342 3123 3379 numerus
3150 3325 3431 3378 minorem
3463 3339 3772 3377 numerum

2081 3420 2248 3473 habet
2275 3419 2331 3471 in
2356 3434 2415 3470 se
2446 3421 2629 3471 totum
2660 3417 2968 3486 plusquam
2996 3415 3194 3481 semel,
3229 3418 3285 3467 et
3315 3413 3440 3483 ejus
3463 3414 3769 3483 plusquam

2081 3524 2255 3562 unam
2281 3508 2531 3576 aliquam
2565 3509 2807 3574 partem.
2844 3506 2907 3558 Et
2947 3504 2993 3556 si
3024 3503 3109 3556 bis
3142 3502 3324 3572 major
3352 3517 3625 3555 numerus
3657 3501 3771 3554 mi-

2082 3612 2282 3649 norem
2336 3610 2641 3648 numerum
2691 3592 3025 3660 continebit,
3077 3592 3329 3661 duasque
3376 3590 3497 3659 ejus
3536 3590 3775 3659 insuper

2081 3691 2292 3756 partes,
2330 3684 2625 3738 vocabitur
2650 3683 2855 3752 duplex
2886 3681 3392 3751 superbipartiens,
3414 3684 3477 3733 ut
3503 3685 3636 3733 sunt
3659 3684 3772 3733 tres

2081 3775 2151 3827 ad
2185 3779 2330 3840 octo,
2353 3780 2406 3825 et
2429 3789 2627 3825 rursus
2648 3772 2855 3840 triplex
2873 3769 3388 3839 superbipartiens,
3420 3773 3482 3821 ut
3501 3771 3632 3821 sunt
3657 3774 3771 3821 tres

2082 3864 2148 3916 ad
2184 3863 2467 3914 undecim.
2514 3864 2589 3913 Ac
2618 3860 2684 3913 de
2717 3859 2803 3912 his
2848 3859 3054 3912 idcirco
3087 3874 3237 3911 nunc
3268 3857 3507 3911 strictim
3552 3873 3615 3910 ac
3642 3857 3769 3910 bre-

2080 3950 2609 4020 viterexplicamus,
2624 3947 2896 4018 quoniam
2911 3948 2969 4000 in
2984 3946 3146 4000 libris
3161 3964 3305 4017 quos
3320 3947 3388 4001 de
3401 3945 3772 4000 Arithmetica

2083 4040 2446 4093 Institutione
2486 4036 2949 4107 conscripsimus.
2999 4036 3330 4103 diligentius
3373 4035 3764 4089 enodavimus.

2753 4126 2979 4179 CAPUT
3030 4125 3091 4178 V.

2153 4217 2278 4281 Quae
2306 4216 2699 4285 inmqualitatis
2730 4217 2929 4282 species
2954 4214 3319 4267 consonantiis
3350 4216 3626 4281 aptentur.

2156 4305 2227 4357 Ex
2252 4304 2337 4357 his
2360 4304 2534 4373 igitur
2556 4301 2958 4372 inaequalitatis
2986 4300 3293 4370 generibus
3311 4304 3601 4370 postrema
3631 4299 3767 4366 duo,

2083 4393 2355 4463 quoniam
2388 4409 2455 4445 ex
2486 4392 2875 4462 superioribus
2906 4391 3085 4444 mixta
3114 4396 3265 4453 sunt,
3292 4390 3318 4424 ά
3354 4388 3765 4457 relinquamus.

2084 4485 2160 4536 De
2194 4483 2375 4535 tribus
2404 4498 2535 4534 vero
2565 4481 2851 4549 prioribus
2884 4470 3195 4551 Speculatio
3223 4478 3479 4531 facienda
3519 4481 3620 4530 est.
3656 4476 3777 4557 0b:

2082 4572 2263 4625 tinere
2307 4571 2483 4642 igitur
2535 4571 2814 4641 majorem
2862 4571 2930 4622 ad
2979 4567 3380 4622 consonantias
3430 4569 3767 4637 potestatem

2083 4661 2308 4714 videtur
2340 4660 2656 4730 multiplex,
2686 4664 3103 4728 consequenter
3134 4661 3324 4710 autem
3345 4655 3769 4726 superparticu-

2082 4750 2232 4803 laris.
2294 4750 2729 4819 Superpartiens
2767 4764 2897 4800 vero
2945 4748 3014 4800 ab
3056 4745 3372 4798 harmoniae
3411 4744 3771 4799 concinentia

2081 4842 2399 4907 separatur,
2430 4842 2491 4890 ut
2511 4837 2846 4907 quibasdam
2877 4844 3085 4904 praeter
3116 4835 3489 4888 Ptolemaeum
3520 4834 3764 4888 videtur.

2754 4926 2975 4980 CAPUT
3008 4924 3092 4977 VI.

2084 5016 2192 5072 Cur
2236 5014 2617 5084 multiplicitas
2676 5019 2723 5068 et
2766 5014 3351 5082 superparticularitas
3404 5014 3770 5068 consonantiis

2738 5100 3083 5168 deputentur.

2154 5192 2229 5244 Ea
2274 5207 2523 5261 namque
2554 5190 2872 5261 probantur
2911 5192 3323 5263 comparationi
3363 5193 3766 5255 consentanea,

2083 5297 2209 5351 quae
2248 5286 2379 5333 sunt
2428 5286 2631 5333 natura
2680 5281 2974 5350 simplicia.
3026 5282 3091 5334 Et
3135 5282 3405 5352 quoniam
3437 5279 3684 5349 gravitas
3716 5284 3772 5332 et

2084 5385 2324 5423 acumen
2372 5370 2430 5422 in
2473 5370 2787 5439 quantitate
2835 5372 3169 5436 consistunt,
3220 5386 3285 5422 ea
3317 5369 3562 5422 maxime
3610 5367 3768 5421 vide-

2084 5458 2297 5512 buntur
2344 5474 2565 5512 servare
2609 5464 2873 5513 naturam
2918 5458 3312 5524 concinentiae,
3350 5474 3479 5528 qua:
3512 5457 3771 5535 discreta;
