4104 6176
377 253 517 305 1175

1707 243 1824 300 ΑΝ.
1865 242 2074 297 MANL.
2116 241 2264 299 SEV.
2308 240 2533 296 BOETII

3740 245 3873 296 H76

370 389 779 461 proprietatem
801 385 1138 458 quantitatis
1154 383 1746 456 poteruntcustodire.
1773 384 1912 438 Nam
1927 397 2057 436 cum
2096 383 2141 436 A
2172 379 2458 436 distantia.
2494 376 2876 434 Consonantia
2902 380 2985 432 est
3006 375 3158 431 acuti
3188 376 3316 430 soni
3330 377 3636 449 gravisque
3667 378 3873 433 mixtu-

373 480 447 533 sit
478 479 588 532 alia
616 477 847 548 quidem
865 476 1104 530 discreta
1128 475 1438 546 quantitas,
1466 474 1576 530 alia
1608 490 1737 528 vero
1765 473 2055 539 continua,

373 585 439 622 ea
469 583 596 638 quae
625 566 867 620 discreta
894 570 977 618 est
1007 565 1064 618 in
1098 564 1337 618 minimo
1370 565 1604 635 quidem
1633 562 1794 617 ﬁnita
1827 565 1929 629 est,
1963 561 2061 615 sed

371 658 428 711 in
460 655 752 710 inﬁnitum
784 670 886 724 per
920 654 1139 723 majora
1170 654 1444 723 procedit.
1483 654 1741 723 Namque
1776 653 1833 706 in
1865 667 1930 705 ea
1959 650 2060 704 mi-

373 746 530 800 nima
564 744 754 798 unitas
799 743 1115 813 eademque
1148 742 1308 796 ﬁnita
1341 748 1441 796 est.
1495 743 1558 797 In
1587 742 1876 796 inﬁnitum
1925 756 2058 793 vero

371 835 575 889 modus
599 833 940 904 pluralitatis
961 837 1222 902 augetur,
1253 837 1315 886 ut
1346 848 1621 885 numerus
1653 831 1752 901 qui
1781 846 1910 884 cum
1941 846 1974 883 a
2000 829 2062 884 ﬁ-

370 925 489 979 nita
507 923 742 992 incipiat
774 923 1011 987 unitate,
1032 921 1322 974 crescendi
1355 936 1468 973 non
1496 920 1667 973 habet
1689 920 1883 972 ﬁnem.
1917 921 2063 972 Rur-

371 1032 464 1068 sus
496 1030 622 1084 qua:
653 1017 737 1066 est
768 1011 1059 1078 continua,
1097 1015 1213 1064 tota
1237 1009 1467 1080 quidem
1500 1009 1664 1062 ﬁnita
1694 1013 1798 1072 est,
1838 1008 1932 1062 sed
1960 1024 2063 1078 per

375 1103 595 1158 inﬁnita
636 1101 934 1155 minuitur.
971 1099 1144 1153 Linea
1193 1099 1348 1152 enim
1391 1115 1518 1169 quae
1555 1097 1828 1152 continua
1869 1102 1970 1164 est,
2005 1096 2065 1150 in

368 1192 594 1246 inﬁnita
638 1205 862 1260 semper
924 1188 1230 1258 partitione
1285 1187 1576 1240 dividitur.
1627 1188 1768 1240 Cum
1818 1186 1890 1239 sit
1943 1185 2064 1255 ejus

375 1298 619 1346 summa,
656 1280 745 1333 vel
789 1277 1090 1348 bipedalis,
1133 1279 1220 1330 vel
1273 1291 1632 1347 quzecunque
1666 1276 1774 1330 alia
1827 1276 2066 1330 deﬁnita

374 1387 663 1425 mensura.
699 1368 976 1433 Quocirca
1009 1382 1282 1420 numerus
1316 1382 1541 1436 semper
1580 1367 1640 1419 in
1673 1365 1899 1419 inﬁnita
1933 1381 2063 1418 con-

378 1461 592 1527 crescit,
627 1458 898 1512 continua
932 1473 1062 1510 vero
1103 1455 1387 1526 quantitas
1419 1455 1475 1508 in
1507 1455 1731 1508 inﬁnita
1765 1455 2062 1520 minuitur,

379 1548 761 1620 Mnltiplicitas
792 1547 968 1615 igitur
997 1544 1269 1615 quoniam
1301 1543 1585 1597 crescendi
1616 1544 1788 1596 linem
1824 1560 1938 1595 non
1967 1544 2065 1596 ha-

2171 486 2252 537 ra,
2288 469 2536 524 suaviter
2567 466 3043 538 uniformiterque
3077 466 3633 522 auribus’accidens.
3681 470 3868 522 Disso-

2172 560 2367 613 nantia
2384 575 2515 612 vero
2535 563 2618 612 est
2640 557 2886 612 duorum
2905 572 3179 610 sonorum
3195 556 3426 610 sibimet
3447 557 3868 626 permixtorum

2173 649 2242 703 ad
2263 665 2463 703 aurem
2502 647 2735 702 veniens
2770 662 2973 716 aspera
3000 652 3171 716 atque
3202 644 3517 715 injucunda
3546 648 3869 716 percussio.

2174 738 2316 790 Nam
2367 736 2503 789 dum
2559 734 2790 789 sibimet
2838 733 3062 787 misceri
3087 734 3305 797 nolunt,
3337 739 3393 787 et
3434 735 3868 804 quodammodo

2172 825 2398 896 integer
2413 830 2652 896 uterque
2683 823 2886 877 nititur
2912 822 3234 894 pervenire,
3261 839 3506 894 cumque
3533 825 3680 876 alter
3706 824 3864 877 alteri

2171 913 2368 981 ofﬁcit,
2412 915 2482 968 ad
2529 929 2761 967 sensum
2800 912 3111 966 insuaviter
3147 918 3386 983 uterque
3422 913 3858 966 transmittitur.

2841 1011 3064 1066 CAPUT
3117 1011 3200 1066 IX.

2174 1102 2294 1156 Non
2319 1117 2469 1154 omne
2490 1099 2766 1168 judicium
2787 1099 3030 1154 dandum
3062 1115 3171 1154 esse
3197 1100 3438 1153 sensibus
3485 1099 3582 1153 sed
3632 1101 3868 1168 amplius

2245 1193 2451 1243 rationi
2493 1206 2602 1244 csse
2647 1190 2970 1244 credendum
3009 1193 3066 1243 in
3094 1191 3208 1259 'quo
3250 1189 3315 1242 de
3341 1205 3591 1243 sensuum
3618 1191 3871 1255 fallacia.

2248 1279 2356 1332 Sed
2387 1279 2456 1332 de
2488 1279 2574 1331 his
2605 1278 2681 1331 ita
2712 1279 3107 1349 proponimus,
3143 1284 3204 1332 ut
3233 1294 3353 1332 non
3379 1294 3552 1332 omne
3586 1279 3870 1348 judicium

2179 1369 2438 1421 sensibus
2473 1368 2693 1433 demus,
2728 1383 3059 1439 quanquam
3098 1384 3129 1421 a
3178 1384 3345 1421 sensu
3372 1367 3600 1421 aurium
3641 1369 3872 1438 hujusce

2178 1457 2315 1510 artis
2347 1464 2608 1510 sumatur
2644 1473 2813 1510 omne
2845 1456 3213 1526 principium.
3257 1457 3393 1509 Nam
3425 1458 3467 1508 si
3502 1456 3702 1509 nullus
3733 1466 3874 1511 esset

2176 1547 2425 1610 auditus,
2462 1546 2620 1597 nulla
2647 1545 2882 1597 omnino
2914 1545 3220 1613 disputatio
3251 1544 3318 1597 de
3346 1545 3579 1596 vocibus
3622 1546 3869 1597 exstitis-

377 1642 492 1703 bet,
527 1638 752 1692 numeri
782 1635 1026 1689 maxime
1076 1640 1260 1688 servat
1291 1641 1575 1686 naturam.
1630 1633 2063 1702 Superparticu-
2107 1674 2148 1728 Β
2178 1640 2278 1687 set.
2314 1635 2418 1688 Sed
2452 1633 2800 1703 principium
2843 1633 3287 1702 quodammodo,
3323 1639 3378 1686 et
3401 1634 3566 1704 quasi
3598 1635 3870 1687 admoni-

382 1729 573 1782 larilas
595 1733 805 1791 autem,
840 1725 1114 1794 quoniam
1139 1724 1198 1775 in
1223 1723 1513 1775 inﬁnitum
1547 1721 1827 1774 minorem
1861 1722 2069 1775 minuit

381 1816 795 1888 proprietatem
828 1819 1010 1866 servat
1038 1812 1324 1865 continuae
1353 1809 1708 1882 quantitatis.
1747 1810 1950 1864 Minuit
1971 1827 2070 1863 au-

383 1913 498 1960 tem
530 1905 834 1968 minorem,
871 1918 1001 1956 cum
1031 1917 1259 1971 semper
1290 1916 1421 1954 eum
1453 1899 1728 1965 continet,
1763 1905 1818 1952 et
1843 1899 1965 1969 ejus
1986 1899 2074 1952 vel

386 1994 682 2050 dimidiam
709 1997 953 2063 partem,
981 1992 1066 2044 vel
1091 1990 1339 2057 tertiam,
1369 1989 1454 2043 vel
1483 1993 1767 2058 quartam,
1801 1989 1884 2042 vel
1911 1989 2077 2059 quin-

386 2088 523 2136 tam.
552 2084 692 2136 Nam
725 2097 952 2151 semper
981 2095 1110 2150 pars
1132 2096 1165 2133 a
1194 2079 1413 2149 majore
1444 2095 1686 2132 numero
1708 2079 2078 2132 denominata

387 2170 512 2241 ipsa
558 2168 848 2223 decrescit.
888 2169 1028 2222 Nam
1063 2184 1195 2222 cum
1226 2167 1395 2222 tertia
1419 2185 1450 2221 a
1487 2167 1669 2221 tribus
1707 2167 2079 2221 denominata

390 2257 477 2323 sit,
501 2261 707 2328 quarta
728 2272 858 2310 vero
882 2272 913 2309 a
939 2260 1202 2327 quatuor,
1229 2271 1361 2309 cum
1385 2260 1630 2325 quatuor
1647 2260 1760 2308 tres
1783 2259 2076 2324 superent,

391 2351 593 2418 quarta
625 2345 812 2415 potius
836 2361 1009 2416 quam
1035 2345 1202 2398 tertia
1230 2344 1505 2398 minutior
1533 2345 1840 2399 invenitur.
1877 2346 2083 2414 Super-

391 2435 644 2505 partiens
668 2450 801 2488 vero
845 2434 966 2502 jam
992 2433 1415 2504 quodammodo
1444 2450 1477 2486 a
1510 2433 1874 2502 simplicitate
1907 2435 2085 2487 disce-

395 2523 493 2577 dit.
529 2524 678 2576 Duas
710 2523 887 2588 enim,
920 2522 1012 2575 vel
1064 2528 1197 2587 tres,
1235 2523 1322 2575 vel
1354 2527 1602 2592 quatuor
1633 2522 1802 2575 habet
1852 2523 2086 2592 insuper

395 2619 604 2684 partes,
639 2618 695 2664 et
718 2627 749 2664 a
774 2611 1139 2681 simplicitate
1170 2611 1460 2665 discedens
1492 2612 1759 2665 exuberat
1788 2613 1856 2666 ad
1891 2629 2089 2684 quam-

395 2702 526 2755 dam
549 2701 798 2771 partium
813 2701 1220 2770 pluralitatem.
1250 2703 1464 2755 Rursus
1488 2701 1878 2770 multiplicitas
1899 2701 2086 2754 omnis

395 2791 457 2844 in
502 2790 831 2860 integritate
854 2806 910 2842 se
960 2789 1234 2842 continet.
1282 2789 1420 2842 Nam
1467 2788 1705 2859 duplum
1767 2788 1852 2842 bis
1917 2788 2089 2842 habet

397 2886 581 2934 totum
622 2880 904 2933 minorem
932 2895 945 2944 ;
974 2877 1211 2948 triplum
1244 2878 1380 2930 item
1424 2879 1590 2930 tertio
1620 2878 1876 2931 continet
1905 2883 2086 2931 totum

2179 1723 2352 1777 tionis
2377 1723 2556 1776 vicem
2590 1728 2742 1778 tenet
2770 1724 3018 1776 auditus.
3041 1724 3335 1775 Postrema
3368 1735 3390 1762 ε
3415 1739 3550 1792 ergo
3576 1723 3872 1792 perfectio,

2183 1812 2601 1882 agnitionisque
2634 1812 2714 1864 vis
2745 1812 2806 1864 in
2849 1811 3066 1864 ratione
3099 1811 3375 1878 consistit,
3411 1828 3538 1882 quae
3574 1813 3747 1865 certis
3779 1827 3865 1864 re-

2183 1902 2330 1973 gulis
2362 1918 2482 1955 sese
2526 1907 2726 1954 tenens
2757 1902 2782 1942 ἀ
2835 1901 2993 1953 nullo
3027 1915 3281 1970 unquam
3314 1915 3508 1954 errore
3543 1901 3883 1970 prolabitur.

2184 1993 2326 2046 Nam
2361 1991 2494 2060 quid
2539 1990 2753 2044 diutius
2805 1989 3105 2043 dicendum
3139 1994 3222 2042 est
3264 1989 3333 2042 de
3365 2006 3557 2042 errore
3585 2006 3883 2054 sensuum,

2188 2080 2427 2151 quando
2460 2095 2566 2134 nec
2599 2079 2866 2133 omnibus
2895 2079 3096 2132 eadem
3126 2078 3408 2132 sentiendi
3440 2078 3541 2146 vis,
3569 2095 3673 2132 nec
3701 2079 3887 2132 eidem

2187 2170 2412 2224 homini
2464 2185 2690 2239 semper
2742 2167 3021 2238 aequalis?
3074 2169 3306 2221 Frustra
3351 2174 3542 2222 autem
3595 2169 3752 2222 vario
3793 2170 3885 2238 ju-

2188 2259 2336 2313 dicio
2369 2258 2670 2329 quisquam
2697 2257 3036 2321 committet,
3067 2256 3218 2327 quod
3249 2257 3523 2311 veraciter
3556 2257 3785 2311 affectat
3807 2257 3890 2309 in-

2191 2350 2438 2420 quirere.
2473 2347 2687 2402 Idcirco
2721 2346 3081 2417 Pythagorici
3114 2346 3303 2399 medio
3333 2347 3585 2417 quodam
3621 2348 3891 2400 feruntur

2191 2439 2415 2492 itinere.
2443 2438 2584 2490 Nam
2625 2453 2729 2490 nec
2777 2452 2945 2489 omne
2967 2435 3248 2505 judicium
3281 2435 3498 2489 dedunt
3539 2437 3799 2500 auribus,
3836 2443 3891 2489 et

2195 2527 2457 2597 quaedam
2490 2531 2681 2579 tamen
2711 2524 2776 2577 ab
2822 2525 2902 2578 eis
2940 2540 3048 2577 non
3084 2523 3191 2576 nisi
3220 2525 3453 2577 auribus
3493 2527 3886 2596 explorantur.

2197 2617 2350 2686 Ipsas
2393 2615 2606 2668 etenim
2655 2614 3055 2667 consonantias
3100 2629 3234 2666 aure
3283 2615 3619 2666 metiuntur.
3671 2615 3889 2678 Quibus

2199 2722 2326 2758 vero
2358 2705 2509 2758 inter
2540 2721 2597 2757 se
2628 2704 2910 2757 distantiis
2941 2703 3332 2756 consonantiae
3366 2703 3650 2769 ditferant,
3689 2703 3741 2758 id
3764 2705 3890 2772 jam

2197 2809 2310 2846 non
2342 2793 2594 2859 auribus,
2626 2809 2866 2863 quarum
2899 2799 3030 2845 sunt
3060 2791 3262 2844 obtusa
3287 2792 3521 2860 judicia,
3557 2792 3653 2845 sed
3681 2794 3894 2862 regulis

2198 2883 2523 2952 rationique
2554 2882 2914 2951 permittunt,
2957 2887 3018 2934 ut
3051 2880 3213 2950 quasi
3245 2882 3517 2934 obediens
3548 2882 3781 2951 quidem
3818 2882 3895 2935 fa-

396 2971 894 3039 minorem,atque
919 2969 983 3022 ad
1008 2968 1279 3021 eumdem
1303 2968 1537 3021 modum
1560 2972 1858 3021 etczetera.
1885 2968 2088 3036 Super-
2126 2981 2168 3040 ς,
2201 2974 2504 3041 malusque
2537 2971 2607 3024 sit
2646 2987 2862 3035 sensus,
2899 2971 3072 3040 judex
3103 2986 3236 3023 vera
3267 2976 3438 3040 atque
3466 2971 3773 3040 imperans
3809 2989 3892 3024 ra-

397 3059 817 3129 particularitas
876 3074 1011 3111 vero
1077 3057 1215 3110 nihil
1267 3058 1558 3127 integrum
1603 3063 1811 3123 servat,
1856 3057 1950 3110 sed
2000 3058 2085 3110 vel

400 3149 639 3202 dimidio
683 3152 932 3218 superat,
983 3148 1071 3200 vel
1126 3147 1313 3212 tertia,
1363 3148 1448 3200 vel
1499 3151 1721 3216 quarta,
1754 3146 1837 3200 vel
1865 3146 2084 3217 quinta.

401 3238 510 3292 Sed
529 3243 718 3292 tamen
739 3237 1075 3291 divisionem
1106 3236 1347 3306 singulis
1368 3253 1428 3288 ac
1449 3235 1802 3304 simplicibus
1835 3237 2089 3306 partibus

401 3332 690 3396 operatur.
713 3325 1154 3396 Superpartiens
1175 3330 1365 3378 autem
1391 3325 1750 3395 inaequalitas
1781 3341 1882 3378 nec
1908 3330 2092 3379 servat

401 3415 693 3484 integrum
738 3430 840 3467 nec
881 3423 904 3446 δ
933 3414 1175 3481 singulis
1207 3412 1404 3466 adimit
1433 3419 1642 3482 partes.
1678 3417 1862 3484 Atque
1894 3417 1917 3456 ὓ
1965 3415 2090 3468 ideo

402 3501 716 3555 secundum
741 3502 1165 3570 Pythagoricos,
1191 3501 1430 3554 minime
1449 3503 1682 3555 musicis
1702 3502 2092 3556 consonantiis

403 3591 726 3645 adhibetur.
781 3591 1118 3644 Ptolemaeus
1147 3596 1340 3644 tamen
1386 3591 1558 3644 etiam
1589 3592 1735 3644 hanc
1767 3593 2089 3662 proportio-

403 3697 537 3736 nem
568 3680 716 3735 inter
743 3681 1144 3734 consonantias
1173 3680 1352 3750 ponit,
1379 3690 1443 3734 ut
1466 3681 1747 3750 posterius
1770 3683 2088 3737 ostendam.

1041 3778 1265 3831 CAPUT
1313 3777 1451 3830 VIII.

476 3871 606 3935 Quw
616 3869 988 3938 proporticnes
1011 3868 1207 3936 quibus
1226 3868 1590 3921 consonantiis
1605 3871 1822 3923 musicis
1835 3873 2093 3937 aptentur

476 3957 618 4010 Illud
651 3959 843 4009 tamen
868 3971 986 4009 esse
1017 3955 1306 4025 cognitum
1339 3955 1525 4023 debet,
1552 3956 1703 4026 quod
1735 3972 1935 4011 omnes
1966 3973 2096 4011 mu-

404 4047 534 4101 sicae
571 4046 979 4112 consonantia,
1022 4051 1120 4099 aut
1151 4045 1211 4098 in
1243 4045 1482 4116 duplici,
1519 4050 1616 4099 aut
1646 4046 1707 4099 in
1736 4046 1966 4116 triplici,
1997 4052 2096 4100 aut

403 4138 462 4190 in
488 4136 826 4208 quadrupla,
861 4140 953 4188 aut
999 4136 1057 4188 in
1099 4135 1473 4206 sesquialtera
1519 4141 1618 4188 aut
1647 4135 1706 4188 in
1736 4136 2098 4208 sesquitertia

2198 3063 2301 3116 tio.
2338 3063 2478 3114 Nam
2507 3061 2635 3113 licet
2653 3060 2914 3113 omnium
2943 3076 3088 3129 pene
3112 3059 3341 3123 artium,
3367 3064 3536 3130 atque
3559 3060 3744 3129 ipsius
3768 3063 3895 3113 vitae

2197 3155 2511 3213 momenta,
2557 3165 2788 3202 sensum
2831 3148 3124 3201 occasione
3171 3149 3448 3218 producta
3489 3149 3624 3211 sint,
3671 3149 3894 3201 nullum

2196 3246 2389 3296 tamen
2420 3239 2481 3292 in
2503 3239 2592 3292 his
2617 3238 2900 3308 judicium
2923 3243 3164 3303 certum,
3190 3237 3348 3290 nulla
3379 3237 3500 3291 veri
3533 3243 3617 3291 est
3643 3254 3897 3308 compre-

2197 3330 2418 3394 hensio,
2455 3329 2500 3381 si
2523 3328 2826 3381 arbitrium
2857 3326 3090 3380 rationis
3122 3326 3405 3379 abscedat.
3444 3328 3564 3396 Ipse
3595 3329 3751 3380 enim
3783 3344 3895 3380 sen-

2200 3435 2295 3472 sus
2351 3406 2537 3488 aeque
2575 3417 2839 3470 maximis
2886 3415 3255 3486 minimisque
3299 3416 3712 3486 corrumpitur.
3763 3419 3896 3470 Nam

2201 3525 2387 3578 neque
2421 3507 2659 3560 minima
2705 3506 2915 3560 sentire
2955 3511 3185 3577 propter
3233 3506 3487 3576 ipsorum
3539 3507 3894 3559 sensibilium

2201 3598 2540 3668 parvitatem
2590 3600 2796 3665 potest,
2849 3601 2904 3649 et
2952 3594 3263 3665 majoribus
3305 3610 3455 3664 saepe
3505 3595 3890 3648 confunditur.

2205 3689 2273 3741 Ut
2302 3686 2362 3739 in
2393 3686 2644 3750 vocibus,
2691 3701 2818 3756 quae
2855 3683 2902 3737 si
2935 3684 3171 3738 minium
3203 3682 3338 3749 sint,
3386 3683 3679 3736 dilﬁcilius
3720 3690 3895 3754 captat

2202 3775 2470 3829 auditus:
2517 3775 2561 3827 si
2589 3774 2701 3828 sint
2739 3773 3024 3838 maximae,
3085 3772 3265 3844 ipsius
3305 3773 3528 3826 sonitus
3573 3773 3890 3827 intentione

2203 3864 2496 3919 surdescit.

2900 3950 3126 4004 CAPUT
3167 3950 3225 4003 Χ.

2205 4041 2663 4107 Quemadmodum
2709 4039 3049 4107 Pythagoras
3093 4039 3465 4106 proportiones
3521 4041 3896 4092 consonantia-

2737 4145 2861 4183 rum
2933 4131 3361 4195 investigaverit.

403 4226 777 4297 proportione
817 4225 1151 4278 consistunt.
1186 4226 1246 4278 Et
1295 4223 1589 4278 vocabitur
1616 4224 1845 4294 quidem
1879 4241 2007 4296 qua:
2034 4226 2092 4279 in
2133 4257 2176 4312 Β
2283 4221 2413 4275 Haec
2443 4219 2618 4290 igitur
2658 4219 2902 4272 maxima
2951 4233 3121 4271 causa
3150 4217 3262 4270 fuit
3293 4232 3414 4280 cur,
3445 4216 3646 4270 relicto
3681 4218 3895 4271 aurium

405 4315 662 4369 numeris
683 4313 1044 4385 sesquitertia
1073 4318 1174 4378 est,
1195 4313 1544 4367 diatessaron
1578 4313 1637 4366 in
1670 4314 1842 4367 sonis.
1867 4314 2002 4378 Quae
2033 4315 2094 4367 in

406 4405 661 4458 numeris
695 4404 1087 4474 sesquialtera,
1121 4403 1388 4472 diapente
1415 4403 1738 4472 appellatur
1766 4403 1825 4456 in
1864 4404 2096 4458 vocibus

405 4494 542 4558 Quae
579 4510 712 4547 vero
771 4494 829 4546 in
864 4491 1330 4562 proportionibus
1379 4491 1553 4561 dupla
1586 4496 1671 4544 est
1720 4492 1994 4562 diapason
2036 4492 2097 4545 in

405 4581 814 4638 consonantiis.
849 4581 1043 4652 Tripla
1071 4596 1204 4634 vero
1233 4580 1498 4650 diapente
1530 4597 1593 4635 ac
1623 4580 1916 4651 diapason.
1951 4582 2097 4646 Qua-

404 4673 609 4742 drupla
644 4676 835 4725 autem
858 4670 1246 4740 bisdiapason.
1300 4670 1367 4723 Et
1395 4685 1548 4724 nunc
1579 4670 1811 4742 quidem
1861 4670 2098 4725 univer-

405 4761 600 4814 saliter
650 4766 822 4831 atque
871 4760 1174 4814 indiscrete
1226 4758 1444 4813 dictum
1482 4759 1575 4815 sit.
1627 4761 1914 4815 Posterius
1959 4776 2096 4815 vero

406 4851 593 4903 omnis
619 4849 762 4903 ratio
788 4848 1228 4920 preportionum
1261 4848 1491 4902 lucebit.

1043 4938 1265 4993 CAPUT
1314 4939 1458 4993 VIII.

457 5027 602 5094 Quid
629 5027 704 5082 sit
732 5042 913 5094 sonus,
948 5027 1084 5096 quid
1114 5029 1478 5092 intervallum,
1513 5025 1648 5091 quid
1676 5027 2029 5080 concinentia.

473 5118 656 5174 Sonus
689 5116 865 5188 igitur
899 5123 984 5171 est
1017 5118 1169 5171 vocis
1199 5132 1383 5182 casus,
1416 5115 1710 5183 emmeles,
1744 5115 1799 5170 id
1821 5121 1905 5170 est
1933 5120 2097 5187 aptus

401 5209 574 5276 melo,
609 5208 670 5262 in
693 5222 867 5262 unam
911 5207 1322 5262 intensionem.
1359 5205 1575 5261 Sonum
1607 5222 1740 5260 vero
1765 5222 1882 5260 non
1921 5221 2098 5277 gene-

402 5299 584 5353 ralem
617 5313 772 5352 nunc
800 5297 1062 5351 volumus
1090 5295 1329 5350 deﬁnire
1356 5309 1368 5365 ;
1398 5296 1494 5350 sed
1527 5311 1659 5349 eum
1682 5295 1780 5367 qui
1802 5311 1985 5366 graece
2007 5295 2096 5349 di-

405 5387 552 5440 citur
572 5387 923 5458 phthongus,
954 5385 1140 5440 dictus
1173 5402 1203 5438 a
1229 5385 1606 5440 similitudine
1638 5385 1912 5456 loquendi
1946 5384 2097 5456 φθέγ-

406 5478 607 5545 γεσθαι.
651 5477 1019 5531 Intervallum
1067 5490 1198 5529 vero
1258 5478 1344 5528 cst
1399 5473 1526 5528 soni
1583 5473 1733 5528 acuti
1789 5473 2093 5546 gravisque

510 5612 534 5642 ε
563 5600 840 5668 Singulas.
883 5602 906 5642 ὓ
935 5599 1159 5654 Idcirco.
1193 5607 1212 5633 ο
1243 5601 1410 5666 Erga.
1444 5594 1471 5632 ά
1506 5599 1753 5665 Unquam
1778 5598 1908 5653 ullo.

2203 4309 2440 4379 judicio,
2471 4308 2820 4379 Pythagoras
2847 4307 2919 4361 ad
2950 4305 3284 4376 regularum
3311 4312 3606 4359 momenta
3629 4308 3895 4377 migrave-

2206 4399 2301 4462 rit,
2335 4398 2432 4470 qui
2461 4397 2673 4451 nullius
2695 4396 2962 4450 humanis
2985 4395 3218 4450 auribus
3242 4395 3499 4460 credens,
3532 4411 3664 4465 quaz
3696 4395 3892 4466 partim

2207 4492 2428 4554 natura,
2462 4487 2671 4558 partim
2718 4486 2890 4539 etiam
2936 4485 3285 4539 extrinsecus
3345 4483 3735 4538 accidentibus
3782 4501 3894 4554 per-

2205 4581 2521 4640 mutantur,
2579 4577 2788 4646 partim
2841 4575 2976 4645 ipsis
3033 4575 3328 4628 variantur
3384 4573 3670 4640 aetatibus,
3736 4573 3891 4627 nullis

2208 4667 2381 4720 etiam
2415 4666 2642 4720 deditus
2684 4665 3106 4731 instrumentis,
3141 4680 3318 4735 penes
3365 4679 3492 4733 quae
3543 4680 3698 4735 saepe
3730 4664 3894 4718 multa

2205 4757 2447 4810 varietas
2470 4759 2640 4826 atque
2663 4754 3045 4808 inconstantia
3063 4757 3410 4819 nasceretur,
3444 4752 3584 4806 dum
3612 4769 3766 4807 nunc
3785 4753 3895 4824 qui-

2203 4847 2334 4900 dem
2359 4845 2406 4899 si
2439 4861 2643 4898 nervos
2675 4844 2812 4899 velis
2845 4843 3117 4914 aspicere,
3153 4843 3239 4896 vel
3271 4858 3370 4896 aer
3390 4842 3689 4896 humidior
3707 4845 3894 4912 pulsus

2205 4936 2567 5003 obtunderet,
2628 4935 2712 4988 vel
2776 4933 2978 4987 siccior
3033 4932 3355 4998 exsiccaret,
3418 4933 3505 4985 vel
3566 4931 3893 5002 magnitudo

2205 5025 2431 5078 chordae
2481 5023 2798 5094 graviorem
2830 5023 3095 5078 redderet
3127 5037 3354 5088 sonum,
3388 5021 3472 5073 vel
3505 5036 3755 5074 acumen
3788 5021 3897 5074 sub-

2206 5114 2360 5168 tilior
2389 5117 2670 5180 tenuarct,
2707 5114 2791 5167 vel
2815 5113 2924 5166 alio
2961 5111 3212 5182 quodam
3245 5110 3414 5164 modo
3446 5113 3666 5163 statum
3693 5107 3886 5180 prioris

2205 5203 2539 5258 constantiae
2567 5206 2938 5274 permutaret.
2977 5203 3039 5255 Et
3065 5217 3198 5254 cum
3227 5200 3381 5254 idem
3414 5204 3562 5252 esset
3593 5200 3654 5252 in
3689 5196 3892 5253 caeteris

2205 5293 2618 5360 instrumentis,
2655 5292 2847 5346 omnia
2873 5292 2994 5345 hzec
3015 5291 3338 5344 inconsulta
3359 5289 3739 5359 minimaeque
3768 5286 3892 5342 testi-

2205 5399 2370 5438 mans
2410 5383 2564 5451 ﬁdei,
2600 5383 2812 5454 diuque
2853 5385 3101 5435 aestuans
3150 5378 3478 5451 inquirebat
3527 5393 3780 5448 quanam
3816 5390 3886 5427 ra-

2205 5473 2359 5529 tione
2382 5473 2622 5528 ﬁrmiter
2647 5475 2701 5525 et
2721 5474 3044 5525 constanter
3069 5468 3573 5524 consonantiarum
3608 5469 3884 5520 momenta
