4104 6176
216 339 354 392 H77

1657 337 1744 389 DE
1783 335 2037 391 MUSICA
2080 337 2211 390 LIB.
2253 338 2293 390 Ι.

3583 339 3714 393 H78

202 498 228 525 ι
262 470 631 542 perdisceret.
664 471 805 525 Cum
836 470 1054 526 interea
1077 469 1269 526 divino
1292 471 1537 543 quodam
1574 474 1735 525 motu
1765 486 1905 541 prea-
1941 473 1988 526 A
2015 475 2116 538 est,
2152 471 2221 526 ad
2252 487 2309 525 se
2336 470 2577 524 invicem
2609 468 3060 540 sesquioctavam
3103 469 3537 540 proportionem
3582 488 3710 543 per-

203 553 426 607 teriens
477 552 772 605 fabrorum
825 552 1100 619 oflicinas,
1149 552 1343 622 pulsos
1371 553 1585 606 maleos
1614 555 1639 594 ι)
1669 551 1901 606 exaudi-

202 633 309 699 vit,
352 649 417 686 ex
451 633 686 686 diversis
725 633 880 686 sonis
923 649 1096 686 unam
1141 633 1566 702 quodammodo
1597 633 1902 685 concinen-

205 711 349 764 tiam
383 727 708 782 personare.
759 713 837 765 Ita
875 711 1052 782 igitur
1079 713 1146 765 ad
1174 713 1229 765 id
1265 713 1416 783 quod
1451 712 1548 766 diu
1580 711 1906 782 inquirebat

201 793 505 858 attonitus,
539 792 771 846 accessit
801 793 869 845 ad
899 809 1078 862 opus:
1124 793 1358 864 diuque.
1394 792 1779 853 considerans,
1817 807 1904 844 ar-

200 871 450 924 bitratus
501 875 583 924 est
631 870 1014 925 diversitatem
1065 888 1339 926 sonorum
1381 872 1708 926 ferientium
1756 871 1904 924 vires

200 952 454 1006 eflicere.
489 954 674 1021 Atque
708 956 767 1004 ut
796 950 854 1005 id
887 951 1138 1021 apertius
1175 951 1532 1022 colliqueret,
1565 961 1584 985 ο
1616 955 1904 1005 mutarent

200 1031 360 1084 inter
405 1048 462 1084 se
496 1033 730 1084 malleos
763 1031 1081 1100 imperavit.
1132 1032 1235 1087 Sed
1279 1048 1552 1085 sonorum
1584 1031 1902 1102 proprietas

201 1111 410 1163 nonin
443 1111 745 1164 hominum
776 1111 1001 1164 lacertis
1035 1111 1306 1177 haerebat,
1358 1113 1454 1165 sed
1487 1117 1735 1165 mutatos
1760 1111 1900 1164 mal-

198 1189 328 1242 leos
383 1190 780 1244 comitabatur.
832 1191 934 1244 Ubi
978 1191 1153 1260 igitur
1192 1191 1251 1244 id
1296 1190 1716 1258 animadvertit,
1758 1192 1900 1245 mal-

198 1268 428 1322 leorum
479 1270 703 1340 pondus
751 1270 1056 1324 examinat.
1107 1271 1173 1323 Et
1225 1287 1355 1324 cum
1409 1273 1665 1344 quinque
1716 1281 1902 1328 essent

196 1347 352 1401 forte
387 1349 598 1414 mallei,
640 1348 802 1418 dupli
850 1348 1062 1418 reperti
1094 1356 1228 1403 sunt
1267 1352 1517 1420 pondere
1550 1353 1648 1423 qui
1675 1352 1782 1406 sibi
1813 1369 1898 1406 se-

198 1430 456 1483 cundum
492 1431 764 1500 diapason
791 1432 1225 1484 consonantiam
1257 1433 1698 1502 respondebant.
1730 1435 1899 1487 Eum-

195 1511 335 1564 dem
365 1511 536 1564 etiam
571 1511 668 1580 qui
701 1510 908 1579 duplus
940 1516 1086 1563 esset
1118 1511 1252 1576 alio,
1298 1513 1722 1581 sesquitertium
1757 1512 1896 1566 alte-

195 1592 322 1644 rius
363 1590 820 1660 comprehendit,
851 1591 919 1644 ad
969 1607 1138 1660 quem
1176 1591 1388 1646 scilicet
1422 1593 1773 1646 diatessaron
1810 1610 1896 1646 so-

193 1673 392 1726 nabat.
425 1672 502 1725 Ad
553 1672 727 1724 alium
752 1688 884 1724 vero
921 1673 1250 1741 quemdam,
1290 1673 1388 1742 qui
1418 1673 1601 1726 eidem
1633 1673 1896 1742 diapente

2016 551 2175 621 pensi
2206 556 2342 604 sunt
2381 550 2682 604 custodire.
2716 549 2960 613 Quintus
2993 566 3123 603 vero
3166 559 3252 604 est
3296 551 3560 620 rejectus,
3613 553 3710 623 qui

2013 631 2228 684 cunctis
2261 636 2381 684 erat
2404 631 2805 684 inconsonans.
2841 630 2982 685 Cum
3025 631 3202 701 igitur
3251 635 3378 684 ante
3427 633 3709 702 Pythago-

2011 725 2135 763 ram
2186 711 2573 764 consonantiae
2608 709 2855 774 musicae,
2891 711 3100 778 partim
3149 711 3445 781 diapason,
3503 713 3708 781 partim

2013 790 2299 860 diapente,
2326 791 2534 860 partim
2591 792 2964 853 diatessaron,
3027 807 3156 860 quae
3211 797 3293 844 est
3343 795 3711 847 consonantia

2011 870 2273 939 minima,
2318 877 2700 925 vocarentur°
2727 871 2946 940 primus
2994 872 3344 942 Pythagoras
3393 874 3499 926 hoc
3541 875 3710 928 modo

2010 951 2244 1018 reperit,
2279 967 2391 1021 qua
2414 953 2781 1022 proportione
2801 950 3028 1004 sibimet
3051 951 3173 1004 hinc
3203 967 3476 1006 sonorum
3500 953 3711 1007 chorda

2005 1031 2368 1101 jungeretur.
2401 1032 2469 1085 Et
2516 1036 2575 1085 ut
2607 1031 2678 1084 sit
2729 1031 2935 1084 clarius
2981 1032 3131 1100 quod
3164 1031 3378 1085 dictum
3433 1036 3536 1098 est,
3574 1033 3707 1097 sint,

2009 1110 2164 1162 verbi
2195 1110 2398 1179 gratia,
2442 1111 2782 1164 malleorum
2819 1115 3066 1180 quatuor
3113 1111 3545 1182 ponderaqquaa
3581 1114 3711 1168 sub-

2005 1190 2319 1259 terscriptis
2400 1190 2656 1244 numeris
2711 1191 3092 1258 contineatur,
3158 1194 3240 1256 l2,
3299 1194 3352 1255 9,
3413 1193 3468 1258 8,
3527 1197 3581 1247 6.
3644 1194 3710 1246 l-li

2007 1268 2184 1338 igitur
2213 1270 2422 1335 mallei,
2458 1271 2558 1341 qui
2597 1274 2657 1324 1'2
2687 1275 2742 1323 et
2771 1274 2800 1321 6
2830 1270 3182 1339 ponderibus
3225 1272 3558 1341 vergebant,
3594 1273 3711 1326 dia-

2008 1364 2182 1418 pason
2227 1348 2284 1402 in
2315 1349 2490 1418 duplo
2521 1353 2544 1392 d
2571 1349 2995 1403 concinentiam
3028 1351 3430 1419 personabant.
3474 1352 3709 1405 Malleus

2009 1445 2140 1482 vero
2179 1433 2238 1482 l2
2271 1431 2588 1499 ponderum
2623 1431 2691 1484 ad
2717 1430 2987 1484 malleum
3011 1435 3062 1496 9,
3085 1437 3141 1484 et
3162 1432 3403 1485 malleus
3437 1436 3468 1487 8
3493 1432 3709 1500 ponde-

2006 1525 2133 1561 rum
2165 1511 2234 1563 ad
2285 1511 2555 1563 malleum
2597 1514 2628 1564 6
2667 1509 3014 1579 ponderum,
3055 1511 3366 1563 secundum
3421 1511 3710 1580 epitritam

2006 1590 2442 1658 proportionem
2491 1592 2848 1644 diatessaron
2901 1591 3275 1643 consonantia
3333 1592 3708 1660 jungebatur.

2011 1671 2218 1723 Novem
2254 1686 2386 1723 vero
2419 1671 2742 1740 ponderum
2776 1670 2842 1721 ad
2867 1674 2918 1734 6,
2953 1675 3009 1723 et
3045 1673 3106 1722 l2
3135 1671 3207 1723 ad
3229 1671 3261 1723 8
3287 1671 3552 1740 diapente
3576 1688 3710 1726 con-

194 1751 575 1804 consonantia
601 1751 974 1820 jungebatur,
1009 1751 1275 1804 eumdem
1314 1752 1627 1821 superioris
1650 1752 1891 1822 duplum
1934 1755 1972 1807 Β
2004 1751 2322 1802 sonantiam
2346 1749 2784 1819 permiscebant.
2811 1750 3023 1802 Novem
3057 1766 3190 1802 vero
3223 1750 3291 1803 ad
3325 1751 3380 1816 8,
3408 1751 3466 1804 in
3498 1751 3712 1822 sesqui-

193 1833 416 1901 reperit
443 1847 560 1884 esse
584 1831 1040 1901 sesquialterum.
1073 1833 1194 1884 Duo
1219 1848 1351 1886 vero
1376 1833 1455 1897 hi,
1485 1833 1553 1885 ad
1575 1849 1716 1903 quos
1739 1850 1901 1904 supe-

199 1915 327 1966 rior
357 1911 562 1980 duplex
589 1911 986 1980 sesquitertius
1019 1916 1073 1963 et
1104 1911 1444 1981 sesquialter
1483 1928 1604 1964 esse
1627 1913 1898 1982 probatus

713 2047 1082 2106 Sesquitertius
1113 2049 1436 2095 diatessaron
1574 2051 1578 2106 |
1607 2051 1632 2094 ε)

1599 2411 1646 2443 (Ι)

1601 2450 1631 2475 ω

1601 2481 1627 2516 2.

1596 2582 1640 2628 Ξ.

1596 2634 1626 2659 Ω

1595 2667 1635 2716 Ξέ

1593 2760 1636 2812 8

1593 2820 1624 2847 ε

1592 2858 1624 2916 Ξ

490 2047 556 2104 l2|
713 2047 1082 2106 Sesquitcrtius
1113 2049 1436 2095 diatessaron
1607 2051 1632 2094 9

1377 2301 1420 2340 α

490 2323 548 2382 5?"
745 2319 862 2383 90~\
1335 2329 1412 2379 QQ"

479 2387 521 2438 ’ἒ
545 2369 548 2402 Ι
797 2370 894 2453 κθᾷ“
1266 2367 1342 2446 κδ
1599 2411 1646 2443 m

489 2447 534 2491 Ξ
865 2409 1021 2540 0;\
1174 2435 1301 2540 ἑθέν

1595 2687 1625 2716 εἴ

486 2749 545 2816 Eg
1115 2658 1262 2808 \
1593 2760 1636 2812 ε

471 2812 515 2872 —-;:
541 2819 545 2840 ·
821 2816 887 2873 κα
1211 2812 1279 2877 αι
1593 2820 1624 2847 =

484 2841 544 2940 ἒ
753 2864 856 2941 .8“
1052 2726 1550 3202 \\
1592 2858 1624 2916 Ξ

481 2940 513 3005 Ξ
539 2965 541 2974 ¹
688 2930 766 3007 τδῲ
1325 2935 1401 3017 049

460 3045 1627 3222 -ΙᾼΝ-

482 3204 531 3264 ἶ
668 3221 1064 3280 Sesquitertium
1092 3223 1418 3279 diatessaron
1551 3204 1616 3277 Γὲ

876 3346 1099 3400 CAPUT
1134 3348 1220 3400 ΧΙ.

197 3426 541 3490 Quibusdam
568 3431 742 3485 modis
770 3437 921 3487 varie
942 3451 976 3488 α
997 3437 1312 3507 Pythagora
1325 3437 1698 3505 proportiones
1725 3450 1898 3490 conso-

662 3527 978 3578 nantiarum
1005 3541 1280 3594 perpensae
1305 3529 1436 3580 sint.

271 3615 418 3669 Hinc
463 3618 640 3688 igitur
681 3622 914 3676 domum
959 3641 1240 3692 reversus,
1272 3625 1428 3679 varia
1475 3623 1899 3678 examinatione

195 3708 511 3775 perpendit
531 3727 602 3763 an
632 3711 692 3764 in
722 3711 810 3764 his
851 3715 1322 3783 proportionibus
1354 3714 1498 3768 ratio
1529 3713 1897 3784 symphonia-

195 3810 332 3849 rum
370 3802 491 3851 tota
537 3801 884 3856 consisteret.
923 3812 943 3836 °
979 3805 1138 3858 Hunc
1185 3804 1419 3875 quidem
1451 3821 1616 3875 aequa
1642 3805 1898 3874 pondera

195 3886 391 3939 nervis
423 3894 644 3957 aptans,
696 3908 1012 3963 eorumque
1057 3894 1461 3947 consonantias
1512 3909 1650 3947 aure
1681 3892 1894 3962 dijudi-

191 3989 333 4028 cans
360 3992 372 4040 ;
402 3992 556 4032 nunc
585 3995 718 4034 vero
747 3981 807 4035 in
838 3982 1196 4052 longitudine
1213 3983 1563 4037 calamorum
1593 3983 1895 4053 duplicita-

192 4068 311 4118 tem
348 4068 833 4142 medietatemque
890 4073 1217 4140 restituens,
1266 4079 1613 4144 ca'terasque
1644 4089 1895 4144 propor-

189 4154 385 4210 tiones
407 4164 630 4228 aptans,
654 4161 1082 4232 integerrimam
1105 4165 1279 4218 ﬁdem
1302 4164 1522 4217 diversa
1545 4163 1896 4234 experientia

190 4245 476 4314 capiebat.
513 4248 672 4319 Saepe
702 4251 722 4292 ί
772 4255 826 4304 et
863 4267 967 4321 pro
1003 4267 1404 4305 mensurarum
1461 4253 1630 4306 modo
1663 4251 1895 4322 cyathos

191 4350 498 4404 aequorum
539 4339 857 4408 ponderum
879 4342 1190 4395 acetabulis
1217 4342 1568 4407 imimttens;
1605 4341 1890 4411 saepeipsa

193 4440 430 4495 quoque
462 4427 755 4481 acetabula
783 4429 1017 4483 diversis
1048 4430 1290 4485 formata
1321 4430 1673 4500 ponderibus
1705 4429 1885 4500 virga,

190 4514 278 4566 vel
327 4529 496 4581 aerea,
550 4516 800 4571 ferreave
854 4519 1201 4588 percutiens,
1243 4520 1386 4574 nihil
1434 4535 1555 4573 esse
1609 4519 1895 4573 diversum

194 4602 489 4657 invenisse
520 4604 743 4660 laetatus
783 4613 884 4661 est.
930 4609 1070 4662 Hinc
1121 4610 1291 4662 etiam
1326 4609 1546 4672 ductus,
1581 4608 1892 4679 longitudi-

189 4705 329 4745 nem
364 4692 917 4767 crassitudinemque
949 4698 1290 4752 chordarum
1323 4703 1386 4751 ut
1408 4697 1764 4751 examinaret
1787 4713 1892 4767 ag-

188 4797 424 4851 gressus
455 4788 558 4837 est.
595 4785 789 4856 Itaque
819 4787 1036 4840 invenit
1059 4788 1339 4858 regulam,
1364 4787 1434 4841 de
1465 4803 1579 4857 qua
1609 4787 1892 4856 posterius

191 4869 525 4939 loquemur,
550 4887 676 4942 qua:
709 4890 774 4927 ex
799 4890 857 4927 re
885 4875 1227 4929 vocabulum
1251 4875 1515 4946 sumpsit,
1535 4888 1564 4930 ε
1595 4892 1711 4930 non
1743 4876 1890 4946 quod

187 4959 395 5028 regula
417 4960 487 5013 sit
516 4960 687 5029 linea,
730 4979 833 5034 per
863 4980 1036 5035 quam
1077 4965 1504 5036 magnitudines
1547 4965 1892 5020 chordarum

188 5063 516 5118 sonumque
549 5053 838 5116 metimur,
874 5054 973 5107 sed
997 5054 1149 5124 quod
1167 5055 1365 5124 regula
1397 5055 1662 5126 quaedam
1695 5054 1767 5108 sit
1788 5055 1892 5109 hu-

182 5137 444 5204 jusmodi
475 5138 753 5210 inspectio
787 5143 897 5196 fixa
917 5141 1222 5215 ﬁrmaque,
1247 5150 1312 5198 ut
1341 5144 1563 5198 nullum
1596 5144 1893 5215 inquiren-

190 5231 308 5278 tem
337 5225 512 5282 dubio
540 5229 957 5300 fallatjudicio.

861 5319 1088 5376 CAPUT
1118 5322 1229 5376 Xll.

265 5409 340 5460 De
365 5407 635 5463 divisione
665 5426 852 5465 vocum
877 5426 1169 5479 earumque
1195 5413 1596 5481 explanatione.

195 5494 306 5550 Sed
338 5495 408 5550 de
439 5497 530 5551 his
561 5499 880 5566 hactenus;
931 5516 1082 5554 nunc
1124 5516 1327 5556 vocum
1380 5502 1730 5558 differentias
1779 5504 1890 5558 col-

2009 1833 2200 1881 octava
2223 1829 2596 1898 proportione
2626 1827 2976 1881 resonabant
3008 1834 3227 1882 tonum.

2080 1909 2200 1960 H.730
2230 1909 2421 1962 ultima
2452 1913 2626 1974 figura
2655 1912 2703 1960 et
2728 1911 2784 1959 in
2842 1922 3096 1974 suprema
3123 1910 3264 1962 calce
3302 1908 3707 1964 Arithmeticz.

2752 2014 2922 2076 Dupla

2106 2493 2338 2652 ///ges
2385 2493 2481 2539 uit.
2681 2493 2788 2539 ,e‘”
2849 2507 2937 2544 .-\-
2998 2493 3055 2568 \
3105 2493 3242 2562 /'9'
3407 2493 3412 2497 -
3503 2493 3526 2547 \

2106 2493 2928 2724 [lim/Mnus
3155 2509 3526 2698 ω’

2009 2732 3296 2754 ._———————————'_—.-—-"’

2000 2795 3699 2828 ____';________"_.______——&——-——-——-——'

2154 2843 2205 2914 i\

2161 2914 2284 3047 \\

2114 2737 3584 2808 m

2364 2947 2604 3014 diapente
2634 2847 2846 3131 \\
2875 2856 3128 3104 //
3132 2986 3376 3051 diapente

2364 3077 2468 3131 \
2799 3115 2847 3131 χι
2858 3105 2890 3131 κ
3016 3075 3051 3130 /
3289 3076 3376 3131 /

2845 3075 2930 3112 l../
3029 3075 3051 3110 /

2845 3113 2969 3169 .\\

2743 3165 2771 3204 \
2957 3165 2969 3169 -
2995 3166 3200 3190 καί

2462 3200 2668 3261 epitrita
2779 3199 2954 3286 χ
2991 3216 3200 3286 θρίω-ηε

2007 3380 2276 3450 ligamus.
2307 3383 2506 3437 Omnis
2539 3386 2694 3438 enim
2750 3401 2857 3439 vox
2889 3391 2986 3440 aut
3019 3391 3246 3456 συνεχὴς
3271 3391 3378 3454 est,
3410 3402 3539 3456 qua:
3569 3400 3699 3439 con-

2007 3469 2190 3538 tinua,
2230 3477 2329 3526 aut
2365 3469 2774 3545 διαστηματικὴ,
2809 3491 2936 3545 qua:
2983 3476 3196 3529 dicitur
3225 3491 3356 3529 cum
3400 3473 3701 3528 intervallo

2009 3575 2298 3630 suspensa.
2337 3563 2402 3615 Et
2450 3562 2726 3616 continua
2771 3564 3006 3634 quidem
3055 3570 3160 3631 est,
3221 3563 3356 3635 quia
3405 3563 3704 3633 loquentes

2008 3649 2093 3701 vel
2147 3649 2329 3717 ipsam
2385 3651 2704 3706 orationem
2764 3655 3016 3723 legentes
3065 3654 3238 3708 verba
3294 3653 3700 3724 percurrimus.

2009 3736 2260 3791 Festinat
2317 3740 2470 3793 enim
2522 3746 2657 3794 tunc
2705 3757 2806 3794 vox
2859 3757 2970 3795 non
3017 3743 3297 3796 inhaerere
3329 3743 3389 3795 in
3438 3741 3618 3794 acutis
3649 3746 3706 3795 et

2007 3827 2272 3893 gravibus
2305 3829 2477 3896 sonis,
2524 3830 2620 3884 sed
2653 3845 2826 3900 quam
2871 3831 3230 3885 velocissime
3262 3831 3432 3884 verba
3463 3845 3700 3900 percur-

2005 3927 2149 3979 rere,
2187 3917 2670 3988 expediendisque
2701 3919 2979 3984 sensibus,
3037 3919 3534 3990 exprimendisque
3583 3934 3701 3973 ser-

2006 4003 2275 4058 monibus
2305 4006 2592 4059 continua:
2653 4008 2804 4060 vocis
2843 4007 3090 4077 impetus
3119 4013 3445 4078 operantur.
3479 4007 3700 4062 Diaste-

2007 4092 2207 4146 matice
2238 4099 2429 4148 autem
2464 4100 2548 4149 est
2579 4112 2646 4150 ea
2677 4112 2850 4166 quam
2897 4096 3151 4150 canendo
3183 4096 3609 4165 suspendimus,
3641 4096 3701 4148 in

2004 4194 2117 4248 qua
2147 4196 2262 4234 non
2304 4183 2494 4252 potius
2524 4183 2904 4252 sermonibus,
2939 4185 3039 4238 sed
3071 4184 3318 4238 modulis
3339 4184 3697 4238 inservimus.

2006 4269 2215 4339 Estque
2247 4286 2350 4324 vox
2382 4271 2504 4342 ipsa
2547 4274 2784 4341 tardior,
2813 4279 2869 4328 et
2899 4290 3002 4344 per
3039 4274 3415 4328 modulandas
3447 4273 3699 4327 varieta-

1934 4360 1976 4412 D
2005 4361 2088 4409 tes
2115 4359 2404 4427 quoddam
2436 4361 2647 4416 faciens
2698 4363 3086 4433 intervallum,
3119 4379 3238 4418 non
3271 4361 3694 4429 taciturnitatis,

2001 4445 2098 4497 sed
2127 4462 2414 4516 suspensae
2446 4465 2509 4502 ac
2539 4450 2716 4504 tarda:
2766 4451 2956 4520 potius
3003 4451 3322 4504 cantilenae.
3362 4450 3454 4504 His
3485 4452 3571 4516 (ut
3611 4450 3702 4503 Al-

2003 4532 2174 4587 binus
2195 4543 2476 4603 autumat)
2504 4539 2735 4592 additur
2754 4539 2924 4593 tertia
2947 4539 3287 4604 ditferentia,
3316 4554 3443 4608 quae
3477 4537 3698 4593 medias

2004 4639 2166 4676 voces
2197 4629 2374 4694 possit
2397 4627 2703 4693 includere,
2743 4637 2840 4682 sed
2873 4631 3114 4683 heroum
3136 4633 3400 4699 poemata
3430 4627 3696 4698 legimus,

2004 4728 2192 4782 neque
2245 4715 2513 4769 continuo
2564 4734 2752 4784 cursu,
2797 4724 3132 4788 utprosam,
3183 4733 3370 4788 neque
3421 4733 3698 4787 suspenso

2003 4803 2373 4874 segniorique
2396 4805 2562 4859 modo
2591 4807 2758 4872 vocis,
2794 4813 2857 4860 ut
2877 4808 3179 4860 canticum.

2682 4895 2837 4932 TADIT

2682 4896 2720 4932 ’ί
2767 4898 2789 4928 )
2825 4896 2837 4926 ἶ

2074 4961 2227 5026 Quod
2269 4963 2597 5033 inﬁnitatem
2656 4896 3139 5020 SititiﬁTiiiiribna
3193 4975 3399 5021 natura
3460 4966 3696 5028 ﬁnierit.

2075 5048 2186 5104 Sed
2216 5067 2345 5122 quae
2377 5055 2648 5108 continua
2673 5070 2777 5109 vox
2803 5061 2900 5118 est,
2939 5061 2994 5109 et
3021 5072 3087 5109 ea
3126 5073 3320 5110 rursus
3353 5073 3465 5126 qua
3499 5057 3700 5110 decur-

2000 5138 2182 5194 rimus
2209 5143 2570 5210 cantilenam,
2608 5145 2947 5198 naturalilcr
2977 5146 3209 5216 quidem
3268 5146 3511 5200 inﬁnitae
3543 5149 3694 5198 sunt.

2002 5229 2470 5288 Consideratione
2501 5233 2653 5287 enim
2686 5244 2931 5305 accepta,
2967 5236 3158 5289 nullus
3192 5235 3396 5289 modus
3423 5234 3510 5287 vel
3542 5233 3696 5286 evol-

2001 5326 2200 5380 vendis
2258 5323 2617 5378 sermonibus
2675 5323 2759 5387 tit,
2822 5324 2906 5377 vel
2963 5325 3321 5379 acuminibus
3371 5321 3695 5377 attollendis

2001 5414 2491 5486 gravitatibusque
2509 5412 2787 5479 laxandis,
2822 5413 2918 5468 sed
2942 5415 3197 5485 utrisque
3217 5418 3420 5466 natura
3441 5411 3697 5464 humana

2003 5504 2136 5558 fecit
2162 5502 2461 5573 proprium
2492 5501 2687 5558 tinem.
2721 5501 3018 5556 Continuze
3046 5503 3196 5556 enim
3229 5501 3350 5554 voci
3382 5499 3692 5555 terminum

265 5664 675 5720 lHt’ermisceret.
712 5668 737 5710 Ι)
765 5667 1034 5723 Exaudit.
1066 5679 1090 5709 ο
1121 5667 1348 5724 Mutari.
1387 5670 1413 5714 ἀ
1443 5669 1809 5727 Concinentia.
1850 5679 1871 5705 ο
1908 5669 2065 5724 Haec.
2109 5667 2126 5703 ί
2167 5669 2369 5723 Etiam.
2407 5678 2429 5716 ι
2465 5669 2582 5726 Non
2618 5666 2762 5734 quod
2800 5668 2978 5734 lignea
3015 5669 3088 5724 sit
3116 5665 3323 5735 regula.
