4104 6176
168 272 301 324 1181

237 404 382 457 Nam
414 401 461 456 si
503 417 613 455 vox
645 400 766 454 voci
806 401 978 471 duplo
1027 399 1098 454 sit
1141 403 1306 454 acuta
1343 401 1430 453 vel
1478 401 1687 471 gravis,
1739 399 1857 453 dia-
1899 401 1944 453 Α
1970 398 2362 469 sesquioctava
2401 399 2696 469 proportio
2728 403 2847 468 est;
2875 403 2960 451 est
2989 399 3144 452 enim
3176 415 3377 454 eorum
3409 399 3673 454 differen-
3769 413 3774 417 '

163 510 347 565 pason
398 491 768 546 consonantia
828 490 952 544 tiet.
1027 489 1083 545 Si
1141 506 1244 544 vox
1301 489 1422 543 voci
1491 489 1862 560 sesquialtera

163 583 535 654 proportione
567 590 590 614 ⁸
628 580 719 646 sit,
759 580 843 632 vel
893 581 1270 649 sesquitertia,
1312 580 1400 633 vel
1449 579 1856 649 sesquioctava,

164 671 391 726 acutior
427 668 768 740 graviorque
804 667 1091 738 diapente,
1132 669 1220 722 vel
1255 667 1625 734 diatessaron,
1658 668 1743 721 vel
1775 673 1857 720 to-

162 778 309 816 num
356 758 792 813 consonantiam
873 757 1092 811 reddet.
1153 759 1293 811 ltem
1356 757 1402 810 si
1448 758 1744 828 diapason,
1802 762 1861 810 ut

160 855 193 905 2
228 856 289 904 et
317 852 369 917 4,
404 853 458 902 et
489 848 780 917 diapente,
815 850 875 899 ut
905 849 938 900 4
960 851 1016 900 et
1047 850 1097 913 6,
1123 847 1570 917 conjungantur,
1606 845 1856 913 triplam,

163 946 219 994 et
249 956 381 1010 quae
419 943 503 992 est
553 937 825 1008 diapason
859 942 914 989 et
961 936 1250 1007 diapente,
1295 935 1548 989 efﬁciant
1589 935 1860 1005 sympho-

162 1030 344 1084 niam.
380 1028 540 1093 Quod
575 1027 620 1080 si
651 1027 736 1080 bis
767 1025 1042 1095 diapason
1071 1025 1231 1091 ﬁant,
1259 1030 1324 1078 ut
1355 1025 1468 1078 duo
1497 1025 1565 1077 ad
1591 1030 1856 1094 quatuor,

161 1124 215 1174 et
237 1124 490 1190 quatuor
532 1116 600 1170 ad
634 1120 780 1182 octo,
814 1115 1139 1186 quadrupla
1169 1114 1701 1186 tietﬁconsonantia,
1733 1131 1858 1182 qua:

160 1214 249 1264 est
284 1208 666 1277 bisdiapason.
705 1205 863 1270 Quod
898 1205 943 1258 si
976 1205 1348 1275 sesquialtera
1379 1209 1434 1256 et
1473 1203 1857 1273 sesquitertia,

159 1298 220 1352 id
253 1296 630 1366 estdiapente
660 1300 714 1348 et
747 1295 1121 1360 diatessaron,
1165 1299 1227 1348 ut
1261 1294 1373 1347 duo
1407 1293 1476 1346 ad
1509 1299 1640 1359 tres,
1677 1299 1860 1346 ettres

162 1388 229 1441 ad
261 1392 514 1458 quatuor
537 1385 980 1454 conjungantur,
1015 1384 1190 1454 dupla
1221 1383 1275 1436 id
1324 1387 1426 1449 est,
1462 1381 1733 1452 diapason
1770 1384 1861 1436 ni—

161 1476 376 1530 mirum
422 1475 672 1529 nascitur
715 1473 1094 1527 concinentia.
1143 1472 1398 1536 Quatuor
1437 1471 1590 1524 enim
1637 1472 1707 1524 ad
1749 1477 1862 1525 tres

158 1565 586 1636 sesquitertiam
625 1563 885 1617 obtinent
925 1563 1376 1632 proportionem.
1429 1563 1562 1614 Tres
1604 1576 1736 1614 vero
1792 1561 1862 1614 ad

159 1655 454 1709 binarium
485 1652 858 1724 sesquialtera
901 1651 1204 1705 collatione
1245 1652 1591 1720 junguntur,
1626 1655 1682 1703 et
1709 1649 1861 1704 idem

161 1742 566 1815 quaternarius
597 1742 667 1795 ad
695 1739 978 1795 binarium
1014 1739 1304 1810 appositus
1337 1740 1511 1810 dupla
1541 1739 1593 1794 ei
1623 1756 1861 1809 compa-

157 1833 388 1887 ratione
419 1832 736 1902 copulatur.
784 1831 891 1885 Sed
923 1829 1284 1900 sesquitertia
1329 1828 1699 1891 diatessaron,
1749 1845 1863 1882 ses-

161 1923 450 1992 quialtera
502 1919 794 1991 proportio
854 1918 1121 1987 diapente
1159 1918 1590 1971 consonantiam
1648 1923 1859 1972 creant.

162 2011 351 2080 Dupla
383 2025 513 2062 vero
545 2009 817 2078 diapason
840 2007 1014 2061 efticit
1047 2007 1472 2077 symphoniam.
1504 2007 1863 2060 Diatessaron

158 2100 343 2169 igitur
393 2115 456 2152 ac
488 2099 754 2168 diapente
776 2113 952 2150 unam
977 2097 1249 2167 diapason
1274 2096 1707 2149 consonantiam
1725 2097 1862 2165 jun-

159 2192 329 2258 gunt.
363 2188 578 2242 Rursus
625 2193 792 2240 tonus
823 2186 878 2239 in
942 2202 1108 2255 asqua
1136 2184 1313 2238 dividi
1365 2201 1482 2238 non
1518 2188 1723 2254 potest,
1768 2201 1869 2238 cur

161 2283 357 2331 autem
409 2278 694 2347 posterius
737 2274 998 2346 liquebit.
1059 2275 1219 2328 Nunc
1279 2273 1385 2327 hoc
1431 2278 1654 2326 tantum
1701 2289 1866 2328 nosse

160 2367 430 2434 sufﬁciat,
462 2365 618 2436 quod
657 2380 954 2435 nunquam
984 2367 1156 2416 tonus
1187 2362 1246 2415 in
1273 2362 1504 2430 gemina
1534 2377 1701 2432 requa
1726 2361 1867 2415 divi-

161 2457 339 2509 ditur.
365 2459 548 2525 Atque
582 2458 643 2508 ut
689 2454 746 2508 id
793 2453 1056 2507 facillime
1091 2451 1518 2521 comprobetur,
1543 2451 1615 2503 sit
1645 2451 1864 2522 sesqui-

161 2551 364 2599 octava
397 2543 694 2614 proportio
745 2547 775 2596 8
817 2545 870 2595 et
897 2545 948 2596 9.
1020 2543 1234 2594 Horum
1282 2541 1474 2593 nullus
1526 2541 1868 2593 naturaliter

163 2633 392 2686 medius
416 2647 690 2684 numerus
721 2630 950 2684 incidet.
991 2632 1102 2683 Hos
1133 2629 1311 2698 igitur
1332 2628 1377 2680 si
1412 2628 1638 2681 binario
1672 2627 1864 2680 multi-

161 2719 464 2789 plicemus,
499 2717 756 2787 tiuntque
790 2717 876 2770 bis
937 2716 969 2769 8
1027 2720 1107 2779 16,
1154 2716 1307 2780 918,
1359 2715 1510 2768 inter
1559 2717 1616 2767 16
1675 2719 1865 2767 autem

162 2813 222 2862 et
279 2806 345 2859 18
389 2823 538 2860 unus
579 2822 850 2880 numerus
881 2808 904 2847 ι)
943 2804 1280 2858 naturaliter
1339 2817 1360 2845 ε
1393 2803 1589 2857 incidit
1645 2804 1743 2874 qui
1783 2809 1867 2856 est

162 2897 380 2950 scilicet
426 2900 503 2949 17.
555 2896 658 2960 Qui
709 2895 1086 2965 disponantur
1118 2895 1179 2947 in
1208 2893 1468 2947 ordinem
1514 2896 1594 2958 16,
1651 2895 1733 2959 17,
1783 2894 1860 2944 18.

163 2987 350 3056 Igitur
386 2989 448 3038 16
481 3001 542 3038 ac
594 2988 656 3038 18
691 2985 899 3051 collati,
937 2983 1388 3054 sesquioctavam
1439 2981 1689 3035 retinent
1729 2998 1861 3050 pro-
1903 2980 1942 3031 Ω

161 3075 517 3146 portionem,
563 3079 732 3144 atque
763 3073 974 3126 idcirco
1023 3077 1245 3126 tonum.
1297 3071 1401 3125 Sed
1436 3070 1581 3123 hanc
1627 3086 1864 3139 propor-

162 3166 386 3219 tionem
427 3167 483 3216 16
525 3179 797 3216 numerus
839 3162 1062 3216 medius
1096 3177 1209 3215 non
1236 3161 1295 3214 in
1327 3159 1571 3230 aequalia
1597 3159 1859 3228 partitur.

161 3253 542 3322 Comparatus
568 3252 721 3305 enim
751 3251 820 3304 ad
852 3253 934 3316 16,
959 3251 1130 3305 habet
1158 3251 1216 3303 in
1239 3267 1297 3303 se
1329 3254 1510 3302 totum
1548 3252 1630 3312 16,
1664 3251 1716 3300 et
1745 3248 1866 3316 ejus

161 3349 383 3395 sextam
438 3341 716 3394 decimam
764 3347 1005 3410 partem,
1054 3339 1264 3393 scilicet
1293 3339 1592 3392 unitatem.
1627 3337 1682 3390 Si
1732 3352 1863 3388 vero

161 3432 234 3485 ad
269 3446 429 3495 eum,
461 3431 514 3482 id
546 3435 629 3482 est
685 3433 766 3496 17,
800 3430 1024 3494 tertius,
1056 3429 1114 3482 id
1161 3433 1244 3482 est
1280 3431 1362 3492 18,
1413 3443 1685 3480 numerus
1717 3441 1867 3478 com-

163 3526 425 3591 paretur,
459 3519 776 3572 habeteum
798 3524 1002 3584 totum,
1035 3523 1089 3571 et
1106 3519 1228 3587 ejus
1250 3516 1531 3570 decimam
1563 3514 1863 3584 septimam

161 3613 414 3678 partem.
451 3608 572 3660 Non
621 3607 795 3676 igitur
827 3605 1030 3659 iisdem
1069 3605 1330 3675 partibus
1363 3609 1416 3656 et
1451 3604 1731 3655 minorem
1765 3618 1865 3654 su-

162 3701 354 3768 perat,
386 3701 442 3750 et
472 3712 504 3748 a
549 3697 763 3766 majore
815 3699 1133 3764 superatur.
1191 3694 1281 3747 Est
1315 3693 1470 3746 enim
1514 3691 1705 3744 minor
1734 3705 1865 3759 pars

161 3788 413 3856 septima
449 3786 688 3851 decima,
738 3785 919 3855 major
982 3789 1135 3838 sexta
1173 3784 1411 3837 decima.
1463 3783 1570 3837 Sed
1624 3786 1864 3850 utraque

163 3875 477 3931 semitonia
508 3880 933 3946 nuncupantur.
970 3875 1093 3928 Non
1125 3873 1279 3945 quod
1299 3873 1532 3927 omnino
1565 3871 1868 3924 semitonia

163 3983 234 4019 ex
264 3981 434 4035 aequo
472 3965 585 4018 sint
631 3964 838 4030 media,
894 3964 991 4018 sed
1051 3964 1206 4035 quod
1263 3979 1486 4017 semum
1543 3961 1650 4015 dici
1702 3961 1864 4026 solet,

163 4058 321 4125 quod
358 4057 428 4108 ad
462 4056 854 4125 integritatem
888 4071 1067 4124 usque
1116 4072 1226 4107 non
1282 4052 1553 4123 pervenit.
1588 4051 1694 4104 Sed
1720 4049 1869 4102 inter

167 4144 291 4196 haec
350 4159 532 4196 unum
598 4145 780 4213 majus
838 4143 1209 4196 semitonium
1267 4147 1652 4211 nuncupatur,
1711 4138 1869 4192 aliud

165 4235 384 4287 minus.

806 4322 1030 4378 CAPUT
1062 4323 1218 4376 XVII.

309 4412 368 4464 In
397 4411 591 4479 quibus
616 4413 809 4480 primis
849 4416 1086 4466 numeris
1115 4413 1454 4465 semitonium
1483 4414 1700 4464 constet.

242 4501 405 4564 Quod
430 4517 561 4553 vero
595 4500 884 4571 integrum
915 4502 988 4555 sit
1017 4501 1412 4564 semitonium,
1449 4504 1546 4553 aut
1576 4499 1633 4552 in
1664 4499 1872 4568 quibus

165 4589 378 4659 primis
404 4591 662 4643 numeris
705 4595 946 4656 constet,
994 4607 1143 4643 nunc
1192 4589 1511 4642 evidentius
1555 4588 1867 4658 explicabo.

167 4680 229 4732 Id
263 4679 421 4733 enim
451 4679 602 4749 quod
631 4679 700 4732 de
720 4679 997 4733 divisione
1020 4679 1138 4732 toni
1168 4679 1382 4732 dictum
1408 4683 1510 4744 est,
1531 4693 1646 4731 non
1670 4679 1737 4731 ad
1767 4678 1874 4731 hoc

168 4769 489 4838 pertinent,
525 4770 1044 4823 utsemitoniorum
1079 4769 1278 4821 modos
1313 4767 1659 4822 voluerimus
1683 4772 1871 4820 osten-

168 4858 325 4911 dere.
361 4858 468 4911 Sed
502 4858 568 4911 ad
601 4857 656 4911 id
703 4858 892 4928 potius
921 4857 1071 4928 quod
1101 4863 1300 4910 tonum
1347 4857 1404 4910 in
1447 4856 1677 4926 gemina
1710 4871 1876 4925 aequa

167 4946 498 5000 diceremus
527 4963 645 5000 non
693 4963 854 5016 posse
887 4946 1158 5015 disjungi.
1203 4947 1584 5013 Diatessarun,
1631 4961 1758 5016 quae
1791 4949 1876 4997 est

167 5035 567 5097 consonantia,
605 5051 802 5088 vocum
851 5034 1084 5104 quidem
1130 5038 1215 5086 est
1246 5040 1510 5104 quatuor,
1548 5033 1872 5086 intervallo-

169 5140 302 5177 rum
339 5124 536 5177 trium.
580 5125 811 5178 Constat
849 5128 1040 5176 autem
1089 5139 1158 5176 ex
1198 5123 1420 5176 duobus
1451 5122 1620 5187 tonis,
1665 5125 1721 5174 et
1760 5138 1873 5174 non

171 5214 407 5283 integro
442 5213 762 5266 semitonio.
799 5213 881 5266 Sit
923 5213 1075 5266 enim
1126 5212 1376 5282 subjecta
1409 5212 1712 5281 descriptio
1755 5214 1871 5273 192,

173 5306 302 5369 216,
333 5303 460 5367 213,
493 5306 617 5368 256,
663 5303 719 5357 Si
751 5302 928 5372 igitur
965 5305 1059 5355 192
1095 5317 1388 5366 numerus,
1453 5304 1550 5353 256
1585 5316 1874 5369 compare-

175 5398 293 5457 tur,
329 5391 694 5462 sesquitertia
735 5391 1028 5462 proportio
1056 5390 1174 5458 ﬁet,
1208 5407 1271 5443 ac
1312 5391 1664 5444 diatessaron
1695 5389 1877 5442 conci—

172 5481 438 5534 nentiam
474 5480 780 5534 resonabit.
835 5480 943 5534 Sed
979 5479 1025 5533 si
1068 5481 1172 5533 216
1218 5479 1286 5533 ad
1325 5482 1419 5532 192
1455 5495 1871 5550 comparemus,

290 5605 315 5629 ⁸
340 5597 449 5650 Fit.
475 5597 498 5639 δ
519 5596 821 5653 Naturalis.
858 5608 881 5637 ε
902 5591 1248 5650 Intercidit.d
1272 5594 1589 5662 Consistere,
1620 5577 1642 5627 δ
1669 5594 1908 5650 Dudum.

1591 267 1681 320 DE
1721 264 1976 322 MUSICA
2019 265 2149 320 LIB.
2195 267 2236 320 Ι.

3541 267 3670 320 1182

1970 487 2050 542 tia
2093 489 2179 556 24,
2211 505 2338 558 quae
2385 492 2470 541 est
2519 492 2713 541 octava
2765 503 2916 558 pars,
2973 490 3068 541 192
3126 492 3206 542 est
3243 488 3419 558 igitur
3476 494 3666 543 tonus.

1969 578 2186 631 Rursus
2222 577 2266 629 si
2299 579 2399 629 2'13
2440 577 2512 630 ad
2550 579 2653 629 216
2677 582 3064 646 comparetur,
3097 577 3205 630 erit
3237 578 3415 630 altera
3446 578 3670 650 sesqui-

1968 670 2163 720 octava
2192 665 2509 735 proportio.
2565 666 2704 719 Nam
2755 682 2956 718 eormn
3015 666 3336 720 differentia
3392 668 3484 733 27,
3536 683 3669 737 pars

1968 757 2090 821 216,
2133 755 2418 824 probatur
2453 761 2666 820 octava,
2698 759 2874 808 restat
2918 755 3268 825 comparatio
3317 758 3420 809 256
3457 757 3526 810 ad
3549 758 3671 821 243,

1969 860 2220 912 quorum
2252 844 2575 896 differentia
2607 848 2690 896 est
2729 847 2806 897 13.
2858 843 2964 908 Qui
3001 845 3174 898 octies
3206 845 3359 911 facti,
3393 845 3671 900 medieta-

1969 938 2084 985 tem
2116 933 2217 985 2-13
2257 949 2371 985 non
2405 932 2668 986 videntur
2718 932 2978 1002 implere.
3018 935 3140 987 Non
3174 941 3258 988 est
3300 934 3478 1005 igitur
3507 936 3674 989 semi-

1963 1019 2210 1086 tonium,
2239 1021 2337 1074 sed
2375 1020 2614 1073 minusa
2647 1021 2969 1076 semitonio.
3011 1024 3167 1077 Tunc
3197 1023 3353 1077 enim
3376 1024 3668 1093 integrum

1968 1127 2086 1164 esse
2137 1110 2507 1164 semitonium
2554 1109 2681 1178 jure
2723 1115 3041 1180 putaretur,
3076 1111 3121 1164 si
3154 1127 3356 1164 eorum
3394 1111 3667 1166 ditl‘eren-

1969 1200 2066 1266 tia,
2101 1215 2229 1270 quae
2259 1203 2341 1252 est
2381 1203 2438 1252 13
2473 1199 2616 1252 facta
2675 1199 2868 1264 octies,
2925 1200 3288 1254 medietatem
3317 1203 3419 1253 213
3459 1217 3668 1255 nume-

1969 1303 2166 1341 rorum
2211 1287 2488 1356 potuisset
2528 1302 2777 1357 aequare.
2825 1287 3034 1357 Estque
3066 1304 3262 1342 verum
3296 1287 3663 1343 semitonium

1971 1378 2163 1430 minus
2184 1378 2289 1431 243
2328 1377 2395 1430 ad
2427 1378 2528 1429 256
2559 1376 2931 1445 comparatio.

2445 1615 2453 1622 ,
2631 1540 2995 1646 'Daatcm-

2672 1723 2996 1816 1313.64.
3306 1709 3312 1714 ‘

2635 1899 2989 1968 Sesquitertia

2435 2052 2568 2112 Ι)γῖ
2614 2072 2692 2136 ςγ
3088 2076 3186 2140 4ο

2156 2069 3298 2346 @V’QEQ‘WMN

2537 2260 3050 2456 \R/Dwzu\‘p
3125 2340 3336 2416 Drin.)
3373 2396 3420 2426 tv
3482 2454 3491 2456 4

2672 1723 2996 1816 Βΐαιςψ

2635 1899 2989 1968 Sesquitertia

2645 2457 2994 2474 .___v____.

2613 2667 2834 2719 CAPUT
2865 2665 3049 2719 XVIII.

2186 2749 2535 2800 Dialessuron
2570 2762 2601 2798 α
2632 2746 2887 2812 ἀίίιμνηίϐ
2919 2750 3040 2798 tono
3090 2743 3318 2797 distare.

2047 2835 2257 2888 Rursus
2295 2835 2559 2904 diapente
2617 2833 3013 2898 consonantia,
3069 2847 3274 2884 vocum
3327 2827 3561 2900 quidem
3593 2829 3678 2881 est

1974 2925 2230 2994 quinque
2262 2924 2695 2977 intervallorum
2744 2928 3014 2993 quatuor,
3067 2919 3243 2974 trium
3295 2923 3584 2982 tonorum,
3621 2919 3679 2969 et

1981 3013 2202 3066 minore
2235 3013 2559 3066 semitonio.
2598 3014 2848 3065 Ponatur
2872 3011 3026 3063 enim
3062 3010 3214 3064 idem
3245 3023 3520 3062 numerus
3557 3007 3674 3071 192,

1979 3109 2032 3156 et
2078 3103 2202 3170 ejus
2253 3102 2592 3172 sesquialter
2636 3107 2917 3165 sumatur,
2951 3099 3050 3170 qui
3098 3099 3165 3152 ad
3219 3113 3350 3152 eum
3408 3095 3677 3158 diapente

1977 3191 2146 3245 faciat
2189 3191 2648 3244 consonantiam.
2698 3190 2780 3242 Sit
2810 3188 2986 3256 igitur
3017 3202 3292 3240 numerus
3337 3188 3461 3239 288.
3498 3183 3680 3252 Igitur

1975 3279 2179 3333 horum
2211 3285 2262 3332 et
2309 3278 2571 3348 superius
2601 3277 3086 3347 deprehensorum
3129 3278 3244 3342 192,
3292 3277 3586 3344 ponantur
3617 3270 3680 3323 in

1976 3369 2166 3422 medio
2219 3367 2442 3420 numeri
2487 3366 2547 3420 hi
2585 3369 2712 3430 216,
2767 3367 2890 3431 2’13,
2948 3367 3075 3432 256,
3109 3368 3164 3416 et
3217 3362 3290 3416 sit
3338 3363 3446 3416 hoc
3505 3359 3678 3414 modo

1976 3458 2216 3511 formata
2246 3455 2578 3525 descriptio,
2614 3458 2736 3514 192,
2776 3457 2903 3521 216,
2940 3455 3064 3514 243,
3097 3455 3222 3516 256,
3250 3453 3376 3505 288.

2707 3554 3014 3595 ﬁs‘

2683 3694 2976 3775 Ξὶινΐιρ

2651 3875 2828 3954 DF:
2860 3878 3000 3977 96

2663 3992 3024 4089 ειτφμεηέτε
3351 4007 3363 4026 κ

2168 4211 3101 4409 ﬂeam.
3077 4310 3133 4415 δ

2166 4217 3487 4531 ωῃῶ

2155 4543 2164 4564 ’
2220 4550 2352 4614 ιεη
2487 4548 2622 4638 πλε
3261 4541 3416 4642 ξιεε

1987 4680 2048 4731 In
2087 4682 2380 4750 superiore
2415 4683 2590 4753 igitur
2627 4683 3034 4752 descriptione,
3070 4685 3170 4736 192
3202 4687 3259 4736 et
3290 4685 3392 4735 256
3422 4681 3566 4735 duos
3598 4685 3684 4735 to-

1986 4785 2089 4822 nos
2121 4775 2175 4824 et
2222 4772 2587 4826 semitonium
2622 4773 2901 4826 contineri
2958 4772 3260 4826 monstrati
3305 4775 3455 4824 sunt.
3495 4772 3688 4824 Restat

1985 4859 2162 4930 igitur
2191 4861 2542 4931 comparatio
2573 4864 2676 4914 256
2704 4861 2771 4914 ad
2803 4864 2928 4927 288,
2963 4878 3091 4931 qua:
3142 4864 3226 4914 est
3258 4859 3677 4930 sesquioctava,

1986 4948 2042 5000 id
2074 4952 2157 5001 est
2184 4953 2371 5013 tonus,
2408 4964 2721 5018 eorumque
2769 4948 3090 5001 ditl‘erentia
3151 4952 3234 5000 est
3287 4950 3374 5014 32,
3427 4962 3554 5017 qua)
3599 4949 3684 4998 est

1986 5042 2181 5090 octava
2208 5053 2338 5106 pars
2376 5039 2710 5106 256.1taque
2754 5041 3065 5089 monstrata
3116 5040 3200 5090 est
3231 5037 3498 5106 diapente
3547 5049 3677 5086 con-

1985 5125 2245 5178 sonantia
2278 5141 2347 5178 ex
2370 5125 2549 5178 tribus
2572 5123 2720 5176 tonis
2753 5122 3174 5192 semitonioque
3195 5126 3218 5166 d
3251 5127 3532 5175 constare.
3571 5119 3679 5171 Sed

1985 5223 2004 5247 ο
2036 5215 2276 5267 dubium
2339 5215 2687 5267 diatessaron
2737 5211 3112 5264 consonantia
3146 5229 3178 5263 a
3225 5216 3457 5264 centum
3512 5223 3688 5260 nona-

1985 5303 2146 5372 ginta
2169 5303 2390 5355 duobus
2416 5300 2667 5354 numeris
2689 5283 2948 5370 usquead
2969 5303 3073 5352 256
3091 5303 3341 5352 venerat.
3368 5297 3526 5350 Nunc
3554 5311 3684 5348 vero

1985 5392 2251 5462 diapente
2284 5391 2354 5444 ab
2381 5390 2596 5444 eisdem
2627 5393 2724 5442 192
2756 5389 3008 5442 numeris
3042 5403 3219 5457 usque
3243 5385 3312 5438 ad
3345 5387 3450 5438 288
3475 5384 3688 5438 disten-

1982 5481 2154 5534 ditur.
2225 5480 2538 5551 Superatur
2595 5479 2770 5550 igitur
2831 5477 3180 5532 diatessaron
3226 5473 3598 5528 consonantia
3649 5490 3683 5528 a
