4104 6176
150 268 303 320 1185

1592 265 1695 319 DE
1718 266 1971 321 MUSICA
2012 267 2143 322 LIB.
2188 267 2228 319 1.

3524 278 3656 330 1186

158 402 229 453 In
270 397 666 470 superioribus
692 397 869 469 igitur
895 397 1115 453 duabus
1146 397 1615 471 dispositionibus
1661 398 1857 469 hepta-
1892 404 1939 456 A
1962 398 2279 469 parhypate
2316 398 2590 470 hypaton,
2624 399 2879 455 lichanos
2908 401 3182 472 hypaton,
3205 403 3437 475 hypate.
3488 405 3657 460 Aliud

153 490 366 543 chordi
397 493 451 543 et
482 488 833 543 octochordi.
870 489 1330 560 Heptachordum
1364 489 1596 560 quidem
1646 488 1856 543 dicitur

152 594 602 649 synemmenon,
664 578 817 649 quod
854 584 939 633 est
992 580 1383 650 conjunctum.
1440 578 1853 634 Octochordum

150 684 295 723 vero
328 669 801 739 diezeugmenon,
834 668 989 739 quod
1020 674 1104 722 est
1132 668 1505 738 disjunctum.
1555 670 1619 722 In
1660 669 1855 738 hepta-

149 756 377 810 chordo
400 756 554 809 enim
584 759 667 809 est
697 770 876 809 unum
906 755 1354 823 tetrachordum,
1384 755 1616 827 hypate,
1647 757 1855 827 parhy-

148 850 315 915 pate,
372 844 644 912 lichanos,
696 860 869 899 mese.
921 844 1091 899 Aliud
1136 861 1270 899 vero
1316 862 1492 911 mese,
1531 862 1849 916 paramese,

144 940 451 1005 panarete,
486 939 635 1001 nete,
671 934 809 989 dum
841 950 1039 988 mesen
1068 950 1307 989 nervum
1351 935 1599 989 secundo
1643 952 1853 991 nume-

144 1041 369 1091 ramus,
404 1029 576 1096 atque
606 1024 737 1078 ideo
775 1024 887 1079 duo
918 1024 1278 1079 tetrachorda
1324 1040 1429 1095 per
1478 1041 1671 1079 mesen
1708 1040 1852 1079 con-

138 1116 495 1186 junguntur.
542 1116 607 1170 ln
651 1113 992 1168 octochordo
1035 1130 1167 1168 vero
1217 1116 1494 1185 quoniam
1546 1119 1671 1170 octo
1721 1124 1854 1169 sunt

142 1205 409 1272 chordae,
447 1203 772 1275 superiores
821 1208 1091 1274 quatuor,
1142 1204 1199 1257 id
1244 1208 1329 1258 est
1373 1204 1607 1275 hypate,
1650 1206 1855 1277 parhy-

142 1299 307 1365 pate,
337 1294 614 1362 lichanos,
669 1309 846 1359 mese,
898 1308 1076 1347 unum
1126 1292 1553 1348 tetrachordum
1599 1295 1847 1365 explent.

142 1383 234 1437 Ab
266 1384 374 1437 hoc
403 1398 536 1436 vero
585 1381 935 1452 disjunctum
985 1386 1155 1454 atque
1203 1382 1495 1452 integrum
1544 1382 1775 1437 inchoat
1820 1399 1853 1436 a

141 1488 473 1543 paramese,
500 1470 979 1542 progrediturque
1009 1488 1113 1542 per
1136 1472 1312 1527 triten
1344 1477 1400 1527 et
1432 1478 1765 1544 paraneten,
1797 1477 1854 1527 et

141 1592 168 1617 ι
199 1563 433 1617 finitum
470 1561 541 1615 ad
591 1566 784 1628 neten,
838 1565 894 1614 et
943 1566 1027 1615 est
1065 1562 1392 1633 disjunctio,
1441 1579 1571 1634 qum
1617 1568 1853 1617 vocatur

138 1654 166 1694 ι»
210 1651 523 1706 diezeuxis.
568 1651 874 1721 Tonusque
905 1654 989 1705 est
1034 1650 1302 1705 distantia
1358 1667 1539 1706 meses
1584 1656 1640 1706 et
1687 1668 1856 1723 para-

138 1758 353 1796 meses.
394 1740 491 1795 Hic
528 1739 703 1809 igitur
734 1756 887 1793 mese
919 1744 1145 1794 tantum
1181 1741 1417 1812 quidem
1445 1758 1657 1796 nomen
1702 1742 1845 1797 obti-

138 1832 291 1885 nuit.
329 1832 454 1883 Non
498 1829 652 1883 enim
681 1829 1018 1899 'est{media
1055 1830 1356 1900 positione,
1401 1832 1537 1902 quia
1586 1831 1646 1885 in
1694 1836 1846 1886 octo-

136 1921 361 1975 chordo
385 1920 511 1974 dua:
548 1919 782 1989 quidem
812 1934 1040 1989 semper
1068 1919 1272 1974 media:
1318 1920 1702 1991 reperiuntur,
1749 1922 1847 1976 sed

135 2027 257 2065 una
291 2010 483 2063 media
522 2024 639 2062 non
680 2012 869 2079 potest
913 2008 1177 2063 inveniri.
1224 2010 1605 2080 Prophrastus
1654 2016 1848 2066 autem

139 2100 405 2171 periotes
434 2099 500 2153 ad
547 2098 869 2169 graviorem
912 2102 1135 2169 partem
1182 2115 1359 2154 unam
1406 2100 1626 2155 addidit
1674 2102 1847 2157 chor-

139 2192 305 2256 dam,
332 2194 397 2243 ut
440 2187 649 2242 faceret
676 2191 860 2242 totum
888 2188 1375 2243 enneachordum.
1402 2189 1538 2254 Quae
1569 2190 1847 2262 quoniam

140 2295 325 2351 super
351 2278 602 2349 hypaten
630 2280 714 2332 est
734 2277 944 2345 addita,
965 2278 1360 2350 hyperhypate
1382 2282 1467 2333 est
1495 2286 1843 2353 nuncupata.

138 2370 287 2434 Quae
319 2368 479 2439 prius
512 2365 743 2437 quidem
783 2367 920 2421 dum
977 2384 1184 2421 novem
1238 2369 1583 2425 chordarum
1623 2374 1848 2425 tantum

139 2462 295 2513 esset
335 2458 587 2526 cythara,
613 2456 1024 2528 .hyperhypate
1059 2457 1390 2514 vocabatur.
1450 2460 1611 2514 Nunc
1657 2465 1847 2515 autem

138 2547 403 2601 lichanos
456 2547 708 2617 hypaton
745 2545 952 2600 dicitur
982 2546 1108 2601 aliis
1163 2548 1567 2619 superadditis.
1617 2550 1680 2603 1n
1733 2566 1848 2620 quo

145 2637 360 2692 ordine
393 2639 563 2707 atque
591 2635 986 2702 instructione,
1022 2637 1293 2707 quoniam
1325 2638 1397 2693 ad
1418 2638 1665 2693 indicem
1700 2637 1848 2708 digi-

137 2733 272 2781 tum
299 2725 476 2790 venit,
500 2725 754 2779 lichanos
784 2726 1069 2797 appellata
1092 2730 1209 2793 ;est.
1259 2726 1367 2782 Sed
1410 2727 1517 2782 hoc
1563 2728 1849 2799 posterius
1958 2726 1965 2803 ξ

138 2814 469 2886 apparebit.
505 2814 668 2869 Nunc
701 2829 836 2868 vero
866 2815 1248 2870 enneachordi
1278 2817 1418 2871 ordo
1450 2817 1529 2870 sic
1558 2832 1617 2871 se
1655 2816 1846 2871 habet.

973 2918 1243 2982 TC:
1322 2912 1693 2977 Hyperhypate

958 3076 1004 3124 2
1034 3064 1244 3127 ΞΣ]
1319 3064 1521 3127 Hypate

1320 3214 1611 3278 Parbypate

1318 3382 1576 3433 Lichanos

962 3550 1247 3631 rt:
1320 3560 1461 3610 Mese

1318 3714 1591 3761 Paramcse

952 3895 993 3951 7
1026 3882 1251 3951 Li:
1317 3882 1454 3929 Trito,

1318 4034 1569 4082 Paranete

135 2924 871 4263 ζ

206 3749 292 3817 εξ

204 4312 485 4367 Hestiaeus
534 4314 923 4385 Colophonius
962 4316 1242 4370 decimam
1273 4315 1331 4368 in
1356 4310 1676 4383 graviorem
1708 4325 1835 4379 par—
1876 4311 1919 4364 D

127 4404 253 4454 tem
325 4403 611 4473 coaptavit
668 4405 962 4469 chordam,
1024 4404 1355 4459 Timotheus
1417 4417 1550 4455 vero
1593 4399 1839 4455 Milesius

128 4490 523 4547 undecimam.
582 4492 719 4556 Quae
792 4493 1064 4564 quoniam
1127 4508 1300 4564 super
1351 4492 1603 4561 hypaten
1668 4492 1839 4558 atque

128 4580 498 4649 parhypaten
533 4585 663 4635 sunt
694 4582 924 4649 additas,
948 4583 1155 4653 hypate
1185 4581 1420 4652 quidem
1456 4580 1710 4649 hypaton
1747 4593 1841 4629 vo-

127 4673 276 4719 catae
322 4672 459 4721 sunt
488 4669 649 4737 quasi
685 4670 948 4722 maxima:
992 4684 1335 4740 magnarum
1388 4670 1443 4719 et
1488 4663 1840 4734 gravissima

129 4757 426 4825 gravium,
476 4762 575 4811 aut
623 4759 965 4813 excellentes
1013 4758 1441 4813 excellentium.
1488 4753 1597 4807 Sed
1642 4755 1840 4805 vocata

128 4850 217 4898 est
266 4846 455 4915 prima
501 4847 651 4900 inter
700 4847 967 4901 undecim
1016 4847 1224 4918 hypate
1265 4846 1533 4915 hypaton.
1582 4841 1843 4895 Secunda

129 4951 272 4987 vero
308 4936 621 5006 parhypate
649 4937 919 5007 hypaton,
947 4937 1221 5007 quoniam
1242 4934 1417 5004 'juxta
1444 4931 1697 5001 hypaten
1730 4928 1843 4997 hy-

128 5027 313 5091 paton
362 5023 636 5077 collocata
684 5029 787 5079 est.
837 5025 1025 5078 Tertia
1064 5039 1193 5094 quae
1240 5022 1458 5075 dudum
1510 5019 1571 5071 in
1630 5032 1843 5071 ennea-

128 5112 352 5166 chordo
396 5114 709 5183 parhypate
751 5114 1078 5181 vocabatur,
1140 5112 1401 5166 lichanos
1448 5109 1705 5178 hypaton
1759 5108 1844 5159 est

127 5209 492 5271 nuncupata.
544 5202 759 5267 Quarta
830 5219 965 5257 vero
1024 5202 1233 5272 hypate
1292 5198 1599 5268 antiquum
1658 5194 1844 5248 tenuit

126 5307 373 5345 nomen.
408 5292 617 5356 Quinta
648 5292 983 5362 parhypate.
1026 5292 1190 5345 Sexta
1238 5289 1493 5342 lichanos
1535 5284 1839 5354 antiquum

128 5379 357 5434 scilicet
418 5382 633 5435 habens
684 5382 1043 5435 vocabulum.
1106 5379 1360 5449 Septima
1403 5393 1575 5430 mese.
1638 5375 1843 5429 Octava

129 5486 459 5541 paramese.
514 5471 674 5524 Nona
720 5473 873 5525 trite.
926 5470 1153 5524 Decima
1201 5471 1493 5540 paranete.
1534 5462 1843 5518 Undecima

128 5563 288 5613 nete.
330 5559 425 5612 Est
454 5558 633 5628 igitur
650 5576 834 5614 unum
868 5558 1297 5614 tetrachordum
1318 5556 1530 5627 hypate
1558 5552 1838 5622 hypaton,

206 5678 231 5701 ι
264 5650 500 5703 Finitur.
544 5652 569 5691 Ι)
604 5651 919 5705 Diazeuxis.

1958 2380 2279 2933 βξ(

2408 3089 2718 3472 θξξ

1961 503 2093 541 vero
2122 488 2351 559 hypate,
2382 488 2715 559 parhypate,
2750 490 3024 558 lichanos,
3056 508 3230 559 mese,
3262 498 3317 546 et
3363 494 3487 548 haec
3531 495 3660 565 qui-

1964 576 2095 631 dem
2145 578 2452 647 conjuncta
2510 584 2663 632 sunt.
2713 579 2967 633 Tertium
3016 597 3148 635 vero
3212 586 3297 635 est
3339 599 3657 652 paramese,

1961 666 2115 733 trite,
2169 672 2464 737 paranete,
2515 672 2664 721 nete.
2707 667 2809 722 Sed
2869 670 3144 738 quoniam
3203 670 3353 725 inter
3401 674 3661 742 superius

1961 755 2409 821 tetrachordum,
2455 757 2606 827 quod
2639 761 2721 810 est
2766 757 2976 827 hypate
3026 759 3296 830 hypaton,
3342 762 3659 832 parhypate

1962 845 2239 916 hypaton,
2275 845 2531 900 lichanos
2578 846 2851 916 hypaton,
2896 847 3105 917 hypate
3150 865 3371 915 meson,
3417 854 3473 903 et
3512 850 3663 905 inter

1962 934 2246 1002 infimum,
2298 935 2452 1005 quod
2482 938 2569 989 est
2601 951 2916 1005 paramese,
2946 936 3097 1004 trite,
3134 944 3429 1007 paranete,
3465 940 3529 993 fit
3557 956 3661 1009 po-

1962 1023 2169 1077 sitione
2210 1023 2463 1077 medium
2495 1024 2939 1092 tetrachordum,
2964 1028 3119 1096 quod
3153 1034 3235 1081 est
3262 1027 3493 1098 hypate,
3536 1045 3664 1099 par—

1962 1112 2187 1183 hypate.
2226 1112 2523 1180 Lichanos,
2573 1129 2748 1180 mese,
2803 1118 2986 1168 totum
3031 1116 3137 1170 hoc
3185 1117 3439 1171 medium
3489 1122 3661 1173 tetra-

1962 1202 2243 1256 chordum
2277 1218 2476 1256 meson
2504 1207 2766 1256 vocatum
2814 1207 2914 1269 est,
2958 1205 3120 1273 quasi
3164 1205 3505 1273 mediarum,
3558 1224 3665 1261 vo-

1962 1296 2237 1363 caturque
2319 1308 2447 1346 cum
2534 1292 2920 1346 additamento
3000 1293 3106 1347 hoc
3172 1295 3383 1365 hypate
3445 1312 3663 1363 meson,

1962 1380 2280 1451 parhypate
2327 1397 2545 1446 meson,
2599 1381 2852 1435 lichanos
2899 1398 3115 1450 meson,
3168 1400 3342 1437 mese.
3383 1384 3666 1449 Quoniam

1962 1486 2096 1524 vero
2124 1470 2278 1524 inter
2298 1471 2407 1525 hoc
2437 1487 2633 1525 meson
2659 1471 3109 1539 tetrachordum,
3137 1477 3193 1527 et
3220 1472 3481 1540 inferius,
3512 1474 3667 1544 quod

1961 1562 2045 1613 est
2077 1565 2365 1625 netarum,
2403 1560 2709 1630 disjunctio
2765 1564 2866 1629 est,
2916 1577 3099 1616 meses
3146 1562 3361 1616 scilicet
3408 1567 3464 1616 et
3510 1578 3668 1633 para-

1924 1708 1933 1724 .
1963 1664 2171 1716 meses,
2204 1648 2444 1702 inferius
2476 1664 2642 1703 omne
2681 1650 3103 1705 tetrachordum
3137 1651 3571 1720 disjunctarum,
3607 1653 3665 1706 id

1965 1742 2048 1792 est
2097 1738 2576 1808 diezeugmenon,
2626 1744 2887 1793 vocatum
2937 1745 3041 1807 est,
3095 1756 3224 1794 cum
3276 1740 3665 1794 additamento

1961 1825 2177 1879 scilicet
2204 1825 2353 1879 hoc:
2389 1841 2688 1895 paramese
2718 1824 3199 1897 diezeugmenon,
3234 1826 3365 1879 trite
3398 1826 3663 1896 diezeug-

1958 1930 2193 1981 menon,
2221 1920 2495 1984 paranete
2517 1914 2993 1985 diezeugmenon,
3033 1920 3163 1971 nete
3191 1914 3664 1987 diezeugmenon,

1956 2008 2022 2058 ut
2047 2003 2121 2057 sit
2148 2002 2455 2073 descriptio
2483 2003 2593 2058 hoc
2616 2004 2791 2058 modo
2831 2020 2844 2057 :

2654 2126 2720 2193 7‘1
2768 2144 2784 2193 ι
2825 2125 2922 2193 ιζ’-λ
2950 2128 3092 2135 “-“’“
3139 2118 3341 2180 Hypata
3370 2116 3605 2182 hypaton

2768 2144 2784 2193 ι
2860 2125 2922 2133 -λ
2950 2128 3092 2135 η’*
3139 2125 3341 2180 Hypata
3370 2125 3605 2182 hypaton

2748 2263 2783 2307 ολ
3139 2250 3433 2360 Patrhypate
3492 2252 3661 2315 hypa-

2752 2377 2793 2439 3
3142 2326 3400 2441 Licgiranos
3435 2393 3661 2451 hypaton

2714 2326 2722 2457 ι
2752 2377 2793 2439 3
2827 2326 3104 2451 Ξ,
3142 2326 3400 2441 magnos
3435 2393 3666 2457 hypaton

2828 2462 3105 2727 Ei]
3142 2524 3342 2587 Hypate
3376 2539 3559 2576 meson

3015 2684 3105 2726 -Δ
3144 2674 3436 2727 Parhvoate
3464 2690 3559 2726 me:

3015 2674 3105 2726 __.‘
3144 2674 3436 2739 Parhypate
3464 2690 3648 2727 meson

3145 2938 3289 2988 Mese

3147 3031 3418 3078 l‘aramese
3436 3030 3671 3096 diezeug-

3208 3105 3401 3140 11100011

3145 3153 3280 3200 Trite
3340 3154 3668 3219 diezeugme-

3208 3229 3313 3263 1100

3145 3278 3397 3327 Paranete
3427 3280 3671 3345 diezeug-

3205 3354 3401 3389 menon

2972 3412 3107 3469 -Ἷ
3144 3402 3271 3451 Nete
3342 3404 3670 3468 diezeugme—

2971 3483 3097 3490 “’”“⁴
3206 3478 3316 3513 non

1958 3539 2050 3592 Est
2082 3537 2259 3609 igitur
2287 3539 2377 3594 hic
2409 3540 2557 3594 inter
2587 3558 2930 3611 paramesen
2978 3560 3042 3599 ac
3084 3560 3279 3598 mesen
3320 3546 3649 3616 disjunctio,

1956 3635 2131 3699 atque
2161 3629 2288 3683 ideo
2312 3629 2769 3700 diezeugmenon
2800 3634 3224 3687 tetrachordum
3254 3634 3362 3688 hoc
3394 3643 3658 3692 vocatum

1959 3723 2061 3770 est.
2118 3718 2275 3781 Quod
2326 3719 2372 3771 si
2414 3736 2706 3789 paramese
2747 3722 3064 3789 auferatur,
3102 3727 3160 3775 et
3191 3723 3263 3775 sit
3305 3740 3457 3778 mese
3506 3728 3659 3796 trite,

2854 2837 3108 2862 ._____.:

2876 3006 3074 3041 ιδ-ιιιιαι
3081 3008 3102 3040 ς

1946 3812 2249 3874 paranete,
2275 3811 2424 3871 nete,
2472 3822 2606 3859 tunc
2643 3807 2970 3875 conjuncta,
3017 3809 3077 3862 id
3128 3815 3212 3863 est
3258 3827 3658 3883 synemmena,

1957 3898 2127 3947 erunt
2155 3894 2263 3946 tria
2302 3894 2677 3962 tetrachorda,
2713 3896 3120 3968 vocabiturque
3165 3899 3435 3955 ultimum
3486 3908 3653 3958 tetra-

1956 3982 2232 4037 chordum
2266 3998 2681 4052 synemmenon
2715 3984 2822 4037 hoc
2861 3986 3034 4039 modo
3069 4002 3081 4039 :

3252 4079 3452 4141 Hypate
3509 4080 3673 4144 hypa-

3314 4146 3405 4188 ton

3254 4229 3544 4293 Parhypate
3574 4232 3674 4297 hy-

3315 4299 3473 4353 paton

3255 4381 3533 4445 Lycbanos
3583 4384 3677 4446 hy-

3314 4449 3474 4507 paton

3256 4560 3460 4623 Hypate
3492 4575 3678 4610 meson

3258 4684 3549 4747 Parhypate
3576 4700 3679 4749 me-

3318 4760 3413 4793 80D

3257 4835 3515 4884 Lichanos
3566 4852 3680 4887 me-

3318 4912 3413 4946 SOI]

3256 4960 3395 5010 Mese
3462 4977 3679 5025 synem-

3319 5038 3440 5073 men

3256 5106 3393 5154 Trite
3464 5118 3648 5168 synem

3320 5180 3442 5216 men

3262 5260 3513 5307 Paranete
3596 5269 3682 5317 sy-

3323 5330 3568 5367 nemmen

2863 5419 3233 5511 19—:
3261 5411 3633 5518 Nertlfensynem
