4104 6176
415 302 550 354 1187

417 459 527 514 Sed
558 453 832 527 quoniam
860 449 919 504 in
958 448 1062 502 hac
1095 445 1181 499 vel
1225 445 1283 497 in
1311 439 1604 510 superiore
1651 432 2102 491 hendecachordi
2155 435 2195 485 Α

419 524 787 618 dispositione
833 554 1004 604 mese,
1039 552 1164 606 quae
1206 537 1440 604 propter
1489 528 1736 582 mediani
1781 524 2102 577 collocatio-

420 613 552 690 nem
577 634 654 686 ita
691 635 885 684 vocata
925 633 1029 692 est,
1068 630 1195 678 nete
1246 621 1505 692 proxima
1553 616 1788 680 accedit,
1842 619 1897 666 et
1940 613 2106 679 longe

421 726 489 780 ab
532 722 756 794 hypatis
805 717 1021 772 ultimis
1073 715 1263 779 distat,
1324 724 1428 763 nec
1479 706 1775 777 proprium
1826 701 2105 756 distantiae

421 792 629 867 retinet
666 811 873 874 locum,
907 805 1060 859 aliud
1089 817 1269 856 unum
1300 795 1724 853 tetrachordum
1777 792 2107 861 adjunctum

422 905 527 966 est,
553 913 725 968 super
755 900 924 949 neten
955 893 1428 960 diezeugmenon,
1458 901 1580 956 qua:
1614 881 1889 952 quoniam
1918 894 2110 948 supcr-

423 989 665 1042 vadebat
715 984 978 1039 acumine
1032 985 1192 1034 netas
1249 976 1512 1046 superius
1567 971 1890 1036 collocatas,
1940 982 2109 1020 omne

417 1078 559 1132 illud
618 1073 1045 1131 tetrachordum
1106 1067 1499 1140 liyperholeon
1548 1067 1809 1116 vocatum
1871 1062 1952 1110 est
2004 1056 2111 1108 hoc

420 1167 589 1222 modo
617 1183 628 1220 ε

1509 1499 1709 1560 llypate
1735 1496 1988 1558 hypaton.

947 1499 1103 1572 :25?"
1115 1489 1413 1550 Tm“
1509 1541 1511 1545 .

671 1533 874 1707 //
913 1671 924 1676 _
1090 1516 1488 1707 LL:

911 1673 948 1707 -ζζ
977 1673 984 1707 Ι
1021 1681 1056 1707 cs

580 1707 753 1853 //

509 1853 686 2125 λβ

480 2056 563 2125 /s
1153 1962 1526 2125 “:3?

1147 2135 1186 2207 ε

1157 2300 1198 2361 7

475 2410 530 2505 ξ
1149 2411 1187 2470 a

496 2534 545 2631 Ξ
915 2561 977 2648 -ε
1161 2545 1198 2621 9

920 2653 977 2778 εξ
1147 2702 1207 2746 ιο

923 3007 997 3080 ,ἒ

873 3235 1232 3327 ..η’-ξιιμ

1511 1615 1800 1676 Parhypate
1830 1613 2082 1676 hypaton.

1515 1762 1778 1812 Lichanos
1802 1757 2058 1821 hypaton.

1519 1884 1557 1931 Η
1565 1887 1717 1946 ypate
1747 1895 1930 1928 meson

1523 2031 1813 2094 Par-hypate
1839 2041 2020 2077 meson

1525 2159 1788 2207 Lichanos
1823 2169 2003 2204 meson

1529 2303 1662 2351 Mese

1533 2427 1804 2474 Paramese

1531 2551 1666 2599 Trite
1697 2549 2109 2610 diezeugmenon

1534 2700 1782 2748 Peranete
1811 2695 2101 2756 diezeugm.

1533 2826 1656 2873 Nete
1685 2823 2104 2884 diezungmenon

1533 2945 1669 2992 Trite
1692 2937 2050 3003 hyperbolcon

1538 3081 1787 3128 Puranete
1820 3071 2092 3138 hyperbol.

1536 3252 1659 3300 Nete
1686 3246 2046 3312 hyperboleon

441 3628 550 3684 Sed
581 3625 853 3698 quoniam
899 3638 1097 3678 rursus
1126 3636 1278 3675 mese
1322 3635 1440 3674 non
1470 3622 1591 3672 erat
1621 3618 1744 3671 loco
1780 3615 1986 3681 media,
2038 3615 2135 3669 sed

441 3717 624 3787 magis
650 3714 876 3786 hypatis
915 3711 1236 3777 accedebat,
1288 3708 1499 3764 idcirco
1532 3723 1703 3778 super
1751 3707 1990 3776 hypatas
2033 3706 2136 3776 hy-

440 3811 613 3877 paton
651 3804 838 3858 addita
869 3807 952 3857 est
984 3817 1094 3857 una
1121 3799 1356 3865 chorda,
1390 3814 1516 3869 quae
1551 3796 1758 3851 dicitur
1788 3794 2137 3865 proslamba-

440 3909 750 3959 nomenos;
785 3893 856 3946 ab
888 3890 1177 3962 aliquibus
1224 3893 1416 3943 autem
1467 3885 1862 3958 prosmelodos
1906 3883 2134 3947 dicitur,

440 3987 576 4038 tono
597 3983 824 4053 integro
857 3981 1073 4036 distans
1101 3979 1170 4033 ab
1204 3995 1270 4033 ea
1303 3994 1431 4048 quas
1479 3978 1563 4030 est
1610 3975 1820 4046 hypate
1861 3973 2132 4042 hypaton.

445 4074 510 4128 Et
561 4073 685 4144 ipsa
733 4071 986 4142 quidem,
1037 4069 1094 4123 id
1141 4071 1226 4122 est
1271 4065 1876 4137 proslambanomenos
1917 4079 1948 4114 a
1982 4077 2136 4114 mese

444 4166 639 4216 octava
673 4164 776 4226 est,
809 4174 1085 4213 resonans
1124 4173 1254 4210 cum
1289 4173 1354 4210 ea
1383 4155 1658 4226 diapason
1710 4150 2132 4223 symphoniam,

445 4252 758 4320 eademque
792 4248 860 4302 ad
891 4247 1162 4300 lichanon
1213 4245 1465 4316 hypaton
1508 4245 1732 4296 resonat
1784 4240 2137 4294 diatessaron

1724 280 1841 333 AN.
1889 274 2102 329 MANL.
2143 270 2289 326 SEV.
2331 268 2571 324 BOETIi

2321 749 2341 808 Ι.

2331 928 2363 959 ις

2346 1006 2383 1063 ε

2259 1177 2296 1233 Ξ

2263 1299 2308 1327 ε-
2553 1303 2556 1307 .

2246 1335 2318 1380 Si

2246 1390 2292 1418 σε
2316 1417 2318 1420 .

2250 1450 2294 1489 ,ΣΕ

2250 1497 2296 1532 εει

2347 1441 2556 1855 5/

2344 1817 2386 1859 ’ἐι

2361 1860 2425 1970 ’\

3779 255 3907 305 1188

3401 413 3849 462 Proslambanom.

2741 437 3084 458 6;

3402 522 3602 586 Hypate
3627 522 3860 585 hypaton

3403 665 3626 728 Parhyp.
3650 665 3834 728 hypat.

3406 783 3663 831 Lichanos
3689 781 3866 845 hypat.

2576 902 2638 1002 /
2675 902 2710 1002 Ἰ
2839 902 3026 993 ﬁn",
3406 918 3608 980 llypate
3639 928 3828 964 meson

2623 1040 2652 1059 ω
2835 1003 3012 1062 Semita
3064 1003 3071 1018 ⁸
3237 1003 3257 1022 ²

2608 1003 2681 1126 ξεί(
2833 1084 2919 1125 ,ιω
3406 1050 3631 1113 Parbyp.
3659 1061 3844 1097 meson

2623 1137 2653 1166 θ
3064 1137 3072 1145 ”
3249 1137 3276 1164 ιξ

2609 1137 2701 1241 ελ
2819 1144 3012 1200 Tum”
3409 1184 3667 1234 Lichanos
3695 1195 3876 1231 meson

3407 1319 3455 1367 Μ

3461 1331 3544 1367 ese

2840 863 2887 915 Τ

2928 887 3009 917 nus

3155 434 3298 505 PT

3158 562 3353 701 Ε

3235 981 3267 1022 r

3249 1130 3276 1164 α

3165 1395 3354 1439 Ib,

3412 1449 3688 1496 Paramese

2263 1265 2294 1292 π

2263 1299 2308 1327 :3.

2261 1335 2292 1362 ca

2246 1368 2292 1418 τὲ

2263 1450 2294 1489 :2

2250 1483 2296 1532 ea

2625 1476 2710 1583 »ί
2817 1476 2998 1553 Tom
3069 1476 3282 1583 FH”?

2613 1547 2691 1674 ἑ(
2831 1583 2992 1638 Semita
3409 1592 3549 1640 Trite
3580 1590 3874 1652 diezeugm.

2347 1632 2370 1704 /
2613 1632 2682 1718 ξ-
2831 1632 2968 1707 Elim
3073 1632 3361 1759 ς
3419 1632 3548 1640 ”’”
3583 1632 3873 1652 “”’”⁰’”

2347 1632 2424 1829 g/
2816 1716 2982 1769 Tomi:
3077 1632 3370 1829 [η’
3416 1721 3668 1768 Pnranete
3697 1717 3927 1778 diezung.

3259 1810 3282 1841 e

3178 1851 3371 1913 7:1
3416 1853 3542 1900 Nete
3571 1851 3900 1911 diezenngni.

2277 1967 2320 2020 \
2654 1901 2755 2048 Logi
3415 1987 3552 2035 Trita
3581 1983 3861 2048 hyperbol-

2310 2122 2312 2125 .
2404 2044 2549 2142 \\
2653 2044 2755 2142 [ξι
2825 2044 2969 2142 ὲέῗ
3087 2044 3365 2142 UE

3183 2117 3372 2181 =1
3421 2123 3675 2170 Paranete
3705 2117 3917 2181 hyperb.

3421 2203 3546 2250 Nete
3571 2173 3853 2263 hyperbol.

2897 2953 3123 3007 CAPUT
3165 2952 3293 3005 XXI.

2680 3115 2752 3166 De
2781 3110 3065 3178 generibus
3101 3111 3512 3165 cantilenarum.

2325 3274 2421 3329 llis
2470 3273 2646 3344 igitur
2677 3271 2976 3342 expeditis,
3034 3270 3336 3325 dicendum
3387 3274 3474 3323 est
3521 3269 3591 3322 de
3641 3265 3941 3338 generibus

2247 3364 2555 3416 melorum.
2605 3361 2747 3415 Sunt
2804 3364 2995 3413 autem
3036 3359 3142 3412 tria
3186 3359 3502 3422 diatonum,
3545 3357 3808 3421 chroma,
3850 3371 3941 3408 en-

2247 3449 2641 3515 harmonium,
2674 3451 2730 3501 et
2757 3447 3106 3501 diatonicum
3139 3447 3396 3518 quidem,
3425 3446 3726 3517 aliquanto
3754 3444 3941 3499 durius

2246 3545 2301 3594 et
2333 3538 2664 3593 naturalius.
2692 3538 2939 3591 Chroma
2969 3553 3101 3591 vero
3133 3542 3216 3590 est
3237 3536 3357 3607 jam
3390 3535 3554 3606 quasi
3607 3535 3678 3587 ab
3714 3534 3813 3587 illa
3857 3548 3943 3586 na-

2249 3628 2422 3682 turali
2455 3626 2770 3680 intentione
2815 3634 2839 3659 α
2888 3627 3256 3690 descendens,
3304 3630 3362 3678 et
3412 3625 3472 3677 in
3521 3623 3757 3677 mollius
3801 3622 3942 3676 deci-

2245 3718 2403 3772 dens.
2449 3715 2901 3769 Enharmonium
2933 3731 3064 3768 vero
3087 3715 3302 3784 optime
3348 3717 3519 3783 atque
3553 3717 3686 3782 apte
3719 3714 3944 3781 conjun-

2245 3811 2418 3860 ctum.
2464 3796 2603 3858 Cum
2631 3804 2746 3857 sint
2771 3803 2948 3872 igitur
2969 3802 3224 3874 quinque
3252 3794 3636 3860 tetrachorda.
3670 3801 3940 3870 hypaton,

2245 3908 2466 3960 meson,
2514 3908 2949 3963 synemmenon,
2992 3891 3467 3960 diezeugmenon,
3522 3889 3940 3960 hyperboleon;

2246 3983 2305 4036 in
2355 3982 2444 4036 his
2477 3982 2740 4035 omnibus
2791 3981 3107 4034 secundum
3139 3981 3437 4034 diatonum
3479 3979 3790 4032 cantilena:
3836 3994 3947 4049 pro-

2245 4072 2391 4125 cedit
2422 4086 2524 4124 vox
2555 4086 2658 4138 per
2689 4069 3082 4133 semitonium,
3134 4073 3335 4122 tonum
3376 4084 3438 4120 ac
3478 4071 3704 4132 tonum,
3745 4068 3806 4120 in
3841 4083 3944 4119 uno

2245 4160 2626 4214 tetrachordo.
2680 4159 2894 4212 Rursus
2945 4157 3002 4211 in
3048 4158 3161 4212 alio
3214 4157 3572 4212 tetrachordo
3621 4173 3726 4227 per
3773 4156 3946 4210 semi-

2247 4248 2468 4303 tonium
2501 4253 2701 4302 tonum
2731 4252 2786 4302 et
2808 4253 3006 4302 tonum
3040 4263 3101 4301 ac
3121 4247 3408 4318 deinceps.
3441 4246 3690 4316 Ideoque
3718 4248 3946 4299 vocatur

445 4340 517 4395 ad
546 4313 832 4409 quartam,
866 4336 1078 4389 scilicet
1109 4313 1515 4406 quaelichanos
1549 4333 1803 4402 hypaton
1835 4329 1905 4382 ad
1937 4343 2126 4381 meson

2256 4337 2602 4393 diatonicum
2659 4336 2821 4408 quasi
2868 4337 3024 4408 quod
3102 4353 3206 4407 per
3248 4341 3446 4390 tonum
3497 4353 3559 4388 ac
3607 4351 3712 4405 per
3753 4339 3946 4388 tonum

445 4431 674 4482 resonat
705 4426 973 4496 diapente
1004 4421 1429 4494 symphoniam,
1479 4425 1536 4475 et
1581 4425 1665 4474 est
1691 4419 1761 4473 ab
1802 4435 1869 4473 ea
1915 4417 2132 4489 quinta.

447 4517 663 4572 Rursus
720 4530 874 4568 mese
930 4529 962 4566 a
1005 4528 1301 4582 paramese
1339 4510 1512 4564 distat
1555 4514 1713 4575 tono,
1752 4523 1881 4577 quae
1936 4507 2136 4560 eadem

448 4621 604 4660 mese
634 4604 704 4657 ad
734 4609 911 4657 neten
939 4601 1395 4670 diezeugmenon
1426 4597 1686 4668 quintam
1709 4595 1841 4649 facit
1873 4595 2137 4665 diapente

447 4692 900 4748 consonantiam.
959 4689 1096 4755 Qua:
1145 4695 1274 4744 nete
1337 4688 1790 4757 diezeugmenon
1832 4685 1903 4738 ad
1970 4690 2139 4738 neten

447 4782 839 4853 hyperboleon
893 4784 1176 4850 quartam,
1222 4778 1355 4833 facit
1431 4776 1780 4831 diatessaron
1820 4790 2138 4829 consonan-

449 4871 605 4926 tiam.
662 4873 724 4925 Et
766 4869 1367 4940 proslambanomenos
1419 4867 1488 4920 ad
1544 4869 1716 4920 neten
1751 4863 2142 4936 hyperboleon

449 4960 637 5016 reddit
662 4959 1029 5029 bisdiapason
1049 4956 1479 5014 consonantiam
1509 4955 1616 5010 hoc
1644 4953 1814 5009 modo
1843 4969 1855 5006 :

531 5614 553 5638 ⁸
595 5605 899 5659 Discedens.
975 5614 1000 5654 b
1042 5603 1308 5655 Ditonum.

2247 4425 2674 4498 progrediatur.
2754 4426 3003 4479 Chroma
3069 4430 3261 4479 autem
3317 4423 3472 4494 quod
3522 4422 3733 4476 dicitur
3777 4423 3946 4484 color,

2247 4515 2409 4586 quasi
2449 4516 2570 4586 jam
2611 4513 2684 4569 ab
2727 4513 3058 4584 hujusmodi
3110 4514 3431 4568 intentione
3470 4511 3660 4582 prima
3709 4512 3948 4566 mutatio

2248 4608 2512 4659 cantatur
2542 4619 2644 4673 per
2676 4603 3046 4657 semitonium
3084 4607 3140 4656 et
3187 4601 3557 4655 semitonium
3602 4605 3659 4654 et
3709 4601 3817 4653 tria
3866 4615 3948 4653 se-

2249 4693 2511 4748 mitonia.
2589 4693 2728 4746 'I‘ota
2791 4693 2945 4746 enim
3011 4691 3363 4746 diatessaron
3429 4689 3801 4745 consonantia
3870 4694 3949 4742 est

2249 4785 2493 4840 duorum
2525 4787 2794 4836 tonorum
2822 4797 2885 4835 ac
2923 4781 3234 4849 semitonii,
3289 4781 3385 4836 sed
3418 4796 3536 4834 non
3567 4779 3744 4851 pleni.
3781 4781 3948 4835 Trac-

2249 4877 2373 4927 tum
2413 4877 2499 4926 est
2525 4874 2731 4942 autem
2791 4870 2900 4924 hoc
2955 4871 3294 4925 vocabulum
3342 4873 3407 4924 ut
3455 4869 3743 4924 diceretur
3795 4869 3949 4922 chro-

2251 4978 2345 5016 ma
2401 4977 2434 5015 a
2491 4960 2924 5032 superﬁciebus,
3001 4977 3128 5032 qua:
3191 4976 3320 5015 cum
3394 4963 3821 5031 permutantur,
3893 4958 3948 5011 in

2254 5051 2431 5105 alium
2461 5054 2762 5105 transeunt
2805 5052 3074 5106 colorem.
3127 5049 3582 5116 Enharmonium
3622 5065 3758 5103 vero
3800 5046 3947 5119 quod

2255 5143 2341 5194 est
2370 5139 2554 5209 magis
2594 5145 2939 5211 coaptatum,
2999 5145 3085 5194 est
3129 5140 3281 5212 quod
3337 5144 3601 5194 cantatur
3653 5139 3713 5194 in
3766 5137 3948 5193 omni-

2254 5229 2360 5284 bus
2406 5229 2784 5284 tetrachordis
2824 5245 2926 5301 per
2973 5229 3156 5284 diesin
3186 5232 3242 5284 et
3265 5228 3449 5283 diesin
3484 5233 3540 5283 et
3568 5229 3592 5271 δ
3633 5227 3945 5282 diatonum.

2257 5317 2439 5373 Diesis
2489 5322 2681 5373 autem
2729 5322 2813 5373 est
2861 5318 3156 5374 semitonii
3195 5317 3520 5382 dimidium,
3571 5320 3635 5371 ut
3663 5316 3736 5371 sit
3778 5316 3946 5370 trium

2257 5424 2536 5479 generum
2587 5408 2917 5480 descriptio,
2948 5425 3051 5480 per
3092 5407 3290 5464 omnia
3326 5407 3691 5463 tetrachorda
3729 5406 3948 5462 discur-

2256 5511 2387 5552 rens
2413 5497 2523 5553 hoc
2544 5497 2716 5554 modo
2751 5514 2765 5552 2
3842 5487 3850 5492 ’
