4104 6176
152 300 295 353 1189

874 491 1139 573 θήκωαὶ
1150 508 1233 575 cii;

285 588 1677 841 m

343 894 683 944 semitonium
936 903 1097 949 tonus
1385 909 1542 956 tonus

310 1460 652 1510 semitonium
698 1486 701 1489 <
808 1465 1154 1516 semitonium
1282 1468 1382 1517 tria
1407 1469 1686 1518 semitonia

425 1601 1570 1676 imm

433 1664 1570 1866 Ὁ

907 1916 1079 1967 Diesis

795 2052 1018 2109 CAPUT
1052 2055 1206 2109 XXII.

160 2171 237 2226 De
286 2168 477 2225 ordine
524 2169 851 2226 chordan
900 2172 1318 2243 nominibusque
1370 2175 1431 2227 in
1486 2174 1661 2230 tribus
1700 2191 1857 2244 gene-

914 2261 1087 2316 ribus.

808 1465 1154 1516 semitonium

836 1670 1027 1677 *ςυ-

529 1915 696 1965 Diesis
907 1916 1079 1967 Diesis
1270 1919 1496 1969 Ditonus

228 2386 393 2440 Nunc
425 2385 602 2455 igitur
632 2384 773 2439 ordo
805 2385 1150 2441 chordarum
1182 2387 1575 2458 disponendus
1613 2394 1698 2444 est
1736 2407 1857 2445 om-

158 2476 323 2530 nium
357 2490 488 2546 quae
515 2490 616 2545 per
644 2475 756 2528 tria
781 2490 994 2545 genera
1032 2475 1345 2546 variantur,
1377 2479 1465 2532 vel
1506 2478 1854 2535 inconstanti

157 2566 359 2619 ordine
400 2564 802 2635 disponuntur.
848 2564 1038 2619 Prima
1082 2570 1164 2619 est
1209 2565 1385 2636 igitur
1430 2568 1859 2637 proslambano-

155 2670 374 2723 menos,
411 2670 539 2725 quae
585 2653 783 2708 eadem
840 2654 1051 2709 dicitur
1098 2655 1527 2725 prosmelodos;
1580 2658 1849 2727 secunda,

147 2744 358 2815 hypate
400 2744 684 2814 hypaton;
742 2742 909 2798 tertia
953 2743 1268 2815 parhypate
1302 2745 1593 2816 hypaton;
1642 2753 1851 2817 quarta

152 2848 290 2886 vero
325 2831 727 2886 universaliter
771 2831 1003 2903 quidem
1056 2831 1314 2887 lichanos
1351 2834 1693 2905 appellatur.
1741 2836 1848 2891 Sed

156 2923 204 2976 si
234 2924 293 2976 in
321 2923 554 2977 diatono
593 2938 802 2993 genere
841 2930 866 2956 α
914 2925 1161 2993 aptetur,
1196 2922 1403 2977 dicitur
1446 2923 1705 2979 lichanos
1752 2926 1851 2998 hy-

1594 308 1683 361 DE
1723 308 1975 365 MUSICA
2017 308 2147 362 LIB.
2196 308 2234 361 l.

3530 317 3667 374 1190

1897 443 1943 495 Α
1973 453 1995 481 ε
2026 440 2311 493 diatonico
2343 440 2577 511 quidem
2610 457 2839 511 genere,
2876 442 3133 496 diatonos
3166 460 3383 500 meson.
3415 448 3476 500 ln
3507 449 3669 502 chro-

1972 534 2142 596 mate,
2179 529 2433 582 lichanos
2474 545 2670 582 meson
2700 528 3082 595 chromaticen,
3120 533 3203 585 vel
3243 533 3502 589 diatonos
3547 553 3665 591 me-

1971 634 2073 671 son
2142 618 2520 671 chromaticse.
2564 619 2625 670 In
2697 619 3074 673 enharmonio
3139 622 3398 676 diatonos
3466 641 3666 680 meson

1971 706 2402 772 enharmonios,
2439 707 2520 759 vel
2556 707 2812 759 lichanos
2859 725 3056 761 meson
3089 710 3513 767 enharmonios.
3554 716 3661 770 Has

1970 796 2233 866 sequitur
2266 811 2437 849 mese.
2473 797 2604 848 Post
2636 796 2780 848 hanc
2812 802 2944 849 sunt
2990 797 3102 851 duo
3132 802 3495 855 tetrachorda
3525 819 3664 872 par-

1970 884 2072 937 tim
2105 900 2542 954 synemmenon,
2580 884 2786 953 partim
2820 885 3294 955 diezeugmenon.
3349 891 3412 943 Et
3442 907 3665 962 synem-

1969 987 2181 1026 menon
2237 978 2320 1026 est
2378 973 2528 1043 quod
2574 978 2702 1042 post
2752 990 2945 1027 mesen
2992 975 3248 1044 ponitur,
3295 977 3354 1031 id
3405 984 3486 1032 est
3533 980 3662 1033 triti-

1969 1078 2402 1131 synemmenon.
2446 1061 2660 1115 Dehinc
2699 1063 2951 1116 lichanos
2983 1081 3414 1134 synemmenon,
3465 1070 3657 1121 eadem

1967 1153 1989 1193 ἀ
2023 1150 2080 1204 in
2142 1151 2428 1204 diatonico
2473 1152 2732 1205 diatonos
2771 1168 3207 1221 synemmenon.
3258 1156 3321 1207 In
3369 1156 3660 1209 chromam

1969 1255 2100 1293 vero
2124 1240 2210 1293 vel
2263 1240 2524 1294 diatonos
2559 1257 2972 1311 synemmenon
3022 1243 3404 1311 chromaticen,
3452 1247 3536 1298 vel
3594 1248 3659 1297 li—

1968 1328 2180 1383 chanos
2252 1345 2668 1399 synemmenon
2729 1330 3108 1384 chromaticae.
3173 1333 3228 1386 [n
3285 1334 3661 1388 enharmonin

1967 1434 2101 1471 vero
2172 1419 2259 1471 vel
2324 1418 2585 1472 diatonos
2644 1436 3058 1490 synemmenon
3098 1422 3523 1491 enharmonios,
3573 1427 3661 1479 vel

1968 1506 2222 1560 lichanos
2279 1524 2689 1577 synemmenon
2745 1510 3169 1564 enharmonios.
3219 1514 3348 1566 Post
3395 1514 3497 1567 has
3533 1520 3661 1568 nete

1967 1610 2398 1664 synemmenon.
2432 1597 2489 1651 Si
2525 1614 2655 1650 vero
2684 1614 2835 1651 mese
2880 1615 3053 1653 nervo
3098 1616 3219 1654 non
3245 1601 3316 1655 sit
3345 1618 3661 1672 synemme-

1968 1699 2083 1736 non
2107 1684 2531 1739 tetrachordum
2561 1686 2917 1756 adjunctum,
2953 1688 3050 1741 sed
3083 1690 3154 1741 sit
3182 1690 3659 1759 diezeugmenon,

1967 1776 2050 1825 est
2079 1778 2203 1843 post
2227 1789 2422 1828 mesen
2441 1791 2758 1844 paramese.
2793 1776 3005 1829 Dehinc
3026 1777 3158 1831 trite
3187 1777 3657 1849 diezeugmenon,

1965 1861 2098 1915 inde
2130 1862 2382 1916 lichanos
2422 1864 2896 1934 diezeugmenon,
2936 1881 3086 1935 quae,
3114 1866 3173 1919 in
3205 1867 3457 1929 diatono,
3492 1869 3660 1922 diato-

1964 1966 2067 2004 nos
2097 1951 2571 2021 diezeugmenon.
2628 1954 2693 2006 In
2744 1953 3033 2007 chromate
3079 1958 3202 2008 tum
3252 1956 3511 2009 diatonos
3548 1957 3661 2011 die-

1967 2054 2324 2109 zeugmenon
2347 2041 2734 2109 chromaticae,
2766 2046 2885 2095 tum
2918 2043 3174 2096 lichanos
3207 2044 3660 2115 diezeugmenon

1966 2128 2349 2184 chromaticen.
2386 2132 2449 2185 ln
2476 2130 2850 2183 enharmonio
2881 2147 3014 2184 vero
3067 2138 3189 2185 tum
3223 2133 3485 2187 diatonos
3538 2135 3656 2188 die-

1965 2217 2900 2288 zeugmenon§enharmonios,tum
2926 2219 3181 2273 lichanos
3199 2220 3657 2292 diezeugmenon

1966 2306 2390 2360 enharmonios.
2438 2306 2648 2360 Eadem
2681 2324 2816 2362 vero
2849 2308 3057 2361 dicitur
3086 2314 3141 2363 et
3183 2318 3477 2379 paranete,
3526 2327 3656 2365 cum

1963 2394 2251 2449 additione
2283 2397 2365 2449 vel
2388 2396 2628 2464 diatoni,
2657 2398 2745 2450 vel
2775 2398 3102 2465 chromatis,
3138 2398 3239 2465 tvel
3272 2399 3652 2454 enharmonii.

1962 2485 2146 2555 Super
2196 2486 2298 2538 has
2369 2490 2497 2539 nete
2542 2485 3019 2557 diezeugmenon,
3061 2488 3193 2542 trite
3240 2488 3653 2558 hyperboleon,

1962 2578 2233 2644 paranete
2270 2572 2682 2644 hyperboleon,
2718 2580 2846 2629 nete
2876 2576 3284 2645 hyperboleon,
3319 2583 3378 2631 et
3412 2594 3539 2647 qua)
3574 2582 3659 2631 est

1960 2666 2233 2732 paranete
2269 2661 2683 2732 hyperboleon,
2710 2663 2908 2717 eadem
2932 2664 2991 2716 in
3016 2664 3243 2718 diatono
3268 2665 3530 2719 diatonos
3554 2667 3656 2737 hy-

1958 2751 2291 2820 perboleon.
2320 2752 2379 2803 ln
2396 2750 2686 2805 chromate
2698 2768 2830 2805 vero
2846 2752 3207 2807 chromaticae
3220 2754 3650 2823 hyperboleon;

1958 2839 2020 2892 in
2034 2837 2411 2892 enharmonio
2426 2854 2558 2892 vero
2573 2840 2979 2892 enharmonios
3000 2840 3410 2910 hyperboleon.
3444 2844 3591 2895 Haru
3603 2859 3654 2895 m

1958 2928 2159 2981 ultima
2175 2944 2240 2981 ea
2251 2933 2335 2981 est
2362 2944 2489 2997 quae
2508 2932 2591 2980 est
2606 2934 2733 2980 nete
2752 2928 3162 2999 hyperboleon,
3180 2934 3232 2984 et
3248 2930 3320 2984 sit
3348 2930 3658 3001 descriptio

154 3017 331 3084 paton
362 3012 643 3067 diatonos.
667 3011 725 3065 Si
746 3027 877 3065 vero
909 3011 967 3065 in
1000 3012 1316 3081 chromate,
1352 3013 1560 3069 dicitur
1592 3014 1850 3069 diatonos
1892 3034 1931 3088 ο
1965 3017 2250 3087 ejusmodi
2274 3021 2337 3070 ut
2366 3016 2542 3069 trium
2575 3033 2852 3086 generum
2889 3018 3179 3072 contineat
3222 3019 3658 3089 dispositionem

154 3102 543 3166 chromaticaa,
610 3102 698 3156 vel
759 3101 1016 3156 lichanos
1062 3101 1322 3174 hypaton
1373 3103 1756 3159 chromaticzn.
1794 3105 1852 3160 Si

154 3198 346 3247 autem
381 3192 441 3245 in
475 3191 870 3259 enharmonio,
905 3191 1114 3246 dicitur
1150 3192 1404 3246 lichanos
1448 3193 1703 3263 hypaton
1742 3210 1847 3248 en-

152 3280 506 3349 harmonios,
540 3281 626 3335 vel
658 3280 918 3335 diatonos
951 3280 1206 3352 hypaton
1246 3281 1670 3335 enharmonios.
1715 3284 1847 3338 Post

152 3372 301 3427 hanc
331 3374 565 3424 vocatur
594 3368 800 3440 hypate
848 3385 1076 3437 meson;
1120 3370 1329 3424 dehinc
1370 3370 1684 3442 parhypate
1722 3388 1843 3427 me-

153 3477 284 3528 son;
347 3463 520 3531 atque
573 3461 598 3502 b
660 3458 751 3513 hic
797 3458 1052 3514 lichanos
1103 3474 1304 3514 meson
1356 3458 1715 3531 simpliciter.
1780 3461 1843 3515 In

1969 3106 2029 3160 in
2052 3107 2259 3177 quibus
2298 3111 2353 3160 et
2380 3106 2810 3160 similitudinem
2841 3107 3152 3174 nominum
3183 3113 3240 3161 et
3278 3108 3658 3163 differentiam

1961 3196 2309 3266 pernotabis,
2343 3200 2408 3249 ut
2445 3196 2492 3249 si
2517 3195 2675 3250 nervi
2715 3195 2928 3250 similes
2966 3195 3027 3248 in
3066 3196 3351 3264 omnibus,
3387 3213 3517 3251 cum
3568 3199 3649 3252 eis

1963 3285 2063 3356 qui
2083 3290 2216 3339 sunt
2239 3284 2545 3338 dissimiles
2562 3283 2928 3354 colligantur,
2946 3284 3087 3337 ﬁant
3108 3284 3277 3338 simul
3300 3301 3497 3339 omnes
3526 3292 3651 3340 octo

1962 3379 2018 3430 et
2046 3374 2272 3445 viginti.
2300 3375 2415 3429 Hoc
2441 3378 2633 3428 autem
2666 3377 2945 3427 monstrat
2973 3373 3227 3444 subjecta
3253 3375 3581 3445 descriptio.

2853 3603 3269 3642 ENHARMONICM.

2530 3684 3125 3740 Proslambanomenos.

2532 3758 2745 3823 Hypate
2776 3756 3035 3823 hypaton.

2532 3827 2842 3895 Parhypate
2868 3828 3123 3893 hypaton.

2528 3897 2790 3951 Lichanos
2822 3898 3063 3965 hypaton
3084 3897 3477 3951 enharmonios.

2528 3969 2741 4034 Hypate
2761 3983 2959 4021 meson.

2528 4038 2837 4105 Parhypate
2866 4053 3065 4091 meson.

2526 4109 2793 4162 Lichanos
2816 4124 2993 4162 meson
3022 4110 3412 4163 enharmonios.

2528 4182 2682 4233 Mese.

1686 3604 2069 3644 CHROMATICUM
2080 3633 2089 3644 .

1344 3686 1936 3742 Proslambanomenos.

1344 3759 1559 3825 Hypate
1590 3759 1848 3826 hypaton.

1344 3830 1659 3896 Parhypatc
1686 3830 1944 3897 hypaton.

1343 3900 1608 3953 Lichanos
1639 3902 1879 3967 hypaton
1906 3900 2263 3954 chromaticw.

1343 3972 1560 4040 Hypate
1587 3986 1784 4024 meson.

1343 4042 1653 4109 Parhypate
1672 4056 1868 4096 meson.
1906 4080 1911 4083 μ

1350 4112 1609 4167 Lichanos
1638 4128 1817 4167 meson
1843 4113 2199 4167 chromaticen

1344 4184 1501 4237 Mese.

1348 4254 1500 4307 Trite
1528 4268 1923 4324 synemmenon.

1344 4323 1610 4379 Paranete
1629 4340 2004 4393 synemmenon
2032 4323 2391 4379 chromaticz.

1344 4398 1472 4452 Nete
1502 4412 1874 4464 synemmenon
1887 4438 1900 4451 .

1346 4468 1647 4541 Paramese.
1766 4522 1799 4541 ﬁ

1350 4540 1497 4592 Trite
1529 4538 1967 4607 diezeugmenon.

1345 4611 1610 4663 Paranete
1655 4611 2069 4678 diezeugmenon
2117 4607 2471 4663 chromaticen.

1346 4683 1477 4737 Nete
1506 4681 1934 4749 diezeugmenon.

1351 4755 1499 4807 Trite
1528 4752 1905 4821 hyperboteon.

1346 4826 1612 4878 Paranete
1653 4823 2009 4892 hyperboleon
2030 4822 2386 4876 chromaticen.

1349 4897 1477 4951 Nete
1507 4895 1882 4965 hyperboleon.

540 3602 831 3643 DIATONICU
843 3603 881 3644 Μ
893 3629 904 3643 ι

151 3685 739 3741 Proslambanomenos.

153 3760 368 3826 Hypate
399 3758 657 3825 hypaton.

152 3830 473 3896 Parhypate
506 3829 764 3896 hypaton.

152 3899 421 3954 Lichanos
456 3900 695 3968 hypaton
716 3899 988 3954 diatonos.

153 3973 371 4042 Hypate
402 3986 602 4025 meson.

154 4044 474 4111 Parhypate
502 4056 703 4096 meson.

152 4114 426 4167 Lichanos
446 4128 625 4167 meson
646 4113 915 4167 diatonos.

151 4186 315 4237 Mese.

154 4257 304 4309 Trite
333 4270 727 4322 synemmenon.

152 4329 423 4381 Paranete
452 4341 826 4394 synemmenon
855 4325 1124 4381 diatonos.

152 4401 283 4454 Nete
310 4413 705 4464 synemmenon.

150 4471 461 4523 Paramese.

156 4542 311 4594 Trite
340 4539 777 4607 diezeugmenon.

152 4614 425 4666 Paranete
455 4611 867 4678 diezeugmenon
898 4610 1165 4667 diatonos.

153 4685 289 4738 Nete
320 4682 756 4749 diezeugmenon.

2534 4251 2683 4303 Trite
2704 4265 3096 4318 synemmenon.

2528 4323 2793 4375 Paranete
2829 4337 3203 4389 synemmenon
3258 4322 3651 4375 enharmonios.

2527 4394 2656 4447 Nete
2682 4408 3080 4461 synemmenon.

2528 4466 2832 4518 Paramese.

2528 4537 2795 4589 Paranete
2832 4535 3197 4601 diezengmen.
3252 4534 3651 4589 enharmonios.

2534 4608 2628 4660 Tri
2634 4613 2683 4661 te
2712 4608 3074 4673 diezeugmen.

2531 4680 2660 4733 Nete
2686 4679 3124 4743 diezeugmenon.

2536 4751 2680 4802 Trite
2706 4750 3074 4817 hyperboleon.

2530 4822 2791 4873 Paranete
2816 4820 3169 4886 hyperboteon
3191 4818 3583 4872 enharmonios.

2530 4892 2660 4947 Nete
2681 4891 3052 4959 hyperboleon.

1888 4996 1931 5050 D
1966 4995 2136 5045 tonus
2163 4988 2613 5060 imcompositus,
2648 4987 2857 5041 idcirco
2902 4988 3175 5057 quoniam
3229 4986 3451 5057 integer
3493 4985 3654 5058 poni'

1968 5085 2083 5148 tur,
2114 5096 2219 5134 nec
2249 5078 2479 5149 aliquod
2509 5078 2561 5131 ei
2594 5077 2747 5132 aliud
2770 5077 3133 5130 intervallum
3165 5077 3520 5147 adjungitur.
3547 5074 3655 5128 Sed

1969 5168 2029 5223 in
2059 5168 2297 5239 singulis
2328 5166 2637 5221 intervallis
2688 5166 2900 5236 integri
2948 5166 3142 5220 insunt
3189 5167 3333 5220 toni.
3391 5167 3453 5219 In
3490 5164 3652 5217 chro-

156 4756 308 4807 Trite
348 4754 717 4821 hyperboleon.

153 4826 426 4878 Paranete
455 4825 811 4893 hyperboleon
842 4825 1111 4880 diatonos.

152 4898 284 4951 Nete
307 4896 681 4966 hyperboteon.

779 4995 1003 5049 CAPUT
1043 4993 1222 5049 XXIII.

151 5084 284 5150 Quae
336 5084 447 5137 sint
494 5083 638 5137 inter
682 5097 829 5138 voces
889 5085 948 5138 in
1005 5084 1239 5151 singulis
1302 5082 1584 5149 generibus
1626 5096 1854 5152 propor-

921 5175 1109 5227 tiones.
1476 5184 1479 5185 '

226 5262 348 5314 Hoc
376 5258 555 5329 igitur
586 5261 756 5315 modo
785 5277 890 5331 per
919 5261 1145 5332 singula
1176 5260 1540 5315 tetrachordo
1582 5259 1641 5313 in
1680 5275 1852 5330 gene-

147 5365 285 5403 rum
316 5348 696 5420 proprietates
722 5350 955 5421 partitio
996 5350 1144 5405 facta
1168 5354 1272 5416 est,
1298 5353 1359 5403 ut
1389 5349 1585 5403 omnia
1616 5348 1853 5420 quidem

147 5438 432 5493 diatonici
470 5439 696 5509 generis
740 5441 996 5512 quinque
1035 5439 1414 5506 tetrachorda,
1448 5438 1673 5492 duobus
1704 5437 1853 5491 tonis

151 5544 217 5583 ac
239 5528 549 5582 semitonio
595 5529 962 5600 partiremur.
1014 5528 1343 5600 Diciturque
1392 5528 1452 5582 in
1496 5528 1605 5582 hoc
1644 5542 1854 5597 genere

225 5662 249 5688 ³
277 5654 600 5722 Coaptetur.
648 5656 861 5715 trHinc.
904 5665 927 5695 ο
966 5655 1216 5709 Diatono.
1258 5654 1284 5695 τί
1322 5654 1386 5707 In
1415 5651 1655 5707 diatono.
1697 5650 1919 5706 oEnim.

1972 5263 2120 5312 mate
2162 5273 2294 5311 vero
2346 5255 2672 5323 semitonio,
2707 5272 2770 5309 ac
2812 5255 3117 5310 semitonio
3162 5253 3655 5329 incompositoqu

1967 5346 2357 5401 trihemitonio
2380 5346 2564 5416 posita
2593 5346 2794 5399 divisio
2835 5350 2940 5399 est.
2970 5345 3182 5399 Idcirco
3222 5348 3413 5397 autem
3445 5342 3632 5394 incum

1966 5436 2222 5507 positum
2253 5436 2361 5489 hoc
2400 5435 2863 5490 trihemitonium
2894 5433 3332 5505 appellavimus,
3382 5431 3653 5502 quoniam

1965 5527 2026 5581 in
2055 5542 2170 5581 uno
2201 5526 2543 5581 collocatum
2573 5530 2658 5580 est
2679 5524 3013 5588 intervallo;
3046 5525 3231 5595 potest
3249 5522 3284 5593 ξε
3315 5525 3504 5576 autem
3556 5537 3656 5589 ap-
