4104 6176
209 281 349 333 1193

1652 280 1739 333 DE
1779 278 2037 336 MUSICA
2080 279 2211 334 LIB.
2264 282 2300 333 Ι.

3576 290 3592 339 i
3615 290 3709 342 194

204 432 335 484 son,
386 416 607 483 Jupiter
663 414 980 485 parhypate
1025 430 1248 481 meson,
1312 416 1590 470 Saturnus
1650 415 1905 469 lichanos
1942 419 1989 469 A
2020 418 2275 487 ejusdem
2324 418 2578 488 corporis
2640 424 2798 488 parte
2859 420 3019 490 quasi
3065 422 3262 489 pulsus
3293 422 3495 476 iterato
3545 429 3705 477 motu

209 522 431 570 meson,
466 504 684 559 leum
707 504 974 557 ultimum
1000 519 1171 557 mese.
1222 504 1359 567 Quae
1390 520 1521 557 vero
1553 504 1665 557 sint
1698 504 1901 557 harum

207 594 554 659 immobiles,
590 608 718 661 quas
774 606 909 643 vero
940 590 1001 643 in
1036 595 1225 643 totum
1260 590 1519 656 mobiles,
1553 607 1680 661 qua:
1713 598 1904 643 autem

209 679 539 734 immobiles
591 678 945 748 mobilesque
990 678 1324 744 consistant,
1376 695 1507 732 cum
1564 680 1633 732 de
1695 695 1904 732 mono-

209 768 413 823 chordi
454 767 735 837 regularis
785 766 1061 821 divisione
1106 772 1438 835 tractavero,
1476 768 1584 821 erit
1618 768 1774 821 locus
1800 784 1906 838 ap—

208 858 327 911 tior
358 855 697 927 explicandi.

820 945 1045 999 CAPUT
1075 946 1301 1001 XXVIII.

572 1043 700 1108 Qum
728 1046 800 1097 sit
828 1048 1031 1095 natura
1050 1043 1553 1098 consonantiarum.

284 1148 309 1177 ι
340 1131 785 1187 Consonantiam
821 1147 955 1185 vero
1002 1131 1135 1185 licet
1176 1131 1402 1185 aurium
1442 1146 1673 1202 quoque
1712 1147 1910 1184 sensus

214 1221 512 1289 dijudicet,
547 1226 739 1273 tamen
769 1219 918 1273 ratio
946 1218 1269 1289 perpendit.
1294 1218 1570 1282 Quotiens
1601 1218 1754 1272 enim
1796 1218 1908 1272 duo

213 1310 400 1374 nervi,
422 1325 538 1362 uno
570 1308 851 1377 graviore,
876 1307 1274 1373 intenduntur,
1305 1307 1591 1378 simulque
1610 1308 1759 1378 pulsi
1788 1307 1912 1361 red-

212 1399 359 1452 dunt
416 1399 760 1468 permixtum
819 1396 1247 1467 quodammodo
1300 1402 1355 1449 et
1404 1413 1635 1450 suavem
1679 1412 1910 1462 sonum,

213 1488 464 1557 duaeque
496 1503 660 1540 voces
693 1486 853 1555 quasi
901 1485 1221 1555 conjuncta;
1252 1486 1311 1538 in
1342 1501 1522 1539 unum
1567 1486 1907 1548 coalescunt,

211 1584 353 1630 tunc
381 1576 448 1628 ﬁt
468 1591 534 1629 ea
563 1592 692 1645 quas
716 1574 925 1628 dicitur
946 1574 1342 1628 consonantia.
1377 1574 1521 1628 Cum
1569 1590 1703 1628 vero
1740 1573 1912 1627 simul

208 1667 235 1708 ιδ
264 1665 436 1734 pulsi,
485 1664 592 1717 sibi
642 1662 885 1734 quisque
944 1662 1027 1716 ire
1086 1665 1263 1733 cupit,
1317 1678 1423 1716 nec
1456 1663 1807 1732 permiscent
1840 1662 1911 1715 ad

211 1768 417 1806 aurem
450 1768 685 1805 suavem
716 1757 886 1822 atque
917 1766 1099 1804 unum
1147 1767 1212 1804 ex
1258 1750 1484 1805 duobus
1530 1751 1913 1822 compositum

212 1855 451 1905 sonum,
486 1846 624 1893 tunc
663 1844 748 1893 est
779 1855 908 1909 quas
950 1838 1161 1893 dicitur
1183 1838 1556 1893 dissonantia.

855 1946 1080 2001 CAPUT
1110 1946 1280 2001 XXIX.

624 2054 726 2108 Ubi
746 2058 1109 2108 consonantia:
1132 2055 1502 2123 reperiuntur.

288 2164 353 2216 In
384 2161 473 2215 his
496 2165 691 2215 autem
720 2160 1246 2229 comparationibus
1268 2159 1561 2230 gravitatis
1591 2163 1762 2229 atque
1780 2174 1913 2212 acu-

213 2252 393 2307 minis
424 2252 528 2305 has
556 2249 959 2304 consonantias
981 2265 1209 2304 necesse
1245 2255 1331 2303 est
1359 2249 1626 2313 inveniri,
1659 2264 1787 2319 quas
1806 2247 1915 2301 sibi

214 2345 697 2396 commensurataa
729 2339 867 2407 sint,
898 2338 958 2392 id
988 2344 1074 2393 est
1104 2355 1234 2409 qua:
1262 2343 1456 2392 notam
1488 2342 1726 2405 possunt
1756 2353 1911 2390 com-

214 2447 455 2485 munem
486 2430 694 2483 habere
728 2444 1077 2495 mensuram,
1129 2433 1193 2481 ut
1242 2428 1301 2481 in
1346 2426 1756 2496 multiplicibus
1808 2426 1912 2480 du-

212 2521 404 2589 plum,
436 2519 591 2589 quod
645 2523 747 2583 est,
798 2518 899 2570 illa
946 2534 1077 2587 pars
1120 2516 1373 2581 metitur,
1411 2531 1540 2585 qua:
1576 2515 1725 2567 inter
1771 2513 1915 2566 duos

215 2614 304 2662 est
346 2607 629 2661 terminos
656 2606 1000 2672 diﬁerentia,
1034 2610 1099 2659 ut
1128 2604 1279 2658 inter
1308 2604 1452 2657 duos
1481 2608 1537 2656 et
1567 2608 1813 2673 quatuor
1832 2601 1915 2655 bi-

214 2696 417 2749 narius
458 2702 728 2764 utrosque
770 2694 1027 2759 metitur,
1066 2694 1219 2747 inter
1260 2693 1405 2747 duos
1452 2697 1629 2762 atque
1659 2708 1755 2744 sex
1786 2706 1913 2760 qua:

214 2786 391 2854 tripla
421 2791 523 2850 est,
560 2784 816 2837 binarius
846 2788 1120 2852 utrosque
1170 2782 1465 2847 metiatur,
1515 2781 1664 2834 inter
1706 2795 1915 2833 novem

216 2879 393 2944 atque
441 2878 565 2928 octo
613 2873 812 2926 eadem
864 2871 1055 2925 unitas
1086 2874 1190 2937 est,
1237 2886 1366 2940 quae
1398 2878 1672 2940 utrosque
1713 2867 1915 2921 metia-

216 2970 334 3017 tur.
385 2963 602 3017 Rursus
656 2962 717 3014 in
768 2958 1385 3030 superparticularibus
1442 2959 1488 3011 si
1525 2958 1917 3028 ,sesquialtera

216 3053 293 3105 sit
326 3050 643 3122 proportio,
699 3053 761 3102 ut
792 3053 1040 3120 quatuor
1070 3048 1139 3101 ad
1190 3064 1307 3113 sex,

218 3148 498 3210 utrosque
523 3140 811 3201 metiatur,
846 3138 947 3207 qui
980 3136 1194 3190 scilicet
1218 3141 1597 3205 utrorumque
1634 3140 1716 3189 est
1747 3134 1913 3188 diffe-

220 3230 423 3283 rentia.
468 3228 630 3292 Quod
660 3228 707 3280 si
735 3227 1095 3297 sesquitertia
1134 3226 1205 3278 sit
1230 3225 1563 3295 proportio,.
1596 3230 1661 3277 ut
1699 3224 1743 3277 si
1790 3228 1915 3276 octo

219 3318 449 3372 senario
472 3320 898 3386 comparentur,
922 3315 1073 3368 idem
1093 3314 1637 3382 binariusutrosque
1661 3312 1912 3377 metitur;

216 3407 275 3460 id
311 3423 444 3459 vero
471 3421 591 3458 non
624 3404 815 3457 evenit
844 3404 905 3455 in
938 3402 1156 3455 caeteris
1201 3401 1507 3471 generibus
1557 3400 1914 3470 inaequalita-

218 3502 365 3561 tum,
400 3511 529 3565 quae
554 3509 725 3563 supra
751 3491 1153 3556 retulimus,ut
1183 3490 1243 3543 in
1274 3490 1755 3559 superpartiente.
1775 3490 1913 3541 Nam

221 3586 267 3639 si
300 3584 634 3654 quinarium
652 3582 722 3635 ad
751 3580 1067 3635 ternarium
1092 3595 1514 3648 comparemus,
1532 3578 1790 3631 binarius
1813 3577 1912 3647 qui

219 3690 421 3727 eorum
448 3671 771 3727 differentia
798 3675 901 3737 est,
926 3674 1193 3722 neutrum
1221 3668 1473 3721 metitur.
1506 3669 1645 3721 Nam
1679 3667 1913 3719 sisemel

218 3764 472 3818 ternario
525 3764 905 3829 comparatus,
933 3758 1124 3811 minor
1162 3762 1267 3821 est,
1302 3756 1624 3825 duplicatus
1673 3754 1913 3809 excedit.

220 3853 363 3905 Item
386 3852 472 3905 bis
504 3848 770 3920 quinario
810 3852 1194 3917 comparatus,
1231 3846 1421 3898 minor
1442 3850 1547 3910 est,
1582 3844 1751 3897 tertio
1784 3859 1916 3896 vero

220 3939 675 4011 supergreditur.
700 3939 885 4006 Atque
908 3935 1119 3989 idcirco
1153 3935 1259 3987 hoc
1286 3933 1538 4003 primum
1571 3932 1919 4002 inaequalita-

221 4034 291 4085 tis
324 4045 510 4100 genus
532 4045 563 4081 a
592 4025 979 4080 consonantiae
1010 4030 1215 4077 natura
1243 4022 1595 4092 disjungitur
1624 4030 1643 4055 ο
1672 4021 1919 4091 amplius

221 4120 379 4190 quod
408 4118 464 4170 in
493 4116 580 4169 his
618 4131 745 4185 quas
778 4112 1181 4167 consonantias
1212 4112 1483 4175 formant,
1548 4110 1727 4163 multa
1768 4109 1920 4162 simi-

226 4209 301 4263 lia
325 4212 482 4271 sunt,
516 4204 576 4257 in
605 4205 631 4245 ά
661 4203 749 4256 his
770 4219 901 4256 vero
934 4201 1193 4267 minime,
1236 4200 1295 4254 id
1328 4200 1601 4271 probatur
1643 4199 1749 4252 hoc
1796 4215 1921 4252 mo-

222 4298 296 4351 do
321 4313 336 4349 :
372 4309 624 4363 namque
656 4292 895 4362 duplum
918 4291 1063 4344 nihil
1093 4295 1179 4344 est
1208 4290 1364 4343 aliud
1396 4287 1509 4342 nisi
1537 4289 1623 4342 bis
1645 4288 1921 4358 simplum

223 4385 487 4455 Triplum
524 4381 666 4435 nihil
692 4381 848 4433 aliud
869 4379 978 4433 nisi
1008 4379 1176 4433 tertio
1208 4378 1501 4447 simplum.
1526 4377 1922 4447 Quadruplum
1964 4390 2007 4443 υ

223 4489 362 4526 vero
392 4472 547 4525 idem
578 4474 662 4522 est
681 4468 832 4539 quod
864 4473 1070 4537 quarto
1105 4467 1407 4537 simplum.
1446 4466 1921 4536 Sesquialterum,

228 4562 317 4617 bis
370 4559 668 4614 medietas.
727 4556 1165 4627 Sesquitertium
1222 4571 1354 4608 vero
1414 4560 1499 4607 ter
1554 4571 1685 4623 pars
1734 4555 1924 4619 tertia,

222 4650 379 4722 quod
411 4648 563 4702 haud
619 4646 784 4700 facile
832 4645 893 4700 in
923 4646 1143 4699 caeteris
1173 4644 1634 4715 inaaqualitatum
1700 4643 1927 4712 generis

224 4739 546 4794 invenitur.

873 4823 1099 4879 CAPUT
1136 4823 1284 4878 XXX.

291 4932 756 5000 Quemadmodum
786 4930 942 4987 Ptato
964 4930 1117 4983 dicat
1143 4931 1267 4998 ﬁeri
1297 4930 1700 4983 consonantias.

289 5043 451 5097 Plato
482 5049 504 5075 °
529 5055 662 5093 vero
702 5038 808 5092 hoc
850 5037 1017 5091 modo
1045 5035 1174 5089 ﬁeri
1215 5035 1277 5088 in
1319 5050 1457 5088 aure
1490 5031 1927 5087 consonantiam

220 5130 381 5185 dicit.
419 5130 656 5183 Necesse
706 5133 810 5193 est,
863 5126 1071 5196 inquit,
1119 5124 1468 5179 velociorem
1511 5122 1745 5192 quidem
1806 5136 1926 5172 esse

215 5219 538 5274 acutiorem
572 5232 800 5270 sonum.
834 5216 934 5270 Hic
965 5214 1143 5285 igitur
1168 5229 1301 5267 cum
1335 5227 1572 5282 gravem
1622 5224 1926 5279 praecesse-

217 5310 313 5377 rit,
341 5308 402 5362 in
433 5323 631 5360 aurem
666 5306 816 5359 celer
836 5303 1182 5373 ingreditur,
1213 5299 1234 5337 ί
1287 5306 1629 5369 ostensaque
1675 5302 1929 5352 extrema

1954 1710 1993 1763 Β

2014 507 2336 561 revertitur.
2376 507 2483 561 Sed
2511 507 2633 576 jam
2667 509 2920 577 segnior,
2950 525 3055 563 nec
3082 511 3159 563 ita
3198 512 3390 576 celeri,
3420 518 3484 567 ut
3526 514 3712 583 primo

2013 596 2232 666 impetu
2284 596 2525 648 emissus
2565 599 2837 662 cucurrit,
2876 599 3143 668 quocirca
3182 600 3411 669 gravior
3458 618 3709 673 quoque.

2014 686 2154 736 Cum
2174 684 2350 752 igitur
2371 684 2491 753 jam
2521 684 2746 752 gravior
2796 686 3045 752 rediens,
3084 704 3236 741 nunc
3265 690 3520 758 primum
3551 692 3713 760 gravi

2014 771 2644 859 sonovenientisimilis
2674 774 2942 840 occurrit,
2981 775 3252 830 miscetur
3284 775 3355 844 ei,
3392 793 3708 849 unamque,

2015 888 2042 927 ε
2068 866 2131 914 ut
2160 862 2238 914 ait
2266 861 2445 925 Plato,
2480 862 2916 915 consonantiam
2942 863 3157 918 miscet.

2645 950 2870 1005 CAPUT
2901 952 3077 1007 XXXI.

2194 1039 2336 1104 Quid
2382 1045 2571 1092 contra
2612 1040 2885 1094 Platonem
2918 1042 3271 1097 Nicomachus
3316 1047 3534 1100 sentiat.

2090 1127 2198 1183 Sed
2229 1128 2284 1182 id
2308 1128 2681 1181 Nicomachus
2722 1144 2838 1182 non
2890 1130 3200 1184 arbitratur
3240 1132 3454 1186 dictum
3506 1134 3714 1188 veraci-

2019 1223 2123 1270 ter.
2151 1219 2342 1287 Neque
2375 1217 2527 1269 enim
2563 1216 2839 1270 similium
2866 1234 2987 1271 esse
3016 1220 3042 1260 h
3100 1222 3558 1289 consonantiam,
3616 1224 3714 1277 sed

2020 1306 2385 1360 dissimilium
2417 1306 2610 1375 potius
2634 1305 2691 1358 in
2719 1322 2900 1359 unum
2932 1308 3344 1379 eamdemquei
3397 1327 3713 1367 consonan-

2020 1395 2160 1449 tiam
2189 1388 2579 1460 venientium;
2616 1395 2849 1464 gravius
2864 1408 2883 1462 j
2944 1412 3077 1450 vero
3110 1398 3269 1467 gravi
3298 1398 3347 1451 si
3384 1399 3712 1469 misceatur,

2021 1485 2238 1537 nullam
2269 1484 2451 1537 facere
2482 1484 2936 1548 consonantiam,
2962 1486 3233 1555 quoniam
3274 1487 3421 1541 hanc
3473 1491 3717 1545 canendi

2023 1573 2385 1627 concordiam
2418 1572 2732 1627 similitudo
2765 1590 2881 1627 non
2916 1574 3110 1642 efﬁcit,
3148 1576 3247 1630 sed
3283 1576 3709 1634 dissimilitudo.

2024 1662 2158 1725 Quae
2192 1677 2322 1716 cum
2382 1660 2551 1713 distet
2605 1662 2665 1714 in
2706 1661 2942 1731 singulis
2990 1664 3243 1730 vocibus,
3309 1667 3611 1734 copulatur
3656 1667 3717 1720 in

2022 1751 2235 1804 mixtis.
2280 1749 2389 1805 Sed
2437 1748 2571 1803 hinc
2610 1749 2801 1820 potius
2856 1749 3230 1805 Nicomachus
3277 1752 3713 1807 consonantiam

2022 1838 2147 1893 ﬁeri
2170 1844 2351 1909 putat.
2387 1840 2533 1903 Non,
2567 1838 2775 1908 inquit,
2820 1854 2969 1891 unus
2998 1843 3221 1892 tantum
3257 1840 3458 1909 pulsus
3482 1844 3583 1907 est,
3616 1841 3717 1911 qui

2023 1928 2342 1996 simplicem
2374 1928 2610 1981 modum
2632 1927 2786 1980 vocis
2816 1927 3057 1993 emittat,
3088 1928 3185 1981 sed
3209 1929 3384 1982 semel
3415 1944 3715 1998 percussus

2021 2017 2469 2087 nervuslsaspius
2499 2032 2689 2069 aerem
2716 2016 2939 2085 pellens
2972 2017 3181 2069 multas
3213 2016 3386 2070 efﬁcit
3409 2034 3588 2071 voces.
3608 2018 3716 2072 Sed

2024 2106 2159 2175 quia
2198 2122 2263 2158 ea
2280 2106 2547 2158 velocitas
2574 2109 2657 2157 est
2686 2104 3091 2173 percussionis,
3120 2105 3147 2139 κ
3182 2111 3244 2158 ut
3282 2122 3455 2159 sonus
3510 2122 3716 2160 sonum

2025 2192 2451 2262 quodammodo
2481 2190 2952 2261 comprehendat,
2983 2190 3255 2244 distantia
3304 2209 3416 2246 non
3448 2193 3715 2261 sentitur,

2025 2285 2081 2335 et
2110 2280 2273 2351 quasi
2312 2296 2427 2334 una
2459 2297 2564 2333 vox
2612 2279 2849 2333 auribus
2891 2278 3063 2333 venit.
3094 2280 3149 2334 Si
3181 2280 3357 2350 igitur
3403 2282 3718 2351 percussio-

2026 2386 2123 2422 nes
2154 2370 2415 2439 gravium
2438 2384 2707 2421 sonorum
2748 2368 3292 2421 commensurabiles
3327 2367 3437 2422 sint
3484 2385 3714 2439 percu:-

2025 2458 2280 2512 sionibus
2338 2462 2637 2510 acutorum
2674 2473 2966 2521 sonorum,
3002 2461 3063 2509 ut
3092 2456 3151 2510 in
3198 2458 3286 2510 his
3329 2458 3715 2528 proportioni-

2025 2547 2130 2601 bus
2157 2563 2298 2617 quas
2325 2562 2497 2616 supra
2518 2547 2843 2611 retulimus,
2879 2563 2992 2599 non
3018 2550 3101 2599 est
3130 2547 3369 2600 dubium
3401 2547 3544 2617 quin
3595 2547 3719 2617 ipsa

2025 2634 2502 2688 commensuratio
2534 2634 2768 2688 sibimet
2816 2636 3141 2702 misceatur,
3179 2651 3467 2706 unamque
3510 2650 3714 2690 vocum

2026 2722 2234 2777 efﬁciat
2253 2724 2710 2777 consonantiam.

2642 2812 2869 2865 CAPUT
2899 2812 3093 2866 XXXII.

2238 2901 2363 2966 Quae
2392 2903 2743 2954 Consonantia
2781 2916 2944 2969 quam
2982 2902 3176 2954 merito
3208 2902 3499 2969 prmcedat.

2096 2990 2204 3043 Sed
2235 2991 2383 3043 inter
2413 3006 2613 3043 omnes
2646 3005 2789 3059 quas
2829 2989 3128 3042 retulimus
3158 2993 3579 3059 consonantias,
3612 2993 3716 3049 ha-

1359 3047 1617 3101 bmarms
1675 3052 1916 3149 (ξεῖνὲω
1956 3054 1995 3108 C
2026 3079 2275 3131 bendum
2296 3077 2571 3146 judicium
2603 3083 2771 3129 estut
2798 3077 2857 3129 in
2892 3093 3047 3142 aure,
3072 3078 3149 3131 ita
3181 3095 3410 3149 quoque
3451 3080 3508 3133 in
3536 3047 3713 3135 ratio-

2027 3184 2097 3220 ne
2136 3183 2309 3237 quam
2342 3167 2547 3219 harum
2581 3165 2873 3218 meliorem
2890 3171 3150 3235 oporteat
3178 3167 3463 3221 arbitrari.
3501 3169 3713 3223 Eodem

2024 3271 2275 3325 namque
2299 3255 2465 3307 modo
2488 3254 2643 3306 auris
2657 3254 2904 3307 afﬁcitur
2933 3254 3108 3321 sonis,
3130 3255 3215 3308 vel
3240 3256 3439 3309 oculus
3457 3264 3709 3327 aspectu,

2026 3360 2141 3414 quo
2174 3342 2645 3413 auimijudicium
2673 3344 2928 3395 numeris
2959 3342 3043 3396 vel
3069 3344 3343 3397 continua
3375 3347 3711 3414 quantitate.

2028 3433 2322 3502 Proposito
2379 3432 2531 3484 enim
2567 3447 2804 3483 numero
2854 3431 2942 3483 vel
2977 3431 3149 3496 linea,
3200 3432 3347 3486 nihil
3378 3439 3463 3486 est
3494 3434 3716 3487 facilius

2026 3537 2197 3592 quam
2233 3520 2357 3590 ejus
2390 3520 2631 3588 duplum
2682 3520 2846 3572 oculo
2885 3520 2965 3572 vel
3003 3520 3197 3573 animo
3244 3522 3523 3575 contueri.
3576 3522 3718 3576 Item

2026 3616 2152 3681 post
2181 3608 2637 3677 duplijudicium
2668 3608 2927 3678 sequitur
2959 3608 3201 3674 dimidii,
3252 3615 3383 3679 post
3416 3610 3717 3664 dimidium

2026 3698 2207 3768 tripli,
2234 3691 2392 3767 postl
2422 3694 2658 3764 triplum
2691 3694 2867 3764 partis
2888 3696 3092 3750 tertiae.
3128 3696 3266 3759 Quae
3297 3697 3423 3751 ideo
3445 3698 3716 3768 quoniam

2028 3787 2245 3841 facilior
2301 3790 2384 3837 est
2424 3784 2584 3852 dupli
2632 3782 2959 3851 descriptio,
2999 3784 3281 3852 optimam
3342 3785 3719 3840 Nicomachus

2027 3880 2191 3945 putat
2246 3874 2520 3941 diapason
2567 3872 3021 3936 consonantiam,
3066 3877 3190 3941 post
3242 3874 3389 3927 hanc
3430 3875 3715 3945 diapente,

2026 3981 2155 4035 quae
2187 3962 2441 4015 medium
2491 3965 2665 4025 tenet,
2704 3959 2836 4012 hinc
2864 3959 3132 4029 diapente
3168 3978 3232 4014 ac
3258 3962 3553 4032 diapason,
3578 3980 3709 4033 qua:

2031 4052 2286 4121 triplum.
2314 4049 2700 4115 mCaeteraque
2722 4048 3037 4100 secundum
3052 4049 3318 4101 eumdem
3342 4050 3578 4103 modum
3608 4050 3721 4104 for-

2030 4156 2298 4209 mamque
2341 4136 2633 4207 dijudicat.
2685 4137 2805 4189 Non
2834 4152 2967 4188 vero
3006 4136 3113 4189 lioc
3145 4137 3487 4191 Ptolemaeus
3516 4138 3719 4192 eodem

2033 4229 2225 4295 modo,
2258 4228 2421 4297 cujus
2445 4241 2675 4279 omnem
2708 4225 3050 4277 sententiam
3073 4224 3355 4295 posterius
3404 4226 3717 4297 explicabo.

2626 4313 2854 4367 CAPUT
2874 4314 3123 4369 XXXIII.

2249 4404 2359 4469 Quo
2389 4406 2498 4457 sint
2535 4402 2689 4455 modo
2715 4402 3031 4469 accipienda
3062 4419 3181 4471 qua:
3210 4403 3362 4457 dicta
3393 4400 3537 4458 sunt:

2108 4494 2312 4549 Omnia
2346 4498 2535 4545 tamen
2581 4506 2709 4557 qua:
2752 4490 2961 4544 dehinc
2990 4491 3323 4561 diligentius
3374 4492 3725 4563 expedienda

2037 4590 2188 4647 sunt,
2222 4581 2553 4634 summatim
2595 4595 2746 4631 nunc
2767 4595 2830 4631 ac
2861 4580 3109 4632 breviter
3139 4584 3505 4647 attentemus,
3546 4587 3607 4636 ut
3634 4582 3723 4636 in-

2036 4672 2203 4725 terim
2238 4671 2296 4722 in
2328 4666 2628 4738 superﬁcie
2659 4668 2903 4737 quadam
2934 4668 3193 4721 animum
3220 4668 3340 4722 haec
3369 4670 3596 4724 lectoris
3626 4686 3725 4724 as-

2037 4759 2371 4823 suefaciant,
2422 4758 2520 4827 qui
2556 4758 2622 4810 ad
2676 4756 3007 4810 interiorem
3067 4756 3363 4811 scientiam
3412 4759 3727 4829 posteriore

2036 4849 2373 4903 tractatione
2406 4846 2729 4900 descendet.
2769 4846 2929 4899 Nunc
2958 4862 3090 4898 vero
3121 4846 3272 4916 quod
3298 4852 3421 4901 erat
3444 4850 3728 4919 Pythago-

2037 4938 2166 4991 ricis
2190 4938 2249 4990 in
2282 4951 2525 5000 morem,
2558 4939 2623 4988 ut
2665 4949 2793 4987 cum
2836 4934 2975 5003 quid
3007 4951 3039 4987 a
3076 4936 3349 5005 magistro
3410 4937 3731 5007 Pythagora

2037 5028 2341 5091 diceretur,
2378 5026 2508 5077 hinc
2540 5023 2731 5076 nullus
2765 5022 3017 5076 rationes
3069 5029 3264 5092 petere
3321 5025 3591 5093 audebat,
3627 5025 3727 5078 sed

2038 5121 2160 5169 erat
2182 5115 2233 5168 ei
2266 5114 2410 5167 ratio
2440 5112 2695 5166 docentis
2722 5111 3050 5178 auctoritas,
3093 5111 3267 5183 idque
3299 5114 3515 5168 ﬁebatn
3547 5128 3732 5183 quan-

2039 5206 2135 5259 diu
2196 5202 2467 5257 discentis
2521 5200 2745 5254 animus
2798 5199 3051 5253 ﬁrmiore
3121 5201 3378 5255 doctrina
3409 5202 3728 5269 roboratus,

2037 5292 2161 5362 ipse
2192 5300 2213 5325 °
2250 5290 2511 5344 eamdem
2546 5305 2740 5342 rerum
2784 5288 3067 5343 rationem
3098 5291 3256 5344 nullo
3287 5291 3459 5343 etiam
3493 5290 3731 5343 docente

295 5451 319 5475 ⁸
352 5442 763 5497 Consonantias.
842 5440 867 5479 Ι)
899 5438 1096 5492 Pulsis.
1174 5443 1195 5470 ο
1222 5436 1477 5503 Amplius
1539 5433 1739 5486 dicam.
1800 5432 1991 5503 idlllis.
2069 5436 2089 5461 ε
2120 5428 2335 5481 Autem.
2413 5422 2430 5459 ί
2467 5423 2804 5503 Offensaque.
2879 5432 2914 5503 ξς,
2947 5424 3015 5503 Ut
3054 5423 3151 5503 ait
3200 5423 3521 5503 Plato-non
3554 5421 3733 5503 habe-

224 5492 894 5566 tur.viiiconsonantias.
974 5507 989 5541 ι
1028 5492 1403 5564 Concordiam.
1476 5518 1489 5570 j
1531 5503 1719 5557 Enim.
1799 5502 1825 5535 κ
1858 5504 1923 5555 Ut
1954 5514 2115 5555 sonus
2145 5513 2334 5551 sonum
2381 5494 2793 5562 comprehendat
2856 5493 3143 5548 distantia.
3223 5492 3238 5525 ι
3282 5493 3477 5561 Triplt.
3558 5495 3734 5550 “Gz-

230 5593 501 5651 terasque.
577 5596 601 5625 ιι
646 5579 853 5647 Quoad.
930 5581 957 5611 °
994 5576 1341 5632 Earumdem.

621 5679 900 5744 PATROL.
950 5676 1177 5745 LXIII.
3299 5666 3383 5729 38
