4104 6176
462 264 596 316 1195

1763 260 1877 312 ΑΝ.
1921 260 2126 313 MANL.
2168 259 2320 313 SEV.
2366 260 2614 315 BOETII.

3814 260 3953 309 H96

455 392 762 463 reperiret;
794 392 871 444 ita
910 390 1081 443 etiam
1116 404 1269 443 nunc
1320 389 1545 442 lectoris
1592 388 1726 443 ﬁdei
1766 405 1890 459 quae
1943 404 2152 460 propo-
2191 392 2237 443 Α
2265 389 2401 455 sint,
2431 389 2542 443 nisi
2564 390 2787 443 ratione
2818 389 3117 442 ducantur.
3154 388 3280 442 Jam
3309 402 3442 441 vero
3474 392 3687 457 quanta
3717 387 3790 440 sit
3827 389 3955 457 glo-

455 482 665 545 nimus,
689 478 1180 533 commendamus.
1229 482 1290 529 ut
1322 478 1633 531 arbitretur
1661 478 1938 549 diapason
1960 479 2020 531 in
2041 480 2144 532 du-

453 570 565 640 pla,
614 569 879 635 diapente
910 566 969 618 in
996 566 1385 635 sesquialtera,
1426 565 1775 619 diatessaron
1830 565 1886 619 in
1924 568 2139 638 sesqui-

451 658 640 723 tertia,
672 656 937 727 diapente
981 672 1043 708 ac
1074 655 1350 725 diapason
1376 655 1435 707 in
1466 655 1697 724 triplici,
1745 655 1831 709 bis
1865 656 2139 726 diapason

446 746 508 800 in
548 747 866 817 quadrupla
899 744 1290 815 propositione
1329 743 1657 797 consistere.
1682 754 1703 779 ³
1729 744 1859 797 Post
1900 761 2033 798 vero
2086 750 2142 798 et

442 836 549 889 hoc
580 836 725 889 ratio
758 832 1095 904 diligentius
1129 831 1458 902 explicabit,
1489 837 1545 886 et
1575 832 1783 903 quibus
1821 834 2004 887 modis
2038 850 2137 887 au-

444 925 592 979 rium
625 940 852 995 quoque
870 922 1087 993 judicio
1104 922 1495 975 consonantiae
1523 921 1753 975 musicas
1771 922 2135 991 colligantur,

442 1019 762 1084 caeteraque
814 1011 1007 1066 omnia
1040 1028 1165 1081 quae
1210 1010 1471 1080 superius
1520 1010 1670 1064 dicta
1723 1016 1856 1064 sunt
1893 1012 2139 1082 amplior

440 1107 713 1158 tractatus
761 1102 1054 1166 edisseret,
1107 1104 1161 1153 et
1192 1105 1392 1153 tonum
1447 1099 1897 1170 sesquioctavam
1954 1100 2137 1154 facere

440 1191 894 1264 proportionem,
926 1206 1174 1259 eumque
1206 1190 1262 1241 in
1282 1189 1394 1241 duo
1418 1205 1583 1259 inqua
1616 1188 1792 1242 dividi
1821 1204 2133 1258 nonposse,

438 1282 583 1335 sicut
612 1280 828 1334 nullam
862 1278 1120 1348 ejusdem
1167 1277 1395 1347 generis
1424 1280 1449 1319 ι)
1476 1278 1899 1347 proportiones,
1962 1278 2018 1331 id
2052 1283 2138 1331 est

439 1367 1004 1441 superparticularis;
1060 1366 1409 1420 diatessaron
1470 1366 1642 1419 etiam
1705 1366 2134 1419 consonantiam

439 1457 665 1513 duobus
692 1456 842 1511 tonis
865 1456 1284 1526 semitonioque
1318 1454 1645 1519 consistere,
1676 1455 1978 1508 semitonia
2002 1471 2133 1508 vero

439 1564 560 1602 esse
610 1547 742 1612 duo,
806 1545 991 1615 majus
1025 1561 1090 1597 ac
1122 1544 1335 1609 minus,
1377 1543 1646 1613 diapente
1705 1548 1897 1597 autem
1948 1543 2133 1597 tribus

438 1636 588 1690 tonis
626 1652 690 1689 ac
719 1634 1025 1688 semitonio
1058 1633 1279 1686 minore
1332 1631 1630 1685 contineri.
1666 1632 1950 1701 Diapason
2000 1648 2132 1687 vero

438 1726 693 1796 quinque
715 1724 863 1777 tonis
891 1738 954 1776 ac
988 1721 1211 1775 duobus
1231 1720 1551 1773 minoribus
1601 1720 1917 1774 semitoniis
1948 1722 2135 1791 exple-

437 1814 511 1879 ri,
542 1828 731 1883 neque
780 1811 851 1865 ad
904 1826 999 1864 sex
1052 1814 1220 1863 tonos
1250 1809 1369 1862 ullo
1398 1809 1569 1862 modo
1632 1809 1949 1879 pervenire.
2004 1810 2135 1863 Haec

436 1900 631 1961 omnia
660 1899 945 1970 posterius
973 1902 1029 1952 et
1048 1913 1426 1952 numerorum
1452 1897 1674 1951 ratione
1704 1904 1761 1952 et
1792 1897 2017 1952 aurium
2043 1898 2134 1968 ju-

436 1989 584 2044 dicio
614 1988 1023 2060 comprobabo,
1057 1992 1229 2058 atque
1260 1988 1383 2041 haec
1408 1988 1703 2042 hactenus.

1023 2077 1154 2131 CAP
1164 2078 1248 2131 UT
1277 2077 1548 2133 XXXXIV.

1004 2166 1151 2232 Quid
1179 2167 1251 2220 sit
1289 2168 1548 2220 musicus.

504 2256 661 2310 Nunc
687 2256 827 2310 illud
862 2260 947 2310 est
978 2254 1320 2310 intuendum
1353 2254 1509 2325 quod
1540 2254 1725 2308 omnis
1761 2271 1872 2317 ars,
1906 2255 2123 2309 omnis-

432 2361 543 2414 que
574 2346 747 2398 etiam
779 2344 1079 2414 disciplina
1121 2342 1607 2396 honorabiliorem
1645 2344 1982 2398 naturaliter
2026 2345 2126 2398 ha-

431 2433 563 2487 beat
589 2434 891 2499 rationem,
931 2448 1102 2502 quam
1155 2431 1478 2494 artiﬁcium,
1530 2431 1684 2501 quod
1740 2448 1916 2485 manu
1956 2438 2126 2502 atque

431 2536 603 2591 opere
645 2520 877 2573 artiﬁcis
912 2524 1224 2573 exercetur.
1258 2519 1429 2571 Multo
1447 2518 1599 2571 enim
1626 2523 1712 2571 est
1740 2520 1924 2588 majus
1954 2525 2125 2590 atque

434 2618 455 2643 ο
485 2610 655 2661 altius
685 2608 826 2661 scire
856 2607 1011 2678 quod
1048 2607 1291 2677 quisque
1323 2606 1509 2672 faciat,
1544 2622 1714 2676 quam
1752 2606 1941 2676 ipsum
1981 2608 2124 2661 illud

431 2697 655 2751 efﬁcere
706 2703 841 2767 quot
900 2696 1075 2761 sciat;
1126 2696 1339 2748 etenim
1421 2694 1725 2748 artiﬁcium
1803 2698 2119 2765 corporale,

430 2786 593 2857 quasi
644 2785 894 2839 serviens
948 2785 1275 2838 famulatur.
1326 2784 1489 2837 Ratio
1542 2800 1675 2837 vero
1700 2785 1865 2855 quasi
1888 2786 2123 2839 domina

429 2874 695 2943 imperat,
723 2878 778 2925 et
804 2873 915 2926 nisi
963 2889 1165 2926 manus
1188 2874 1501 2925 secundum
1536 2874 1592 2926 id
1625 2873 1778 2943 quod
1803 2874 1950 2927 ratio
1986 2890 2118 2927 san-

2249 480 2335 532 ria
2362 480 2752 550 meritumque
2801 477 3041 533 rationis
3071 478 3163 530 hic
3220 476 3470 546 intelligi
3524 481 3734 547 potest,
3798 476 3959 546 quod

2250 568 2542 638 czrteri(ut
2572 568 2653 621 ita
2678 568 2885 637 dicam)
2918 567 3243 636 corporales
3281 566 3525 619 artiﬁces
3558 581 3676 617 non
3717 580 3785 617 ex
3846 565 3954 617 dis-

2248 657 2480 726 ciplina,
2504 657 2600 710 sed
2662 674 2727 709 ex
2767 656 2907 725 ipsis
2938 656 3132 725 potius
3163 654 3562 708 instrumentis
3598 668 3801 723 cepere
3853 668 3951 705 vo-

2248 745 2467 799 cabula.
2519 745 2661 800 Nam
2699 744 3045 798 citharoedus
3075 759 3141 796 ex
3164 743 3402 806 cithara,
3434 743 3519 795 vel
3548 744 3571 784 ἀ
3604 740 3820 794 tibicen
3885 757 3950 792 ex

2246 832 2405 898 tibia,
2457 833 2764 903 czeterique
2808 848 3045 885 suorum
3084 830 3602 884 instrumentorum
3661 829 3953 882 vocabulis

2244 928 2668 993 nuncupantur.
2712 923 2762 974 Is
2817 937 2951 974 vero
2982 927 3067 973 est
3117 919 3368 973 musicus
3394 919 3515 990 qui,
3551 919 3776 971 ratione
3808 935 3942 989 per-

2245 1024 2442 1078 pensa,
2471 1010 2713 1063 canendi
2766 1008 3083 1073 scientiam,
3136 1024 3255 1061 non
3305 1008 3530 1061 servitio
3579 1007 3794 1077 operis,
3854 1006 3948 1060 sed

2245 1097 2492 1167 imperio
2571 1098 2978 1168 speculationis
3020 1106 3040 1131 σε
3096 1098 3353 1150 assumit.
3403 1096 3563 1160 Quod
3613 1096 3833 1149 scilicet
3891 1096 3947 1149 in

2248 1189 2622 1243 aediﬁciorum
2667 1190 3065 1259 bellorumque
3097 1205 3271 1259 opera
3290 1188 3569 1253 videmus,
3608 1194 3665 1241 et
3715 1188 3779 1241 in
3809 1203 3942 1241 con-

2243 1278 2420 1332 traria
2479 1279 2693 1333 scilicet
2723 1279 3152 1348 nuncupatione
3182 1277 3465 1331 vocabuli.
3520 1279 3731 1331 Eorum
3790 1294 3948 1329 nam-

2244 1384 2354 1437 que
2382 1367 2710 1421 nominibus
2730 1367 3077 1422 velmdiﬁcia
3108 1368 3518 1432 inscribuntur,
3547 1366 3635 1420 vel
3654 1367 3946 1421 ducuntur

2240 1455 2542 1526 triumphi,
2574 1473 2820 1527 quorum
2850 1457 3093 1528 imperio
3122 1473 3186 1510 ac
3215 1457 3436 1510 ratione
3467 1455 3737 1510 instituta
3786 1461 3940 1509 sunt.

2240 1560 2359 1598 non
2388 1560 2635 1615 quorum
2685 1561 2854 1615 opere
2893 1545 3238 1616 servitioque
3290 1545 3559 1615 perfecta.
3620 1543 3755 1598 Tria
3811 1549 3942 1597 sunt

2242 1633 2420 1703 igitur
2449 1650 2661 1701 genera
2692 1650 2820 1705 quas
2850 1634 2998 1688 circa
3034 1638 3213 1687 artem
3260 1634 3539 1687 musicam
3585 1638 3895 1687 versantur
3926 1650 3937 1685 :

2247 1739 2424 1775 unum
2456 1738 2639 1793 genus
2657 1728 2739 1776 est
2760 1723 2915 1792 quod
2935 1723 3333 1776 instrumentis
3360 1723 3569 1793 agitur,
3590 1722 3756 1776 aliud
3782 1722 3943 1792 ﬁngit

2244 1811 2522 1875 carmina,
2555 1812 2791 1865 tertium
2818 1811 3494 1882 quodinstrumentorum
3518 1827 3666 1882 opus
3680 1826 3939 1864 carmen-

2242 1916 2354 1970 que
2369 1900 2665 1970 dijudicat.
2692 1899 2957 1953 Sedillud
2994 1899 3228 1970 quidem
3260 1900 3411 1969 quod
3450 1900 3510 1953 in
3542 1899 3945 1953 instrumentis

2241 1989 2488 2058 positum
2517 1993 2619 2052 est,
2646 1988 2840 2059 ibique
2860 1994 3041 2043 totam
3057 2003 3291 2058 operam
3323 1986 3632 2053 consumit,
3666 1990 3732 2039 ut
3766 1984 3786 2019 τ
3814 1992 3940 2039 sunt

2241 2076 2559 2143 cithartedi,
2585 2077 2797 2147 quique
2829 2094 3044 2148 organo
3077 2077 3412 2147 ueterisque
3459 2074 3694 2130 musica
3727 2075 3941 2129 instru-

2240 2167 2450 2219 mentis
2480 2166 2784 2219 artiﬁcium
2807 2166 3074 2236 probant,
3100 2182 3133 2219 a
3162 2166 3394 2219 musica:
3426 2163 3683 2219 scientiae
3722 2164 3936 2218 intelli-

2238 2258 2388 2308 lectu
2421 2255 2662 2325 sejuncti
2697 2260 2852 2321 sunt,
2893 2255 3171 2325 quoniam
3204 2254 3558 2309 famulantur
3588 2252 3681 2321 (ut
3720 2253 3935 2306 dictum

2237 2351 2358 2410 est),
2390 2360 2493 2397 nec
2520 2342 2835 2414 quidquam
2870 2343 3118 2397 afferunt
3147 2342 3406 2411 rationis,
3442 2342 3539 2397 sed
3574 2348 3715 2395 sunt
3754 2342 3929 2395 totius

2235 2433 2641 2502 speculationis
2696 2438 2976 2502 expertes.
3028 2432 3356 2486 Secundum
3433 2447 3568 2485 vero
3649 2431 3931 2484 musicam

2234 2522 2530 2592 agentium
2561 2526 2646 2574 est
2673 2536 2855 2592 genus
2886 2525 3209 2591 poetarum,
3244 2520 3396 2591 quod
3430 2536 3547 2573 non
3573 2520 3774 2590 potius
3808 2537 3927 2590 spe-

2233 2609 2516 2663 culatione
2536 2626 2599 2662 ac
2623 2608 2840 2662 ratione
2865 2625 3039 2680 quam
3071 2610 3318 2663 naturali
3359 2608 3605 2677 quodam
3656 2608 3932 2662 instinctu

2230 2699 2412 2752 fertur
2432 2699 2499 2752 ad
2520 2714 2772 2764 carmen,
2806 2703 2975 2769 atque
3005 2699 3216 2753 idcirco
3246 2698 3353 2751 hoc
3367 2714 3597 2769 quoque
3646 2712 3839 2767 genus
3894 2714 3924 2749 a

2233 2787 2450 2840 musica
2481 2787 2904 2857 segregandum
2936 2792 3038 2841 est.
3072 2787 3323 2841 Tertium
3349 2786 3598 2855 estquod
3624 2786 3927 2855 judicandi

2230 2874 2494 2943 peritiam
2527 2874 2722 2939 sumit,
2747 2880 2809 2927 ut
2826 2875 3123 2944 rhythmos
3152 2874 3577 2944 cantilenasque
3608 2890 3930 2945 eorumque

427 2962 753 3028 citefﬁciat,
783 2962 993 3015 frustra
1044 2962 1125 3014 tit.
1169 2961 1389 3024 Quanto
1421 2961 1598 3031 igitur
1654 2962 1981 3030 praeclarior
2030 2968 2115 3017 est
2150 2966 2191 3021 C
2221 2980 2451 3019 carmen
2481 2964 2662 3033 possit
2690 2964 3064 3034 perpendere.
3113 2963 3279 3027 Quod
3308 2964 3522 3016 scilicet
3550 2964 3791 3033 quando
3854 2971 3933 3017 to-

426 3050 664 3105 scientia
696 3050 998 3103 musicwin
1018 3049 1345 3119 cognitione
1368 3050 1626 3115 rationis,
1661 3067 1832 3120 quam
1866 3051 1924 3103 in
1946 3067 2119 3121 opere

425 3138 707 3191 efﬁciendi
760 3144 933 3208 atque
989 3143 1119 3191 actu
1144 3142 1391 3203 tantum,
1438 3138 1648 3191 scilicet
1679 3144 1959 3209 quantum
1991 3156 2117 3193 cor-

424 3244 531 3297 pus
572 3230 766 3279 mente
793 3227 1124 3296 superatur!
1169 3227 1329 3289 Quod
1361 3226 1573 3280 scilicet
1628 3227 1863 3280 rationis
1920 3244 2119 3298 expers

424 3315 651 3368 servitio
699 3315 875 3384 degit,
931 3315 1203 3381 illajvero
1241 3315 1503 3385 imperat,
1557 3321 1728 3385 atque
1779 3316 1844 3369 ad
1897 3329 2116 3371 rectum

425 3403 669 3467 deducit,
702 3405 858 3473 quod
879 3404 986 3455 nisi
1024 3409 1222 3472 pareat
1251 3404 1375 3472 ejus
1400 3404 1661 3474 imperio,
1697 3410 1751 3457 et
1798 3421 1997 3475 expers
2021 3422 2113 3459 ra-

421 3490 596 3544 tionis
636 3507 779 3560 opus
805 3491 1095 3543 titubabit.
1132 3492 1290 3544 Unde
1330 3492 1393 3545 ﬁt
1426 3498 1488 3545 ut
1526 3493 1837 3562 speculatio
1876 3494 2114 3548 rationis

422 3578 701 3648 operandi
732 3584 859 3630 actu
884 3594 998 3630 non
1029 3584 1214 3647 egeat.
1257 3579 1526 3632 Mannum
1570 3596 1701 3633 vero
1729 3598 1903 3650 opera
1951 3584 2113 3637 nulla

525 3721 549 3749 ι
578 3708 826 3761 Postvero
852 3710 902 3759 et
920 3708 1063 3759 ratio
1096 3706 1413 3774 diligentius
1453 3708 1838 3776 explicabitur.

1590 3943 1959 4039 LIBER

1914 3712 1940 3752 Β
1972 3712 2405 3780 Proportionem.

2228 3057 2353 3106 tum
2409 3053 2469 3106 in
2529 3052 2746 3106 ratione
2806 3068 2870 3105 ac
2916 3052 3308 3123 speculatione
3362 3051 3611 3122 positum
3665 3058 3771 3119 est,
3826 3053 3927 3106 hoc

2228 3141 2458 3211 proprie
2506 3141 2733 3194 musicze
2793 3141 3184 3211 deputabitur.
3235 3141 3399 3211 Isque
3426 3140 3678 3194 musicus
3708 3149 3798 3194 est
3843 3143 3929 3194 cui

2227 3230 2388 3284 adest
2424 3230 2669 3283 facultas
2727 3230 3043 3283 secundum
3088 3229 3535 3299 speculationem
3569 3230 3927 3283 rationemve

2225 3318 2577 3389 propositam
2610 3334 2673 3371 ac
2724 3318 2957 3372 musica:
3007 3318 3463 3384 convenientem,
3496 3317 3567 3371 de
3624 3318 3819 3372 modis
3874 3335 3933 3371 ac

2222 3407 2526 3477 rhythmis,
2563 3407 2747 3477 deque
2778 3407 3085 3477 generibus
3114 3407 3554 3471 cantilenarum,
3591 3422 3655 3459 ac
3686 3407 3757 3460 de
3790 3424 3925 3476 per-

2223 3496 2617 3562 mixtionihus,
2663 3512 2726 3549 ac
2758 3496 2826 3550 de
2860 3496 3132 3551 omnibus
3164 3496 3232 3549 de
3264 3496 3475 3567 quibus
3503 3496 3798 3565 posterius
3840 3512 3926 3550 ex-

2221 3585 2550 3655 plicandum
2578 3590 2685 3653 est,
2716 3584 3177 3656 acﬁdqpoetarum
3196 3584 3568 3651 carminibus,
3594 3584 3918 3653 judicandi,

2485 3722 2505 3746 °
2540 3714 2792 3767 Auctius.
2869 3710 2896 3749 ά
2924 3714 3172 3768 Auledus
3246 3723 3268 3748 °
3294 3716 3625 3783 Assumpsit.
3708 3713 3727 3748 ί
3767 3715 3910 3769 Sint.

2073 3945 2726 4044 SECUNDUS.

986 4195 1210 4251 CAPUT
1245 4197 1539 4252 PRIMUM.

1085 4286 1428 4338 Prooemium.

486 4374 759 4443 Superius
800 4374 1066 4427 volumen
1084 4380 1318 4428 cunctas
1344 4375 1599 4445 digessit,
1635 4392 1762 4447 qua:
1797 4393 1951 4430 nunc
1982 4378 2107 4431 dili-

415 4462 645 4532 gentius
675 4472 699 4496 ι
730 4462 1067 4531 explicanda
1084 4480 1205 4517 esse
1230 4464 1532 4534 proposui;
1555 4465 1745 4535 itaque
1771 4466 2106 4537 priusquam

411 4552 479 4605 ad
512 4568 577 4605 ea
634 4551 859 4604 veniam
891 4568 1019 4621 quae
1069 4554 1314 4623 propriis
1342 4554 1679 4623 irationibus
1722 4555 2102 4624 perdocenda,

412 4645 562 4705 sunt,
598 4655 777 4709 pauca
812 4639 1180 4709 praemittam,
1206 4641 1413 4710 quibus
1451 4642 1839 4697 elucubratior
1877 4645 2104 4700 animus

409 4727 688 4781 auditoris
717 4727 788 4781 ad
836 4744 899 4781 ea
930 4745 1057 4799 qua:
1084 4729 1326 4785 dicenda
1366 4734 1500 4783 sunt
1545 4731 1876 4802 accipienda
1909 4750 2105 4803 perve-

410 4821 551 4875 niat.
1349 4880 1355 4887 _

1083 4908 1308 4963 CAPUT
1340 4908 1405 4962 II.

481 4999 624 5064 Quid
652 5001 994 5067 Pythagoras
1029 5013 1139 5053 esse
1161 4997 1569 5066 philosophiam
1600 5001 1962 5053 constituerit.

481 5088 704 5141 Primus
772 5087 1029 5140 omnium
1088 5085 1436 5155 Pythagoras
1489 5084 1783 5154 sapientiae
1843 5086 2098 5140 studium

406 5175 831 5246 phiIOSOphiam
865 5172 1235 5242 nuncupavit,
1259 5188 1431 5242 quam
1460 5172 1673 5226 scilicet
1708 5174 1830 5243 ejus
1870 5174 1951 5227 rei
1996 5192 2096 5228 no-

405 5265 589 5318 titiam
633 5280 697 5316 ac
713 5261 1075 5332 disciplinam
1115 5260 1384 5330 ponebat,
1413 5276 1541 5331 quae
1588 5263 1818 5331 proprie
1850 5279 2095 5333 vereque

404 5370 523 5407 esse
557 5352 861 5406 diceretur.
894 5352 1024 5403 Esse
1055 5354 1247 5402 autem
1275 5348 1374 5401 illa
1405 5350 1647 5417 putabat
1693 5367 1821 5421 quas
1870 5368 1974 5405 nec
1998 5352 2091 5406 in-

403 5441 659 5494 tentione
700 5442 1042 5506 crescerent,
1092 5453 1198 5491 nec
1248 5436 1630 5493 diminutione
1679 5438 2089 5509 decrescerent,

475 5572 501 5597 ⁸
528 5562 979 5618 Dcmonstranda.

2147 4198 2191 4251 D
2225 4218 2326 4255 nec
2358 4204 2488 4257 ullis
2517 4205 2903 4261 accidentibus
2948 4212 3330 4262 mutarentur.
3368 4209 3497 4262 Haac
3544 4214 3739 4263 autem
3797 4224 3915 4263 esse

2220 4290 2453 4358 formas,
2486 4295 2932 4365 magnitudines,
2957 4296 3280 4367 qualitates,
3309 4297 3699 4359 habitudines,
3751 4304 3912 4351 caete-

2220 4395 2397 4451 raque
2428 4398 2556 4453 qum
2574 4400 2675 4453 per
2698 4401 2754 4438 se
2788 4386 3076 4455 speculata
3097 4386 3506 4453 immutabilia;
3526 4393 3680 4454 sunt,
3718 4389 3913 4457 juncta

2219 4483 2351 4521 vero
2380 4472 2715 4541 corporibus
2746 4478 3171 4543 permutantur,
3194 4479 3247 4528 et
3272 4475 3628 4530 multimodis
3648 4476 3909 4530 variatio-

2216 4557 2383 4612 nibus
2414 4562 2703 4615 mutabilis
2730 4564 2811 4616 rei
2832 4564 3174 4633 cognatione
3204 4570 3525 4619 vertuntur.

2879 4653 3103 4709 CAPUT
3136 4654 3229 4707 IIl.

2215 4735 2297 4789 De
2316 4736 2641 4805 differentiis
2676 4742 3024 4807 quantitatis,
3080 4748 3130 4795 et
3167 4758 3283 4807 qum
3331 4746 3421 4797 cui
3469 4743 3778 4813 disciplina.v
3830 4749 3905 4796 sit

2926 4830 3209 4899 deputata.

2283 4914 2481 4969 Omnis
2509 4932 2642 4971 vero
2702 4918 2989 4989 quantitas
3031 4920 3367 4974 secundum
3401 4921 3783 4992 Pythagoram
3821 4921 3906 4973 vel

2210 5002 2503 5072 continua,
2528 5006 2615 5059 vel
2637 5006 2881 5061 discreta
2912 5012 3015 5061 est.
3041 5007 3149 5062 Sed
3182 5024 3311 5079 quae
3341 5008 3616 5062 continua
3668 5014 3751 5064 est
3792 5026 3906 5062 ma-

2209 5090 2451 5159 gnitudo
2475 5095 2819 5164 appellatur,
2839 5111 2963 5166 quae
2997 5097 3239 5151 discreta
3272 5104 3359 5151 est
3390 5098 3727 5151 multitudo.
3761 5100 3901 5161 Quo-

2210 5195 2337 5232 rum
2369 5181 2490 5235 hac
2539 5188 2623 5236 est
2671 5184 2892 5239 diversa
2921 5191 2977 5238 et
3023 5187 3309 5240 contraria
3366 5203 3512 5256 pene
3562 5189 3897 5257 proprietas.

2210 5268 2520 5324 Multitudo
2549 5272 2703 5326 enim
2737 5290 2769 5326 a
2797 5274 2955 5327 ﬁnita
2980 5274 3255 5329 inchoans
3275 5276 3617 5347 quantitate,
3645 5293 3897 5331 crescens

2207 5356 2266 5410 in
2292 5357 2521 5413 inﬁnita
2552 5364 2940 5432 progreditur,
2986 5370 3052 5418 ut
3080 5366 3279 5419 nullus
3308 5366 3601 5419 crescendi
3630 5368 3757 5420 linis
3811 5382 3899 5417 oc-

2204 5452 2415 5503 currat.
2435 5450 2642 5521 Estque
2666 5451 2739 5507 ad
2767 5452 3077 5508 minimum
3105 5455 3433 5522 terminata,
3455 5454 3896 5509 interminabilis
