4104 6176
1618 329 1705 383 DE
1743 333 1997 390 MUSICA
2041 335 2170 390 LIB.
2218 338 2283 392 ll.

198 440 271 494 ad
305 442 513 513 mall”,
546 444 785 518 eiusque
809 448 1158 520 Ρτίηοίρὶυω
1192 454 1383 509 unitas
1416 463 1520 524 est,
1563 475 1677 529 qua
1699 461 1889 516 minus
1926 468 1972 519 Α
2001 467 2243 521 turalem
2265 468 2370 521 sibi
2394 487 2663 542 compara
2684 492 3012 545 numerum,
3046 484 3297 541 detracta
3321 492 3535 551 scilicet
3564 503 3692 555 uni-

198 530 341 555 ..ειη
382 538 461 555 --Α
518 534 725 555 l‘_-__:x
756 553 850 555 υθέ
1413 551 1421 555 .
1579 548 1589 555 .
1673 549 1683 555 .
1741 551 1763 555 ._
1820 552 1828 555 .

2523 530 2542 542 ι
2812 530 2819 531 ί
2838 530 2878 532 νὴ
2898 530 3012 545 ν--τ
3050 530 3160 537 *ν*-
3175 530 3297 541 κννυ·
3321 530 3535 551 υνιιιυῠιι
3566 530 3690 555 UUI‘

197 530 345 584 nihil
378 538 480 586 est.
516 534 730 589 Crescit
755 553 889 591 vero
921 555 1027 608 per
1056 557 1324 597 numeros
1372 551 1543 617 atque
1576 548 1633 602 in
1668 549 1893 606 inﬁnita
2004 559 2141 619 tate,
2175 562 2237 609 ut
2271 563 2383 611 tres
2412 560 2637 616 duobus
2668 568 3004 637 sesquialter
3050 579 3155 641 est,
3206 584 3455 646 quatuor
3488 588 3690 653 tribus,

197 628 219 651 ι
249 621 621 653 τιν-Λιοηλξιηκ
672 641 774 653 πιν-
799 627 946 653 ..ιι..,.
970 644 1243 653 ..--__..____
1301 650 1364 653 ..-μ
1384 651 1395 653 Α
1436 650 1481 653 m,
1501 634 1511 644 ·
1851 646 1860 653 .
2089 643 2099 652 ι
2310 647 2339 653 ..
2448 648 2455 653 .

2775 621 2794 637 ιι.
2901 621 2910 622 7
2954 621 2991 623 ἠέ
3058 621 3155 641 νν⁷ῖ
3251 621 3445 636 *ιι-νυνι
3491 621 3524 638 ιι
3542 621 3669 644 ιυυδ

194 628 219 651 ⁸
248 621 640 690 protenditur,
672 641 775 678 nec
799 627 948 680 ullus
969 644 1265 699 numerus,
1292 650 1406 703 quo
1436 634 1627 690 minus
1653 646 1887 709 crescat,
2004 643 2103 713 qui
2134 647 2529 716 sesquitertius
2569 657 2673 719 est,
2719 656 3015 724 quinarius
3062 621 3430 731 quaternario
3480 634 3694 749 sesqui:

194 709 504 749 torminum
554 711 688 749 fani}
754 714 862 749 ΕΔΑ
904 719 1242 749 ι-ιηηηηςιηιιη
1273 721 1492 749 anu“...
1516 742 1715 749 _--..-_-_
1773 746 1878 749 μ---
2016 748 2035 749 η
2154 736 2162 749 .
2332 742 2339 749 .
2434 743 2441 749 .
2478 739 2485 747 .
2639 745 2646 749 _
2726 743 2735 749 .
2886 747 2894 749 ξ

2020 709 2038 713 -
2240 709 2259 716 -
2660 709 2670 719 ι
2736 709 2754 724 ι,
2900 709 3010 711 -ίῄ-
3067 709 3255 731 Ὶ--η-νι-
3270 709 3363 721 una
3379 709 3430 724 ιν
3480 709 3565 729 σου
3614 709 3694 734 ux—

190 709 507 763 terminum
553 711 706 767 facit.
754 714 867 769 Sed
904 719 1243 788 magnitudo
1272 721 1495 777 ﬁnitam
1516 742 1718 781 rursus
1770 746 1887 784 sua:
2002 736 2240 802 quartus
2263 742 2369 802 est,
2393 743 2448 791 et
2474 739 2531 791 in
2549 743 2769 795 caeteris
2791 747 2995 801 eodem
3020 752 3211 820 modo,
3239 758 3391 825 quod
3414 709 3694 824 ωοηεῗισει

192 811 479 825 mana“...-
511 800 709 825 ..ΑΛ-,ει
750 804 1117 825 _---_A:A-L,_.-
1273 809 1287 825 ιι
1344 810 1354 820 ο
1434 812 1443 821 -
1498 813 1526 825 η
1581 815 1610 825 ο.
1709 816 1723 825 .
2075 821 2085 825 -
2116 822 2125 825 -
2298 824 2307 825 ,

192 811 481 853 mensurae
511 800 710 870 recipit
745 804 1147 875 quantitatem,
1194 809 1289 863 sed
1340 810 1399 864 in
1429 812 1654 868 inﬁnita
1692 816 1890 872 decre-
2003 800 2257 892 subjecta
2280 800 2607 897 descriptio.

190 885 317 940 scit.
338 886 482 941 Nam
504 888 549 941 si
581 889 655 944 sit
676 916 700 951 ι,
735 892 955 961 pedalis
983 895 1157 954 linea.
1194 899 1281 951 vel
1303 900 1615 969 cujuslibet
1644 905 1885 961 alterius

190 975 376 1040 modi,
426 982 617 1047 potest
644 978 703 1034 in
738 980 850 1034 duo
895 998 1060 1055 aequa
1094 985 1291 1053 dividi,
1339 990 1574 1061 ejusque
1617 994 1890 1050 medietas

189 1062 250 1116 in
282 1064 652 1122 medietatem
691 1071 889 1139 secari,
939 1072 1175 1145 ejusque
1215 1093 1418 1131 rursus
1460 1082 1781 1138 medietatis
1829 1085 1890 1139 in

190 1152 366 1208 aliam
399 1156 786 1227 medietatem,
813 1164 877 1213 ut
906 1176 1205 1233 nunquam
1237 1167 1388 1220 ullus
1412 1171 1641 1224 secandi
1664 1172 1885 1243 magni-

189 1242 456 1297 tudinem
502 1246 784 1301 terminus
841 1248 959 1304 ﬁat.
1002 1251 1088 1306 Ita
1131 1255 1471 1325 magnitudo
1504 1242 1784 1329 quantum
1818 1263 1885 1317 ad

187 1333 468 1401 majorem
503 1334 737 1390 modum
769 1338 1077 1395 terminata
1115 1348 1219 1410 est,
1264 1343 1330 1398 ﬁt
1357 1362 1488 1401 vero
1517 1364 1649 1401 cum
1692 1350 1886 1405 decre-

187 1436 345 1474 scere
376 1424 613 1493 cmperit
649 1424 894 1481 inﬁnita.
935 1431 1009 1483 At
1034 1437 1233 1487 contra
1261 1451 1555 1503 numerus,
1605 1444 1885 1508 quantum

180 1508 251 1562 ad
273 1508 565 1566 minorem
587 1515 822 1569 modum
842 1515 1039 1574 ﬁnitus
1061 1526 1166 1589 est,
1189 1522 1449 1579 inﬁnitus
1470 1531 1662 1581 autem
1684 1528 1888 1599 incipit

182 1614 307 1652 esse
353 1616 483 1655 cum
534 1603 754 1659 crescit.
807 1606 950 1661 Cum
982 1608 1161 1679 igitur
1202 1612 1323 1666 haec
1366 1613 1446 1668 ita
1474 1615 1587 1669 sint
1632 1615 1883 1686 inﬁnita,

175 1690 375 1742 tamen
421 1692 673 1761 quaside
703 1693 874 1749 rebus
921 1696 1099 1753 ﬁnitis
1140 1700 1503 1772 philosophia
1534 1709 1865 1774 pertractat,

174 1775 358 1849 inque
388 1780 560 1835 rebus
601 1782 845 1838 inﬁnitis
883 1788 1098 1858 reperit
1127 1789 1346 1860 aliquid
1368 1770 1772 1862 terminatum,
1805 1770 1875 1851 de
1918 1770 1957 1823 Β

175 1881 295 1936 quo
324 1869 504 1938 possit
526 1870 657 1941 jure
680 1888 923 1929 acumen
970 1877 1182 1948 prpriae
1208 1881 1613 1949 speculationis
1642 1884 1875 1939 adhibe-

171 1969 255 2009 re.
310 1955 568 2029 Namque
620 1962 1037 2032 magnitudinis
1086 1967 1196 2022 alia
1253 1974 1386 2023 sunt
1429 1969 1770 2041 immobilia,
1809 1978 1874 2028 ut

170 2046 347 2113 terra,
371 2050 437 2100 ut
457 2048 823 2120 quadratum,
847 2053 935 2107 vel
955 2053 1331 2126 triangulum,
1355 2060 1443 2113 vel
1458 2059 1723 2115 circulus.
1746 2063 1871 2116 Alia

168 2141 192 2167 ⁶
220 2140 358 2189 sunt
387 2138 647 2207 mobilia,
676 2145 740 2195 ut
769 2142 994 2212 sphaera
1023 2146 1244 2213 mundi,
1270 2152 1326 2201 et
1355 2148 1640 2220 quidquid
1666 2150 1724 2204 in
1752 2152 1779 2193 ά
1801 2168 1867 2205 eo

170 2228 303 2278 rata
338 2225 629 2282 celeritate
668 2232 1035 2287 convertitur.
1075 2234 1340 2289 Discretaa
1376 2253 1509 2291 vero
1535 2240 1869 2309 quantitatis

167 2312 284 2366 alia
330 2319 463 2369 sunt
490 2332 595 2387 per
622 2334 702 2386 se,
739 2323 804 2373 ut
834 2322 946 2375 tres
978 2322 1064 2375 vel
1096 2328 1364 2393 quatuor,
1405 2325 1493 2379 vel
1534 2328 1727 2381 caeteri
1758 2345 1864 2383 nu-

164 2402 347 2470 meri;
377 2404 487 2458 alia
503 2422 637 2460 vero
669 2408 736 2462 ad
756 2408 936 2477 aliud,
966 2415 1034 2464 ut
1054 2412 1317 2482 duplum,
1342 2412 1608 2483 triplum,
1637 2416 1862 2488 aliaque

165 2506 302 2561 quae
333 2507 399 2547 ex
449 2502 472 2529 ⁸
516 2496 945 2567 comparatione
1004 2505 1334 2556 nascuntur.
1390 2503 1499 2557 Sed
1553 2504 1864 2559 immobilis

164 2581 587 2651 magnitudinis
614 2586 935 2655 geometria
965 2590 1420 2658 speculationem
1442 2596 1616 2645 tenet.
1644 2594 1863 2649 Mobilis

165 2684 306 2723 vero
334 2671 630 2726 scientiam
676 2676 1026 2730 astronomia
1063 2680 1447 2748 persequitur.
1496 2681 1604 2735 Per
1632 2698 1690 2736 se
1730 2700 1859 2738 vero

166 2755 428 2813 discretae
450 2760 786 2830 quantitatis
805 2764 1165 2819 arithmetica
1176 2773 1377 2821 auctor
1396 2773 1499 2823 est.
1524 2769 1608 2823 Ad
1633 2770 1852 2842 aliquid

158 2860 299 2899 vero
330 2846 523 2902 relate
551 2848 770 2903 musica
797 2851 1078 2921 probatur
1102 2853 1361 2909 obtinere
1389 2857 1676 2926 peritiam.

833 2976 1058 3033 CAPUT
1096 2979 1184 3033 IV.

482 3082 554 3134 De
576 3079 595 3115 τ
624 3082 811 3137 relatas
839 3087 1168 3153 quantitatis
1188 3086 1531 3155 difﬂrentiis.

224 3187 306 3239 Ac
326 3185 395 3239 de
425 3202 489 3240 ea
541 3187 783 3259 quidem
825 3191 1148 3261 quantitate
1198 3192 1441 3247 discreta
1473 3210 1602 3263 qua:
1652 3212 1754 3265 per
1800 3212 1859 3250 se

151 3278 240 3327 est
270 3273 332 3327 in
362 3274 724 3331 arithmetica
770 3278 1121 3335 sufﬁcienter
1152 3281 1419 3335 diximus.
1471 3283 1686 3336 Relata:
1721 3300 1853 3338 vero

149 3362 222 3416 ad
253 3362 475 3433 aliquid
513 3366 851 3437 quantitatis
905 3368 1189 3439 simplicia
1219 3371 1452 3440 quidem
1504 3388 1717 3441 genera
1747 3373 1857 3426 tria

148 3456 326 3506 sunt:
358 3468 542 3506 unum
567 3455 803 3525 quidem
834 3456 1158 3528 multiplex,
1191 3459 1345 3513 aliud
1376 3475 1509 3513 vero
1540 3476 1851 3530 superpar-

144 3540 410 3608 ticulare,
442 3542 672 3597 tertium
706 3546 1158 3615 superpartiens.
1193 3548 1336 3602 Cum
1383 3563 1515 3601 vero
1551 3549 1848 3618 multiplex

145 3630 659 3701 superparticulari
671 3634 1233 3706 superpartientique
1250 3635 1537 3701 miscetur,
1556 3638 1629 3690 tiu
1641 3643 1703 3690 nt
1717 3638 1847 3692 duae

144 3718 275 3773 alia;
334 3734 401 3773 ex
453 3719 563 3788 his,
613 3719 672 3775 id
716 3726 801 3775 est
839 3723 1141 3794 multiplex
1185 3726 1740 3795 superparticularis,
1791 3732 1848 3781 et

2084 972 2497 1183 ιιίαίιθ.
3211 997 3621 1171 ῶῇκ,

2025 1169 3102 1559 Ι-
3217 1480 3260 1542 6

2065 1545 2736 2018 ψ
2924 1566 3654 2039 l‘

1980 2082 2481 2158 Superpartientes
2522 2100 2716 2152 autem
2737 2101 2839 2154 tali
2878 2103 3050 2157 modo
3080 2108 3349 2176 reperies.
3393 2112 3671 2184 Disponas

1979 2178 2299 2233 naturalem
2328 2197 2638 2240 numerum
2667 2205 2699 2242 a
2737 2191 2992 2245 ternario
3027 2192 3243 2248 scilicet
3272 2197 3664 2262 inchoantem.

1976 2261 2033 2315 Si
2058 2280 2237 2320 unum
2263 2269 2441 2340 igitur
2470 2273 2866 2344 intermiseris,
2902 2282 3482 2353 superbipartientem
3516 2293 3667 2349 efﬁci

1976 2357 2305 2421 pernotabis
2328 2379 2343 2425 ;
2363 2363 2518 2431 quod
2545 2364 2590 2417 si
2610 2366 2745 2433 duo,
2776 2370 3373 2441 supertripartientem
3405 2384 3595 2451 ;quod
3618 2385 3663 2438 si

1977 2450 2108 2504 tres,
2145 2450 2900 2528 superquadripartientem,
2942 2458 3211 2531 idemque
3251 2464 3310 2517 in
3350 2450 3591 2525 ceteris.

2106 2590 3551 2978 /m:\\\(mm

2071 2747 2103 2780 /
2232 2792 2235 2793 ν
2844 2778 2907 2811 /

2006 2761 2704 2978 ///\

2608 2978 2671 3083 μγ
2752 2978 2762 3063 l
3612 3064 3616 3073 .

2343 3153 2393 3214 4
2780 3130 2837 3214 6
2970 3116 3053 3207 ”7
3157 3126 3605 3244 nn

1898 3068 2031 3132 CX.

1999 3144 2157 3248 LE

142 3808 446 3877 multiplex
478 3810 928 3879 superpartiens.
971 3813 1188 3867 Horum
1218 3812 1399 3883 igitur
1428 3816 1691 3868 omnium
1716 3818 1846 3869 talis

141 3900 229 3949 est
249 3897 475 3966 regula,
510 3897 555 3950 si
579 3897 853 3953 unitatem
874 3901 1092 3954 cunctis
1114 3901 1173 3955 in
1194 3903 1442 3956 naturali
1473 3919 1715 3957 numero
1738 3922 1842 3958 vo-

142 3985 323 4039 lueris
361 4001 649 4056 compare,
697 3993 855 4042 ratus
905 3989 1242 4061 multiplicis
1274 3992 1410 4045 ordo
1443 3996 1682 4046 texetur.
1720 3995 1842 4048 Duo

138 4073 301 4149 enim
350 4073 424 4149 ad
454 4090 635 4129 unum
665 4075 874 4146 duplus
907 4083 1011 4143 est,
1056 4082 1172 4132 tres
1215 4080 1284 4133 ad
1311 4080 1579 4134 eumdem
1610 4081 1837 4151 triplus,

135 4146 390 4233 quatuor
437 4162 814 4233 quadrnplus,
852 4170 909 4219 et
955 4166 1016 4219 in
1045 4168 1268 4221 castoris
1310 4169 1515 4222 eodem
1553 4146 1746 4236 modo,
1778 4146 1842 4225 ut

134 4249 260 4322 subj
270 4256 398 4305 ecta
427 4249 735 4322 descriptio
765 4252 947 4308 docet.

478 4355 808 4407 Diﬂ'erentiaa
836 4360 998 4409 unius
1025 4362 1092 4411 ab
1126 4361 1229 4411 alio
1258 4375 1499 4412 numero.

762 4419 903 4470 Ordo
928 4423 1210 4473 naturalis.

220 4500 904 4596 *ΓἸἾἾΤῖ-ἷ-
972 4540 1003 4582 1
1122 4544 1154 4586 Ι
1273 4544 1301 4587 1
1424 4546 1456 4590 Ι
1549 4518 1753 4596 TT

222 4595 613 4696 mgis
730 4610 919 4693 415
1036 4626 1225 4686 67
1328 4610 1750 4704 8I0l

337 4930 350 4954 ,ἦ
469 4860 1022 5025 Ᾱὺθώρὑφθρ
1152 4967 1215 5022 ἒ

471 5091 473 5093 ι
706 4998 768 5061 3"
863 4998 965 5083 ποεῖ
1048 5011 1166 5129 θεῖ

800 5064 892 5134 SR
1010 5116 1061 5161 ο

124 5378 181 5432 Si
214 5395 353 5435 vero
386 5383 969 5456 superparticularem
992 5387 1431 5460 proportionem
1467 5405 1711 5461 quaeras,
1733 5404 1830 5443 na-

1951 3889 2031 3941 Ad
2054 3888 2208 3943 hunc
2228 3891 2487 3945 ordinem
2516 3898 2777 3962 spectans
2803 3900 2857 3948 et
2873 3899 3218 3966 compositas
3251 3916 3316 3954 ex
3346 3903 3648 3972 multiplici

1951 3982 2008 4029 et
2040 3980 2574 4048 superparticulari,
2610 3989 2666 4035 et
2688 3999 2750 4035 ex
2775 3984 3082 4053 multiplici
3116 3992 3172 4039 et
3203 3991 3648 4058 superpartienti

1949 4066 2375 4135 proportiones,
2410 4069 2590 4123 lector
2618 4071 2863 4140 diligens
2896 4073 3303 4140 speculabitur.
3336 4077 3444 4131 Sed
3465 4078 3534 4131 de
3558 4079 3647 4131 his

1948 4156 2145 4207 tamen
2196 4156 2465 4210 omnibus
2518 4158 2577 4211 in
2628 4158 3006 4213 arithmeticis
3060 4162 3383 4232 expeditius
3427 4165 3644 4220 dictum

1949 4246 2052 4295 est.

2625 4334 2848 4389 CAPUT
2902 4336 2962 4390 V.

2358 4473 2467 4527 Cur
2495 4474 2880 4541 multiplicitas
2911 4479 3213 4533 antecellat.

2020 4594 2129 4647 Sed
2162 4594 2224 4647 in
2254 4594 2344 4648 his
2377 4596 2516 4649 illud
2544 4602 2630 4649 est
2659 4600 3139 4655 considerandum
3165 4602 3316 4672 quod
3340 4605 3641 4677 multiplex

1950 4681 2360 4751 inaequalitatis
2385 4698 2565 4751 genus
2586 4685 2755 4755 longe
2780 4686 3006 4742 duobus
3034 4689 3270 4760 reliquis
3301 4690 3527 4746 videtur
3546 4710 3641 4747 an-

1948 4769 2182 4840 tiquius.
2228 4770 2514 4824 Naturalis
2546 4774 2703 4827 enim
2735 4777 2964 4829 numeri
2991 4778 3307 4848 dispositio,
3336 4780 3396 4834 in
3436 4783 3636 4837 multi-

1943 4859 2189 4928 plicibus
2240 4858 2443 4913 unitati
2480 4877 2608 4931 quae
2640 4863 2829 4932 prima
2857 4870 2959 4933 est,
2993 4873 3375 4937 comparatur.
3428 4871 3636 4943 Super-

1944 4946 2306 5017 particularis
2328 4964 2460 5002 vero
2484 4966 2596 5003 non
2625 4952 2864 5006 unitatis
2886 4956 3319 5024 comparatione
3344 4960 3640 5029 perﬁcitur

1944 5034 2040 5088 sed
2072 5034 2353 5104 ipsorum,
2378 5038 2477 5106 qui
2508 5043 2638 5108 post
2672 5041 2947 5095 unitatem
2982 5050 3115 5097 sunt
3145 5044 3406 5116 dispositi
3442 5065 3638 5104 nume-

1941 5127 2245 5199 rorumLut
2270 5124 2505 5177 ternarii
2530 5126 2601 5179 ad
2636 5126 2946 5195 binarium,
2982 5133 3333 5199 quaternarii
3356 5135 3429 5188 ad
3453 5140 3638 5189 terna-

1938 5212 2109 5279 rium,
2135 5189 2191 5264 έῖ
2214 5211 2270 5264 in
2296 5212 2516 5265 caeteris
2534 5213 2768 5267 adhunc
2792 5189 3049 5272 modum.
3078 5219 3633 5291 Superpartientium

1936 5316 2071 5353 vero
2104 5300 2271 5369 longe
2301 5303 2453 5353 retro
2483 5301 2752 5354 formatio
2777 5309 2880 5367 est,
2916 5319 3041 5372 quae
3082 5322 3183 5360 nec
3209 5312 3496 5366 continuis
3527 5331 3633 5367 nu-

1942 5391 2117 5442 meris
2134 5394 2520 5460 comparatur,
2545 5389 2647 5443 sed
2667 5388 3033 5458 intermissis,
3061 5409 3165 5448 nec
3182 5412 3407 5468 semper
3422 5402 3631 5471 aequali

201 5578 228 5602 ⁸
268 5570 653 5639 Progreditur.
696 5586 726 5631 δ
754 5575 1057 5649 Bipedalis.
1098 5590 1123 5623 ο
1165 5579 1323 5636 Vero.
1357 5578 1384 5617 ἀ
1420 5583 1521 5636 Εα.
1565 5589 1585 5616 ο
1623 5581 1862 5637 Relation

1962 5580 1969 5616 τ
2014 5584 2292 5637 Relativw.
