4104 6176
486 275 620 326 1199
1824 272 1937 325 ΑΝ.
1982 271 2121 325 MAN

2249 270 2375 323 BEV.
2422 269 2650 324 BOETll
3838 271 3982 322 1200

479 405 916 460 intermissione.
952 403 1057 457 Sed
1077 418 1229 455 nunc
1259 402 1487 473 quidem
1522 417 1653 461 una,
1689 418 1842 455 nunc
1870 418 2003 456 vero
2029 402 2164 455 dua-
2200 406 2246 456 A
2276 401 2428 471 quod
2474 401 2762 454 subtracto
2802 399 3053 454 minore'
3092 418 3125 454 a
3169 401 3387 470 majore
3451 402 3813 472 relinquitur.
3878 404 3979 458 Sin

480 494 605 562 bus,
638 509 789 547 nunc
818 492 1016 557 tribus,
1054 507 1203 544 nunc
1234 495 1497 561 quatuor,
1532 496 1703 561 atque
1734 490 1811 544 ita
1851 490 1912 544 in
1936 491 2163 545 infinita
2276 496 2520 560 quatuor
2568 490 3044 558 transmittantur,
3081 492 3302 561 quinta,
3331 496 3501 561 atque
3546 509 3658 545 uno
3708 494 3840 562 plus
3875 511 3977 546 v0-

478 581 793 635 succrescit.
830 580 1087 649 Amplius
1136 579 1525 649 multiplicitas
1570 580 1641 632 ab
1687 580 1907 633 unitate
1938 580 2161 649 incipit.
2274 579 2473 631 cabulo
2514 579 2739 632 numeri
2776 584 2963 649 partes
3001 580 3255 645 venient,
3284 596 3460 650 quam
3492 581 3565 632 sit
3609 580 3977 636 intermissio

477 669 1067 739 superparticularitas
1092 686 1119 720 a
1144 668 1388 731 binario,
1421 669 1845 738 superpartiens
1868 670 2163 739 proportio
2274 682 2673 720 numerorum.

477 776 509 812 a
538 758 786 813 ternario
819 758 1048 810 initium
1082 758 1249 826 capit.
1297 758 1401 812 Sed
1434 757 1502 810 de
1534 758 1623 811 his
1662 758 1973 823 hactenus;
2007 774 2159 812 nunc
2938 757 3159 811 CAPUT
3199 757 3307 809 νη.

474 848 737 919 quaedam
769 864 896 917 quae
930 845 1090 916 quasi
1127 846 1413 899 axiomata
1448 846 1626 899 Graeci
1656 852 1871 910 vocant,
1903 847 2157 916 praemit-

468 944 589 991 tere
616 934 919 1005 oportebit,
946 951 1073 1005 quae
1099 939 1222 988 tum
1254 935 1486 988 demum
1511 950 1625 1003 quo
1647 940 1901 1004 spectare
1932 935 2158 990 videan-

468 1028 561 1079 tur
590 1034 615 1059 ⁸
656 1025 1063 1093 intelligemus,
1114 1039 1245 1077 cum
1294 1024 1363 1077 de
1414 1024 1865 1095 uniuscujusque
1925 1024 2011 1078 rei
2051 1025 2157 1079 de-

464 1112 878 1168 monstratione
914 1112 1301 1165 tractabimus.

1116 1202 1343 1255 CAPUT
1410 1201 1499 1254 VI.

529 1292 635 1357 Qui
662 1294 773 1345 sint
806 1290 1067 1358 quadrati
1106 1293 1319 1343 numeri
1347 1316 1377 1357 q
1431 1290 1599 1359 deque
1629 1292 1711 1344 his
1761 1292 2075 1359 speculatio.

518 1372 847 1443 Quadratus
873 1394 1151 1433 numerus
1195 1384 1279 1431 est
1308 1378 1402 1449 qui
1434 1379 1667 1448 gemina
1703 1379 2061 1433 dimensione
2093 1379 2151 1432 in

456 1484 620 1539 aequa
666 1469 1034 1531 concreverit,
1071 1473 1132 1520 ut
1163 1468 1249 1520 bis
1280 1468 1412 1533 duo,
1466 1473 1555 1520 ter
1602 1473 1735 1531 tres,
1771 1474 1975 1538 quater
2008 1485 2149 1538 qua-

452 1563 604 1624 tuor,
625 1558 933 1628 quinquies
962 1557 1239 1628 quinque,
1282 1556 1464 1609 sexies
1495 1573 1610 1623 sex,
1646 1573 1891 1627 quorum
1928 1562 2011 1610 est
2042 1558 2149 1611 ista

451 1646 761 1716 descriptio
800 1662 811 1699 :

568 1763 2031 1823 121211415161718191101

795 1834 2030 1894 9Ι1612513614916418111001

444 1948 718 2018 Superius
767 1948 943 2019 igitur
980 1949 1288 2019 dispositus
1338 1966 1615 2003 numerus
1648 1950 1947 2015 naturalis,
1996 1952 2145 2005 latus

441 2041 528 2089 est
558 2036 970 2106 quadratorum
1027 2036 1268 2091 inferius
1318 2037 1755 2108 dcscriptorum.
1791 2039 2142 2093 Continuam

440 2124 593 2177 enim
632 2126 973 2180 naturaliter
999 2135 1132 2182 sunt
1163 2127 1451 2197 quadrati,
1488 2127 1587 2197 qui
1619 2143 1741 2181 sese
1785 2128 1844 2181 in
1883 2128 2142 2197 subjecto

438 2212 638 2266 ordine
677 2221 1130 2285 consequuntur,
1164 2220 1227 2268 ut
1273 2218 1326 2282 4,
1362 2219 1413 2281 9,
1451 2218 1538 2285 16,
1572 2222 1629 2269 et
1664 2218 1880 2270 caeteri.

461 1826 2144 1894 WW

928 2443 960 2495 9
1143 2410 1208 2463 is
1639 2329 1839 2460 τέξει

729 2476 766 2531 4
896 2476 989 2538 ,το
1108 2483 1237 2538 22ζῖ

718 2589 778 2673 ἲ
896 2590 989 2672 ,ἴ
1111 2592 1237 2672 .ϊ.
1356 2582 1516 2666 μζ.
1638 2582 1836 2664 HK"

994 2692 1149 2740 Bases
1184 2692 1579 2755 quadratorum.

430 2807 486 2863 Si
513 2823 537 2851 ο
558 2808 734 2878 igitur
763 2810 1099 2863 continuum
1129 2808 1474 2879 quadratum
1498 2807 1779 2859 minorem
1805 2822 1835 2857 a
1857 2805 2133 2858 continuo

431 2899 712 2967 quadrato
745 2899 961 2966 majore
993 2898 1295 2962 sustulero,
1330 2896 1484 2966 quod
1530 2894 1879 2964 relinquitur
1902 2898 2129 2946 tantum

2377 844 2609 898 0mmem
2665 845 3091 911 inaequalitatem
3159 861 3225 897 ea:
3282 847 3598 913 aequalitate
3650 848 3963 915 procedere,

2795 934 3016 1002 ejusque
3057 933 3464 988 demonstratio.

2340 1021 2436 1073 Est
2466 1026 2659 1073 autem
2710 1022 3197 1091 quemadmodum
3238 1022 3426 1076 unitas
3456 1024 3807 1092 pluralitatis
3851 1042 3962 1079 nu-

2266 1110 2527 1179 merique
2585 1110 2955 1179 principium,
3013 1110 3092 1163 ita
3142 1110 3438 1181 aequalitas
3489 1114 3960 1182 proportionum.

2264 1198 2464 1251 Tribus
2487 1199 2639 1252 enim
2673 1200 2970 1270 praeceptis
3005 1199 3090 1269 (ut
3121 1200 3179 1253 in
3213 1201 3573 1254 arithmetica
3606 1202 3830 1256 dictum
3862 1208 3959 1271 est).

2267 1287 2613 1356 multiplices
2663 1289 3064 1358 proportiones
3095 1303 3167 1343 ex
3201 1288 3528 1359 aequalitate
3558 1291 3957 1359 producimus,

2263 1392 2331 1428 ex
2361 1376 2645 1429 conversis
2682 1393 2813 1430 vero
2842 1377 3256 1446 multiplicibus
3290 1378 3849 1448 superparticulares
3879 1381 3964 1434 ha.

2260 1465 2543 1517 bitudines
2573 1482 2957 1535 procreamus.
3009 1468 3149 1521 Item
3192 1483 3260 1520 ex
3308 1468 3593 1521 conversis
3644 1484 3957 1539 superpar-

2260 1552 2615 1620 ticularihus,
2642 1555 3129 1625 superpartientes
3158 1556 3619 1626 comparationes
3651 1557 3957 1612 efﬁcimus.

2259 1643 2550 1695 Ponantur
2602 1643 2757 1697 enim
2805 1650 2918 1697 tres
2977 1642 3241 1707 unitates,
3289 1646 3376 1699 vel
3426 1652 3541 1699 tres
3598 1645 3836 1713 binarii,
3882 1650 3959 1701 vel

2260 1735 2373 1783 tres
2396 1730 2653 1797 ternarii,
2687 1732 2770 1784 vel
2804 1732 3087 1801 quotlibet
3114 1732 3267 1804 aequi
3289 1733 3541 1800 termini,
3570 1738 3628 1787 et
3648 1735 3723 1787 sit
3741 1736 3958 1805 primus

2259 1819 2444 1887 primo
2476 1836 2675 1889 aequus
2714 1820 2774 1873 in
2806 1822 3067 1891 sequenti
3098 1822 3309 1875 scilicet
3340 1823 3542 1876 ordine
3581 1824 3949 1877 constitutus.

2255 1907 2545 1961 Secundus
2593 1924 2725 1961 vero
2786 1910 2975 1979 primo
3026 1927 3088 1963 ac
3141 1912 3411 1976 secundo,
3474 1917 3681 1965 tertius
3742 1914 3950 1983 primo,

2256 1995 2480 2049 duobus
2511 1998 2773 2051 secundis
2795 2014 2859 2050 ac
2889 1998 3078 2065 tertio,
3109 1999 3188 2053 ita
3218 1999 3373 2053 enim
3405 2016 3648 2054 numero
3684 2018 3951 2071 progres-

2254 2099 2336 2151 so,
2367 2084 2430 2136 fit
2457 2084 2665 2154 duplex
2702 2086 3142 2155 multiplicitatis
3173 2089 3362 2158 prima
3378 2089 3701 2160 proportio,
3737 2095 3807 2143 ut
3838 2092 3951 2146 haec

2256 2171 2513 2241 subjecta
2541 2174 2845 2243 descriptio
2878 2180 3091 2228 monet.

2485 2296 3105 2363 |il,1
3298 2299 3308 2362 |
3494 2296 3722 2363 {il

2674 2371 2925 2435 μέν
3078 2377 3108 2423 2
3293 2373 3300 2430 ι
3482 2377 3515 2427 4
3589 2371 3711 2435 ‘I

2250 2473 2387 2526 Nam
2427 2475 2614 2528 unitas
2653 2476 2712 2529 in
2756 2479 3003 2531 secundo
3035 2479 3234 2532 ordine
3264 2482 3591 2546 constituta,
3651 2499 3828 2553 aequa
3870 2492 3946 2537 est

2246 2562 2450 2630 prima:
2480 2564 2685 2617 unitati
2734 2566 2794 2617 in
2829 2567 3121 2635 superiore
3167 2568 3289 2621 loco
3329 2569 3636 2639 dispositae.
3686 2572 3833 2625 Item
3867 2573 3943 2625 bi-

2247 2651 2445 2703 narius
2477 2669 2677 2722 aequus
2722 2661 2807 2707 est
2842 2656 3050 2709 unitati
3095 2657 3297 2726 prima:
3348 2674 3411 2711 ac
3455 2660 3750 2714 secundm.
3806 2663 3943 2715 ltem

2245 2742 2643 2808 quaternarius
2697 2760 2896 2814 aequus
2946 2750 3030 2798 est
3072 2745 3279 2800 unitati
3336 2748 3554 2817 primaa,
3610 2766 3677 2802 ac
3719 2750 3939 2803 duabus

2242 2828 2560 2883 unitatibus
2590 2833 2854 2886 secundis
2870 2838 3038 2904 atque
3070 2836 3281 2888 unitati
3314 2836 3491 2890 tertiae
3526 2844 3581 2889 et
3611 2843 3700 2891 est
3732 2843 3782 2905 1,
3812 2844 3864 2899 2,
3892 2842 3937 2903 4,

2243 2916 2419 2986 dupla
2448 2920 2761 2989 proportio.
2798 2921 2959 2985 Quod
3000 2922 3043 2975 si
3088 2923 3155 2977 de
3189 2924 3277 2976 his
3307 2924 3459 2977 idem
3503 2925 3731 2991 feceris,
3776 2927 3943 2996 tripla

3316 2290 3705 2297 ...ἢ

430 2988 538 3041 erit
578 2993 859 3058 quantum
898 2993 983 3040 est
1012 2986 1167 3056 quod
1201 2986 1269 3039 ab
1300 2991 1681 3053 utrorumque
1709 2983 2125 3053 quadratorum

2250 2983 2596 3075 comparatio
2638 2983 3054 3077 procreabitur,
3100 3028 3162 3064 ac
3192 3012 3261 3065 de
3294 3013 3465 3083 tripla
3494 2983 3942 3084 quadru'pla,‘de

428 3077 976 3147 lateribusjungitur
1000 3093 1012 3141 ;
1040 3081 1101 3129 ut
1119 3076 1166 3128 si
1190 3079 1439 3145 quatuor
1466 3074 1721 3127 auferam
1740 3088 1772 3125 a
1788 3075 2103 3126 novenario
2126 3113 2139 3138 ,

428 3165 687 3236 quinque
733 3170 866 3219 sunt
906 3165 1134 3234 reliqui,
1182 3163 1279 3233 qui
1313 3179 1381 3216 ex
1412 3162 1633 3215 duobus
1676 3166 1733 3214 et
1770 3160 1976 3224 tribus,
2029 3159 2131 3229 qui

428 3260 562 3308 sunt
591 3259 969 3324 utrorumque
993 3254 1406 3323 quadratorum
1440 3251 1638 3313 latera,
1674 3250 2131 3319 conjunguntur.

428 3343 569 3396 item
607 3343 653 3395 si
686 3342 1061 3395 novenarium
1093 3341 1289 3394 aufero
1322 3340 1389 3393 de
1421 3356 1486 3393 eo
1512 3337 1609 3409 qui
1643 3337 1894 3390 sedecim
1927 3352 2129 3389 nume-

430 3430 507 3483 ris
551 3430 828 3497 ascriptus
859 3432 965 3493 est,
992 3434 1021 3482 7
1076 3434 1209 3482 sunt
1237 3428 1466 3497 reliqui,
1521 3426 1621 3496 qui
1654 3426 1867 3479 scilicet
1899 3442 1967 3478 ex
2015 3429 2135 3477 ter-

430 3517 594 3570 nario
626 3517 1110 3586 quaternarioque
1145 3516 1482 3583 conjunctus
1508 3522 1611 3579 est,
1643 3514 1742 3583 qui
1772 3515 1798 3554 ἀ
1829 3512 2132 3582 praedicto-

428 3621 559 3658 rum
579 3605 987 3675 quadratorum
1012 3605 1186 3657 latera
1217 3607 1365 3655 sunt.
1395 3602 1667 3671 idemque
1697 3606 1779 3653 est
1804 3601 1862 3653 in
1889 3602 2130 3654 caeteris.

1325 3726 1484 3766 tonus
1548 3720 1707 3764 tonus
1731 3725 1805 3761 se-
1860 3714 2017 3759 tonus
2038 3721 2128 3757 no-

1090 3733 1248 3768 sena-
1325 3733 1484 3766 tonus
1548 3733 1707 3764 tonus
1731 3733 1805 3761 δυο
1863 3733 2017 3759 ιυυιιυ
2039 3733 2128 3779 ξιυ·

557 3786 591 3835 7
839 3785 900 3833 25
1107 3782 1217 3830 rius
1377 3780 1432 3826 16
1559 3777 1793 3825 decimus
1879 3782 2129 3820 venerias

526 3860 673 3920 :l.'.'.
799 3865 957 3913 :::::
1108 3861 1201 3910 5::
1333 3862 1466 3923 εξεε
1588 3855 1737 3924 ἰξίξςῖ
1889 3852 2035 3921 ;γ;;.

519 3929 626 3981 2⁵
801 3928 960 4017 EE;
1105 3924 1214 3976 ²⁴
1332 3926 1735 4017 ᾉρ,’ἳὲ
1888 3928 2042 4017 ’ἕξ

1108 3962 1137 3975 ιιι
1182 3962 1211 3976 Ἦ
1335 3962 1466 3977 ⁷ἰ““
1595 3962 1695 3987 Vv'l

802 3978 847 3994 οι
886 3979 958 3995 -οο
1332 3979 1466 3996 ..κιο
1660 3982 1671 3992 ο
1722 3979 1734 3993 ο

1340 4009 1374 4062 4
1417 4010 1480 4061 12
1629 4009 1661 4059 9
1698 4008 1727 4057 7

423 4144 590 4210 Quod
622 4148 668 4200 si
699 4164 812 4200 non
832 4147 945 4199 sint
974 4149 1533 4219 continuiquadrati,
1561 4153 1657 4204 sed
1680 4169 1827 4206 unus
1856 4154 2004 4207 inter
2025 4172 2122 4208 eos

424 4236 790 4289 transmissus
835 4236 929 4300 sit,
965 4237 1027 4289 ﬁt
1064 4238 1189 4305 ejus
1235 4238 1386 4307 quod
1426 4239 1771 4309 relinquitur
1818 4243 2116 4312 medietas,

424 4324 483 4378 id
532 4325 686 4394 quod
736 4341 803 4377 ex
848 4324 1148 4394 utriusque
1187 4326 1462 4379 lateribus
1508 4327 1774 4396 efficitur,
1815 4335 1877 4383 ut
1904 4332 1951 4384 si
1981 4349 2119 4403 qua-

421 4415 739 4467 ternarium
769 4413 837 4465 de
887 4416 944 4466 16
978 4413 1254 4482 quadrato
1284 4414 1631 4483 auferamus,
1671 4422 1735 4472 12
1776 4419 2117 4491 relinquun-

421 4509 533 4567 tur,
560 4517 806 4570 quorum
844 4504 905 4553 12
940 4502 1211 4555 medietas
1233 4508 1317 4555 est
1348 4504 1393 4555 is
1428 4520 1703 4557 numerus
1737 4506 1835 4571 qui
1866 4524 1932 4560 ex
1967 4514 2117 4563 utro-

421 4606 665 4660 rumque
696 4589 970 4644 lateribus
1001 4592 1287 4644 conventi.
1321 4594 1464 4646 Sunt
1504 4598 1695 4647 autem
1735 4600 2113 4669 utrorumque

419 4679 613 4746 latera,
636 4680 749 4733 duo
776 4685 830 4733 et
853 4687 1120 4749 quatuor,
1137 4696 1264 4750 qua:
1288 4680 1576 4735 senarium
1593 4682 1788 4750 juncta
1810 4686 2117 4753 perficiunt

413 4770 603 4837 Atque
635 4768 695 4821 in
730 4768 949 4822 caeteris
980 4769 1131 4821 idem
1175 4769 1374 4822 modus
1405 4774 1508 4823 est.
1558 4770 1655 4824 Sin
1698 4788 1831 4825 vero
1883 4774 1997 4827 duo
2029 4776 2113 4828 ir-

416 4856 833 4921 termittantur,
883 4856 1053 4909 tertia
1083 4873 1213 4927 pars
1265 4858 1374 4911 erit
1407 4858 1529 4927 ejus
1556 4859 1713 4927 quod
1744 4860 2107 4933 relinquitur,

415 4944 475 4997 id
507 4946 659 5013 quod
690 4950 1064 5015 utrorumque
1090 4946 1267 4999 latera
1294 4947 1674 5017 conjungunt,
1700 4954 1763 5001 ut
1793 4949 1836 5001 si
1866 4957 2112 5021 quatuor

414 5034 485 5087 de
524 5036 589 5087 25
639 5033 914 5103 auferam,
959 5035 1298 5089 intermissis
1345 5036 1565 5089 duobus
1615 5037 1925 5105 quadratis,
1975 5040 2108 5095 reli-

413 5123 513 5193 qui
542 5126 603 5177 21
640 5126 791 5176 sunt.
826 5124 1034 5178 Eorum
1079 5140 1211 5177 vero
1252 5125 1428 5178 latera
1458 5131 1588 5178 sunt
1616 5129 1649 5177 2
1694 5132 1749 5179 et
1782 5133 1813 5181 5
1844 5130 1942 5197 qui
1984 5131 2106 5184 effi-

413 5213 573 5266 ciunt
594 5217 646 5279 7,
706 5212 806 5284 qui
838 5219 970 5266 sunt
1013 5229 1142 5282 pars
1172 5214 1339 5267 tertia
1370 5214 1597 5268 numeri
1637 5217 1724 5268 21.
1754 5218 1939 5286 Atque
1988 5219 2107 5272 haec

412 5303 615 5371 regula
645 5306 749 5367 est,
800 5307 862 5354 ut
912 5300 957 5353 si
990 5306 1103 5353 tres
1134 5300 1445 5356 intermissi
1476 5311 1497 5337 °
1541 5303 1673 5371 sint,
1715 5320 1846 5373 pars
1899 5314 2103 5375 quarta

412 5388 505 5455 sit,
544 5390 603 5444 id
643 5390 796 5460 quod
835 5405 903 5443 ex
943 5393 1320 5460 utrorumque
1374 5392 1643 5446 lateribus
1687 5393 1932 5447 efficitur
1979 5395 2102 5465 ejus

2250 3094 2571 3165 quadrupla
2600 3098 2931 3168 quincupla,
2966 3116 3029 3153 ac
3051 3100 3317 3171 deinceps
3348 3103 3475 3154 talis
3508 3103 3691 3156 currit
3724 3104 3942 3157 habitu-

2248 3180 2448 3235 dinum
2483 3186 2818 3253 procreatio.
2871 3190 3085 3242 Rursus
3135 3189 3354 3243 hisdem
3400 3190 3583 3243 tribus
3635 3194 3938 3262 praeceptis

2245 3273 2788 3341 superparticulares
2821 3278 2841 3316 ί
2870 3276 3031 3341 fiunt,
3067 3284 3131 3330 ut
3156 3294 3271 3331 uno
3312 3280 3617 3348 probamus
3651 3284 3934 3352 exemplo.

2245 3358 2656 3414 Convertamus
2692 3379 2862 3431 nunc,
2912 3369 2965 3417 et
3014 3367 3267 3435 priorem
3317 3368 3593 3436 majorem
3627 3385 3935 3424 numerum

2244 3447 2612 3516 disponamus
2652 3452 2703 3517 4,
2755 3455 2809 3517 2,
2851 3456 2867 3505 1
2913 3469 2925 3519 ;
2968 3460 3215 3523 ponatur
3258 3456 3435 3526 igitur
3478 3458 3704 3526 primus
3751 3462 3937 3528 primo

2243 3552 2461 3606 (equus,
2496 3537 2553 3591 id
2575 3544 2659 3591 est
2686 3541 2718 3591 4
2746 3557 2757 3606 ;
2794 3542 3076 3595 secundus
3106 3544 3293 3612 primo
3325 3544 3536 3597 scilicet
3576 3550 3631 3599 et
3664 3550 3934 3612 secundo,

2240 3626 2296 3679 id
2329 3630 2503 3693 est6;
2551 3630 2751 3682 tertius
2801 3632 3009 3701 primo,
3060 3633 3282 3687 duobus
3328 3636 3585 3701 secundi,
3632 3643 3691 3691 et
3744 3643 3933 3702 tertio,

2238 3714 2297 3768 id
2330 3720 2413 3768 est
2438 3719 2508 3782 9;
2557 3718 2763 3787 quibus
2803 3719 3094 3790 dispositis
3124 3722 3498 3792 sesquialtera
3545 3731 3780 3780 notatur
3820 3745 3935 3781 esse

2238 3804 2555 3873 proportio.

2236 3940 2881 4003 κιᾼᾲίιί
3070 3940 3788 4003 2A‘|_—1——l

3530 4027 3543 4053 ι

2230 4198 2412 4288 ᾼἯαθ
2442 4198 2499 4252 id
2530 4200 2572 4252 si
2606 4200 2675 4254 de
2693 4202 2880 4272 triplis
2910 4204 3028 4271 fiat,
3064 4210 3462 4280 sesquitertia;
3500 4214 3544 4267 si
3578 4216 3645 4270 de
3680 4220 3928 4288 quadru-

2160 4289 2199 4341 D
2228 4284 2335 4352 plis
2369 4287 2783 4358 sesquiquarta,
2826 4294 3339 4367 consimilibusque
3370 4301 3428 4354 in
3459 4284 3741 4359 alterutra
3763 4314 3920 4376 parte

2228 4373 2517 4427 vocabulis
2542 4379 3046 4447 proportionalitas
3078 4399 3141 4437 ex
3177 4388 3603 4457 multiplicitate
3631 4373 3913 4454 nascetur.

2223 4475 2286 4513 ex
2338 4466 2969 4534 superparticularitate
3026 4488 3159 4527 vero
3208 4491 3478 4531 conversa
3537 4480 3771 4535 ducitur
3827 4501 3916 4537 su-

2225 4552 2582 4619 perpartiens
2626 4554 2920 4612 habitudo.
2973 4559 3320 4630 Disponatur
3386 4567 3539 4620 enim
3590 4573 3909 4625 conversim

2220 4639 2587 4708 sesquialtera
2618 4647 2991 4714 comparatio,
3031 4648 3082 4715 9,
3122 4654 3174 4717 6,
3208 4653 3258 4705 fi.
3299 4654 3547 4708 Ponatur
3595 4659 3751 4712 enim
3786 4661 3913 4730 pri-

2220 4742 2347 4779 mus
2372 4728 2559 4796 primo
2592 4748 2812 4801 aequus,
2854 4734 2910 4788 id
2943 4741 3028 4790 est
3059 4740 3125 4804 9;
3182 4742 3465 4796 secundus
3514 4745 3705 4814 primo
3740 4728 3799 4801 et
3825 4766 3909 4801 se-

2220 4817 2425 4882 cundo,
2460 4817 2513 4871 id
2568 4825 2650 4873 est
2686 4824 2745 4873 15
2774 4838 2786 4887 ;
2836 4824 3039 4877 tertius
3073 4828 3258 4897 primo
3290 4830 3513 4885 duobus
3536 4836 3801 4889 secundis
3842 4854 3903 4890 ac

2216 4904 2405 4967 tertio,
2452 4906 2509 4959 id
2558 4913 2639 4961 est
2682 4912 2749 4963 25
2803 4927 2815 4977 ;
2864 4928 2929 4965 ac
2964 4912 3344 4985 disponantur
3382 4918 3443 4973 in
3491 4922 3755 4978 ordinem
3802 4927 3907 4979 hoc

3568 5259 3891 5270 -ὀ

2219 4992 2390 5045 modo
2417 5010 2429 5046 :

2220 5108 2621 5196 :L_:9
2654 5116 3307 5193 “mil—ftf—l
3336 5120 3433 5123 π
3462 5120 3553 5181 *ήά
3597 5189 3646 5194 _
3677 5120 3725 5196 .“

2372 5192 2623 5257 μᾳϋ
2836 5192 3086 5253 [ἐπὶ
3302 5204 3309 5255 1
3504 5206 3568 5249 2ζί
3756 5202 3764 5257 |

2608 5274 3063 5335 Superbipartiens
3302 5280 3755 5339 Superbipau-uens

2220 5337 2541 5349 σῇ-

2212 5398 2707 5471 Superbipartieus
2745 5404 2922 5477 igitur
2951 5426 3016 5465 ex
3043 5414 3331 5468 conversis
3375 5416 3759 5486 sesquialteris
3788 5416 3891 5470 ha—

484 5540 509 5567 ι
539 5533 919 5599 Intelligimus.
964 5534 992 5579 Ι)
1027 5533 1155 5597 Quae
1185 5532 1251 5585 de
1280 5534 1370 5586 iis.
1414 5541 1431 5565 ο
1474 5536 1623 5588 Vero.
1663 5532 1686 5568 δ
1730 5538 2109 5606 Utrorumque.
2145 5549 2165 5573 ο
2201 5542 2355 5597 Sunt.
2401 5542 2418 5577 ί
2448 5546 2622 5602 Fient.
