4104 6176
191 320 320 372 1201

1608 318 1697 371 DE
1739 316 1998 372 MUSICA
2038 319 2169 373 LIB.
2215 318 2284 371 Il.

3559 322 3696 377 £202

180 456 386 512 bitudo
416 458 684 529 producta
718 460 832 521 est;
878 455 1029 527 quod
1077 456 1123 509 si
1163 456 1290 527 quis
1322 455 1388 509 ad
1430 455 1577 509 hanc
1623 455 1878 525 specula-
1914 456 1961 507 Α
1994 470 2334 525 semperque
2382 472 2515 525 pars
2558 455 2728 509 tertia
2784 455 2845 508 in
2887 456 3091 509 ultimo
3152 472 3395 509 numero
3445 457 3694 509 naturali

179 548 400 599 tionem
450 546 698 615 diligens
756 549 1039 597 scrutator
1094 545 1341 603 accedat,
1389 560 1454 597 ex
1507 544 1884 614 sesquitertiis

180 635 470 688 conversis
549 633 1145 704 supertripartientem
1210 632 1495 703 producit,
1546 634 1882 704 caaterisque

179 723 464 777 similibus
492 723 781 777 vocabulis
824 722 1140 792 adaequatis
1187 727 1418 775 cunctas
1467 738 1530 774 ex
1576 739 1879 792 superpar-

177 813 525 866 ticularitate
556 810 1030 882 superpartientis
1061 810 1275 881 species
1308 810 1595 881 procreari
1646 812 1880 865 mirabi-

174 907 293 955 tur.
354 903 432 955 Ex
488 918 605 955 non
654 902 940 955 conversis
996 906 1187 954 autem
1248 902 1881 971 superparticularibus,

174 992 277 1045 sed
308 991 390 1044 ita
416 996 476 1044 ut
520 1007 584 1045 ex
618 991 924 1061 multiplici
976 992 1258 1061 procreati
1303 996 1456 1056 sunt,
1497 991 1878 1055 manentibus,

173 1096 410 1133 necesse
441 1086 526 1133 est
576 1080 925 1150 multiplices
977 1080 1524 1150 superparticulares
1570 1079 1767 1132 creari.
1805 1080 1881 1132 Ex

174 1169 550 1222 manentibus
586 1186 718 1222 vero
754 1169 1331 1238 superpartientibus,
1364 1170 1443 1220 ita
1478 1173 1535 1220 ut
1562 1184 1627 1221 ex
1679 1182 1878 1236 super-

173 1257 620 1327 particularibus
667 1258 1023 1328 prodierunt,
1084 1273 1199 1309 non
1245 1257 1342 1309 alii
1386 1256 1495 1309 nisi
1536 1255 1880 1326 multiplices

174 1347 669 1416 superpartientes
689 1346 1163 1417 procreabuntur.
1189 1348 1267 1399 Ac
1289 1345 1357 1398 de
1379 1345 1466 1398 his
1490 1345 1722 1415 quidem
1751 1345 1878 1397 hac-

174 1441 365 1501 tenus,
402 1435 735 1504 diligentius
768 1434 920 1488 enim
954 1435 1012 1487 in
1044 1434 1431 1488 Arithmeticaa
1466 1433 1625 1489 libris
1656 1434 1725 1487 de
1774 1433 1878 1487 hac

173 1526 606 1594 comparatione
633 1530 718 1578 est
747 1525 1125 1594 disputatum.

817 1613 1043 1666 CAPUT
1083 1612 1219 1663 Vlll.

266 1703 475 1771 Regula
504 1702 764 1771 quotlibet
791 1704 1079 1755 continuas
1105 1703 1479 1769 proportiones
1509 1715 1801 1769 superpar-

717 1791 969 1845 ticulares
996 1790 1326 1844 inveniendi.

243 1881 405 1951 Stepe
436 1885 628 1934 autem
657 1880 862 1934 accidit
894 1886 955 1933 nt
988 1885 1121 1945 tres,
1146 1878 1232 1932 vel
1274 1883 1537 1948 quatuor.
1571 1877 1657 1930 vel
1702 1882 1876 1948 quot-

169 1971 315 2024 libet
335 1986 527 2041 eeqnas
555 1970 1165 2040 superparticularinm
1196 1966 1603 2038 proportiones
1636 1967 1705 2020 de
1754 1983 1875 2020 mu-

170 2060 288 2113 sica
315 2061 633 2130 disputator
664 2060 936 2129 inquirat.
971 2057 1077 2111 Sed
1101 2074 1173 2110 ne
1200 2058 1260 2110 in
1291 2072 1423 2110 casu
1454 2062 1624 2126 atque
1654 2057 1875 2109 inscitia

170 2150 465 2214 facientes,
500 2164 660 2203 error
699 2149 847 2201 ullus
893 2147 1246 2201 difﬁcultatis
1302 2146 1603 2215 impediat,
1655 2145 1759 2198 hac
1792 2162 1876 2199 re-

172 2240 312 2309 gula
339 2238 624 2309 quotlibet
666 2253 860 2309 aequas
902 2236 1300 2307 proportiones
1343 2251 1408 2288 ex
1450 2234 1875 2304 multiplicilate

170 2329 466 2381 ducemus.
501 2328 903 2398 Unusquisque
954 2326 1253 2394 multiplex
1302 2324 1370 2378 ab
1396 2323 1613 2377 unitate
1663 2322 1877 2377 scilicet

170 2422 559 2488 computatus,
596 2422 677 2469 tot
723 2415 1268 2485 superparticulares
1317 2412 1682 2467 habitudines
1728 2428 1877 2481 prie-

169 2506 340 2571 cedit,
372 2522 487 2558 sum
525 2504 733 2558 scilicet
763 2506 823 2556 in
865 2503 1209 2557 contrariam
1264 2509 1485 2573 partem
1535 2502 1873 2555 denomina-

170 2593 369 2659 tionis,
438 2598 645 2663 quotus
700 2593 821 2662 ipse
877 2592 945 2645 ab
1002 2592 1221 2645 unitate
1272 2618 1295 2643 ι
1354 2591 1689 2645 discesserit.
1757 2593 1873 2645 Hoc

166 2683 340 2736 modo
373 2688 432 2735 ut
462 2682 671 2753 duplex
703 2680 1113 2751 sesquialteras
1142 2681 1459 2745 antecedat,
1501 2680 1706 2749 triplex
1755 2696 1869 2732 ses-

165 2772 494 2843 quitertias,
564 2770 918 2841 quadruplex
976 2770 1423 2839 sesquiquartas,
1490 2784 1553 2820 ac
1602 2768 1871 2836 deinceps

161 2862 221 2915 in
266 2861 423 2913 hunc
466 2858 721 2912 modum.
776 2858 858 2911 Sit
906 2857 1083 2928 igitur
1125 2857 1433 2926 duplorum
1480 2857 1731 2925 subjecta
1779 2857 1871 2909 de-

162 2950 424 3019 scriptio.

1606 3270 1855 3281 w

166 3074 859 3140 μΙ-ι-ΙΗΞ-ι-ίξ
886 3134 917 3137 μ
949 3072 957 3129 l
992 3134 1037 3137 Α,
1068 3078 1097 3123 8
1130 3069 1687 3138 ;l_t6_l_3zﬁ
1712 3070 1851 3135 Ιη-

168 3142 915 3210 ,___.l_3_|_6,
944 3142 1853 3208 |f12_‘l_“2~t__|_48_|__,_

823 3212 1717 3283 LJJIBﬁIZgJ

162 3343 841 3350 ~,-_k_u
890 3288 949 3349 ,I
1000 3288 1149 3349 “27‘
1198 3286 1371 3350 l_51i
1408 3288 1634 3350 ,1⁷108
1708 3290 1715 3338 ι

1198 3357 1205 3413 I
1252 3360 1351 3423 -.δι
1453 3355 1851 3423 I_L62_I__-

1458 3431 1465 3483 Ι
1544 3434 1643 3480 2-}3
1716 3431 1724 3484 I

158 3542 223 3593 In
254 3539 552 3608 superiore
584 3538 761 3607 igitur
790 3537 1171 3609 descriptione
1198 3538 1457 3591 binarius
1479 3539 1698 3608 primus
1721 3539 1867 3592 mul-

159 3628 363 3700 tiplex,
396 3643 578 3681 unum
613 3627 681 3681 ad
715 3644 771 3680 se
802 3628 1131 3697 ternarium
1177 3627 1364 3689 habet,
1418 3628 1517 3697 qui
1562 3628 1742 3698 possit
1789 3629 1867 3682 fa-

162 3734 291 3771 cere
329 3716 758 3786 sesquialteram
782 3716 1234 3785 proportionem.
1258 3716 1561 3770 Ternarius
1592 3732 1725 3769 vero
1748 3733 1862 3769 non

162 3807 341 3861 habet
360 3805 562 3859 talium
587 3804 684 3873 qui
707 3804 830 3873 ejus
853 3804 1033 3874 possit
1061 3819 1183 3857 esse
1207 3804 1563 3873 sesquialter,
1591 3804 1862 3874 quoniam

162 3895 475 3950 medietate
509 3892 718 3947 deficit.
770 3894 987 3946 Rursus
1018 3892 1417 3962 quaternarius
1455 3893 1734 3945 secundus
1783 3897 1866 3946 est

164 3983 409 4053 duplex,
449 3982 539 4034 hic
591 3980 735 4034 duos
779 3980 1182 4050 sesquialteros
1227 3979 1513 4032 antecedit
1576 3981 1862 4033 senarium

164 4076 222 4123 et
272 4067 669 4131 novenarium,
716 4066 815 4135 qui
862 4066 1169 4119 medietate
1208 4068 1381 4118 caret.
1426 4068 1611 4134 Atque
1658 4066 1864 4119 idcirco

163 4156 357 4211 nullus
389 4157 441 4209 ei
490 4154 825 4209 habitudine
869 4154 1242 4224 sesquialtera
1283 4158 1669 4222 comparatur,
1703 4161 1758 4205 et
1806 4154 1863 4205 in

164 4245 389 4300 caeteris
420 4244 571 4298 idem
604 4249 708 4297 est.
744 4244 920 4312 Tripli
944 4258 1077 4295 vero
1108 4242 1308 4296 eodem
1340 4242 1515 4294 modo
1556 4241 1867 4311 sesquiter-

164 4337 276 4388 tios
309 4337 531 4399 creant;
566 4332 640 4386 sit
668 4331 821 4385 enim
856 4330 1057 4385 similis
1096 4330 1154 4385 in
1183 4330 1357 4400 triplo
1398 4330 1724 4401 descriptio.

916 4462 1151 4506 Latituau.

247 4544 356 4556 -νο
382 4544 647 4555 —~——-.——

272 4558 321 4605 In
350 4561 598 4606 latitudine
633 4568 641 4629 ι
704 4574 715 4618 ι

1155 4547 1521 4555 ——————_—

777 4636 1427 4651 μ--νο-»-’-----’·-·-·-τ
1478 4636 1571 4665 ιυχ
1650 4638 1699 4667 41,“
1801 4650 1816 4658 ο

777 4650 788 4727 l
854 4665 881 4710 4
940 4650 951 4725 l
1008 4662 1060 4710 ιι)
1104 4650 1113 4725 I
1160 4664 1220 4707 δεῖ
1263 4651 1274 4726 l
1315 4636 1812 4741 ιιιδιἔ-.ἷἠ.ε⁸¹¹ὲ.ζ.,ἐι¹ἐ.

941 4722 1114 4818 i—HT,‘
1161 4758 1219 4801 is
1262 4722 1274 4807 l
1314 4722 1427 4818 ml
1458 4722 1692 4791 iiiiﬁf

1102 4847 1109 4899 Ι
1156 4850 1216 4895 δι
1261 4846 1271 4901 ἐ
1310 4849 1397 4894 192

1284 4636 1413 4643 ...ἡ

630 4638 863 4647 ,--μ-

234 4630 284 4667 et
310 4633 602 4681 unoquoque

231 4682 412 4728 ordine
436 4682 579 4743 tripli.

1095 4916 1408 4926 βῆ·-

1412 4876 1425 5038 Ι

169 5291 231 5342 1η
268 5290 571 5359 superiore
598 5291 777 5361 igitur
804 5292 1189 5363 descriptione
1222 5293 1610 5363 sesquitertias
1632 5308 1870 5361 propor-

169 5378 363 5432 tiones
396 5380 475 5432 ita
506 5385 668 5433 natas
695 5381 972 5449 videmus,
1008 5387 1073 5435 ut
1102 5381 1321 5452 primus
1350 5384 1374 5423 Ι)
1435 5381 1636 5450 triplex
1691 5397 1872 5434 unum

173 5466 611 5537 sesqnitertium
645 5469 962 5535 antecedat,
996 5470 1281 5524 secundus
1312 5469 1475 5537 duos,
1508 5469 1710 5523 tertius
1738 5474 1872 5537 tres,

253 5632 277 5655 ³
337 5622 649 5678 Decesserit.
728 5628 752 5666 δ
823 5626 1139 5681 Ternarius.

1220 5636 1240 5660 ο
1314 5630 1753 5681 Denominationc
1793 5630 2132 5697 multiplices.
2210 5626 2236 5667 ἀ
2278 5626 2435 5681 Sunt.

1994 546 2241 615 quodam
2273 544 2387 598 ﬁne
2407 545 2721 597 claudatur.
2747 543 2911 607 Quod
2943 545 2987 595 si
3011 544 3394 614 quadruplum
3431 546 3696 598 statueris

1992 633 2196 686 eodem
2228 632 2425 699 modo,
2459 632 2894 702 sesquiquartos
2927 633 3204 699 invenies,
3240 634 3283 685 si
3317 634 3693 703 quincuplum

1993 721 2436 791 sesquiquintos.
2470 726 2549 774 Ac
2589 722 2860 791 deinceps
2898 722 3110 791 singuli
3140 734 3162 762 ο
3209 722 3697 775 denominationis

1992 810 2326 880 multiplicis
2374 815 2460 862 tot
2510 810 3057 879 superparticulaies
3104 811 3456 879 przecedunt,
3519 816 3695 881 quoto

1990 898 2115 952 loco
2149 899 2258 967 ipsi
2297 914 2329 951 a
2355 914 2413 951 se
2439 898 2658 951 unitate
2688 898 3070 953 discesserint.
3104 901 3284 953 Unam
3311 916 3442 952 vero
3471 905 3691 952 tantum

1992 987 2303 1057 quadrupli
2333 986 2771 1056 dispositionem
2804 1004 3108 1057 ponemus,
3163 994 3225 1041 ut
3256 988 3311 1041 in
3336 1004 3401 1040 ea
3447 989 3591 1042 sicut
3633 989 3694 1042 in

1992 1076 2210 1128 caeteris
2242 1077 2418 1128 lector
2445 1076 2689 1145 diligens
2720 1092 2961 1130 acumen
2991 1077 3194 1130 mentis
3226 1083 3502 1131 exerceat.

2724 1217 2965 1266 Latitudo

2000 1368 2297 1418 latitudine.

3282 1364 3587 1446 EPPE’hifi‘l
3595 1364 3684 1446 ἐρ’

3286 1427 3422 1518 {3:23
3498 1427 3678 1489 proxi-

3287 1501 3419 1537 αποθ-

3083 1597 3261 1653 16251

2954 1438 3266 1445 ———

2017 1501 2420 1564 \

2366 1625 2498 1664 κν
2506 1625 3179 1694 iwﬁupum

2899 1580 3077 1589 .—

1984 1915 2109 1967 Haac
2142 1912 2321 1982 igitur
2346 1912 2656 1983 speculatio
2692 1912 2762 1966 ad
2796 1912 2945 1965 hanc
2979 1910 3298 1965 utilitatem
3330 1908 3557 1961 videtur
3598 1906 3688 1960 in-

1984 2009 2176 2068 venta,
2210 2008 2275 2055 ut
2300 2003 2795 2072 quotienscunque
2826 2004 2860 2055 4
2891 2002 2976 2054 vel
3011 2005 3063 2067 5,
3106 2000 3196 2052 vel
3246 1997 3528 2069 quotlibet
3572 2012 3689 2050 ses-

1984 2091 2316 2161 quialteros,
2362 2094 2449 2145 vel
2508 2091 2925 2162 sesquitertios,
2987 2090 3077 2143 vel
3120 2087 3558 2158 sesquioctavos,
3599 2085 3688 2137 vel

1985 2182 2269 2251 quotlibet
2288 2182 2424 2235 alias
2453 2181 2857 2251 proportiones
2880 2180 3027 2251 quis
3049 2176 3391 2246 investigare
3418 2173 3683 2239 voluerit,

1983 2271 2143 2325 nullo
2175 2287 2369 2324 errore
2400 2271 2644 2336 labatur,
2692 2274 2868 2340 utque
2917 2284 3032 2321 non
3086 2266 3139 2320 ei
3196 2280 3435 2319 numero
3492 2262 3683 2333 primo

1982 2362 2124 2414 tales
2154 2360 2557 2431 proportiones
2602 2364 2825 2429 quaerat
2854 2363 3072 2429 aptare,
3116 2356 3215 2427 qui
3264 2352 3465 2425 quanti
3497 2354 3524 2395 ἀ
3572 2352 3685 2404 sint

1982 2451 2281 2520 propositi,
2324 2454 2407 2502 tot
2453 2450 2798 2519 praecedere,
2834 2455 2890 2501 et
2916 2452 3043 2516 post
3075 2462 3131 2497 se
3154 2444 3363 2498 habere
3395 2458 3513 2495 non
3558 2456 3683 2511 pos-

1981 2541 2072 2591 sit.
2108 2538 2214 2592 Sed
2249 2538 2512 2608 disponat
2544 2539 2735 2608 potius
2762 2535 3129 2607 multiplices,
3168 2533 3472 2603 videatque
3503 2546 3685 2601 quan-

1981 2633 2065 2679 tos
2096 2627 2645 2697 superparticulares
2694 2624 2958 2696 requirit,
3011 2637 3258 2691 eumque
3303 2616 3680 2687 multiplicem

1982 2716 2267 2785 respiciat,
2293 2717 2393 2785 qui
2426 2732 2493 2769 eo
2528 2717 2647 2769 loco
2691 2715 2758 2767 ab
2804 2714 3019 2766 unitate
3052 2708 3365 2773 recesserit,
3416 2711 3480 2759 ut
3510 2705 3679 2758 estin

1980 2805 2373 2875 superioribus
2418 2803 2918 2874 descriptionibus,
2970 2801 3016 2853 si
3056 2805 3170 2851 tres
3219 2806 3239 2831 ε
3274 2794 3676 2866 sesquialteros

1980 2894 2225 2947 fortasse
2282 2894 2594 2963 quaesierit,
2657 2908 2774 2945 non
2832 2909 2863 2944 a
2912 2886 3279 2960 quaternario
3324 2883 3678 2954 ingrediatur

1974 2984 2494 3052 investigationem.
2550 2983 2644 3035 Hic
2687 2981 2863 3045 enim,
2921 2981 3195 3049 quoniam
3273 2972 3552 3027 secundus
3591 2975 3676 3023 est

1978 3073 2206 3142 duplus,
2248 3073 2390 3126 duos
2421 3075 2641 3124 tantum
2676 3068 2964 3139 praecedit,
2997 3066 3344 3135 tertiumque
3389 3062 3439 3115 ei
3472 3065 3665 3131 aptare

1978 3178 2093 3215 non
2135 3162 2364 3231 poterit,
2398 3160 2495 3213 sed
2522 3163 2602 3211 rut
2648 3160 2719 3211 ab
2770 3156 3063 3211 octonario
3113 3152 3449 3207 medietates
3488 3153 3668 3202 tentet

1976 3266 2285 3321 apponere.
2324 3250 2424 3302 Hic
2453 3248 2606 3302 enim
2661 3246 2931 3317 quoniam
2975 3244 3177 3297 tertius
3210 3246 3313 3306 est,
3365 3246 3477 3293 tres
3531 3253 3671 3308 quas

1975 3341 2181 3409 quaerit
2208 3339 2608 3409 sesquialteras
2642 3335 3043 3407 proportiones
3069 3332 3297 3399 efﬁciet,
3327 3334 3382 3383 et
3412 3328 3470 3381 in
3502 3331 3668 3381 caete-

1976 3430 2051 3482 ris
2076 3429 2276 3482 eodem
2308 3428 2496 3481 modo.
2534 3428 2625 3480 Est
2654 3426 2824 3479 etiam
2849 3424 2961 3476 alia
2990 3421 3236 3491 augendi
3268 3417 3670 3489 proportiones

1974 3520 2062 3570 via
2093 3518 2201 3570 hoc
2235 3517 2401 3570 modo
2438 3533 2449 3569 :
2482 3515 2735 3586 [Radices
2778 3511 3218 3583 proportionum
3281 3508 3549 3561 dicuntur
3610 3504 3667 3557 in

1974 3607 2187 3661 eisdem
2218 3605 2743 3676 comparationibus
2766 3603 3020 3656 minima!
3045 3596 3447 3669 proportionis.
3476 3595 3672 3663 Dispo-

1975 3702 2144 3749 natur
2210 3696 2362 3749 enim
2424 3710 2698 3747 numerus
2755 3690 3053 3753 naturalis,
3121 3688 3338 3740 unitate
3385 3683 3668 3753 multipli-

1973 3791 2149 3838 catus.

1974 4051 2220 4105 Minimae
2254 4050 2429 4119 igitur
2475 4046 2874 4117 proportiones
2907 4050 3059 4111 sunt,
3113 4049 3173 4096 ut
3216 4045 3273 4095 in
3322 4042 3670 4112 sesqualtera

1977 4141 2006 4190 3
2035 4138 2099 4189 ad
2130 4140 2182 4201 2,
2218 4137 2275 4188 in
2308 4134 2669 4205 sesqnitertia
2710 4134 2744 4185 4
2774 4134 2842 4186 ad
2889 4136 2941 4196 3,
3007 4131 3065 4183 in
3106 4131 3505 4199 sesquiquarta
3538 4132 3567 4181 5
3599 4128 3666 4181 ad

1976 4228 2028 4291 4,
2060 4230 2115 4277 et
2139 4223 2401 4292 deinceps
2433 4224 2492 4275 in
2519 4222 2829 4289 inﬁnitum,
2867 4226 2923 4274 et
2952 4234 3304 4290 quaecunque
3338 4234 3395 4269 se
3426 4233 3668 4287 propor-

1904 4315 2161 4379 Dtiones
2220 4313 2434 4366 unitate
2494 4310 2904 4381 praecesserint.
2968 4308 3328 4378 Propositum
3370 4306 3545 4375 igitur
3597 4307 3671 4358 sit

1978 4403 2118 4456 duas
2160 4401 2558 4471 sesquialteras
2610 4399 3009 4468 proportiones
3055 4396 3329 4449 continua
3373 4408 3669 4461 compara-

1976 4492 2133 4545 tione
2166 4490 2503 4560 producere.
2539 4489 2711 4542 Sumo
2742 4486 2992 4541 radicem
3032 4484 3486 4554 sesquialteram,
3516 4497 3667 4535 eam-

1978 4596 2089 4649 que
2124 4579 2386 4648 dispono,
2418 4580 2449 4628 2
2482 4583 2534 4630 et
2567 4580 2616 4632 3.
2667 4575 2974 4645 Multiplico
3022 4574 3196 4643 igitur
3241 4571 3525 4624 binarium
3567 4586 3671 4639 per

1976 4668 2291 4732 binarium,
2324 4668 2469 4719 iiunt
2490 4667 2541 4719 4.
2580 4666 2719 4719 Item
2753 4663 3036 4719 ternarius
3060 4678 3162 4731 per
3211 4660 3500 4713 binarium
3544 4675 3668 4712 cre-

1978 4763 2115 4823 scat,
2147 4761 2314 4809 erunt
2352 4762 2401 4808 b'.
2434 4756 2646 4807 Rursus
2697 4754 3007 4807 lernarium
3048 4752 3105 4803 in
3157 4751 3526 4820 semetipsum
3574 4749 3675 4803 dn-

1978 4862 2192 4910 cemns,
2227 4844 2369 4897 ﬁunt
2412 4845 2465 4908 9,
2496 4844 2595 4913 qui
2637 4844 3019 4913 disponuntur
3046 4841 3153 4894 hoc
3194 4840 3363 4892 modo
3400 4857 3411 4892 :

2112 4988 2405 5058 |__2_4_|
2424 4981 2557 5058 ξε)
2570 4981 2686 5057 :l
2700 4981 2968 5057 ;'r:il
2980 4981 3253 5055 :6le
3376 4981 3540 5057 9:|

1980 5116 2307 5170 Invenimus
2341 5113 2517 5184 igitur
2548 5114 2689 5167 duas
2733 5113 3056 5184 propositas
3104 5114 3507 5185 sesquialteras
3535 5128 3675 5182 pro-

1978 5205 2271 5275 portiones
2301 5207 2332 5257 6
2364 5204 2433 5257 ad
2468 5205 2523 5270 4,
2557 5209 2613 5255 et
2662 5205 2692 5255 9
2718 5202 2789 5255 ad
2846 5206 2895 5255 6.
2957 5202 3041 5258 Sit
3104 5219 3255 5256 nunc
3310 5202 3673 5272 propositum

1979 5302 2093 5348 tres
2123 5294 2399 5346 invenire.
2435 5293 2681 5360 Dispono
2711 5291 2937 5345 eosdem
2989 5307 3262 5346 numeros
3313 5307 3455 5359 quos
3502 5305 3674 5359 supra

1982 5381 2089 5437 inf
2121 5380 2488 5451 exquirendis
2538 5380 2756 5433 duabus
2807 5380 3192 5450 sesquialteris
3243 5378 3678 5432 habitudinibus

1982 5485 2419 5544 proposueram,
2469 5468 2759 5539 'ipsasque
2822 5468 3220 5539 sesquialteras
3278 5467 3680 5536 proportiones

2517 5634 2537 5659 ο
2571 5626 2984 5694 Sesquialteras.
3064 5620 3085 5659 ί
3113 5622 3479 5692 lnquirendis.
