4104 6176
417 274 554 326 1203

1720 276 1831 328 ΑΝ.
1874 274 2080 328 MANL.
2126 275 2279 330 SEV.
2319 273 2572 330 BOETll.

3769 272 3914 324 120»

409 403 716 472 Multiplico
755 402 976 456 binario
1008 403 1463 474 quaternarium,
1499 403 1646 457 fiunt
1693 408 1839 458 octo.
1889 405 2106 458 Rursus
2145 408 2190 458 Α
2223 404 2375 474 quod
2406 404 2578 474 paulo
2610 403 2894 474 posterius
2927 402 3469 457 demonstrabimus.
3514 402 3611 456 Sin
3643 418 3777 455 vero
3813 402 3919 454 illa

409 491 694 544 senarium
727 490 970 557 binario,
1009 492 1154 545 fiunt
1207 495 1288 545 1'2.
1335 493 1549 545 Rursus
1594 491 1972 546 noveuarium
2022 493 2100 546 bi-

407 580 590 646 nario,
624 581 769 632 fiunt
818 583 896 633 18.
951 582 1165 634 Rursus
1219 581 1591 634 novenarium
1640 582 1912 647 ternario,
1955 582 2102 636 fiunt

537 776 887 874 ξιζῖξῗξ,
899 777 996 874 l:
1029 778 1236 874 3::
1246 779 1278 874 εξ

505 889 604 921 _l_
655 889 747 921 __.,.
819 889 907 922 κ,
995 889 1308 925 .-υῌᾼ-,ῄ-

556 929 564 984 Ι
720 930 750 979 8
903 928 910 985 |
1052 933 1115 980 t2
1250 930 1257 985 |

1618 849 1935 856 —__._

409 989 726 996 .___—————_

404 1038 587 1104 Atque
619 1036 712 1088 hic
742 1036 947 1089 modus
981 1037 1088 1088 erit
1125 1036 1185 1090 in
1211 1036 1450 1104 czeteris,
1477 1040 1542 1089 ut
1570 1038 1620 1088 ul
1643 1037 1689 1089 si
1716 1036 2104 1107 sesquitertias

405 1125 803 1194 proportiones
835 1125 973 1179 velis
1005 1126 1328 1192 extendere,
1383 1142 1562 1196 ponas
1609 1127 2102 1197 sesquitertiorum

405 1212 639 1276 radices,
676 1230 801 1284 qua:
839 1219 971 1268 sunt
997 1216 1402 1285 quaternarius
1432 1220 1603 1286 atque
1634 1216 1920 1270 ternarius
1945 1216 2013 1269 ad
2046 1233 2104 1268 se

404 1301 644 1356 invicem
678 1304 1014 1374 comparati.

404 1673 590 1739 Atque
621 1670 690 1722 ad
729 1669 882 1723 hunc
913 1671 1149 1724 modum
1192 1672 1559 1742 multiplices,
1597 1673 1766 1743 quod
1807 1673 1854 1726 si
1889 1675 2106 1744 sesqui-

407 1762 637 1828 quartas
667 1758 1200 1829 sesquiquartorum
1223 1760 1491 1830 disponas
1521 1761 1741 1816 radices
1787 1762 2102 1833 eademque

405 1845 887 1914 multiplicatione
929 1847 1356 1918 sesquiquartos
1409 1851 1691 1918 quotlibet
1739 1877 1762 1910 ι,
1813 1853 2102 1906 extendes.

408 1932 697 1996 Quantum
745 1941 937 1989 autem
986 1937 1152 1990 nobis
1200 1938 1287 1991 hue
1335 1938 1816 1994 considerationes
1860 1939 2105 2011 prosint,

409 2037 653 2094 sequens
686 2024 826 2078 ordo
853 2026 1220 2080 monstrabit.

1077 2125 1303 2178 CAPUT
1346 2127 1428 2179 IX.

477 2215 553 2266 De
579 2215 928 2281 proportione
957 2229 1304 2269 numerorum
1346 2217 1440 2281 qui
1469 2216 1537 2269 ab
1559 2217 1689 2270 aliis
1718 2216 2036 2272 metiuntur.

487 2301 546 2353 Si
575 2300 717 2354 duos
748 2317 1023 2356 numeros
1073 2319 1274 2356 eorum
1323 2303 1641 2357 differentia
1681 2305 1902 2375 integre
1941 2306 2113 2360 fuerit

414 2406 738 2461 permensa,
771 2390 831 2443 in
859 2391 1058 2444 eadem
1091 2397 1224 2445 sunt
1260 2393 1634 2462 proportione
1674 2395 1919 2458 numeri,
1965 2412 2110 2465 quos

413 2494 518 2531 sua
547 2478 870 2532 differentia
899 2495 1099 2532 mensa
1130 2485 1234 2545 est,
1267 2481 1327 2533 in
1361 2497 1476 2549 qua
1524 2488 1692 2534 erunt
1740 2483 2111 2553 proportione

414 2567 586 2622 etiam
615 2568 675 2621 hi
708 2568 936 2621 numeri
965 2570 1279 2622 secundum
1313 2586 1454 2639 quos
1495 2587 1590 2623 eos
1635 2587 1736 2623 sua
1782 2588 1981 2625 mensa
2030 2577 2114 2626 est

419 2657 760 2711 differentia.
813 2657 936 2712 Sint
966 2659 1119 2711 enim
1180 2660 1406 2712 numeri
1449 2662 1536 2724 50,
1582 2663 1679 2725 55;
1729 2660 1831 2714 hi0
1877 2677 2012 2732 ergo
2041 2663 2113 2716 ad

413 2763 471 2800 se
503 2747 749 2800 invicem
780 2746 1198 2817 sesquidecima
1230 2747 1569 2802 habitudine
1592 2755 2021 2819 comparantur,
2059 2757 2114 2804 et

414 2839 499 2888 est
531 2851 730 2889 eorum
761 2835 1085 2889 differentia
1109 2835 1429 2906 quinarius,
1464 2838 1564 2907 qui
1613 2839 1824 2892 scilicet
1860 2846 1944 2893 est
1980 2856 2114 2910 pars

416 2925 636 2978 decima
683 2925 912 2978 numeri
967 2928 1052 2979 50.
1106 2925 1203 2978 Hic
1242 2925 1417 2995 igitur
1467 2926 1734 2980 metietur
1760 2928 1990 2998 quidem
2048 2932 2114 2983 50

414 3030 724 3068 numerum
754 3013 960 3079 decies,
1004 3017 1067 3067 55
1101 3031 1232 3068 vero
1280 3015 1583 3082 undecies;
1649 3017 1962 3071 secundum
2013 3019 2110 3072 de-
2152 3043 2191 3097 ρ

415 3120 535 3157 cem
566 3102 742 3170 igitur
772 3109 944 3173 atque
978 3107 1030 3155 11
1069 3120 1344 3158 numeros
1375 3108 1439 3157 55
1472 3111 1528 3158 et
1567 3108 1632 3158 50
1663 3107 1891 3177 propria
1943 3107 2108 3160 diffe-

414 3192 618 3257 rentia,
655 3193 708 3245 id
740 3198 825 3245 est
871 3192 1187 3262 quinarius,
1232 3193 1629 3264 permetietur,
1664 3200 1718 3248 et
1759 3201 1892 3249 sunt
1928 3199 1982 3250 il
2043 3198 2112 3251 ad

423 3285 482 3333 10
505 3282 923 3351 sesquidecima
975 3283 1403 3351 comparatione
1435 3284 1771 3354 Lcompositi.
1815 3286 1877 3337 In
1912 3286 2109 3339 eadem

418 3370 594 3438 igitur
614 3375 744 3423 sunt
770 3371 1145 3440 proportione
1171 3371 1396 3424 numeri
1419 3388 1561 3442 quos
1584 3372 1818 3443 propria
1850 3374 2113 3428 differen-

418 3459 495 3510 tia
525 3461 549 3499 d
581 3459 802 3526 integra
835 3475 1139 3527 permensa
1166 3465 1269 3526 est,
1303 3460 1361 3512 in
1397 3476 1511 3529 qua
1542 3466 1673 3513 sunt
1703 3462 1760 3514 bi
1799 3464 2113 3516 secundum

419 3564 559 3616 quos
593 3562 685 3597 eos
722 3547 956 3616 propria
1006 3547 1326 3600 differentia
1375 3553 1457 3601 est
1504 3565 1832 3618 permensa;
1883 3552 2036 3620 quod
2067 3552 2112 3604 si

420 3649 534 3704 qua
565 3633 888 3687 differentia
919 3650 1295 3689 numerorum
1324 3637 1402 3689 ita
1435 3653 1531 3690 eos
1562 3653 1833 3691 numeros
1863 3657 2111 3709 quorum

420 3727 503 3774 est
535 3721 855 3775 differentia
890 3723 1178 3787 metiatur,
1223 3729 1286 3778 ut
1333 3725 1590 3779 eamdem
1641 3743 1970 3780 mensuram
2011 3745 2114 3781 nu-

421 3827 708 3864 merorum
758 3812 1052 3881 pluralitas
1122 3813 1373 3880 excedat,
1424 3815 1694 3886 idemque
1748 3817 1809 3869 in
1855 3817 2114 3889 utrisque

419 3901 489 3952 sit
520 3916 798 3965 excessus,
841 3904 896 3954 et
952 3902 1026 3954 sit
1079 3901 1420 3956 diminutior
1453 3903 1791 3958 differentiae
1821 3922 2112 3972 mensura,

419 4006 590 4060 quam
625 3996 709 4043 est
753 3991 1048 4061 pluralitas
1108 4008 1505 4058 numerorum,
1561 3995 1838 4064 majorem
1891 3996 2112 4050 obtine-

421 4081 564 4133 bunt
602 4079 1037 4150 proportionem
1087 4081 1154 4134 ad
1211 4098 1268 4134 se
1321 4081 1565 4136 invicem
1625 4085 1875 4150 numeri,
1933 4085 1980 4138 si
2033 4087 2086 4139 ei

418 4169 556 4221 illud
609 4169 756 4239 quod
814 4169 1160 4239 relinquitur
1188 4176 1319 4240 post
1363 4173 1742 4238 mensionem,
1805 4179 2114 4229 retractum

418 4258 503 4321 sit,
532 4273 704 4327 quam
737 4258 968 4311 fuerunt
1012 4258 1239 4328 integri,
1274 4276 1405 4312 cum
1435 4277 1530 4313 eos
1569 4262 1805 4332 propria
1851 4263 2115 4317 differen-

419 4347 494 4399 tia
521 4346 883 4399 metiebatur.
941 4345 1063 4400 Sint
1097 4348 1247 4400 enim
1307 4349 1532 4402 numeri
1573 4350 1685 4403 duo
1732 4354 1817 4418 33,
1855 4355 1956 4418 58;
2006 4353 2109 4406 hos

420 4435 594 4505 igitur
625 4435 943 4506 quinarius,
980 4436 1077 4506 qui
1113 4451 1197 4489 est
1244 4454 1444 4491 eorum
1485 4439 1820 4502 differentia,
1849 4450 1870 4474 °
1910 4443 2110 4496 metia-

419 4531 529 4576 tur.
561 4525 785 4577 Metitur
814 4525 992 4593 igitur
1023 4528 1086 4575 55
1119 4525 1417 4595 quinarius
1448 4527 1635 4581 decies
1683 4545 1862 4599 usque
1903 4532 1971 4584 ad
2020 4534 2106 4597 50,

420 4612 693 4682 relinquit
722 4629 854 4665 vero
883 4615 1217 4666 ternarium.
1252 4615 1467 4669 Rursus
1500 4619 1565 4669 58
1601 4632 1908 4672 numerum
1946 4621 2110 4673 meti-

418 4708 513 4754 tur
543 4701 696 4754 idem
728 4702 996 4756 undecies
1026 4719 1207 4773 usque
1241 4704 1310 4757 ad
1354 4707 1437 4769 55,
1473 4710 1642 4776 atque
1680 4706 1738 4759 in
1787 4724 1852 4761 eo
1904 4710 2111 4762 iterum

420 4790 732 4843 ternarium
766 4791 1133 4862 derelinquit.
1175 4794 1478 4847 Auferatur
1519 4795 1694 4865 igitur
1737 4813 1804 4849 ex
1857 4799 2112 4868 utrisque

419 4878 722 4945 ternarius,
810 4879 958 4932 fiunt
1037 4883 1102 4932 50
1175 4887 1229 4934 et
1287 4885 1372 4949 55,
1443 4885 1543 4953 qui
1610 4885 1947 4955 disponatur
2007 4887 2115 4940 hoc

423 4967 590 5019 modo
625 4983 637 5019 :

629 5085 637 5144 Ι
764 5091 829 5138 53
953 5091 960 5145 ι
1082 5085 1148 5141 ὁκ
1233 5085 1277 5146 ⁷ι
1387 5085 1915 5151 δ(Ἧῆ

420 5197 481 5248 In
511 5196 618 5249 hoc
653 5195 830 5265 igitur
861 5197 1228 5249 manifestum
1257 5205 1340 5250 est
1386 5199 1619 5269 majoris
1656 5215 1774 5253 esse
1819 5201 2116 5270 proportio

419 5285 505 5338 nis
536 5286 686 5338 inter
717 5302 775 5339 se
830 5285 896 5338 50
947 5289 1004 5339 et
1061 5287 1126 5337 55
1159 5302 1333 5356 quam
1371 5291 1436 5341 53
1469 5295 1525 5342 et
1556 5291 1642 5342 58.
1679 5289 1744 5342 In
1792 5288 2114 5344 minoribus

417 5374 572 5426 enim
638 5374 894 5428 numeris
936 5375 1122 5442 major
1179 5391 1406 5445 semper
1460 5377 1761 5447 proportio
1804 5379 2111 5448 reperitur,

2211 493 2550 547 differentia:
2591 493 2918 563 permensio
2945 508 3320 545 numerorum
3351 491 3778 545 multitudinem
3815 507 3914 542 su-

2211 582 2505 654 pervadat,
2567 582 2884 651 eademque
2971 586 3240 651 utrosque
3306 579 3530 633 numeri
3575 580 3913 648 pluralitate

2209 675 2533 742 praetereat,
2562 671 2810 724 minores
2842 675 3010 724 erunt
3038 669 3442 739 proportiones
3480 669 3705 722 numeri
3735 684 3915 738 supe-

2212 759 2331 813 rius
2361 759 2545 812 mensi
2595 775 2719 811 cum
2761 758 3049 812 additione
3095 758 3218 828 ejus
3254 773 3492 811 summa
3537 773 3665 828 qum
3706 762 3911 810 utros-

2211 865 2323 920 que
2350 849 2591 902 metiens
2639 847 2962 902 differentia
3024 847 3371 917 supervadit,
3434 862 3607 917 quam
3666 845 3912 898 fuerunt

2213 945 2364 1006 ante,
2407 954 2534 992 cum
2584 954 2679 992 eos
2729 938 2961 1009 propria
3003 937 3324 991 differentia
3372 936 3732 990 metiebatur.
3782 935 3913 988 Sint

2213 1029 2367 1081 enim
2399 1027 2624 1081 numeri
2663 1028 2730 1080 48
2761 1033 2816 1080 et
2861 1030 2946 1092 53,
2978 1027 3184 1080 horum
3237 1026 3535 1096 quinarius
3585 1024 3914 1078 differentia

2214 1122 2313 1172 est.
2357 1116 2621 1170 Metiatur
2673 1116 2849 1184 igitur
2896 1116 2965 1169 48
3009 1131 3337 1180 numerum,
3390 1114 3687 1184 quinarius
3721 1113 3916 1166 decies

2212 1205 2362 1260 ﬁunt
2389 1206 2475 1258 50.
2504 1204 2844 1274 Supervadit
2875 1205 3054 1274 igitur
3083 1207 3148 1256 50
3180 1219 3453 1256 numerus
3491 1204 3558 1256 48
3599 1217 3912 1255 numerum

2212 1294 2459 1360 binario,
2493 1294 2646 1348 idem
2690 1293 2989 1363 quinarius
3033 1295 3100 1347 53
3143 1291 3410 1346 undecies
3446 1292 3716 1345 metiatur
3763 1291 3920 1343 fiunt

2216 1385 2304 1450 55,
2337 1383 2437 1453 qui
2469 1382 2686 1435 eisdem
2721 1397 2927 1450 .rursus
2983 1380 3209 1454 duobus
3243 1383 3306 1433 53
3338 1396 3642 1432 numerum
3704 1395 3919 1448 super-

2215 1471 2371 1525 vadit
2392 1487 2408 1540 ;
2437 1471 2682 1525 addatur
2711 1470 2969 1541 utrisque
2995 1469 3254 1524 binarius
3281 1473 3335 1522 et
3363 1468 3748 1539 disponantur
3805 1469 3916 1522 hoc

2216 1561 2388 1615 modo
2417 1577 2430 1614 :

2429 1688 2436 1748 ι
2559 1690 2628 1740 48
2750 1691 2758 1743 l
2880 1692 2945 1739 53
3069 1687 3077 1744 l
3201 1691 3268 1737 so
3369 1686 3719 1748 ng“);

2218 1813 2458 1867 Minores
2513 1810 2692 1881 igitur
2738 1815 2872 1864 sunt
2937 1809 3336 1881 proportiones
3379 1811 3444 1862 50
3477 1809 3549 1864 ad
3592 1813 3657 1862 55
3689 1825 3922 1879 compa-

2217 1901 2344 1968 rati,
2375 1916 2505 1954 cum
2536 1899 2828 1953 additione
2856 1899 3084 1967 scilicet
3140 1899 3349 1953 biuarii
3414 1915 3528 1969 quo
3592 1898 3921 1951 differentia

2219 2007 2317 2044 eos
2373 1991 2616 2043 metiens
2665 1989 3011 2059 supervadit,
3076 2005 3250 2059 quam
3303 1990 3391 2055 48,
3452 1992 3508 2041 et
3560 1990 3626 2040 53
3688 1988 3922 2040 numeri

2219 2096 2364 2151 quos
2397 2080 2617 2144 eadem,
2650 2094 2778 2149 quae
2811 2084 3004 2132 tamen
3045 2077 3104 2130 in
3139 2077 3220 2131 eis
3251 2076 3622 2147 supercrevit,
3652 2076 3914 2147 quinarii

2220 2168 2540 2222 differentia
2584 2183 2890 2238 permensa
2947 2171 3050 2221 est.
3104 2166 3338 2236 Majores
3381 2182 3514 2219 vero
3560 2171 3618 2219 et
3665 2167 3922 2219 minores

2220 2257 2616 2329 proportiones
2654 2256 2759 2310 hoc
2807 2255 2980 2310 modo
3027 2255 3447 2326 intelliguntur.
3493 2254 3748 2308 Dimidia
3795 2271 3924 2325 pars

2220 2347 2405 2417 major
2435 2352 2520 2401 est
2550 2362 2723 2416 quam
2769 2345 2955 2399 tertia.
2991 2346 3180 2399 Tertia
3224 2361 3355 2415 pars
3394 2349 3478 2398 est
3513 2343 3702 2413 major
3750 2360 3925 2415 quam

2222 2442 2443 2507 quarta.
2470 2436 2681 2500 Quarta
2711 2451 2844 2505 pars
2875 2435 3059 2504 major
3089 2439 3175 2489 est
3204 2450 3376 2505 quam
3409 2433 3632 2504 quinta,
3669 2450 3737 2487 ac
3770 2434 3924 2487 deiu-

2223 2542 2351 2595 ceps
2391 2526 2588 2579 eodem
2619 2524 2809 2577 modo.
2840 2524 2996 2577 Unde
3024 2523 3088 2577 fit
3118 2529 3182 2577 ut
3203 2523 3577 2593 sesquialtera
3619 2522 3922 2592 proportio

2224 2615 2406 2684 major
2430 2615 2502 2667 sit
2547 2613 2933 2684 sesquitertia,
2959 2618 3017 2666 et
3046 2611 3414 2683 sesquitertia
3458 2612 3924 2682 sesquiquartam

2223 2703 2430 2756 vincat.
2461 2705 2645 2773 Atque
2685 2702 2838 2755 idem
2870 2703 2931 2754 in
2961 2701 3202 2755 caeteris.
3231 2701 3371 2753 Hinc
3399 2701 3584 2754 evenit
3622 2705 3686 2752 ut
3727 2700 3790 2752 in
3822 2717 3925 2752 uu-

2227 2792 2398 2847 meris
2427 2791 2741 2861 majoribus
2769 2791 2981 2856 minor,
3007 2795 3062 2844 et
3111 2790 3432 2844 minoribus
3464 2789 3651 2858 major
3693 2805 3926 2858 semper

2226 2881 2481 2936 videatur
2524 2880 2822 2950 proportio
2864 2879 3470 2950 superparticularium
3518 2893 3922 2932 numerorum.

2225 2971 2389 3036 Quod
2420 2976 2657 3040 apparet
2679 2970 2739 3023 in
2771 2984 3010 3023 numero
3035 2967 3283 3022 naturali
3317 2983 3332 3020 :
3375 2967 3719 3037 disponatur
3770 2967 3923 3019 enim

2223 3076 2498 3114 numerus
2551 3059 2826 3112 naturalis
2885 3061 2933 3123 1,
2981 3060 3034 3124 2,
3077 3061 3130 3124 3,
3183 3058 3235 3110 4.
3305 3056 3563 3110 Binarius
3617 3055 3801 3125 igitur
3861 3055 3924 3108 ad

2224 3150 2505 3202 unitatem
2550 3148 2757 3218 duplus
2780 3151 2880 3200 est.
2911 3146 3216 3200 Ternarius
3248 3145 3319 3199 ad
3361 3145 3652 3198 binarium
3701 3144 3924 3215 sesqui-

2224 3240 2364 3292 alter
2388 3242 2489 3291 est.
2519 3235 2929 3300 Quaternarius
2965 3251 3097 3288 vero
3145 3234 3215 3287 ad
3244 3232 3562 3286 ternarium
3619 3239 3928 3303 sesquiter-

2221 3325 2353 3377 tius.
2386 3324 2621 3392 Majores
2647 3338 2780 3375 vero
2814 3328 2946 3375 sunt
2993 3321 3221 3375 numeri
3273 3321 3295 3361 ί
3321 3328 3437 3374 tres
3471 3326 3528 3374 et
3565 3321 3616 3373 4.
3676 3320 3926 3373 Minores

2223 3430 2356 3467 vero
2394 3412 2651 3466 binarius
2691 3417 2745 3464 et
2776 3411 2964 3464 unitas
2998 3428 3010 3463 :
3052 3411 3112 3464 in
3144 3409 3458 3479 majoribus
3487 3408 3668 3479 igitur
3713 3412 3924 3475 minor,

2223 3504 2279 3550 et
2304 3497 2363 3549 in
2386 3495 2706 3549 minoribus
2728 3495 2909 3563 major
2931 3493 3229 3564 proportio
3260 3493 3615 3546 continetur:
3651 3493 3789 3546 hinc
3825 3509 3922 3561 ap-

2223 3593 2385 3656 paret
2414 3585 2569 3654 quod
2607 3584 2653 3637 si
2683 3583 2900 3653 aliquid
2953 3583 3207 3636 numeris
3249 3582 3682 3653 proportionem
3736 3581 3926 3634 conti-

2223 3674 2490 3728 nentibus
2514 3672 3110 3743 superparticularem,
3134 3687 3297 3741 requa
3313 3671 3611 3740 pluralitas
3645 3669 3916 3726 addatur.

2224 3764 2500 3833 majorem
2544 3779 2664 3815 esse
2702 3761 3136 3831 proportionem
3167 3766 3300 3813 ante
3349 3775 3529 3830 aequm
3569 3760 3919 3830 pluralitatis

2223 3857 2621 3921 augmentum,
2667 3866 2840 3921 quam
2875 3857 3248 3920 posteaquam
3282 3848 3364 3902 eis
3396 3865 3560 3920 aequa
3606 3850 3680 3902 sit
3725 3849 3922 3902 addita

2223 3941 2542 4012 pluralitas.

2907 4029 3132 4082 CAPUT
3172 4029 3230 4082 Χ.

2397 4138 2530 4202 Quae
2557 4152 2623 4189 ea:
2652 4136 3042 4204 multiplicibus
3073 4139 3122 4188 et
3149 4134 3745 4204 superparticularibus

2747 4234 2771 4267 ε
2801 4225 3207 4293 multiplicilate
3237 4226 3396 4292 ﬁunt.

2153 4341 2195 4394 ι)
2295 4314 2439 4368 Illud
2471 4313 2656 4367 etiam
2696 4312 3251 4384 praetermittendum
3301 4329 3414 4366 non
3461 4312 3710 4376 videtur,
3762 4312 3923 4382 quod

2222 4403 2393 4472 paulo
2425 4408 2553 4472 post
2581 4401 3085 4466 demoustrabitur,
3126 4401 3171 4454 si
3213 4401 3512 4471 multiplex
3551 4401 3925 4454 intervallum

2227 4491 2446 4545 binario
2490 4490 2663 4544 fuerit
2698 4490 3162 4560 multiplicatum,
3195 4489 3256 4543 id
3295 4491 3468 4543 etiam
3519 4490 3676 4560 quod
3708 4506 3776 4543 ex
3829 4490 3926 4542 illa

2228 4580 2703 4650 multiplicatione
2746 4585 3011 4633 nascetur
3058 4579 3356 4650 multiplex
3397 4595 3538 4634 esse.
3571 4579 3730 4644 Quod
3778 4580 3827 4632 si
3873 4579 3927 4631 id

2228 4667 2380 4737 quod
2424 4683 2488 4720 ex
2519 4667 2619 4720 tali
2662 4666 3136 4735 multiplicatione
3166 4672 3530 4736 procreatum
3565 4669 3635 4720 sit
3657 4682 3774 4719 nou
3805 4667 3925 4718 {ue-

2231 4757 2305 4810 rit
2334 4756 2648 4826 multiplex,
2681 4761 2818 4809 tunc
2870 4756 3011 4809 illud
3073 4772 3190 4809 non
3230 4772 3351 4810 esse
3401 4755 3724 4826 multiplex,
3775 4755 3924 4826 quod

2231 4845 2454 4899 binario
2481 4844 2653 4898 fuerit
2683 4845 3149 4914 multiplicatum.
3185 4846 3328 4898 Item
3368 4844 3415 4897 si
3446 4845 3925 4914 superparticula-

2227 4936 2302 4988 ris
2332 4935 2628 5004 proportio
2651 4934 2875 4987 binario
2908 4935 3340 5004 multiplicetur,
3373 4934 3434 4987 id
3460 4935 3616 5004 quod
3659 4933 3723 4987 fit
3761 4936 3787 4976 ιι
3835 4950 3924 4987 ne.

2226 5040 2336 5094 que
2366 5023 2882 5093 superparticulare
2920 5039 3061 5085 esse,
3113 5023 3128 5057 ί
3159 5039 3348 5094 neque
3379 5023 3700 5093 multiplex.
3754 5023 3913 5086 Quod

2225 5113 2270 5166 si
2316 5112 2370 5166 id
2429 5113 2584 5182 quod
2621 5128 2686 5165 ex
2733 5111 2833 5165 tali
2871 5112 3348 5182 multiplicatione
3401 5117 3685 5176 nascetur,
3738 5125 3920 5179 neque

2225 5201 2543 5270 multiplex,
2571 5217 2756 5272 neque
2775 5201 3294 5272 superparticulare
3315 5206 3418 5266 est,
3444 5207 3582 5254 tunc
3605 5200 3748 5253 illud
3765 5198 3916 5269 quod

2225 5291 2448 5346 binario
2483 5291 2927 5360 multiplicatum
2975 5297 3078 5356 est,
3114 5291 3199 5344 vel
3251 5289 3788 5360 superparticularis
3831 5288 3913 5339 vel

2224 5376 2457 5430 alterius
2485 5379 2712 5448 generis
2742 5384 2846 5447 est,
2879 5393 2997 5433 non
3025 5394 3159 5434 vero
3189 5379 3543 5449 multiplicis.

489 5499 663 5574 1911i.
729 5497 1074 5556 υΕαῖίσηιῙιιςο
1140 5507 1157 5530 ί
1192 5499 1384 5563 luitur.
1448 5498 1726 5564 dlulrgl‘e’.
1791 5509 1809 5530 θ
1842 5503 2178 5555 Metz‘ebatur.
2243 5501 2262 5536 ί
2295 5505 2586 5556 Ternarius
2642 5508 2691 5556 et
2751 5507 3154 5572 quaternarius.
3217 5515 3240 5547 ε
3271 5505 3672 5574 Multiplicalis.
3717 5505 3742 5544 ιι
3789 5501 3903 5554 ι’ς-ι.

419 5560 438 5596 τ
476 5560 588 5620 Vel.
