4104 6176
184 275 323 329 1205

259 495 367 560 Qui
402 495 926 563 superparticutares
961 510 1093 564 quos
1133 495 1464 565 multiplices
1496 496 1763 563 efﬁciant.

244 582 343 635 His
371 580 512 636 illud
542 585 625 637 est
673 582 1003 637 addendum
1056 583 1197 639 duos
1245 585 1463 655 primos
1511 586 1872 656 superparti-

171 671 395 725 culares
427 671 676 741 primam
713 670 937 725 efﬁcere
971 674 1353 745 multiplicem
1406 676 1866 745 proportionem,

171 764 232 813 ut
246 761 585 832 sesquialter
597 765 654 814 et
666 760 1068 832 sesquitertius
1081 762 1129 816 si
1141 764 1570 833 conjungantur
1585 764 1871 835 duplicem

168 856 385 903 creant.
435 849 554 905 Sint
602 850 757 904 enim
804 851 1032 904 numeri
1077 855 1132 918 2,
1186 855 1238 919 3,
1270 856 1323 917 4,
1358 861 1383 885 α
1412 854 1533 907 3ad
1565 857 1598 907 2
1652 854 1869 923 sesqui-

169 938 319 992 alter
348 943 454 1005 est,
486 939 519 991 4
549 938 621 993 ad
652 942 682 992 3
726 938 1144 1010 sesquitertius,
1194 948 1445 1012 quatuor
1487 943 1557 995 ad
1608 942 1721 996 duo
1760 942 1871 996 du—

167 1027 320 1095 plus.
355 1028 570 1081 Rursus
598 1028 822 1096 primus
853 1027 1153 1097 multiplex
1180 1028 1368 1097 primo
1398 1028 1626 1082 additus
1668 1043 1870 1099 super-

168 1115 504 1185 particulari
535 1116 851 1170 secundum
879 1116 1259 1186 multiplicem
1309 1121 1480 1173 creat.
1542 1116 1667 1171 Sint
1715 1116 1871 1170 enim

167 1203 400 1255 numeri
427 1205 483 1267 2,
514 1203 567 1269 4,
592 1206 657 1270 6;
690 1205 723 1256 4-
753 1219 1002 1274 namque
1034 1205 1101 1257 ad
1134 1206 1167 1258 2
1217 1205 1430 1275 duplex
1485 1211 1587 1272 est,
1648 1206 1871 1275 primus

166 1290 387 1345 scilicet
415 1293 736 1363 multiplex.
756 1296 824 1346 At
867 1296 897 1346 6
929 1293 1001 1347 ad
1033 1294 1066 1345 4
1096 1294 1456 1364 sesquialter,
1489 1294 1587 1365 qui
1617 1300 1704 1347 est
1758 1295 1869 1365 pri-

166 1396 299 1433 mus
327 1381 894 1451 superparticularis;
924 1384 956 1434 6
988 1383 1059 1436 ad
1091 1383 1235 1436 duos
1258 1383 1485 1454 triplus,
1520 1384 1621 1455 qui
1664 1400 1865 1437 secuu-

166 1468 274 1522 dus
292 1474 379 1523 est
399 1469 695 1539 multiplex
726 1470 913 1541 :quod
939 1470 986 1523 si
1005 1471 1245 1541 triplum
1272 1472 1637 1542 sesquitertio
1676 1473 1867 1538 addas,

166 1558 529 1629 quadruplus
571 1558 857 1626 efﬁcitur;
908 1558 954 1613 si
993 1560 1383 1631 quadruplum
1448 1561 1868 1633 sesquiquarto,

165 1646 534 1717 quincuplus.
566 1650 751 1719 Atque
785 1648 843 1701 in
883 1648 1039 1702 hunc
1077 1648 1316 1703 modum
1358 1650 1575 1718 junctis
1626 1666 1865 1720 propor-

163 1736 422 1790 tionibus
445 1736 853 1806 multiplicium
875 1753 937 1790 ac
972 1737 1605 1808 superparticularium,
1632 1739 1693 1791 in
1733 1738 1862 1791 inﬁ-

164 1822 353 1879 nitum
390 1825 742 1896 multiplices
780 1830 1177 1896 procreantur.

796 1932 1022 1987 CAPUT
1098 1933 1212 1987 XII.

233 2023 311 2074 De
347 2020 713 2086 arithmetica,
774 2023 1117 2090 geometrica,
1154 2022 1468 2075 harmonica
1494 2020 1797 2075 medietate.

235 2110 525 2173 Quoniam
553 2126 687 2165 vero
728 2111 796 2165 de
837 2110 1310 2181 proportionibus
1341 2126 1471 2181 quae
1504 2114 1667 2163 erant
1708 2109 1857 2163 inte-

160 2198 273 2253 rim
305 2198 603 2253 tractanda
636 2198 1027 2270 praediximus,
1063 2214 1217 2252 nunc
1246 2199 1313 2252 de
1346 2197 1751 2253 medietatibus
1774 2202 1860 2251 est

161 2286 491 2342 dicendum.
529 2288 830 2358 Proportio
871 2286 1025 2342 enim
1054 2292 1141 2341 est
1176 2288 1425 2341 duorum
1458 2288 1528 2341 ad
1560 2302 1619 2341 se
1661 2286 1859 2339 termi-

162 2392 378 2430 norum
427 2376 689 2447 quaedam
724 2377 1099 2447 comparatio,
1144 2376 1422 2430 terminos
1467 2381 1659 2430 autem
1719 2392 1855 2429 voco

164 2480 546 2519 nnmerorum
578 2481 849 2520 summas.
880 2466 1395 2535 Proportionalitas
1428 2470 1514 2519 est
1554 2480 1853 2535 aequarum

162 2555 608 2625 proportionum
639 2555 911 2608 collectio.
941 2554 1447 2625 Proportionalitas
1476 2571 1609 2609 vero
1650 2554 1707 2607 in
1748 2554 1849 2607 tri-

162 2644 272 2697 bus
304 2644 566 2697 terminis
615 2643 870 2696 minimis
899 2649 1139 2698 constat.
1188 2645 1416 2698 Constat
1474 2650 1667 2697 autem
1724 2644 1849 2711 ple—

162 2749 414 2804 rumque
440 2733 503 2786 in
544 2733 827 2802 pluribus,
874 2736 937 2785 ut
976 2733 1035 2786 in
1067 2738 1315 2804 quatuor
1336 2733 1422 2786 vel
1445 2732 1503 2785 in
1527 2748 1620 2785 sex
1656 2732 1852 2786 termi-

164 2823 271 2876 nis.
308 2822 450 2876 Cum
490 2822 647 2876 enim
676 2821 899 2891 primus
928 2823 997 2876 ad
1019 2822 1335 2877 secundum
1354 2822 1666 2875 terminum
1699 2837 1853 2873 eam-

162 2912 295 2966 dem
327 2909 535 2965 retinet
562 2911 995 2982 proportionem
1010 2927 1184 2981 quam
1200 2910 1479 2963 secundus
1505 2910 1571 2962 ad
1595 2908 1851 2973 tertium,

1612 276 1701 331 DE
1740 232 1999 332 MUSICA
2041 277 2170 331 LIB.
2220 278 2283 329 II.

1908 412 1952 464 A
1981 409 2211 464 tertiam
2241 409 2646 480 descripsimus
2670 449 2684 474 ,
2718 408 3071 464 harmonica.
3108 410 3361 473 Quarum
3394 410 3515 464 haec
3547 410 3679 465 sub-

3548 280 3683 332 1206

1979 496 2249 566 jiciamus
2279 498 2541 568 exempla
2572 514 2585 551 :

2105 602 2446 651 Arithmetica
2677 601 3001 650 Geometrica
3230 601 3556 649 Harmonica

2007 690 3653 751 111213111121411314161

1982 793 2149 842 aequa:
2172 780 2483 829 differentia:
2568 794 2735 842 aequae
2761 781 3132 843 proportiones
3177 781 3397 843 diversas
3431 778 3677 826 differen-

3227 842 3312 890 tia:
3338 847 3389 890 et
3410 846 3643 905 pr0port.

1984 941 2109 994 Non
2127 956 2259 994 vero
2290 940 2629 1011 ignoramus
2660 940 2800 993 alias
2821 956 3053 1011 quoque
3084 956 3209 993 esse
3234 939 3672 1009 proportionum

1982 1029 2335 1095 medietates,
2365 1045 2506 1099 quas
2536 1028 2771 1099 quidem
2798 1029 2857 1081 in
2886 1028 3246 1081 arithmetica
3260 1028 3544 1093 diximus;
3576 1028 3671 1080 sed

1982 1118 2054 1171 ad
2079 1123 2423 1188 praesentem
2454 1123 2762 1173 tractatum
2787 1118 2879 1171 has
2895 1122 3029 1170 sunt
3051 1116 3282 1170 interim
3316 1117 3669 1170 necessariae.

1983 1208 2090 1263 Sed
2120 1207 2271 1263 inter
2292 1208 2390 1261 hes
2410 1213 2523 1261 tres
2546 1207 2881 1261 medietates
2899 1205 3409 1277 proportionalitas
3440 1205 3667 1275 quidem

1981 1296 2231 1367 prOprie,
2256 1302 2311 1349 et
2344 1296 2585 1350 maxime
2626 1295 2979 1365 geometrica
3019 1301 3411 1364 nuncupatur,
3460 1294 3668 1347 idcirco

1980 1386 2252 1456 quoniam
2298 1386 2478 1456 sequis
2524 1384 2999 1455 proportionibus
3032 1388 3148 1437 tota
3179 1384 3515 1437 contexitur.
3559 1382 3669 1435 Sed

1982 1480 2173 1527 tamen
2213 1475 2417 1528 eodem
2445 1478 2672 1527 utemur
2697 1473 3025 1543 promiscue
3070 1472 3367 1540 vocabulo,
3412 1485 3660 1543 propor—

1980 1562 2325 1617 tionalitates
2355 1562 2527 1616 etiam
2550 1566 2782 1616 caeteras
2812 1565 3229 1632 nuncupantes.

2620 1669 2847 1723 CAPUT
2886 1670 3025 1722 XIII.

2226 1762 2304 1814 De
2324 1760 2600 1812 continuis
2633 1758 3014 1812 medietatibus
3052 1761 3103 1811 et
3132 1758 3448 1825 disjunctis.

2044 1847 2153 1901 Sed
2182 1847 2243 1900 in
2266 1845 2353 1900 his
2385 1846 2496 1900 alia
2526 1846 2807 1900 continua
2850 1850 2935 1900 est
2985 1845 3515 1917 proportionalitas,
3556 1844 3666 1897 alia

1973 1934 2272 2005 disjuncta.
2317 1935 2599 1989 Continua
2639 1935 2895 2005 quidem,
2945 1940 3011 1988 ut
3052 1934 3317 2005 superius
3382 1933 3665 2004 disposui-

1971 2039 2101 2077 mus
2140 2026 2193 2079 ι).
2224 2024 2379 2077 Unus
2407 2024 2563 2076 enim
2590 2021 2861 2092 idemque
2906 2038 3179 2076 numerus
3219 2022 3464 2088 medius,
3508 2038 3662 2076 nunc

1951 2112 2205 2186 quidem
2224 2111 2433 2181 majori
2458 2111 2827 2181 supponitur,
2853 2123 3006 2164 nunc
3028 2111 3261 2182 quidem
3279 2111 3491 2165 minori
3508 2127 3659 2181 pra:-

1969 2202 2218 2273 ponitur.
2249 2199 2521 2265 Quotiens
2553 2215 2685 2253 vero
2713 2198 2828 2253 duo
2860 2204 2995 2253 sunt
3027 2199 3223 2266 medii,
3261 2204 3398 2252 tunc
3438 2198 3659 2267 disjun-

1968 2296 2058 2344 cta
2098 2287 2608 2360 proportionalitas
2654 2292 3044 2358 nuncupatur,
3089 2292 3151 2341 ut
3198 2287 3257 2341 in
3315 2286 3659 2358 geometrica

1969 2380 2075 2433 hoc
2104 2381 2298 2445 modo,
2353 2382 2401 2445 1,
2452 2382 2506 2445 2,
2535 2381 2587 2443 3,
2636 2381 2687 2432 6.
2723 2378 2865 2431 Nam
2892 2382 2956 2431 ut
2984 2381 3069 2431 est
3105 2376 3365 2431 binarius
3410 2376 3483 2430 ad
3523 2376 3649 2430 uni-

1965 2473 2163 2534 tatem,
2207 2466 2284 2521 ita
2331 2466 2586 2520 senarius
2637 2466 2705 2519 ad
2745 2465 3084 2530 ternarium,
3137 2470 3193 2519 et
3238 2469 3473 2519 vocatur
3530 2464 3651 2518 hinc

1967 2557 2252 2626 disjuncta
2284 2554 2823 2626 proportionalitas;
2861 2554 3010 2608 unde
3032 2553 3278 2623 intelligi
3309 2558 3499 2623 potest
3526 2568 3654 2605 con-

1966 2645 2189 2699 tinuam
2221 2645 2455 2716 quidem
2479 2643 3075 2714 proportionalitatem
3111 2643 3169 2695 in
3204 2642 3387 2695 tribus
3409 2645 3464 2693 et
3496 2649 3513 2672 ε
3549 2638 3652 2692 mi-

1965 2735 2137 2787 nimis
2160 2734 2417 2789 terminis
2450 2732 2714 2798 inveniri,
2752 2732 3098 2801 disjunctam
3120 2746 3253 2783 vero
3286 2729 3346 2783 in
3373 2730 3424 2783 4.
3462 2730 3653 2782 Potest

1965 2827 2157 2876 autem
2189 2822 2249 2874 in
2281 2823 2313 2873 4
2340 2826 2395 2874 et
2427 2821 2486 2874 in
2512 2820 2779 2891 pluribus
2809 2818 3083 2873 continua
3105 2834 3226 2872 esse
3252 2818 3647 2888 proportiona-

1966 2912 2113 2974 litas,
2146 2909 2434 2979 siquidem
2486 2910 2595 2963 hoc
2638 2908 2813 2962 modo
2861 2908 2950 2975 sit,
3008 2910 3055 2972 1,
3104 2908 3244 2970 2,1,
3298 2910 3350 2973 8,
3404 2908 3484 2959 l6.
3541 2904 3648 2959 Sed

160 2997 375 3051 dicitur
404 2997 527 3051 haec
574 2998 1103 3069 proportionalitas.
1160 3000 1365 3069 Estque
1406 2998 1554 3051 inter
1583 3003 1696 3051 tres
1736 3002 1849 3052 ter-
1892 2994 1931 3047 C
1962 3000 2053 3053 hic
2080 3015 2196 3052 non
2242 3006 2411 3051 erunt
2453 2997 2580 3051 duas
2626 2996 3048 3067 proportiones,
3101 2995 3199 3047 sed
3233 2995 3447 3064 plures,
3498 3008 3647 3046 sem-

160 3087 349 3140 minos
380 3086 625 3151 medius,
656 3085 757 3156 qui
788 3086 1070 3139 secundus
1115 3090 1216 3139 est.
1253 3088 1361 3140 Has
1392 3085 1568 3155 igitur
1613 3102 1845 3155 propor.

157 3176 349 3229 tiones
379 3174 554 3229 medii
583 3174 815 3229 termini
840 3176 1264 3244 eonjungentis,
1287 3173 1439 3227 trina
1468 3173 1700 3243 partitio
1735 3180 1845 3228 est-

157 3267 269 3317 Aut
301 3262 455 3317 enim
489 3280 653 3333 aqua
694 3268 777 3317 est
825 3262 1147 3318 dilferentia
1194 3263 1433 3316 minoris
1492 3262 1725 3316 termini
1778 3263 1849 3317 ad

158 3352 442 3416 medium,
492 3358 549 3405 et
587 3352 760 3406 medii
827 3352 897 3405 ad
949 3352 1287 3417 maximum,
1356 3352 1455 3405 sed
1500 3367 1613 3404 non
1683 3368 1848 3421 aequa

157 3440 485 3511 proportio,
534 3445 592 3494 ut
631 3440 693 3494 in
731 3440 821 3494 his
870 3440 1126 3494 numeris
1183 3444 1231 3503 1,
1282 3444 1335 3506 2,
1387 3442 1448 3504 3;
1482 3439 1632 3493 inter
1665 3456 1845 3493 unum

159 3530 379 3599 quippe
411 3545 473 3581 ac
502 3530 613 3582 duo
646 3535 702 3583 et
728 3530 877 3583 inter
898 3530 1010 3583 duo
1041 3535 1098 3583 et
1126 3534 1241 3583 tres
1270 3534 1491 3582 tantum
1520 3529 1706 3581 unitas
1739 3529 1847 3582 dif-

156 3618 465 3672 ferentiam
499 3622 671 3671 tenet.
694 3618 817 3671 Non
848 3623 932 3671 est
958 3624 1150 3671 autem
1178 3634 1344 3687 aequa
1370 3618 1683 3688 proportio.
1722 3618 1845 3671 Duo

156 3707 375 3778 quippe
398 3708 467 3761 ad
500 3724 679 3761 unum
696 3707 854 3777 dupli
880 3712 1030 3773 sunt,
1064 3707 1350 3760 ternarius
1372 3707 1445 3760 ad
1478 3707 1591 3759 duo
1624 3708 1841 3777 sesqui-

155 3797 320 3849 alter.
357 3801 471 3850 Aut
496 3802 580 3850 est
609 3812 770 3866 aequa
799 3795 1105 3866 proportio
1137 3796 1193 3849 iu
1228 3796 1509 3866 utrisque,
1551 3812 1667 3849 non
1714 3812 1848 3850 vero

152 3884 476 3954 aequalibus
506 3884 844 3938 differentiis
888 3885 1217 3949 constituta,
1269 3891 1331 3937 ut
1359 3884 1419 3937 in
1462 3884 1548 3937 his
1590 3885 1846 3937 numeris

156 3978 207 4038 1,
237 3978 292 4038 2,
330 3975 383 4025 4.
420 3974 562 4027 Nam
602 3974 716 4027 duo
748 3974 816 4028 ad
858 3990 1033 4027 unum
1066 3974 1148 4027 ita
1177 3980 1311 4026 sunt
1339 3972 1520 4042 dupli,
1562 3972 1850 4042 quemad—

152 4063 395 4115 modum
412 4063 813 4133 quaternarius
828 4064 894 4117 ad
916 4063 1226 4117 binarium.
1247 4062 1355 4116 Sed
1374 4061 1525 4115 inter
1550 4066 1828 4131 quaterna

151 4153 307 4205 rium
320 4151 546 4205 binariu
558 4168 727 4222 mque
741 4150 1472 4218 binarius,interbinarium
1487 4156 1661 4219 atque
1676 4150 1851 4203 unita-

150 4246 269 4295 tem
291 4240 480 4295 unitas
494 4240 878 4295 differentiam
904 4240 1053 4295 facit.
1081 4242 1173 4294 Est
1200 4255 1331 4293 vero
1361 4240 1595 4293 tertium
1631 4238 1847 4293 medie-
1893 4276 1932 4327 Β

148 4331 283 4384 tatis
306 4346 511 4400 genus,
528 4330 678 4400 quod
706 4346 889 4401 neque
925 4330 1141 4383 eisdem
1163 4328 1632 4398 proportionibus
1658 4342 1847 4398 neque

148 4420 371 4473 eisdem
404 4418 741 4472 differentiis
788 4423 1028 4471 constat.
1084 4417 1193 4471 Sed
1243 4416 1735 4486 quemadmodum
1788 4432 1846 4469 se

151 4509 327 4562 habet
348 4507 629 4561 maximus
660 4506 940 4560 terminus
962 4506 1032 4559 ad
1057 4505 1381 4569 minimum,
1416 4505 1494 4557 ita
1520 4521 1641 4558 sese
1678 4504 1849 4558 habet

149 4598 444 4667 majorum
473 4596 855 4649 terminorum
894 4594 1216 4649 differentia
1249 4594 1319 4646 ad
1358 4592 1647 4645 minorum
1690 4593 1847 4647 dilfe-

150 4686 399 4739 rentiam
430 4684 829 4749 termiuorum,
860 4689 923 4736 ut
952 4684 1008 4737 in
1034 4683 1121 4737 bis
1155 4682 1411 4735 numeris
1437 4685 1489 4746 3,
1534 4683 1588 4747 4,
1616 4685 1666 4734 6.
1705 4683 1844 4735 Nam

150 4790 249 4828 sex
280 4774 401 4826 ad3
430 4772 639 4842 duplus
678 4777 782 4837 est,
842 4772 993 4824 inter
1037 4787 1134 4825 sex
1175 4787 1310 4823 vero
1361 4771 1393 4821 4
1448 4770 1703 4823 binarius
1762 4770 1846 4823 in—

150 4866 348 4917 terest.
380 4862 533 4915 Inter
562 4861 997 4932 quaternarium
1021 4874 1158 4913 vero
1186 4875 1250 4911 ac
1280 4858 1600 4912 ternarium
1634 4859 1845 4912 unitas.

150 4952 261 5005 Sed
291 4950 551 5003 binarius
580 4954 943 5019 comparatus
977 4948 1045 5001 ad
1075 4947 1356 5001 unitatem
1401 4963 1598 4999 rursus
1638 4948 1846 5018 duplus

149 5046 262 5103 est;
300 5043 513 5108 ergout
540 5043 623 5091 est
640 5038 927 5091 maximus
955 5037 1234 5090 terminus
1256 5036 1313 5087 in
1354 5036 1609 5087 numeris
1634 5035 1701 5089 ad
1734 5036 1846 5089 mi-

148 5129 399 5191 nimum,
434 5126 513 5178 ita
555 5124 843 5193 majorum
876 5124 1202 5178 differentia
1239 5122 1308 5175 ad
1359 5121 1647 5175 minorum
1680 5122 1847 5177 diffe-

149 5214 401 5269 rentiam
444 5213 842 5266 terminorum.
896 5214 1143 5266 Vocatur
1190 5211 1368 5281 igitur
1416 5211 1512 5265 illa
1552 5212 1847 5275 medietas,

149 5305 341 5373 inqua
364 5318 547 5372 aequae
559 5304 693 5355 sunt
714 5300 1075 5365 dilferentiaa,
1105 5300 1485 5353 arithmetica.
1515 5300 1616 5352 Illa
1638 5316 1771 5352 vero
1794 5300 1850 5352 in

150 5407 269 5462 qua
289 5406 472 5461 aqua:
495 5389 917 5461 proportiones,
935 5388 1299 5460 geometrica.
1334 5389 1435 5442 Illa
1451 5392 1641 5441 autem
1676 5404 1847 5458 quam

1961 3104 2179 3159 perque
2228 3104 2342 3141 una
2384 3086 2577 3141 minus
2633 3103 2807 3157 quam
2857 3086 2972 3138 sint
3043 3084 3275 3137 termini
3329 3082 3645 3137 constituti.

2613 3176 2835 3230 CAPUT
2867 3174 2999 3229 XIV.

1998 3269 2117 3321 Cur
2145 3270 2227 3321 ita
2263 3267 2551 3335 appellatae
2593 3267 2705 3319 sint
2735 3265 2957 3331 digesta
2985 3266 3239 3333 superius
3278 3262 3608 3316 medietates.

2033 3356 2245 3409 Idcirco
2276 3361 2465 3408 autem
2507 3371 2619 3408 una
2657 3355 2683 3395 ά
2729 3370 2926 3407 eorum
2969 3353 3243 3407 medietas
3290 3350 3647 3403 arithmetica

1960 3451 2343 3516 nuncupatur,
2380 3444 2531 3513 quod
2559 3444 2709 3497 inter
2732 3443 3029 3509 terminos,
3083 3440 3401 3495 secundum
3441 3454 3641 3492 nume-

1960 3551 2088 3589 rum
2119 3551 2283 3605 aequa
2312 3538 2397 3587 est
2426 3532 2766 3587 differentia.
2832 3532 3189 3585 Geometrica
3235 3546 3367 3583 vero
3398 3526 3646 3581 secunda

1950 3622 2190 3687 dicitur,
2225 3622 2376 3691 quod
2405 3621 2607 3675 similis
2637 3625 2723 3674 est
2762 3620 3007 3690 qualitas
3046 3616 3455 3688 pr0portionis.
3508 3616 3646 3668 Har~

1962 3712 2184 3765 monica
2214 3715 2404 3763 autem
2426 3713 2679 3775 vocatur,
2714 3708 2990 3778 quoniam
3020 3707 3099 3759 ita
3138 3714 3221 3759 est
3260 3709 3539 3774 coaptata,
3586 3707 3647 3755 ut

1958 3801 2019 3855 in
2050 3798 2391 3853 differentiis
2431 3814 2496 3851 ac
2550 3796 2811 3851 terminis
2858 3795 3157 3866 aequalitas
3204 3792 3643 3864 proportionum

1958 3888 2371 3943 consideretur.
2404 3887 2467 3939 Et
2492 3886 2561 3939 de
2591 3886 2679 3939 his
2728 3886 2964 3955 quidem
3008 3883 3336 3953 diligentius
3369 3883 3425 3935 in
3468 3882 3642 3934 arith-

1960 3975 2177 4031 meticis
2215 3975 2569 4044 disputatum
2622 3978 2723 4039 est,
2782 3989 2935 4025 nunc
2974 3988 3107 4025 vero
3136 3976 3199 4023 ut
3230 3986 3642 4023 commemore-

1962 4081 2108 4129 mus,
2142 4068 2366 4117 tantum
2388 4062 2495 4116 ista
2526 4061 2930 4133 percurrimus.

2608 4150 2828 4205 CAPUT
2858 4151 2963 4203 XV.

1958 4242 2419 4309 Quemadmodum
2500 4241 2567 4295 ab
2626 4241 2941 4309 aequalitate
3021 4237 3355 4306 supradicta:
3437 4251 3644 4305 proces-

2528 4325 2712 4373 serant
2742 4320 3073 4372 medietates.

2031 4412 2140 4467 Sed
2172 4410 2463 4481 paulisper
2510 4408 3000 4479 quemadmodum
3037 4407 3159 4460 ista:
3196 4404 3641 4477 praportionali-

1958 4506 2103 4555 tates
2124 4500 2194 4553 ab
2222 4497 2545 4569 atqualitate
2576 4506 2596 4531 °
2626 4502 3002 4567 procreantur
3031 4495 3337 4549 dicendum
3367 4499 3469 4547 est.
3505 4494 3647 4546 Prae-

1958 4589 2174 4644 dictum
2214 4593 2298 4641 est
2336 4588 2492 4641 enim
2518 4588 2673 4657 quod
2704 4587 2765 4639 in
2794 4601 3036 4639 numero
3068 4584 3219 4637 valet
3249 4584 3458 4649 unitas,
3493 4582 3644 4636 idem

1957 4678 2015 4731 in
2064 4675 2537 4748 proportionibus
2587 4675 2977 4746 aequalitatem
3028 4673 3233 4740 valere,
3267 4676 3325 4726 et
3363 4672 3508 4725 sicut
3536 4688 3641 4725 nu-

1958 4766 2103 4821 meri
2132 4771 2302 4836 caput
2331 4770 2415 4818 est
2444 4764 2655 4829 unitas,
2688 4766 2769 4818 ita
2791 4763 3227 4834 pr0portionum
3258 4762 3644 4832 aequalitatem

1959 4870 2079 4908 esse
2108 4852 2477 4924 principium.
2512 4853 2785 4916 Quocirca
2807 4853 2911 4905 hoc
2944 4852 3113 4905 modo
3145 4851 3505 4905 arithmetica
3533 4867 3645 4906 me-

1961 4944 2138 4998 dietas
2169 4943 2237 4996 ab
2286 4942 2612 5013 aaqualitate
2656 4946 2921 4994 nascetur
2975 4957 2987 4993 :
3022 4939 3223 5009 positis
3267 4939 3421 4994 enim
3465 4940 3649 4994 tribus

1960 5032 2139 5102 aequis
2186 5030 2468 5097 terminis,
2496 5030 2557 5083 hi
2587 5030 2701 5083 duo
2749 5029 2903 5083 modi
2949 5034 3084 5082 sunt
3113 5029 3325 5099 quibus
3368 5030 3491 5084 INBC
3520 5044 3648 5099 pro-

1958 5119 2356 5189 portionalitas
2401 5118 2766 5188 producatur.
2803 5118 3055 5169 Ponatur
3104 5116 3258 5169 enim
3292 5116 3511 5186 primus
3536 5114 3647 5185 pri-

1960 5224 2055 5261 mo
2087 5224 2302 5278 aequus.
2332 5206 2627 5261 Secundus
2657 5205 2844 5275 primo
2877 5210 2933 5258 et
2963 5206 3234 5260 secundo.
3285 5204 3507 5258 Tertius
3536 5204 3648 5273 pri—

1960 5315 2055 5351 mo
2086 5297 2333 5350 secundo
2357 5313 2419 5350 ac
2441 5295 2629 5362 tertio,
2658 5295 2808 5366 quod
2830 5296 2941 5349 hoc
2970 5299 3321 5349 monstratur
3346 5294 3607 5361 exemplo
3630 5312 3644 5347 :

1960 5388 2086 5441 Sint
2102 5386 2345 5440 unitates
2358 5390 2491 5439 tres.
2527 5384 2973 5455 Ponaturigitur
2988 5384 3211 5454 primus
3228 5381 3419 5451 primo
3451 5397 3648 5451 aequus

223 5582 247 5609 ι
281 5570 576 5621 Ternarius
610 5568 684 5620 ad
714 5568 1008 5623 binarium.
1039 5580 1064 5619 δ
1111 5568 1182 5621 In
1205 5566 1377 5620 tribus
1410 5570 1616 5619 constat
1648 5568 1910 5618 terminis.
1939 5576 1958 5599 ε
1992 5567 2292 5618 Minimum.
2315 5564 2341 5604 ά
2362 5566 2582 5617 Earum.
2616 5573 2635 5596 ο
2671 5566 3036 5618 Procrecntur.
