4130 6180
336 230 355 279 1
369 228 473 280 907

1677 225 1787 278 AN.
1830 222 2038 277 MANL.
2085 222 2228 277 SEV.
2275 222 2505 278 BOETII

3698 222 3840 278 1208

333 356 391 410 id
426 360 512 409 est
543 373 711 409 unus.
748 357 1045 409 Secundus
1076 357 1260 425 primo
1293 371 1357 406 ac
1384 354 1652 418 secundo,
1685 354 1739 406 id
1772 359 1856 406 est
1876 353 2010 405 duo.
2053 356 2098 405 A
2129 368 2230 422 per
2260 353 2516 407 numeris
2546 352 2911 415 intermissis,
2946 356 3117 423 atque
3148 352 3305 407 idem
3333 357 3389 406 et
3420 352 3480 407 in
3508 360 3835 423 quaterna-

336 444 561 499 Tertius
590 444 776 514 primo
814 442 1061 495 secundo
1092 460 1155 495 ac
1187 443 1375 507 tertio,
1434 442 1487 495 id
1520 448 1603 496 est
1634 450 1765 509 tres,
1800 443 2021 512 eritque

335 532 634 603 dispositio
665 540 689 565 ⁸
719 531 847 585 talis
888 548 901 585 :

477 651 484 703 Ι
705 654 721 701 1
947 651 955 703 Ι
1181 658 1191 700 1
1415 653 1422 705 Ι
1640 656 1655 701 1
1882 651 1890 708 Ι

479 723 487 779 Ι
713 726 723 773 1
950 726 958 780 |
1176 726 1203 773 2
1420 723 1427 776 l
1644 726 1672 773 :3
1891 721 1898 777 I

335 829 551 882 Rursus
578 828 693 880 sint
722 833 834 880 tres
859 828 1065 880 binarii
1096 828 1483 897 inaequalitate
1530 827 1846 891 constituti,
1885 829 1935 887 2,
1975 830 2027 891 2,

335 920 369 970 2
398 933 412 971 :
439 920 683 986 ponatur
699 916 917 985 primus
946 916 1133 984 primo
1165 931 1387 984 aequus,
1439 914 1491 967 id
1528 918 1611 966 est
1634 916 1687 965 2.
1738 913 2035 967 Secundus

334 1001 525 1069 primo
568 1006 623 1055 et
667 1003 942 1066 secundo,
978 1003 1031 1056 id
1062 1009 1146 1056 est
1166 1004 1217 1056 4.
1266 1003 1484 1057 Tertius
1530 1002 1720 1072 primo
1781 1002 2029 1055 secundo

337 1104 402 1143 ac
431 1090 618 1151 tertio,
653 1089 713 1143 id
744 1095 829 1144 est
858 1094 910 1150 6,
948 1095 1005 1143 et
1029 1090 1140 1144 erit
1169 1090 1469 1160 dispositio
1503 1091 1623 1143 haec
1661 1108 1673 1143 :

480 1210 488 1265 Ι
703 1212 734 1260 2
949 1210 959 1265 Ι
1174 1213 1205 1260 2
1418 1212 1426 1265 Ι
1641 1212 1673 1259 2
1888 1210 1895 1265 Ι

480 1282 489 1336 Ι
705 1285 735 1332 2
951 1281 959 1335 |
1176 1282 1207 1331 1’1
1422 1285 1429 1335 l
1646 1288 1676 1331 6
1892 1284 1899 1335 I

335 1390 361 1431 ι)
390 1388 496 1442 Sed
519 1388 577 1441 in
594 1387 681 1441 his
695 1389 800 1441 hoc
822 1387 1239 1457 speculandum
1266 1394 1372 1455 est,
1397 1387 1551 1457 quod
1569 1388 1614 1439 si
1645 1389 1836 1439 unitas
1857 1389 2030 1441 fuerit

340 1477 411 1531 ad
443 1475 787 1547 mqualitatis
829 1475 1178 1545 principium
1228 1476 1557 1539 constituta,
1602 1476 1793 1529 unitas
1851 1478 2021 1529 etiam

338 1565 448 1619 erit
480 1566 539 1618 in
571 1564 911 1619 differentiis
939 1579 1336 1625 numerorum,
1372 1564 1480 1633 ipsi
1512 1578 1647 1617 vero
1680 1563 1905 1616 numeri
1946 1564 2029 1617 in-

342 1660 430 1708 ter
458 1670 516 1707 se
549 1655 773 1707 nullum
798 1653 1205 1706 intermittunt.
1244 1661 1264 1685 °
1287 1652 1342 1706 Si
1378 1668 1509 1705 vero
1538 1652 1793 1706 binarius
1850 1657 2040 1705 teneat
2084 1647 2121 1698 Β

347 1742 759 1813 mqualitatem,
789 1742 1047 1795 binarius
1073 1746 1156 1793 est
1196 1740 1540 1806 differentia,
1590 1746 1646 1795 et
1676 1758 1826 1794 unus
1886 1742 2037 1795 inter

345 1831 628 1885 terminos
679 1845 909 1899 semper
942 1844 1219 1883 numerus
1264 1829 1689 1884 intermittitur.
1745 1830 1842 1884 Sin
1902 1847 2037 1885 vero

350 1918 639 1975 ternarius
671 1919 821 1972 idem
855 1918 1178 1972 differentia
1209 1922 1313 1983 est,
1344 1918 1495 1972 inter
1518 1920 1545 1962 d
1591 1920 1866 1973 terminos
1906 1936 2041 1973 vero

352 2008 468 2063 duo
500 2007 838 2062 naturaliter
854 2007 1147 2061 constituti
1167 2007 1643 2076 intermittentur,
1686 2024 1748 2061 ac
1772 2008 2038 2080 deinceps

346 2097 411 2150 in
438 2097 593 2150 hunc
627 2096 861 2150 modum
907 2138 918 2151 .

488 2217 495 2273 Ι
712 2220 740 2267 3
956 2218 965 2271 Ι
1181 2220 1210 2269 3
1425 2217 1434 2273 l
1652 2220 1680 2267 3
1896 2218 1904 2274 Ι

487 2288 497 2347 l
712 2294 741 2340 3
958 2293 965 2342 |
1182 2292 1212 2341 6
1427 2290 1434 2344 I
1651 2296 1680 2341 9
1897 2289 1905 2347 I

352 2394 445 2447 Est
474 2393 650 2446 etiam
681 2393 793 2445 alia
825 2394 1420 2462 proportionalitatem
1450 2393 1871 2445 arithmeticam
1912 2410 2037 2463 pro-

350 2481 582 2534 creandi
609 2481 716 2533 via.
752 2482 1047 2533 Ponantur
1077 2480 1231 2533 enim
1260 2486 1372 2533 tres
1413 2481 1562 2551 aequi
1596 2481 1849 2547 termini,
1884 2496 2026 2533 con-

354 2570 738 2640 stituuturque
784 2585 1006 2640 primus
1055 2569 1243 2639 primo
1283 2585 1346 2621 ac
1394 2569 1602 2622 secudo
1651 2586 1870 2639 aequus,
1947 2587 2036 2622 se-

353 2658 579 2712 cundus
609 2658 796 2729 primo
824 2674 888 2711 ac
921 2658 1145 2710 duobus
1185 2657 1467 2723 secundis,
1510 2657 1710 2710 tertius
1756 2658 1943 2728 primo
1987 2666 2043 2712 et

355 2748 578 2801 duobus
600 2747 864 2801 secundis
914 2764 977 2800 ac
1021 2747 1211 2812 tertio,
1262 2752 1322 2799 ut
1368 2746 1414 2799 si
1458 2748 1573 2800 sint
1618 2752 1730 2800 tres
1772 2748 2038 2802 unitates.

356 2837 438 2891 Sit
464 2846 483 2871 ε
514 2837 701 2906 primo
726 2837 913 2905 primo
944 2852 1007 2889 ac
1038 2836 1285 2888 secundo
1309 2851 1527 2905 aequus,
1559 2836 1613 2889 id
1646 2842 1731 2889 est
1770 2838 2041 2903 secundo,

361 2925 653 2981 Secundus
690 2942 824 2979 vero
871 2927 1081 2995 primo,
1137 2941 1200 2977 ac
1252 2925 1474 2977 duobus
1518 2925 1800 2989 secundis,
1853 2927 1907 2978 id
1965 2934 2044 2979 est
2093 2938 2132 2992 ς

361 3016 546 3069 teitio.
572 3015 794 3068 Tertius
824 3020 1013 3067 autem
1045 3014 1252 3085 primo,
1287 3013 1510 3066 duobus
1543 3014 1805 3067 secundis
1848 3031 1911 3067 ac
1943 3020 2050 3067 ter-

360 3104 465 3169 tio,
492 3103 545 3157 id
578 3110 661 3156 est
692 3109 959 3174 quatuor,

503 3223 511 3278 I
732 3229 747 3271 1
974 3220 982 3278 I
1198 3226 1212 3271 1
1441 3222 1450 3276 l
1671 3225 1683 3270 1
1918 3218 1925 3277 l

504 3297 512 3350 I
730 3300 759 3343 2
976 3296 983 3349 I
1198 3296 1227 3343 3
1445 3292 1452 3349 ι
1672 3294 1701 3342 4
1919 3290 1926 3348 I

370 3398 471 3451 Hic
490 3398 667 3466 igitur
680 3398 1060 3449 terminorum
1080 3396 1455 3449 differentiam
1475 3397 1662 3448 unitas
1684 3402 1867 3463 tenet;
1907 3396 2054 3447 inter

370 3486 657 3536 binarium
686 3484 838 3536 enim
860 3489 915 3535 et
942 3484 1240 3548 unitatem,
1263 3488 1434 3552 atque
1464 3484 1617 3535 inter
1643 3485 1961 3537 ternarium
1992 3501 2056 3537 ac

370 3571 681 3636 binarium,
715 3571 905 3625 unitas
936 3571 1189 3623 interest.
1227 3570 1425 3623 Nullus
1456 3588 1588 3624 vero
1639 3574 1919 3625 naturalis
1946 3590 2051 3627 nu-

372 3676 564 3714 merus
592 3660 1009 3713 intermittitur.
1050 3662 1176 3713 Post
1208 3661 1484 3712 unitatem
1520 3660 1674 3713 enim
1712 3676 1842 3713 mox
1886 3661 2054 3715 bina-

376 3750 493 3802 rius
525 3754 626 3815 est,
662 3766 725 3803 ac
755 3755 886 3818 post
917 3748 1203 3801 binarium
1234 3748 1519 3801 ternarius
1537 3750 1876 3802 naturaliter
1910 3765 2059 3801 con-

375 3840 627 3902 stitutus,
665 3838 816 3891 idem
840 3854 1037 3890 rursus
1060 3838 1116 3891 in
1150 3838 1373 3890 binario
1406 3837 1523 3891 fiat.
1554 3838 1794 3908 Sintque
1836 3844 1947 3891 tres
1980 3837 2062 3891 bi-

375 3928 543 3987 narii,
578 3932 634 3979 et
664 3926 737 3979 sit
766 3926 986 3996 primus
1026 3927 1214 3995 primo
1242 3943 1306 3979 ac
1345 3926 1595 3979 secundo
1640 3944 1859 3997 aequus,
1886 3927 1939 3980 id
1977 3933 2060 3978 est

376 4017 812 4088 quaternarius;
834 4015 1116 4068 secundus
1144 4034 1273 4069 vero
1296 4016 1483 4086 primo
1516 4022 1571 4069 et
1601 4017 1823 4070 duobus
1855 4034 2059 4070 secun-

376 4107 484 4174 dis,
518 4106 575 4160 id
599 4111 683 4159 est
708 4106 992 4169 senarius;
1020 4105 1223 4158 tertius
1254 4113 1445 4159 autem
1478 4106 1685 4177 primo,
1719 4104 1941 4159 duobus
1982 4120 2062 4157 se-

376 4196 575 4250 cundis
610 4211 673 4248 ac
694 4194 883 4260 tertio,
910 4194 965 4247 id
999 4198 1084 4247 est
1113 4196 1459 4248 octonarius.

748 4315 777 4363 ‘2
991 4312 1001 4367 Ι
1216 4316 1247 4364 2
1462 4314 1471 4370 |
1685 4316 1715 4364 2
1930 4312 1938 4370 1

741 4386 773 4435 4
987 4387 995 4437 Ι
1209 4388 1239 4436 6
1455 4386 1461 4440 Ι
1678 4388 1708 4438 8
1924 4385 1930 4441 Ι

381 4498 480 4552 Hic
510 4509 741 4565 quoque
770 4492 1031 4545 binarius
1064 4494 1220 4545 tenet
1250 4492 1631 4545 differentiam
1664 4494 2067 4553 terminorum,

381 4602 497 4638 uno
529 4584 679 4637 inter
707 4597 805 4636 eos
834 4581 1171 4634 naturaliter
1199 4580 1543 4633 intermisso.
1578 4582 1717 4634 Nam
1762 4581 1911 4633 inter
1948 4582 1980 4633 4
2018 4586 2073 4633 et

385 4676 415 4726 6
448 4671 746 4743 quinarius
770 4669 1112 4724 naturaliter
1133 4668 1555 4736 intermittitur,
1591 4670 1741 4723 inter
1762 4673 1792 4723 6
1836 4674 2007 4741 atque
2040 4674 2070 4725 8

385 4760 744 4829 septenarius
766 4759 1096 4812 collocatur.
1131 4757 1291 4821 Quod
1324 4758 1371 4810 si
1401 4759 1687 4812 ternarius
1726 4759 2074 4828 aequalitatis

383 4847 735 4919 principium
753 4848 847 4911 sit,
871 4847 967 4899 fiet
985 4846 1267 4901 ternarius
1281 4846 1601 4900 differentia
1625 4865 1637 4913 ;
1664 4848 1816 4900 verbi
1840 4850 2022 4917 gratia
2054 4866 2064 4902 :

385 4938 549 4991 Sinti
578 4935 810 4989 termini
841 4940 956 4988 tres
984 4936 1053 4989 ad
1096 4935 1322 5005 regulas
1350 4936 1709 5005 superiorum
1747 4938 1967 4990 subtus.

524 5053 535 5113 ι
750 5056 778 5103 3
994 5053 1002 5111 |
1218 5058 1246 5104 3
1462 5056 1469 5109 |
1688 5058 1716 5107 3

388 5114 1711 5127 ,_—_—__—_—__—_.__———

532 5116 2083 5186 |——6_——|—_3_—|———1§__l——

389 5244 452 5294 ln
486 5242 572 5295 his
594 5258 733 5309 ergo
767 5240 1051 5292 ternarius
1070 5244 1152 5290 est
1181 5239 1520 5301 differentia,
1577 5246 1632 5291 et
1676 5239 1789 5292 duo
1849 5242 2078 5293 numeri

389 5330 718 5397 intermissi,
750 5329 803 5382 id
834 5335 1050 5381 estuno
1072 5328 1259 5380 minus
1275 5344 1445 5396 quam
1470 5330 1540 5380 sit
1571 5328 1899 5382 differentia
1932 5346 2082 5383 sem-

2094 496 2097 501 _
2141 443 2245 509 rio,
2281 441 2661 512 quinarioque
2693 441 3053 511 perspicitur,
3075 447 3127 495 et
3154 459 3280 512 quae
3303 458 3405 495 nos
3438 450 3678 513 propter
3701 441 3832 496 bre-

2140 531 2372 584 vitatem
2405 537 2680 595 tacemus,
2701 530 2900 583 iisdem
2926 532 3136 600 regulis
3162 548 3227 584 ex
3256 532 3564 601 semetipso
3590 531 3841 600 diligens

2142 620 2969 674 lectorinveniet.Geometrica
2995 635 3126 673 vero
3148 620 3663 690 proportionalitas
3701 626 3839 671 tunc

2144 709 2633 780 quemadmodum
2666 709 2909 761 inveniri
2934 708 3003 761 ab
3034 708 3362 779 mqualitate
3388 708 3837 778 possitostendi-

2145 815 2292 865 mus,
2334 797 2562 868 quando
2611 798 3100 867 quemadmodum
3137 798 3207 851 ab
3257 798 3588 867 aequalitate
3643 796 3838 849 omnis

2147 886 2505 957 inmqualitas
2544 896 2568 929 ε
2625 886 2861 956 profluit
2924 886 3409 951 monstrabamus,
3470 886 3585 938 nisi
3643 891 3840 937 tamen

2144 974 2436 1029 fastidium
2470 981 2573 1041 est,
2608 992 2758 1028 nunc
2780 992 3008 1046 quoque
3039 976 3285 1029 breviter
3316 974 3699 1045 repetendum
3733 981 3839 1026 est.

2145 1064 2480 1118 Constitutis
2511 1064 2663 1117 enim
2698 1064 2877 1117 tribus
2917 1065 3095 1134 aequis
3114 1064 3395 1130 terminis,
3433 1068 3690 1127 ponatur
3717 1062 3840 1131 pri-

2148 1170 2275 1207 mus
2323 1154 2511 1222 primo
2562 1169 2780 1223 aequus.
2828 1153 3121 1207 Secundus
3176 1154 3365 1222 primo
3428 1169 3491 1205 ac
3560 1152 3839 1205 secundo.

2149 1247 2176 1287 ιι
2203 1243 2591 1312 Tertioprirno
2607 1243 2823 1295 duobus
2851 1244 3113 1295 secundis
3140 1259 3203 1295 ac
3219 1242 3408 1295 tertio.
3440 1241 3720 1310 Idemque
3742 1240 3846 1293 fiat

2151 1332 2421 1386 continue
2452 1337 2623 1402 atque
2655 1332 2733 1384 ita
2759 1347 2822 1384 ex
2846 1330 3172 1401 mqualitate
3206 1331 3555 1401 geometrica
3588 1346 3845 1399 propor-

2150 1422 2437 1474 tionalitas
2466 1420 2818 1489 principium
2854 1426 3059 1474 sumat.
3094 1420 3201 1474 Sed
3227 1420 3295 1472 de
3341 1420 3547 1472 harum
3588 1434 3850 1488 propor-

2153 1510 2377 1563 tionum
2402 1508 2848 1578 proprietatibus
2880 1525 3055 1579 quam
3090 1508 3529 1579 diligentissime
3560 1507 3618 1560 in
3655 1507 3849 1559 arith—

2155 1597 2377 1651 meticis
2405 1597 2677 1660 diximus;
2711 1597 2864 1666 quod
2896 1598 2941 1650 si
2976 1598 3045 1651 ad
3078 1598 3199 1650 haec
3237 1597 3349 1650 illis
3394 1596 3713 1649 instructus
3756 1596 3849 1650 le-

2158 1690 2277 1737 ctor
2320 1684 2566 1750 accedat,
2616 1686 2775 1739 nullo
2814 1686 3190 1739 dubitationis
3241 1701 3435 1738 errore
3488 1684 3845 1737 turbabitur.

2157 1774 2496 1827 Harmonice
2526 1790 2657 1827 vero
2699 1774 2993 1841 medietas,
3032 1775 3101 1827 de
3133 1791 3249 1844 qua
3280 1791 3431 1827 nunc
3461 1775 3638 1843 paulo
3674 1775 3853 1827 latius

2155 1863 2514 1916 tractandum
2538 1868 2641 1927 est,
2674 1863 2781 1916 hac
2810 1863 3031 1917 ratione
3058 1870 3409 1932 procreatur.
3447 1863 3862 1916 Constituatur

2158 1952 2332 2017 enim,
2381 1952 2664 2022 siquidem
2710 1952 2966 2021 duplices
3015 1968 3284 2005 curamus
3332 1952 3635 2020 effingere,
3663 1953 3854 2004 tribus

2158 2040 2338 2111 requis
2368 2040 2631 2093 terminis
2662 2041 2880 2110 positis,
2918 2040 3136 2109 primus
3186 2040 3373 2110 primo
3404 2056 3468 2092 ac
3504 2039 3736 2094 duobus
3768 2057 3854 2093 se-

2157 2130 2356 2183 cundis
2386 2129 2641 2199 mqualis.
2673 2129 2965 2183 Secundus
3013 2129 3239 2183 duobus
3288 2128 3490 2199 primis
3519 2134 3578 2181 et
3627 2128 3859 2182 duobus

2158 2218 2438 2272 secundis.
2490 2218 2713 2271 Tertius
2752 2218 2927 2272 semel
2979 2218 3187 2288 primo,
3237 2218 3324 2271 bis
3345 2216 3617 2283 secundo,
3672 2222 3729 2270 et
3776 2224 3867 2269 ter

2160 2309 2350 2361 tertio.
2384 2311 2569 2378 Atque
2602 2308 2707 2361 hoc
2732 2307 2901 2360 modo
2930 2308 3042 2360 sint
3068 2308 3335 2361 unitates.

2309 2454 2316 2509 Ι
2536 2458 2552 2504 1
2779 2454 2787 2508 l
3010 2457 3026 2504 1
3251 2454 3259 2509 l
3482 2458 3498 2504 1
3728 2454 3735 2507 Ι

2160 2586 2551 2640 Constituatur
2583 2586 2761 2655 igitur
2790 2585 3012 2655 primus
3029 2584 3216 2655 primo
3246 2601 3311 2637 ac
3333 2584 3559 2639 duobus
3590 2586 3863 2638 secundis

2159 2674 2417 2744 mqualis,
2444 2676 2497 2727 id
2516 2675 2916 2727 estternarius.
2944 2675 3235 2729 Secundus
3253 2673 3626 2726 veroduobus
3651 2674 3861 2743 primis

2160 2768 2216 2817 et
2244 2764 2463 2817 duobus
2489 2763 2772 2829 secundis,
2812 2763 2867 2815 id
2899 2768 2983 2815 est
3012 2762 3433 2832 quaternarius.
3464 2761 3693 2815 Tertius
3726 2779 3865 2815 vero

2162 2853 2353 2922 primo
2385 2868 2448 2905 ac
2496 2852 2720 2905 duobus
2765 2851 3029 2905 secundis
3077 2857 3135 2905 et
3177 2852 3361 2905 tribus
3408 2852 3615 2915 tertiis,
3672 2851 3731 2903 id
3777 2858 3868 2903 est

2173 2958 2288 2995 sex.
2317 2942 2383 2994 Et
2408 2941 2455 2992 si
2487 2941 2545 2993 in
2568 2940 2806 2992 binariis
2837 2942 3133 3010 aequalitas
3164 2941 3175 2973 ί
3233 2944 3621 3003 construatur,
3665 2940 3755 2992 vel
3813 2941 3876 2992 in

2173 3029 2438 3085 ternariis
2469 3031 2665 3082 eadem
2694 3030 2836 3082 ratio
2866 3029 3189 3082 medietatis
3221 3034 3477 3099 apparet,
3530 3029 3709 3097 duplo
3742 3045 3772 3079 a
3815 3045 3875 3081 se

2173 3120 2434 3173 terminis
2469 3118 2920 3189 differentiisque
2951 3118 3314 3186 distantibus,
3350 3124 3413 3171 ut
3448 3118 3725 3187 subjecta:
3766 3118 3877 3169 de-

2174 3210 2510 3280 scriptiones
2539 3213 2793 3261 monent.

2172 3342 3881 3427 Μ,

2178 3426 3881 3497 __|__j__|___’1__|__tl__|__,

2322 3502 2329 3556 |
2546 3507 2575 3551 2
2791 3499 2797 3555 Ι
3014 3504 3044 3549 2
3256 3499 3263 3551 Ι
3482 3500 3510 3547 2
3732 3499 3737 3549 l

2170 3565 3047 3643 j—l——0—~l_it§
3264 3575 3269 3623 I
3476 3574 3535 3619 12
3738 3574 3745 3607 ί

2177 3647 2327 3712 ηᾼ
2545 3650 2572 3691 ες
2790 3644 2797 3701 |
3013 3650 3041 3690 :1
3259 3645 3266 3696 |
3485 3654 3512 3688 ,ί
3735 3644 3744 3695 1
3832 3702 3881 3705 ί-

2320 3714 2328 3775 |
2544 3718 2574 3767 8
2790 3714 2797 3773 |
2997 3720 3057 3765 12
3178 3774 3187 3775 ί
3257 3718 3263 3765 l
3476 3716 3745 3775 187A]

3526 3773 3829 3780 π

2244 3862 2400 3925 Quod
2434 3863 2478 3913 si
2512 3860 2765 3914 facienda
2797 3865 2881 3913 est
2910 3860 2969 3912 in
3019 3861 3473 3914 extremitatibus
3517 3862 3689 3930 tripla
3734 3879 3871 3930 pru-

2175 3952 2382 4021 portio,
2433 3950 2614 4003 tribus
2684 3949 2864 4018 {equis
2922 3950 3184 4002 terminis
3240 3950 3580 4014 constitutis,
3644 3952 3879 4018 primu;

2137 4040 2147 4047 ’
2175 4040 2407 4109 quidem
2430 4038 2721 4092 faciendus
2740 4044 2823 4089 est
2852 4054 2917 4090 ex
2952 4037 3140 4107 primo
3184 4055 3246 4090 ac
3275 4038 3547 4101 secundo,
3586 4039 3880 4091 secundus

2174 4144 2308 4180 vero
2330 4143 2393 4179 ex
2428 4126 2616 4196 primo
2651 4142 2713 4178 ac
2742 4126 2964 4179 duabus
2985 4126 3269 4191 secundis,
3304 4128 3509 4179 tertius
3560 4133 3757 4180 autem
3802 4144 3876 4181 ex

2105 4224 2147 4277 D
2180 4217 2393 4289 primo,
2427 4215 2651 4268 duobus
2684 4215 2945 4268 secundis
2974 4231 3037 4267 ac
3057 4215 3239 4267 tribus
3270 4208 3476 4279 tertiis,
3516 4222 3575 4269 ut
3603 4222 3691 4268 est
3725 4217 3871 4270 sub-

2182 4307 2333 4375 jecta
2364 4303 2690 4373 descriptio.

2331 4472 2337 4523 I
2528 4474 2607 4531 Α
2801 4469 2807 4520 I
3030 4474 3043 4517 ί
3140 4527 3150 4532 -
3203 4527 3214 4533 .
3269 4469 3277 4521 ι
3330 4528 3439 4534 ___
3484 4469 3851 4538 ,ει-12

2194 4544 2338 4607 fl
2558 4545 2585 4589 2
2802 4542 2808 4593 ι
3026 4543 3053 4588 3
3272 4540 3279 4597 ι
3495 4546 3525 4591 0
3747 4546 3753 4596 ι

2188 4674 2211 4677 _
2333 4622 2339 4667 ι
2561 4626 2584 4661 2
2801 4613 2808 4666 Ι
3026 4616 3054 4661 2
3270 4614 3277 4665 Ι
3498 4618 3526 4663 2
3747 4617 3891 4683 ΙἮ

2339 4684 2347 4743 |
2562 4683 2594 4733 4
2806 4684 2813 4737 I
3031 4686 3060 4733 6
3276 4686 3283 4733 l
3490 4690 3499 4733 1
3520 4692 3544 4734 2
3684 4692 3902 4753 ξ),-

2188 4747 2586 4820 ᾟξε
2643 4747 2670 4749 ”
2707 4747 2726 4749 ⁷
2743 4747 2822 4805 ’Ἰ
2841 4747 3762 4807 ί-ἰὶ-Τέῗ-Ἰ

2341 4829 2346 4883 I
2564 4834 2593 4875 εί
2686 4826 3087 4889 ᾠμηᾼζ
3120 4827 3284 4889 _l
3496 4830 3555 4876 18
3764 4840 3770 4881 ί

2504 4886 2737 4894 m.

2192 4975 2302 5029 Sed
2320 4976 2557 5043 ingressi
2576 4976 2963 5027 lmrmonicam
2980 4975 3591 5045 disputationem,qua>
3609 4977 3676 5027 de
3692 4994 3759 5028 ea
3776 4979 3828 5029 ὼ
3846 4986 3877 5029 τι

2194 5065 2418 5135 gentius
2458 5064 2566 5117 dici
2618 5070 2855 5132 possunt
2901 5064 3068 5117 tacite
3123 5065 3529 5133 praetereunda
3580 5083 3703 5118 esse
3777 5084 3898 5119 non

2194 5153 2454 5206 arbitror.
2489 5153 2808 5206 Collocetur
2838 5151 3014 5220 igitur
3051 5152 3385 5205 harmonica
3447 5155 3905 5222 proportionali-

2196 5248 2298 5305 tas,
2340 5242 2515 5311 inque
2546 5258 2613 5293 ea
2644 5240 3025 5309 descriptione
3045 5240 3342 5309 superiore
3376 5242 3581 5294 ordine
3606 5244 3890 5295 termino-

2197 5348 2326 5385 rum
2360 5331 2511 5383 inter
2541 5346 2599 5382 se
2633 5328 2967 5382 differentias
2999 5328 3403 5399 disponantur.

462 5484 486 5507 ⁸
516 5477 635 5528 Haec
675 5502 700 5536 ι,
757 5477 959 5529 Rursus
1007 5475 1149 5527 idem
1188 5474 1253 5526 de
1301 5478 1553 5527 ternario.
1601 5486 1623 5513 ε
1662 5475 1778 5529 Sin.
1818 5473 1845 5510 ἀ
1892 5477 2171 5531 Numeros.
2208 5487 2228 5510 ε
2284 5478 2511 5530 Primus.
2563 5474 2581 5508 ί
2632 5476 2758 5528 Tres
2814 5478 3043 5529 numeri.
3093 5484 3119 5518 κ
3166 5477 3410 5544 Proﬁuat
3446 5475 3901 5541 monstrabimus,

394 5547 418 5586 ¹ι
445 5547 673 5600 Tertius.
699 5547 711 5580 ί
744 5547 1133 5599 Constituatur.
