4104 6176
384 292 515 345 1211

380 426 790 497 proprietatem
855 442 1052 480 sensus
1101 427 1352 496 apertior
1381 427 1837 498 comprehendit.
1887 428 2065 491 Quale
2104 432 2150 482 Α

381 515 534 568 enim
562 520 646 568 est
677 515 1133 586 unumquodque
1163 532 1266 585 per
1288 517 1681 587 semetipsum,
1709 518 1821 570 tale
1866 523 1922 570 et
1969 518 2065 571 de-

381 602 757 671 prehenditur
786 619 977 658 sensu.
1037 604 1094 657 Si
1143 604 1320 674 igitur
1368 606 1583 658 cunctis
1613 605 1805 659 notior
1867 610 1950 658 est
2006 622 2072 659 ea

380 691 757 744 consonantia
803 708 932 761 quas
997 692 1055 745 in
1115 693 1446 762 duplicitate
1490 693 1768 761 consistit,
1820 711 1935 748 non
1989 701 2073 748 est

380 778 620 832 dubium
637 780 885 848 primam
908 796 1028 832 esse
1042 781 1302 834 omnium
1321 781 1595 852 diapason
1608 782 2065 847 consonantiam,

379 867 700 938 meritoque
722 868 1017 934 excellere,
1065 870 1338 938 quoniam
1395 871 1719 941 cognitione
1767 873 2067 943 prmeedat.

381 956 638 1027 Reliquae
663 973 795 1010 vero
817 957 968 1010 hunc
999 959 1313 1011 necessario
1328 960 1640 1014 secundum
1672 961 2068 1031 Pythagorico,

378 1044 639 1098 ordinem
696 1051 913 1109 tenent,
965 1063 1135 1116 quem
1189 1047 1453 1101 dederint
1486 1048 1878 1118 multiplicitas
1938 1065 2073 1118 aug-

377 1140 573 1188 menta
623 1140 681 1188 et
713 1136 1249 1205 superparticularis
1279 1137 1647 1190 'liabitudinis
1702 1138 2067 1191 detrimenta.

375 1222 749 1277 Monstratum
777 1224 992 1294 quippe
1037 1231 1119 1277 est
1169 1226 1320 1294 quod
1365 1227 1660 1296 multiplex
1708 1227 2071 1297 inaequalitas

377 1313 921 1382 superparticulares
992 1314 1395 1383 proportiones
1476 1316 1662 1368 meriti
1732 1316 2070 1385 antiquitate

375 1399 769 1454 transcendat.
830 1399 1103 1463 Quocirca
1131 1401 1410 1454 naturalis
1434 1418 1709 1454 numerus
1741 1403 1810 1455 ab
1853 1403 2070 1456 unitate

378 1503 558 1557 usque
576 1487 679 1558 (ad
709 1488 1142 1558 quaternarium
1171 1489 1528 1559 disponatur,
1560 1498 1607 1554 t,
1639 1494 1693 1557 “2,
1717 1493 1770 1556 3,
1792 1493 1842 1545 4.
1891 1491 2073 1562 Igitur

376 1576 736 1631 unibinarius
756 1583 1118 1648 comparatus
1139 1579 1569 1648 proportionem
1603 1580 1887 1649 duplicem
1914 1580 2071 1648 facit,

376 1669 434 1718 et
459 1664 651 1718 reddit
676 1664 953 1735 diapason
985 1667 1421 1720 consonantiam
1450 1684 1596 1734 eam,
1641 1684 1772 1738 quas
1805 1673 1890 1723 est
1945 1685 2072 1722 ma-

375 1752 552 1818 xima,
576 1755 672 1807 aei
705 1753 1067 1824 simplicitate
1091 1755 1404 1809 notissima.
1443 1756 1501 1810 Si
1530 1773 1662 1810 vero
1700 1757 1909 1811 unitati
1963 1761 2072 1811 ter-

377 1841 576 1895 narius
603 1848 989 1913 comparetur,
1015 1844 1289 1914 diapason
1322 1861 1386 1898 ac
1420 1846 1687 1916 diapente
1709 1846 2074 1900 concordiam

375 1931 729 2002 personabit.
789 1931 1197 1995 Quaternarius
1257 1950 1390 1987 vero
1439 1934 1648 1988 unitati
1703 1939 2072 2005 comparatus

377 2016 760 2086 quadruplam
777 2020 954 2081 tenet,
987 2017 1202 2071 scilicet
1229 2018 1316 2072 bis
1346 2019 1620 2089 diapason
1652 2019 1907 2073 efﬁciens
1928 2035 2075 2089 sym-

378 2103 653 2176 phoniam
676 2121 689 2170 ;
714 2103 868 2174 quod
893 2104 941 2158 si
965 2105 1249 2158 ternarius
1271 2105 1494 2160 binario
1526 2113 1915 2177 comparetur,
1953 2107 2074 2161 dia-

377 2197 572 2265 pente.
604 2193 662 2247 Si
677 2209 809 2247 vero
831 2196 1495 2264 quaternariusternario
1510 2197 1867 2251 diatessaron
1893 2222 1916 2258 ι)
1945 2212 2076 2250 con-

379 2283 701 2336 sonantiam
748 2283 1001 2353 supplet,
1035 2283 1196 2353 isque
1231 2289 1317 2337 est
1337 2285 1545 2338 horum
1574 2285 1712 2339 ordo
1752 2284 1970 2338 cunctis
2005 2284 2075 2338 ad

380 2387 440 2425 se
471 2370 715 2425 invicem
736 2372 1100 2440 comparatis.
1136 2374 1277 2426 Nam
1316 2373 1669 2443 comparatio
1701 2391 1825 2445 quin
1880 2377 2074 2438 restat,

380 2458 429 2512 si
455 2460 884 2529 quaternarium
919 2461 1142 2514 binario
1168 2478 1590 2532 comparemus,
1625 2463 1788 2516 cadet
1816 2463 1875 2516 in
1896 2461 2078 2532 dupli-

380 2563 502 2601 cem
525 2548 979 2617 proportionem,
997 2565 1168 2618 quam
1183 2550 1494 2603 tenebatad
1519 2551 1798 2604 unitatem
1821 2550 2076 2604 binarius

381 2642 776 2706 comparatus;
795 2639 984 2708 itaque
999 2637 1243 2691 maxime
1260 2638 1606 2691 distantsoni
1621 2639 1676 2691 in
1697 2639 1782 2692 bis
1799 2639 2074 2709 diapason

380 2741 561 2779 cuma
592 2742 651 2779 se
697 2727 1020 2796 quadrupla
1063 2727 1345 2782 intervalli
1367 2727 1720 2782 dimensione
1754 2729 2074 2782 discedunt.

380 2813 679 2868 Minimum
711 2831 864 2881 vero,
881 2831 1010 2868 cum
1028 2816 1248 2868 acutior
1265 2815 1589 2885 graviorem
1606 2817 1771 2870 tertia
1801 2817 2076 2886 gravioris

379 2903 925 2973 partejtranscendit,
943 2920 1008 2957 ac
1029 2905 1421 2974 statdeinceps
1448 2906 1938 2960 concinentiarum
1957 2923 2078 2960 mo-

381 2991 507 3057 dus,
539 2991 640 3062 qui
671 3008 859 3063 neque
883 2993 1034 3047 ultra
1058 2994 1440 3064 quadruplam
1470 2994 1651 3064 possit
1680 2995 1931 3061 extendi,
1970 3011 2070 3050 ne-
2113 3020 2154 3074 ρ

380 3097 492 3151 que
521 3081 672 3135 intra
701 3088 921 3152 partem
946 3083 1171 3136 tertiam
1197 3081 1469 3136 coarctari
1493 3100 1506 3147 ;
1540 3089 1596 3136 et
1625 3084 1938 3137 secundum
1983 3085 2074 3138 Ni-

381 3170 719 3223 comachum
742 3171 976 3241 quidem
999 3171 1090 3225 hic
1103 3172 1609 3225 consonantiarum
1629 3177 1714 3226 est
1742 3173 1902 3238 ordo,
1930 3179 1991 3226 ut
2007 3174 2080 3227 sit

382 3259 569 3329 prima
592 3259 885 3329 diapason,
928 3261 1174 3314 secunda
1205 3261 1482 3330 diapason
1510 3267 1566 3314 et
1596 3261 1884 3330 diapente,
1910 3263 2078 3316 tertia

382 3347 469 3402 bis
489 3347 787 3417 diapason,
822 3353 1025 3418 quarta
1057 3349 1345 3419 diapente,
1370 3349 1570 3418 quinta
1601 3349 1974 3404 diatessaron.

995 3455 1219 3508 CAPUT
1243 3457 1429 3509 XVIII.

525 3545 599 3595 De
624 3541 814 3595 ordine
839 3545 1313 3667 consonanttigrum
1343 3546 1617 3625 sententia
1645 3543 1935 3598 Eubulidis

1067 3629 1092 3666 c
1192 3629 1394 3667 tDDaSl.

1067 3629 1117 3666 cr
1139 3629 1394 3683 mppasi.

454 3701 563 3755 Sed
593 3700 902 3755 Eubulides
934 3705 1105 3772 atque
1134 3703 1416 3772 Hippasus
1451 3702 1627 3756 alium
1676 3702 2077 3757 consonantia-

383 3805 510 3843 rum
543 3790 804 3844 ordinem
833 3797 1053 3861 ponunt
1094 3808 1107 3845 :
1132 3792 1294 3845 aiunt
1323 3791 1478 3845 enim
1507 3792 1899 3862 multiplicatis
1939 3808 2074 3861 aug-

383 3884 578 3933 menta
607 3880 1248 3949 superparticularitatis
1293 3880 1667 3934 diminutioni
1699 3887 1824 3934 rato
1872 3881 2075 3934 ordine

380 3969 749 4037 respondere.
781 3978 801 4001 θ
839 3970 1033 4039 Itaque
1079 3986 1194 4022 non
1227 3985 1393 4038 posse
1426 3986 1548 4022 esse
1572 3969 1816 4038 duplum
1848 3969 1958 4022 nisi
1985 3968 2077 4022 di-

383 4057 648 4122 midium,
673 4072 777 4111 nec
800 4057 1037 4126 triplum
1063 4064 1273 4127 praeter
1286 4059 1511 4110 tertiam
1529 4064 1769 4126 partem.
1794 4057 2077 4121 Quoniam

383 4145 919 4215 igitursitduplum,
954 4162 1018 4199 ex
1051 4162 1118 4198 eo
1142 4147 1418 4216 diapason
1433 4147 1865 4199 consonantiam
1893 4145 2073 4198 reddi.

381 4232 658 4295 Quoniam
700 4249 831 4286 vero
846 4233 1258 4298 sitdimidium,
1295 4249 1359 4286 ex
1385 4250 1451 4285 eo
1484 4233 1648 4303 quasi
1679 4232 1968 4286 contraria
1994 4231 2076 4285 di-

382 4321 600 4374 visione
632 4321 1086 4391 sesquialteram,
1121 4322 1177 4376 id
1205 4327 1287 4374 est
1319 4321 1605 4391 diapente,
1651 4323 1799 4375 eftici
1826 4337 2074 4391 propor-
2113 4316 2155 4368 Ι)

381 4411 616 4464 tionem.
654 4410 870 4473 Quibus
894 4409 1103 4476 mixtis,
1139 4410 1351 4463 scilicet
1382 4411 1658 4479 diapason
1675 4426 1738 4462 ac
1785 4410 2075 4480 diapente,

383 4499 663 4568 triplicem
694 4498 1026 4569 |procreari,
1063 4515 1191 4568 quae
1224 4504 1529 4568 utramque
1577 4498 1870 4551 contineat
1925 4515 2076 4568 sym-

382 4587 684 4656 phoniam,
743 4587 837 4640 sed
896 4603 1092 4640 rursus
1133 4586 1372 4656 triplicis
1402 4593 1626 4656 partem
1677 4588 1904 4640 tertiam
1941 4603 2074 4640 con-

383 4674 561 4728 traria
606 4674 884 4728 divisione
941 4674 1165 4744 partiri.
1201 4676 1275 4728 Ex
1327 4691 1439 4745 que
1489 4691 1685 4728 rursus
1724 4675 2079 4728 diatessaron

385 4762 728 4832 symphonia
781 4768 1064 4816 nascetur.
1113 4764 1419 4832 Triplicem
1451 4779 1583 4816 vero
1640 4768 1810 4834 atque
1854 4764 2076 4834 sesqui-

384 4850 619 4903 tertium
647 4850 874 4919 junctos
908 4852 1285 4921 quadruplam
1322 4852 1809 4920 comparationem
1841 4868 2080 4922 propor-

383 4937 555 4991 tionis
585 4938 851 5003 efticere;
900 4939 1050 4993 unde
1090 4940 1156 4993 fit
1183 4946 1244 4993 ut
1283 4956 1352 4994 ex
1395 4940 1666 5010 diapason
1727 4946 1780 4993 et
1811 4942 2078 5010 diapente

386 5043 515 5098 quas
559 5033 644 5080 est
667 5043 780 5080 una
810 5029 1201 5094 consonantia,
1236 5035 1292 5081 et
1322 5029 1672 5082 diatessaron
1705 5046 1816 5082 una
1841 5029 1867 5071 ά
1898 5029 2079 5083 conti-

384 5116 585 5170 nentia
615 5115 1017 5186 conjungatur,
1046 5133 1174 5187 quas
1207 5117 1265 5170 in
1288 5118 1611 5187 quadruplo
1644 5119 1959 5171 consistens
1994 5118 2077 5172 bis

386 5205 660 5277 diapason
691 5221 903 5258 nomen
955 5206 1189 5275 accepit.
1220 5206 1544 5260 Secundum
1583 5207 1684 5260 hos
1711 5222 1942 5277 quoque
1985 5207 2079 5260 hic

387 5295 528 5349 ordo
559 5299 643 5349 est
675 5311 688 5348 :
722 5295 1027 5365 Diapason,
1061 5294 1350 5362 diapente,
1385 5295 1660 5364 diapason
1693 5310 1756 5348 ac
1788 5293 2073 5364 diapente,

389 5382 763 5449 diatessaron,
795 5381 885 5437 bis
917 5382 1212 5452 diapason.

1693 297 1808 348 AN.
1861 295 2064 349 MANL.
2111 295 2268 351 θεν.
2320 292 2553 351 BOETII

3707 305 3823 354 1'212

2832 429 3053 483 CAPUT
3080 431 3207 484 XIX.

2324 555 2603 609 Sententia
2645 554 2961 611 Nicomachi
2991 571 3110 623 qua:
3139 555 3336 624 quibus
3363 557 3712 612 consonantiis

2845 650 3210 713 apponuntur.

2249 785 2356 840 Sed
2411 786 2784 840 Nicomachus
2813 802 2932 840 non
2976 786 3238 840 eamdem
3282 802 3400 840 esse
3447 787 3529 840 eis
3561 787 3832 842 arbitratur

2179 876 2524 928 contrariam
2555 875 2916 946 positionem.
2943 875 3051 930 Sed
3081 875 3272 945 potius
3305 880 3366 928 ut
3385 875 3575 928 unitas
3595 876 3652 929 in
3681 878 3830 931 arith-

2180 963 2402 1017 meticis
2449 964 2726 1018 crementi
2770 969 2892 1018 erat
2929 964 3441 1034 diminutionisque
3488 965 3826 1034 principium,

2179 1053 2259 1106 ita
2307 1053 2481 1106 etiam
2529 1053 2804 1122 diapason
2861 1053 3266 1123 symphoniam
3337 1053 3688 1123 reliquarum
3735 1072 3833 1108 esse

2180 1141 2546 1211 principium,
2582 1141 2708 1195 illas
2737 1158 2866 1194 vero
2900 1143 3008 1195 sibi
3038 1151 3058 1175 ο
3077 1141 3364 1195 contraria
3385 1142 3660 1195 divisione
3696 1160 3834 1212 posse

2180 1230 2477 1296 constitui;
2511 1231 2571 1284 id
2597 1246 2728 1283 vero
2759 1230 2976 1284 facilius
3004 1231 3111 1284 erit
3139 1231 3371 1301 cognitu
3401 1231 3450 1282 si
3484 1230 3641 1300 prius
3679 1234 3835 1301 rpra:-

2181 1320 2441 1373 videatur
2473 1319 2532 1372 in
2562 1321 2835 1374 numeris.
2865 1320 3258 1374 Constituatur
3288 1320 3469 1390 igitur
3498 1321 3839 1386 unitas,dua2—

2182 1425 2293 1479 que
2325 1413 2513 1478 partes
2545 1409 2614 1462 ab
2648 1425 2714 1462 ea
2745 1409 2945 1474 fluant,
2980 1425 3096 1462 una
3125 1409 3479 1479 multiplicis,
3514 1408 3624 1462 alia
3643 1409 3836 1463 divisio-

2183 1497 2291 1552 nis.
2314 1497 2512 1569 Sitque
2544 1498 2661 1552 hasc
2691 1498 2939 1551 formula
2973 1515 2984 1552 :

3176 1916 3461 1930 .____—.

3181 1995 3439 2008 —__

2611 1758 2983 1826 -Ἑῆῑιῖιῖ

2738 1860 2859 1905 Pars
2886 1861 2912 1906 3

2707 1941 2828 1985 Pars
2855 1943 2880 1987 4

2681 2022 2802 2064 Pars
2824 2022 2849 2066 5

2645 2099 2766 2146 Pars
2795 2101 2822 2146 6

2185 2371 2250 2423 Et
2271 2369 2342 2422 ad
2381 2369 2534 2423 hunc
2564 2368 2800 2422 modum
2836 2367 2909 2420 ad
2943 2365 3171 2420 inﬁnita
3202 2367 3531 2437 progressio
3562 2371 3661 2420 est.
3703 2365 3839 2418 Bina-

2186 2460 2303 2512 rius
2345 2459 2499 2512 enim
2532 2458 2768 2511 unitatis
2797 2466 2823 2500 ε
2850 2457 3060 2527 duplex
3091 2460 3194 2508 est.
3243 2456 3545 2510 Contraria
3591 2471 3716 2508 vero
3745 2455 3843 2522 ejus

2184 2565 2314 2619 pars
2344 2550 2371 2590 ιι
2404 2547 2619 2602 eisdem
2649 2547 2954 2601 dimidium
3000 2545 3237 2599 unitatis
3281 2545 3555 2599 ostendit.
3586 2546 3712 2599 Tres
3754 2543 3843 2595 tri-

2185 2640 2312 2707 plus
2369 2642 2425 2690 et
2466 2635 2751 2690 contraria
2796 2651 2928 2705 pars
2979 2635 3165 2688 tertia.
3199 2636 3456 2698 Quatuor
3506 2633 3843 2704 quadruplus,

2186 2742 2431 2796 parsque
2471 2730 2525 2778 et
2575 2724 2859 2778 contraria
2900 2729 3125 2796 quarta.
3163 2728 3347 2793 Atque
3382 2724 3459 2776 ita
3502 2721 3770 2776 crescendi
3806 2725 3848 2771 et

2184 2814 2548 2868 decrescendi
2581 2815 2642 2868 in
2674 2813 2922 2884 simplici
2950 2817 3036 2866 est
3065 2813 3281 2867 unitate
3313 2812 3684 2882 principium.
3719 2810 3846 2862 ldem

2185 2903 2361 2972 igitur
2381 2920 2532 2956 nunc
2554 2903 2627 2957 ad
2653 2902 3055 2957 consonantias
3079 2907 3504 2955 convertemus.
3539 2902 3551 2935 ί
3586 2902 3672 2954 Est
3701 2899 3848 2968 igitur

2187 2993 2463 3062 diapason
2501 3009 2628 3064 qua:
2649 2993 2826 3063 dupla
2853 2997 2936 3046 est
2961 2992 3217 3062 supremi
3245 2992 3369 3045 loco
3419 2989 3706 3060 principii,
3747 3002 3847 3057 qua

2187 3098 2322 3135 vero
2344 3082 2592 3152 reliquae
2627 3085 2782 3147 sunt,
2823 3081 2882 3133 in
2913 3080 3198 3134 contraria
3241 3079 3525 3134 divisione
3557 3079 3660 3131 hoc
3689 3075 3847 3129 modo.

2187 3171 2534 3242 Sesquialter
2601 3171 2836 3242 quidem
2867 3170 3063 3240 triplo,
3111 3168 3515 3240 sesquitertins
3569 3183 3694 3220 vero
3734 3181 3845 3235 qua-

2187 3260 2394 3330 druplo
2437 3260 2590 3331 quod
2649 3260 2750 3313 tali
2788 3257 3287 3329 argumentatione
3319 3256 3679 3327 probabitur.
3717 3254 3847 3309 ldem

2187 3349 2342 3402 enim
2367 3364 2381 3415 j
2439 3347 2692 3419 primum
2724 3351 2808 3401 est
2854 3347 3207 3418 sesquialter,
3250 3345 3348 3416 qui
3405 3345 3629 3414 primus
3678 3341 3848 3412 triplus

2186 3437 2538 3507 principalis,
2571 3436 2785 3490 scilicet
2813 3436 3068 3490 unitatis.
3104 3436 3246 3489 Nam
3274 3434 3568 3488 ternarius
3589 3433 3727 3486 idem
3748 3430 3843 3500 pri-

2186 3542 2314 3579 mus
2338 3526 2547 3595 triplus
2586 3532 2690 3592 est,
2726 3525 2941 3579 scilicet
2974 3524 3197 3577 unitati.
3223 3524 3378 3577 Idem
3410 3522 3637 3592 primus
3669 3516 3845 3587 sesqui-

2187 3616 2346 3678 alter,
2371 3615 2418 3667 si
2448 3615 2671 3668 binario
2698 3619 3081 3684 comparetur.
3116 3615 3334 3666 Rursus
3375 3612 3533 3664 idem
3596 3607 3844 3662 ternarius

2187 3704 2440 3773 ejusdem
2474 3703 2809 3757 differentiae
2860 3719 3034 3774 quam
3061 3702 3129 3756 ad
3161 3700 3449 3755 binarium
3508 3699 3657 3763 facit,
3709 3695 3845 3764 cujus

2187 3792 2525 3846 naturaliter
2556 3792 2775 3861 positus
2815 3792 3087 3862 probatur
3119 3807 3239 3844 esse
3283 3789 3641 3859 sesquialter,
3672 3785 3843 3856 triplus

2188 3885 2287 3932 est.
2316 3881 2460 3934 Cum
2489 3881 2669 3950 igitur
2689 3881 2822 3950 jure
2850 3880 3189 3950 sesquialter
3207 3878 3418 3948 triplici
3468 3879 3496 3911 κ
3527 3880 3841 3948 Opponatur,

2187 3968 2452 4038 diapente
2495 3969 2889 4032 consonantia,
2942 3969 3211 4036 diapente
3250 3983 3314 4020 ac
3357 3967 3634 4037 diapason
3679 3977 3847 4016 conso-

2189 4056 2400 4110 nantiae
2448 4057 2866 4111 rationabiliter
2920 4062 3158 4127 putatur
3190 4056 3423 4126 opponi.
3475 4056 3688 4108 Rursus
3734 4066 3847 4120 qua-

2188 4147 2426 4216 druplus
2481 4146 2831 4217 sesquitertii
2898 4147 3242 4200 contrariam
3306 4145 3643 4198 divisionem
3697 4143 3843 4193 tenet.

2186 4236 2323 4288 Nam
2357 4235 2458 4305 qui
2487 4240 2572 4290 est
2601 4235 2826 4304 primus
2846 4235 3224 4305 quadruplus,
3260 4234 3414 4287 idem
3439 4249 3634 4286 rursus
3655 4229 3846 4300 primus

2187 4322 2882 4395 sesquitertiusinvenitur
2894 4324 2999 4376 hoc
3023 4323 3218 4376 modo.
3243 4320 3651 4385 Quaternarius
3664 4316 3845 4388 quippe

2191 4414 2412 4485 primus
2443 4418 2526 4466 est
2557 4412 2931 4482 quadruplus,
2958 4412 3004 4464 si
3032 4410 3239 4465 unitati
3281 4412 3504 4480 primus
3576 4406 3843 4477 sesquiter-

2186 4504 2318 4565 tius,
2349 4501 2395 4555 si
2433 4502 2685 4554 ternario
2707 4506 3088 4571 comparetur.
3123 4500 3338 4553 Rursus
3361 4500 3484 4568 ejus
3517 4494 3844 4557 differentiae,

2187 4605 2361 4660 quam
2393 4590 2542 4642 inter
2564 4605 2621 4642 se
2644 4606 2706 4642 ac
2724 4590 3033 4642 ternarium
3064 4594 3238 4654 tenet,
3271 4589 3394 4657 ipse
3415 4587 3480 4641 ﬁt
3501 4585 3843 4658 quadruplus.

2190 4679 2346 4732 Unde
2379 4679 2445 4731 tit
2475 4683 2536 4731 ut
2565 4677 2929 4748 sesquitertia
2961 4678 3280 4748 proportio,
3329 4693 3458 4746 quin
3491 4681 3574 4728 est
3605 4674 3842 4727 diatessa-

2189 4783 2314 4833 ron,
2350 4766 2684 4837 quadrupla:
2717 4767 3098 4836 proportioni,
3132 4782 3261 4836 quas
3293 4772 3378 4818 est
3394 4765 3479 4818 bis
3511 4763 3785 4832 diapason,
3800 4759 3845 4809 in

2187 4853 2539 4906 contrarium
2582 4853 2885 4906 dividatur.
2939 4854 3124 4922 Dupla
3163 4869 3296 4906 vero
3357 4851 3628 4922 quoniam
3657 4847 3844 4901 nullam

2188 4942 2362 4996 habet
2383 4942 2701 5011 oppositam
2727 4941 3180 5012 proportionem,
3207 4957 3311 4994 nec
3333 4942 3505 4994 ullius
3523 4940 3641 5009 ipsa
3662 4933 3847 5004 sesqui-

2193 5030 2370 5082 altera
2419 5033 2523 5096 est,
2571 5035 2669 5082 aut
2723 5035 2905 5083 exstat
2936 5045 3212 5083 numerus
3261 5031 3352 5083 cui
3391 5029 3566 5099 possit
3596 5027 3843 5083 binarius,

2193 5117 2292 5188 qui
2319 5118 2541 5187 primus
2573 5124 2658 5170 est
2688 5118 2920 5189 duplus,
2971 5119 3474 5189 superparticulari
3507 5115 3847 5189 proportione

2192 5205 2485 5274 conjungi,
2517 5205 2688 5259 talem
2720 5206 2964 5260 formam
2995 5207 3298 5260 contraria:
3339 5206 3719 5276 proportionis
3768 5216 3845 5253 ex-

2192 5294 2362 5349 cedit.
2407 5297 2590 5364 Atque
2627 5294 2838 5349 idcirco
2883 5295 3195 5348 secundum
3245 5295 3646 5348 Nicomachum
3679 5291 3846 5359 diapa-

2189 5399 2294 5438 son
2341 5382 2844 5437 consonantiarum
2907 5384 3258 5454 principium
3308 5389 3497 5437 teneat
3545 5383 3648 5436 hoc
3680 5378 3844 5434 modo.

458 5516 482 5539 ι
510 5510 576 5559 Et
609 5511 630 5548 b
664 5512 1082 5562 Concinentiam.
1148 5521 1169 5547 ο
1196 5510 1394 5573 Igitur.
1456 5508 1481 5548 ά
1513 5510 1877 5562 Concinentia.
1938 5518 1957 5541 θ
1993 5511 2080 5562 1η.
2126 5507 2538 5562 'Pervideatur.
2598 5517 2621 5552 δ
2652 5509 2876 5578 Duplus.
2935 5509 2965 5550 ιι
3002 5509 3280 5577 Ejusdem.
3344 5509 3356 5542 ¹
3389 5511 3526 5563 Erit.
3562 5522 3575 5572 j
3636 5508 3840 5560 Primus.

388 5573 414 5610 ι
443 5578 787 5644 Apponatur.
