4104 6176
249 300 389 351 1213

996 430 1256 492 Diapason
1267 464 1280 477 .

888 510 1115 518 ——

1121 508 1394 518 _—.————'

333 694 582 758 Diapente
607 699 657 744 et
677 695 950 758 diapason.
1009 694 1045 758 /
1185 694 1220 758 \
1322 695 1599 756 Diapente.

625 768 982 778 ———-———

431 918 773 981 Bisdiapason
786 953 800 967 .
896 917 934 981 /
1276 917 1306 981 \
1377 917 1738 966 Diatessaron.

310 1042 421 1096 Sed
452 1043 710 1113 quamvis
742 1044 821 1096 ita
866 1060 986 1098 sese
1015 1044 1239 1112 habeat,
1274 1045 1464 1116 inquit
1506 1051 1700 1099 tamen
1731 1061 1931 1099 omnes

236 1131 443 1184 melius
476 1133 817 1202 multiplices
839 1134 1241 1203 proportiones
1259 1135 1766 1190 consonantiarum
1787 1151 1930 1206 pra:-

231 1220 454 1286 cedere,
506 1223 1052 1291 superparticulares
1095 1225 1280 1295 sequi,
1345 1225 1491 1278 sicut
1552 1226 1726 1295 paulo
1797 1229 1928 1278 ante

231 1309 659 1380 descripsimus.
689 1310 832 1365 Cum
857 1311 1035 1381 igitur
1065 1314 1434 1368 consonantia
1465 1314 1536 1368 sit
1569 1314 1814 1368 duarum
1838 1330 1928 1367 vo-

231 1414 364 1451 cum
392 1403 518 1451 rata
567 1397 891 1468 permixtio,
928 1416 1101 1454 sonus
1129 1416 1262 1454 vero
1313 1401 1619 1455 modulata:
1645 1400 1798 1454 vocis
1824 1416 1919 1453 ca-

232 1499 349 1550 sus,
387 1501 502 1538 una
544 1485 860 1542 intentione
906 1489 1237 1557 productus,
1271 1489 1454 1562 sitque
1485 1490 1638 1544 idem
1689 1489 1927 1543 minima

233 1574 517 1644 particula
557 1576 980 1643 modulationis,
1018 1579 1205 1632 omnis
1255 1596 1388 1633 vero
1430 1597 1602 1633 sonus
1633 1589 1657 1613 ι
1704 1584 1927 1633 constet

229 1662 506 1734 impulsu.
541 1665 742 1719 Pulsus
771 1682 907 1721 vero
940 1668 1127 1721 omnis
1166 1685 1230 1722 ex
1269 1675 1429 1722 motu
1460 1672 1485 1712 b
1525 1670 1644 1736 tiat,
1678 1685 1923 1740 cumque

237 1758 503 1806 motuum
532 1762 553 1787 θ
581 1754 759 1825 aliqui
801 1755 917 1809 sint
965 1757 1233 1828 aequales,
1279 1759 1377 1811 alii
1424 1774 1557 1812 vero
1590 1757 1926 1829 inaequales,

235 1841 614 1912 inaequalium
643 1859 776 1898 vero
807 1844 902 1898 alii
935 1845 1048 1899 sint
1074 1847 1255 1900 multo
1287 1846 1623 1918 inaequales,
1668 1847 1765 1901 alii
1800 1865 1930 1902 vero

236 1930 455 1996 minus,
477 1931 575 1985 alii
594 1948 728 1986 vero
759 1934 1475 2007 mediocriterinaequales.
1503 1939 1575 1990 Ex
1607 1937 1932 2007 aequalitate

237 2021 472 2092 quidem
509 2022 759 2075 nascitur
787 2039 1058 2077 sonorum
1090 2025 1407 2095 aequalitas.
1445 2027 1520 2078 Ex
1541 2026 1932 2096 inmqualitate

235 2126 373 2163 vero
420 2112 448 2153 d
481 2125 546 2163 ea
596 2126 725 2180 quae
780 2112 1094 2166 secundum
1142 2113 1600 2168 mediocritatem
1648 2115 1932 2170 distantias

236 2198 553 2269 inaequales
591 2204 736 2260 sunt,
784 2201 1123 2270 manifestae,
1160 2202 1483 2274 primaeque
1516 2219 1579 2256 ac
1609 2204 1932 2275 simplicio-

235 2303 329 2342 res
368 2289 642 2342 eveniunt
669 2291 1091 2361 proportiones,
1137 2308 1264 2361 quae
1294 2297 1428 2346 sunt
1470 2292 1684 2346 scilicet
1730 2294 1931 2347 multi-

233 2377 416 2448 plices
448 2387 469 2410 θ
494 2383 593 2432 aut
616 2380 1188 2449 superparticulares,
1232 2381 1416 2451 dupli,
1447 2381 1627 2452 tripli,
1670 2382 1930 2452 quadru-

234 2466 337 2537 pli,
373 2466 754 2537 sesquialteri,
787 2473 960 2540 atque
1005 2470 1352 2540 sesquitertii
1386 2471 1799 2526 consonantiae.
1851 2471 1928 2525 Ex

231 2555 322 2608 his
351 2571 484 2608 vero
511 2555 528 2589 ί
558 2571 685 2626 qua:
721 2556 779 2609 in
815 2558 1053 2628 reliquis
1097 2559 1590 2629 proportionibus,
1633 2561 1721 2614 vel
1771 2561 1929 2613 mul-

229 2643 487 2706 timodis,
537 2645 626 2698 vel
661 2661 776 2698 non
811 2645 892 2700 ita
930 2647 1117 2714 claris,
1167 2648 1255 2701 vel
1287 2649 1458 2717 longe
1503 2649 1739 2702 omnino
1790 2666 1822 2702 a
1868 2665 1928 2703 se

228 2732 577 2787 distantibus
606 2734 1028 2804 inasqualitates
1050 2735 1217 2803 ﬁunt,
1249 2737 1622 2791 dissonantiaa
1653 2737 1925 2792 existunt.

229 2822 400 2876 Nulla
431 2828 624 2877 autem
653 2840 928 2878 sonorum
960 2825 1268 2881 concordia
1295 2832 1650 2896 procreatur.

900 2923 1124 2978 CAPUT
1160 2925 1262 2979 XX.

305 3020 414 3085 Qui
444 3025 688 3088 oporteat
712 3023 977 3090 praemitti
1005 3026 1066 3074 ut
1098 3021 1368 3091 diapason
1405 3023 1464 3076 in
1494 3024 1786 3093 multiplici

763 3125 955 3177 genere
1001 3110 1409 3166 demonstretur.

304 3207 417 3258 Hoc
446 3205 622 3275 igitur
656 3206 733 3260 ita
772 3207 1063 3274 distincto,
1108 3207 1597 3262 demonstrabitur
1647 3209 1924 3279 diapason

229 3294 668 3348 consonantiam
703 3311 832 3362 qua:
882 3301 1218 3350 cunctarum
1261 3297 1480 3367 optima
1509 3303 1595 3351 est
1627 3298 1686 3351 in
1728 3298 1923 3352 multi-

230 3383 366 3454 plici
400 3383 802 3453 inmqualitatis
842 3400 1075 3454 genere,
1111 3390 1167 3439 et
1203 3386 1264 3440 in
1302 3387 1651 3456 duplicitalis
1695 3388 1924 3442 babitu-

232 3472 367 3526 dine
400 3472 661 3542 reperiri.
696 3478 774 3527 Ac
799 3475 1052 3544 primum
1085 3475 1316 3545 quidem
1362 3475 1494 3528 illus
1524 3477 1927 3530 demonstran-

233 3561 398 3626 dum,
423 3562 910 3630 quemadmodum
942 3563 1001 3616 in
1022 3563 1463 3633 multiplicitatis
1495 3581 1705 3635 genere
1737 3565 1928 3636 diapa-

233 3666 336 3702 son
379 3651 749 3704 consonantia
797 3652 975 3721 possit
1023 3652 1275 3722 agnosci.
1329 3654 1798 3707 Praecurrendum
1845 3660 1927 3708 est

232 3738 412 3809 igitur
440 3740 508 3793 ad
540 3740 705 3793 breve
752 3740 1050 3810 quiddam,
1104 3757 1216 3812 quo
1261 3741 1417 3812 prius
1453 3742 1682 3812 cognito
1708 3743 1931 3797 facilior

235 3828 650 3881 demonstratio
683 3829 780 3882 tiat
808 3845 820 3883 :
852 3830 924 3882 ab
954 3830 1112 3884 omni
1145 3831 1675 3902 superparticulari,
1711 3832 1758 3885 si
1787 3848 1929 3885 con-

233 3917 460 3970 tinuam
501 3917 553 3970 ei
601 3919 1179 3988 superparticularem
1228 3921 1355 3991 quis
1408 3921 1628 3974 auferat
1685 3937 1930 3991 propor-

234 4007 453 4060 tionem
482 4026 497 4072 ;
529 4023 656 4077 quae
687 4012 771 4060 est
802 4008 1018 4062 scilicet
1051 4010 1262 4076 minor,
1313 4009 1367 4064 id
1401 4010 1554 4081 quod
1587 4009 1933 4081 relinquitur

234 4097 429 4149 minus
462 4102 546 4148 est
571 4097 692 4165 ejus
724 4097 1047 4165 medietate,
1090 4115 1220 4168 quae
1269 4099 1525 4153 detracta
1573 4105 1660 4152 est
1692 4115 1928 4169 propor-

234 4185 431 4251 tionis,
484 4186 639 4240 utin
691 4188 1065 4257 sesquialtera
1113 4205 1177 4242 ac
1225 4188 1606 4260 sesquitertia.
1656 4188 1933 4254 Quoniam

1673 300 1765 356 DE
1804 299 2062 356 MUSICA
2103 299 2232 354 LIB.
2278 300 2350 354 ll.

1981 433 2027 482 Α
2057 430 2217 492 Quod
2247 429 2295 482 si
2337 446 2403 483 ea
2433 445 2548 482 non
2577 433 2662 482 est
2689 428 2748 481 in
2797 428 3098 496 multiplici
3129 443 3335 497 genere
3366 428 3735 498 inaequalita—

3604 301 3736 352 1214

2042 517 2135 583 tis,
2158 517 2320 571 cadet
2341 517 2398 570 in
2432 516 2948 586 superparticulare
2983 515 3391 587 inaequalitatis
3423 532 3626 587 genus.
3650 516 3731 570 Sit

2041 605 2220 677 igitur
2248 604 2782 677 superparticularis
2799 605 3094 675 proportio
3113 605 3389 675 diapason
3421 622 3736 659 consonan-

2041 696 2139 749 tia.
2173 695 2482 749 Auferatur
2508 695 2576 747 ab
2596 710 2660 748 ea
2691 694 2958 747 continua
2979 693 3376 762 consonantia,
3410 694 3467 748 id
3503 699 3589 748 est
3619 694 3733 748 dia-

2039 788 2231 855 pente,
2277 783 2624 854 relinquitur
2673 783 3043 837 diatessaron.
3107 784 3199 838 Bis
3238 783 3413 852 igitur
3455 784 3734 838 diatessao

2040 889 2146 927 ron
2178 873 2370 926 minus
2395 875 2490 926 'est
2518 889 2631 926 uno
2659 874 2944 941 diapente,
2988 877 3044 926 et
3073 874 3099 914 ιι
3145 873 3336 942 ipsum
3384 873 3734 927 diatessaron

2037 977 2153 1015 non
2193 961 2395 1032 implet
2425 961 2690 1031 diapente
2720 961 3108 1015 consonantiae
3154 962 3544 1026 medietatem,
3579 963 3727 1032 quod

2038 1056 2123 1103 est
2193 1051 2561 1120 impossibile.
2622 1051 3026 1104 Monstrabitur
3083 1051 3237 1104 enim
3286 1051 3730 1105 bisdiatessaron

2037 1145 2172 1193 tono
2205 1156 2268 1194 ac
2298 1141 2603 1194 semitonio
2649 1139 3083 1194 consonantiam
3128 1140 3394 1210 diapente
3438 1145 3729 1194 transcen-

2037 1228 2190 1282 dere.
2227 1228 2501 1292 Quocirca
2547 1245 2650 1282 nec
2689 1229 2962 1298 diapason
2993 1229 3227 1298 quidem
3266 1229 3326 1282 in
3374 1228 3732 1300 superparti-

2035 1318 2213 1371 culari
2241 1317 2649 1387 inaequalitatis
2683 1333 2894 1386 genere
2927 1319 3060 1386 poni
3090 1321 3294 1387 potest.

2135 1597 2546 1719 ./\\/
3238 1607 3244 1616 ’
3396 1599 3455 1620 ”

1972 1727 2008 1780 Β
2101 1705 2136 1846 r/
2197 1713 2430 1788 imus
2607 1718 2856 1783 sanun.
2983 1731 3173 1778 Timui
3381 1710 3616 1786 60m"

2143 1928 2413 2009 nni}:
2487 1728 2519 2038 Χ
2587 1920 2835 2007 Dial;
3342 1883 3607 1972 Πτίῖιτ

2180 2071 2334 2138 zss
2432 2058 3686 2463 ἳ

2170 2281 2693 2680 Ὢ

2677 2914 2900 2994 CAPUT
2936 2940 3091 2994 xxn.

2035 3084 2428 3136 Demonstratio
2466 3099 2564 3151 per
2625 3083 2933 3152 impossible
2983 3082 3235 3151 diapente
3279 3082 3624 3136 diatessaron
3681 3087 3732 3136 et

2392 3177 2574 3225 tonum
2626 3174 2684 3224 in
2716 3171 3226 3242 {superparticulari
3268 3187 3379 3226 esse

2107 3315 2498 3385 Restatigitur
2529 3321 2590 3368 ut
2619 3316 2890 3386 diapente
2917 3331 2979 3368 ac
3008 3315 3382 3380 diatessaron,
3417 3319 3472 3369 et
3503 3320 3728 3382 tonum,

2037 3404 2096 3456 in
2145 3405 2768 3475 superparticularitate
2833 3406 3097 3476 ponenda
3151 3422 3272 3459 esse
3321 3410 3728 3459 monstremus.

2038 3492 2179 3547 Nam
2210 3493 2315 3546 etsi
2355 3494 2411 3547 id
2446 3494 2503 3547 in
2530 3495 2719 3564 prima
2740 3510 2970 3565 quoque
3002 3494 3346 3564 probatione
3381 3509 3444 3547 ea
3473 3509 3588 3564 qua
3608 3493 3726 3546 dia-

2039 3599 2217 3652 pason
2247 3583 2305 3636 in
2350 3584 2857 3653 superparticulari
2889 3600 3098 3654 genere
3147 3599 3262 3636 non
3295 3599 3416 3637 esse
3462 3581 3734 3652 ponenda

2039 3672 2503 3736 monstravimus,
2571 3672 2628 3726 id
2684 3689 2915 3743 quoque
2970 3673 3220 3742 quodam
3269 3671 3508 3725 rationis
3567 3671 3733 3724 modo

2036 3760 2345 3831 perclaruit
2371 3777 2383 3825 ;
2417 3761 2711 3830 sigillatim
2745 3767 2941 3814 tamen
2962 3762 3030 3813 de
3057 3777 3123 3815 eo
3147 3777 3209 3814 ac
3240 3759 3575 3830 diligentius
3594 3775 3734 3829 per-

2038 3853 2364 3902 tractemus.
2405 3849 2545 3902 Nam
2575 3849 2623 3901 si
2655 3849 2713 3901 in
2745 3848 3255 3918 superparticulari
3285 3849 3412 3920 quis
3442 3848 3545 3901 has
3575 3847 3729 3900 babi'

2039 3936 2267 3990 tudines
2305 3937 2597 4005 ponendas
2628 3953 2749 3989 esse
2798 3953 2914 3990 non
2945 3937 3158 4002 dixirit,
3190 3937 3251 3989 in
3301 3935 3582 4006 mutiplici
3630 3952 3736 4006 ge-

2040 4041 2177 4079 nere
2207 4025 2477 4078 fatebitur
2511 4026 2886 4079 collocandas.
2914 4026 3054 4077 Nam
3081 4025 3141 4076 in
3169 4024 3616 4094 superpartienti
3648 4025 3735 4077 vel

2041 4114 2262 4167 caateris
2293 4113 2484 4166 mixtis
2514 4129 2615 4166 cur
2649 4113 2787 4183 poni
2820 4129 2938 4166 non
2970 4113 3207 4183 possint,
3240 4111 3501 4182 superius
3534 4112 3619 4182 (ut
3649 4129 3736 4165 ar-

2041 4201 2244 4272 bitror)
2269 4202 2638 4273 explanatum
2662 4207 2764 4255 est.
2791 4202 3291 4272 Ponanturigitur,
3317 4201 3364 4253 si
3384 4201 3508 4254 ﬁeri
3527 4206 3730 4271 potest,

235 4276 609 4344 sesquialtera
642 4276 828 4345 major
865 4283 966 4343 est,
1003 4277 1428 4348 sesquitertiam
1457 4279 1526 4332 de
1560 4278 1929 4348 sesquialtera

2042 4291 2102 4346 in
2139 4291 2441 4362 multiplici
2483 4307 2710 4361 genere.
2752 4292 2814 4344 Et
2847 4292 3119 4361 quoniam
3153 4291 3509 4344 diatessaron
3541 4307 3736 4346 conso-

237 4362 626 4430 detrahamus,
661 4365 1011 4436 relinquitur
1052 4366 1444 4436 sesquioctava
1478 4368 1778 4436 proportio
1809 4382 1934 4436 quae

235 4451 528 4522 duplicata
559 4469 675 4506 non
715 4454 889 4507 efﬁcit
929 4455 1213 4524 integram
1242 4456 1664 4526 sesquitertiam
1696 4473 1935 4527 propor-

234 4541 454 4593 tionem
497 4540 594 4594 sed
625 4557 690 4594 ea
731 4543 999 4595 distantia
1030 4543 1221 4597 minor
1251 4549 1336 4597 est
1365 4560 1493 4615 qua:
1536 4545 1595 4598 in
1633 4545 1934 4598 semitonio

234 4628 560 4698 reperitur;
593 4630 747 4698 quod
774 4630 818 4682 si
842 4630 1130 4700 duplicata
1159 4632 1551 4703 sesquioctava
1582 4634 1932 4704 comparatio

234 4733 350 4770 non
383 4721 468 4769 est
502 4715 729 4788 integra
760 4727 785 4762 ε
834 4720 1235 4790 sesquitertiae,
1268 4721 1512 4790 simplex
1536 4721 1932 4792 sesquioctava

230 4821 349 4859 non
399 4810 484 4858 est
511 4807 886 4876 sesquitertiaa
941 4809 1333 4879 proportionis
1387 4810 1557 4880 plena
1598 4811 1872 4864 medietas
1917 4827 1930 4877 ;

233 4893 393 4964 quod
427 4893 473 4946 si
506 4895 970 4965 sesquiquartum
1017 4895 1379 4966 sesquitertio
1411 4895 1655 4962 auferas,
1691 4896 1747 4949 id
1780 4899 1934 4967 quod

230 4981 582 5052 relinquitur
600 4983 968 5038 medietatem
993 4985 1381 5056 sesquiquarti
1401 5001 1516 5039 non
1535 4983 1728 5052 etiicit,
1761 4983 1933 5039 idem—

231 5087 345 5141 que
389 5072 451 5124 in
478 5073 720 5126 caeteris.

901 5161 1125 5216 CAPUT
1176 5162 1305 5217 XXI.

300 5260 702 5312 Demonstratio
767 5275 869 5328 per
929 5258 1261 5328 impossibile
1323 5259 1592 5328 diapason
1639 5263 1696 5313 in
1749 5260 1934 5314 multi-

797 5349 936 5418 plici
987 5365 1178 5416 genere
1229 5363 1361 5404 esse.

299 5449 421 5516 Age
441 5461 595 5501 nunc
623 5445 697 5500 ad
725 5446 1006 5518 diapason
1036 5447 1472 5502 consonantiam
1503 5447 1828 5502 redeamus.

2047 4381 2245 4434 nantia
2268 4380 2457 4434 minor
2476 4386 2578 4447 est,
2606 4380 2874 4450 diapente
2892 4382 3093 4450 major,
3119 4381 3473 4433 diatessaron
3496 4380 3731 4451 duplici,

2044 4470 2311 4541 diapente
2385 4487 2516 4523 vero
2584 4470 2798 4541 triplici
2868 4470 3229 4540 proportioni
3293 4469 3734 4540 multiplicitatis

2044 4564 2290 4628 aptetur.
2318 4559 2636 4613 Verisimile
2684 4565 2767 4613 est
2799 4559 2952 4612 enim
2983 4563 3048 4612 ut
3097 4563 3180 4612 est
3207 4558 3577 4613 consonantia
3608 4557 3729 4611 dia-

2044 4649 2302 4700 tessaron
2331 4647 2743 4713 consonantiae,
2778 4647 3044 4717 diapente
3077 4647 3368 4700 continua.
3421 4645 3501 4697 ita
3534 4643 3579 4696 si
3613 4643 3734 4698 dia-

2043 4739 2297 4788 tessaron
2346 4735 2406 4788 in
2470 4735 2682 4805 duplici
2729 4735 3017 4802 statuitur,
3088 4735 3355 4804 diapente
3402 4733 3738 4787 incontinua

2043 4822 2285 4892 duplicis
2323 4823 2486 4893 poni,
2519 4824 2575 4877 id
2622 4828 2707 4878 est
2742 4823 2975 4893 triplici.
3008 4825 3200 4877 Tonus
3233 4828 3427 4876 autem
3457 4821 3736 4893 quoniam

2042 4913 2104 4968 in
2177 4914 2533 4968 babitudinis
2605 4915 2839 4969 musicis
2904 4921 3033 4986 post
3079 4915 3434 4969 diatessaron
3490 4914 3734 4978 locatur,

2045 5003 2319 5056 nimirum
2352 5003 2410 5056 in
2445 5019 2510 5056 ea
2540 5003 2915 5073 proportione
2954 5009 3226 5074 ponatur,
3259 5019 3389 5074 quae
3431 5007 3516 5055 est
3545 5002 3734 5054 minor

2042 5093 2273 5162 duplici.
2298 5093 2425 5146 Haec
2447 5097 2638 5145 autem
2652 5092 2711 5147 in
2730 5092 3172 5162 multiplicitatis
3190 5108 3401 5162 genere
3416 5107 3531 5144 non
3550 5094 3736 5159 potest

2041 5181 2306 5234 inveniri.
2335 5182 2529 5234 Restat
2550 5181 2730 5251 igitur
2761 5187 2822 5234 ut
2852 5182 2912 5234 in
2957 5178 3598 5252 superparticularitatis
3629 5178 3730 5230 ba-

2040 5268 2362 5322 bitudinem
2384 5268 2569 5322 cadat.
2601 5269 2686 5322 Sit
2705 5270 2883 5338 igitur
2914 5269 3120 5338 prima,
3150 5271 3206 5323 id
3228 5274 3311 5323 est
3339 5266 3729 5337 sesquialtera,

2039 5357 2162 5411 toni
2186 5357 2497 5428 proportio.
2534 5360 2676 5413 Nam
2707 5357 2752 5410 si
2785 5358 3073 5427 duplicem
3105 5357 3450 5423 auferamus,
3497 5355 3731 5424 triplici,

2043 5447 2196 5516 quod
2218 5446 2584 5518 relinquitur,
2615 5448 2954 5518 sesquialter
2987 5453 3088 5502 est.
3119 5445 3276 5510 Quod
3306 5446 3351 5499 si
3382 5444 3735 5500 diatessaron

302 5611 325 5638 ι
357 5599 605 5652 Constat.
642 5600 668 5640 δ
715 5600 820 5653 Sit.
855 5612 878 5640 ο
925 5600 1058 5655 Alii.
1088 5603 1115 5644 d
1167 5603 1313 5657 Haec.
1367 5609 1391 5635 ⁶
1414 5601 1514 5656 Ac.
1573 5602 1596 5643 ί
1648 5602 2012 5672 Reliquisque.
2055 5612 2081 5648 ε
2107 5602 2480 5671 Sesquitertia.
2511 5615 2535 5655 δ
2569 5603 2768 5672 Ipsam.
