4104 6176
360 306 495 358 1215

356 438 587 506 quidem
621 437 830 505 duplex
861 441 963 502 est,
1003 436 1269 506 diapente
1303 451 1437 491 vero
1468 436 1724 506 triplum,
1756 445 1780 470 ⁸

356 524 705 578 diatessaron
728 540 759 575 a
788 523 1051 594 diapente
1083 530 1253 577 tonus
1287 524 1543 594 reliquus
1566 523 1648 589 lit,
1685 524 1844 577 nullo
1876 524 2042 578 modo

356 612 605 667 dubitari
637 617 824 682 potest
851 612 991 683 quin
1014 619 1182 666 tonus
1202 612 1261 666 in
1290 614 1664 683 sesquialtera
1688 613 1892 666 debeat
1913 629 2041 682 pro-

354 700 621 771 portione
638 701 929 755 constitui.
955 702 1063 755 Sed
1085 702 1213 755 duae
1233 702 1622 772 sesquialteras
1646 703 2045 772 proportiones

354 790 643 859 duplicem
692 790 942 857 vincunt,
1012 791 1496 861 quemadmodum
1544 808 1612 844 ex
1671 791 2045 844 artihmeticis

354 878 663 933 instructus
707 879 814 932 sibi
860 884 1050 949 potest
1088 880 1331 949 quisque
1378 880 1666 949 colligere.
1716 881 1835 933 Duo
1869 879 2047 949 igitur

354 969 471 1022 toni
503 967 854 1021 diatessaron
884 968 1256 1037 superabunt,
1293 970 1447 1038 quod
1466 972 1551 1022 est
1579 969 1988 1022 inconveniens
2022 985 2035 1020 :

356 1057 706 1111 diatessaron
739 1057 891 1109 enim
936 1057 1076 1110 duos
1106 1062 1274 1110 tonos
1320 1058 1608 1111 semitonii
1659 1058 1844 1127 spatio
1885 1062 2043 1110 tran-

355 1145 590 1199 scendit.
646 1148 764 1199 Non
796 1145 973 1216 igitur
1022 1146 1144 1199 ﬁeri
1169 1151 1359 1214 potest
1391 1154 1455 1199 ut
1494 1162 1609 1198 non
1669 1146 1934 1214 diapente
1987 1162 2047 1198 ac

355 1236 704 1289 diatessaron
738 1234 808 1301 .in
859 1234 1366 1304 superparticulari
1404 1234 1809 1304 inaequalitatis
1840 1250 2047 1304 genere

356 1322 681 1375 collocetur.
716 1323 877 1386 Quod
910 1324 956 1375 si
985 1324 1113 1393 quis
1148 1328 1346 1377 tonum
1380 1339 1612 1393 quoque
1652 1324 1711 1376 in
1743 1322 2044 1393 multiplici

355 1426 565 1479 genere
595 1427 714 1464 esse
745 1437 769 1472 ι,
800 1412 1137 1482 perscribat,
1170 1412 1445 1482 quoniam
1469 1412 1700 1482 quidem
1740 1418 1909 1465 tonus
1942 1412 2047 1464 mi-

354 1513 460 1551 nor
480 1504 563 1552 est
592 1516 765 1569 quam
788 1500 1161 1554 diatessaron.
1200 1501 1567 1555 Diatessaron
1592 1517 1723 1553 vero
1750 1501 1941 1553 minus
1963 1505 2046 1553 est

355 1603 528 1657 quam
559 1587 847 1658 diapente,
872 1589 1139 1659 diapente
1167 1589 1402 1659 quidem
1426 1594 1674 1659 ponatur
1704 1589 1765 1642 in
1794 1589 2049 1659 quadru-

353 1676 472 1746 pla,
504 1676 854 1730 diatessaron
882 1678 941 1730 in
984 1678 1173 1747 tripla,
1210 1684 1380 1731 tonus
1426 1678 1485 1730 in
1515 1678 1748 1748 duplici.
1784 1678 1893 1731 Sed
1925 1677 2047 1730 dia-

354 1769 529 1834 pente
569 1770 793 1819 constat
827 1782 892 1819 ex
943 1766 1292 1820 diatessaron
1332 1770 1387 1819 et
1437 1771 1594 1821 tono.
1630 1766 2043 1836 ,Quadruplum

356 1851 531 1921 igitur
554 1855 865 1908 secundum
898 1856 1045 1909 hanc
1067 1857 1347 1908 rationem
1380 1855 1662 1908 constabit
1683 1872 1749 1909 ex
1778 1854 1950 1924 triplo
1983 1871 2044 1908 ac

358 1938 557 2010 duplo,
582 1943 733 2014 quod
750 1942 875 1997 ﬁeri
897 1944 1113 2014 nequit.
1148 1945 1362 1997 Rursus
1384 1948 1667 1997 statuatur
1689 1944 2041 1997 diatessaron

358 2030 589 2099 quidem
607 2032 668 2086 in
694 2032 924 2103 triplici,
957 2040 1014 2085 et
1035 2033 1301 2103 diapente
1328 2032 1387 2086 in
1415 2033 1759 2103 quadruplo.
1789 2033 1845 2087 Si
1871 2032 2049 2102 igitur

359 2119 684 2175 auferamus
708 2121 945 2192 triplum
976 2138 1009 2175 a
1040 2122 1387 2192 quadruplo,
1440 2121 1838 2193 sesquitertius
1869 2123 2049 2175 relin-

360 2213 587 2278 quetur.
623 2211 842 2263 Rursus
872 2210 919 2263 si
960 2210 1310 2264 diatessaron
1345 2209 1611 2281 diapente
1661 2210 2050 2264 consonantia:

359 2296 678 2363 subtrahas,
709 2298 771 2351 fit
804 2298 1060 2368 reliquus
1080 2304 1265 2352 tonus.
1296 2299 1488 2351 Tonus
1527 2298 1703 2368 igitur
1732 2299 2047 2352 secundum

358 2385 506 2439 hanc
522 2386 803 2439 rationem
828 2388 888 2439 in
928 2387 1287 2457 sesquitertia
1339 2388 1711 2457 proportione
1750 2387 2044 2441 constabit.

360 2473 467 2527 Sed
507 2479 622 2527 tres
672 2476 1020 2545 sesquitertii
1048 2492 1162 2527 uno
1194 2476 1403 2543 triplici
1435 2481 1568 2529 sunt
1600 2477 1869 2529 minores.
1912 2477 2045 2529 Tres

363 2562 540 2631 igitur
592 2563 711 2615 toni
752 2579 931 2616 unum
981 2564 1333 2617 diatessaron
1367 2564 1524 2616 nulla
1554 2565 1779 2618 ratione
1816 2565 2043 2635 supple-

363 2651 521 2715 bunt,
558 2651 709 2721 quod
737 2658 821 2705 est
850 2652 1237 2705 falsissimum.
1279 2653 1396 2705 Duo
1445 2653 1600 2705 enim
1630 2654 1748 2707 toni
1776 2669 1841 2706 ac
1870 2655 2045 2707 semi-

362 2740 581 2793 tonium
640 2741 829 2794 minus
882 2741 1231 2795 diatessaron
1261 2741 1712 2806 {consonantiam
1754 2744 2041 2813 supplent.

364 2828 435 2881 Ex
462 2828 548 2881 his
577 2828 754 2898 igitur
782 2830 1208 2885 demonstratur
1234 2829 1588 2885 diatessaron
1616 2834 2045 2885 consonantiam

361 2933 477 2969 non
509 2933 629 2971 esse
654 2919 1047 2989 multiplicem.
1086 2922 1217 2973 Dico
1242 2929 1452 2992 gautem
1484 2920 1760 2991 quoniam
1794 2936 1898 2973 nec
1924 2920 2044 2973 dia-

362 3012 532 3075 pente
566 3009 940 3062 consonantia
966 3010 1023 3062 in
1053 3011 1357 3080 multiplici
1387 3025 1596 3080 genere
1630 3009 1840 3080 poterit
1870 3008 2042 3062 collo-

363 3096 496 3147 cari.
528 3096 667 3149 Nam
696 3096 743 3148 si
780 3107 802 3132 ε
830 3097 890 3150 in
919 3112 984 3152 eo
1008 3104 1308 3167 statuatur,
1344 3100 1618 3169 quoniam
1654 3102 1741 3151 est
1772 3098 1822 3150 ei
1855 3098 2047 3150 minor

363 3183 654 3248 continua,
696 3185 755 3237 id
786 3191 871 3238 est
899 3185 1272 3254 diatessaron,
1308 3204 1420 3259 non
1471 3187 1755 3240 locabitur
1782 3185 2049 3255 diapente

364 3270 421 3324 in
450 3270 692 3325 minimo
742 3273 1066 3343 multiplici,
1099 3276 1154 3329 id
1193 3281 1276 3329 est
1306 3275 1517 3345 duplici
1547 3276 1759 3328 scilicet
1790 3280 1855 3327 ut
1884 3275 1931 3327 si
1961 3274 2051 3327 lo-

364 3373 461 3410 cus
510 3374 625 3427 quo
659 3359 1014 3413 diatessaron
1065 3364 1438 3416 consonantia
1484 3362 1661 3432 possit
1706 3362 1910 3431 aptari.
1945 3361 2049 3415 Sed

366 3445 719 3500 diatessaron
749 3450 1121 3503 consonantia
1166 3451 1498 3520 multiplicis
1540 3451 1767 3520 generis
1797 3466 1911 3503 non
1944 3456 2047 3503 est.

366 3532 641 3595 Quocirca
673 3550 776 3588 nec
804 3535 1086 3605 diapente,
1120 3538 1183 3592 in
1213 3538 1430 3607 majore
1474 3538 1810 3591 habitudine
1859 3539 2051 3591 multi-

367 3621 530 3691 plicis
552 3638 725 3693 quam
759 3626 843 3677 est
869 3624 1043 3695 dupla
1073 3642 1203 3697 quin
1233 3627 1472 3680 minima
1499 3633 1601 3693 est,
1634 3628 1816 3698 aptari
1843 3632 2045 3696 potest.

368 3710 424 3763 Si
455 3711 632 3782 igitur
651 3713 918 3784 diapente
943 3714 1002 3768 in
1033 3716 1295 3783 minima,
1329 3716 1541 3770 scilicet
1563 3716 1754 3787 dupla,
1785 3716 2049 3770 diatessa-

366 3815 471 3853 ron
503 3817 657 3867 vero,
682 3819 808 3873 quae
844 3803 1033 3857 minor
1062 3811 1166 3869 est,
1186 3806 1243 3859 in
1272 3806 1576 3876 multiplici
1602 3806 1833 3877 quidem
1867 3806 2052 3875 aptari

366 3906 483 3943 non
514 3896 716 3960 potest.
752 3893 876 3946 Non
909 3899 992 3947 est
1018 3896 1169 3947 enim
1204 3896 1521 3965 quidquam
1554 3896 1744 3948 minus
1794 3911 1827 3948 a
1855 3911 1912 3948 se
1940 3895 2052 3948 du-

369 3978 525 4047 plici.
559 3979 642 4033 Sit
670 3980 849 4051 igitur
877 3984 1271 4053 sesquialtera,
1306 3992 1476 4038 tonus
1501 4002 1633 4039 vero
1665 3985 2051 4055 sesquitertia,

370 4068 429 4121 iu
455 4069 723 4123 continua
755 4070 907 4124 enim
939 4072 1312 4142 proportione
1344 4073 1638 4127 locabitur.
1671 4074 1777 4127 Sed
1809 4073 1920 4126 duo
1947 4089 2057 4125 ses-

369 4158 624 4227 quitertii
654 4160 962 4229 ampliores
994 4167 1126 4214 sunt
1156 4178 1272 4215 uno
1306 4162 1693 4232 sesquialtero.
1732 4164 1851 4215 Duo
1878 4163 2056 4228 igitur

368 4247 489 4299 toni
532 4262 706 4300 unam
765 4248 1115 4303 diatessaron
1148 4251 1576 4304 consonantiam
1618 4251 1865 4318 vincent,
1903 4252 2053 4321 quod

368 4335 528 4389 nulla
556 4334 777 4389 ratione
798 4336 1110 4407 continget.
1142 4339 1219 4391 Ex
1250 4338 1336 4392 his
1361 4339 1540 4409 igitur
1567 4339 1920 4410 approbatur
1937 4340 2053 4394 dia-
2092 4331 2135 4383 D

366 4430 537 4494 pente
589 4440 652 4478 ac
702 4424 1053 4480 diatessaron
1108 4429 1169 4480 in
1201 4427 1504 4497 multiplici
1537 4444 1745 4498 genere
1788 4429 2054 4482 collocari

367 4529 487 4567 non
515 4529 680 4584 posse
710 4530 723 4567 :
753 4515 1021 4585 quocirca
1040 4517 1100 4570 in
1122 4516 1629 4587 superparticulari
1648 4517 2054 4589 inasqualitatis

370 4617 577 4672 genere
606 4603 732 4672 jure
770 4610 1076 4673 ponentur.

1003 4731 1227 4786 CAPUT
1273 4730 1450 4784 XXIII.

440 4818 836 4871 Demonstratio
886 4818 1139 4887 diapente
1186 4824 1236 4871 et
1292 4819 1633 4872 diatessaron
1680 4821 1740 4872 in
1797 4822 2057 4873 maximis

756 4906 1348 4975 superparticularibus
1394 4908 1662 4960 collocari.

439 4992 585 5047 Illud
613 5008 843 5063 quoque
875 4995 1202 5049 addendum
1236 4996 1263 5037 d
1292 4996 1609 5048 necessario
1643 5000 1745 5063 est,
1785 4996 2055 5066 quoniam

369 5082 416 5137 si
446 5082 711 5153 diapente
742 5098 806 5135 ac
854 5083 1203 5139 diatessaron
1236 5085 1778 5155 superparticulares
1820 5102 2055 5155 propor-

370 5172 554 5226 tiones
580 5177 800 5238 tenent,
834 5172 905 5240 {in
958 5173 1222 5226 maximis
1269 5172 1883 5243 superparticularihus
1921 5190 2054 5243 pro-

371 5260 730 5330 portionibus
762 5261 1127 5315 collocantur.
1162 5261 1306 5315 Sunt
1334 5268 1525 5315 autem
1560 5263 1806 5315 maxime
1845 5263 2058 5333 sesqui-

371 5350 550 5403 altera
585 5355 641 5404 et
666 5350 1042 5420 sesquitertia.
1090 5351 1203 5403 Hoc
1251 5367 1383 5403 vero
1420 5360 1440 5385 ο
1490 5351 1899 5421 approbabitur
1952 5353 2059 5405 hoc

372 5439 565 5492 modo.
592 5440 734 5493 Nam
765 5440 813 5493 si
843 5440 903 5494 in
924 5439 1241 5493 minoribus
1264 5440 1730 5509 proportionibus
1752 5456 1925 5511 quam
1949 5456 2058 5493 ses-

1667 305 1785 359 AN.
1835 303 2055 359 MANL.
2104 303 2253 359 SEV.
2297 303 2533 360 BOETII

3718 308 3853 359 I‘Ztﬁ

1818 436 2040 490 sublato
2079 440 2123 492 A
2153 436 2435 507 quialtera
2450 438 2539 492 vel
2558 437 2922 509 sesquitertia
2941 438 3207 507 diapente
3233 453 3297 491 ac
3326 437 3683 491 diatessaron
3715 454 3847 492 con-

2154 527 2432 581 sonantia
2463 527 2831 593 collocentur,
2866 542 2983 579 non
3006 532 3090 580 est
3120 526 3358 580 dubium
3388 527 3525 597 quin
3554 526 3704 579 sicut
3726 528 3852 581 alia:

2155 616 2833 687 queelibetproportiones
2846 614 3394 686 superparticulares
3412 621 3622 684 praeter
3634 616 3850 685 sesqui-

2155 707 2392 759 alteram
2426 709 2483 759 et
2511 705 2937 776 sesquitertiam
2971 705 3189 773 juncta:
3221 719 3337 756 non
3381 702 3643 756 efﬁciunt
3673 717 3855 754 unum

2156 795 2419 865 duplum,
2453 794 2533 848 ita
2573 794 2841 864 diapente
2871 810 2935 847 ac
2964 792 3314 847 diatessaron
3346 808 3523 844 unum
3570 790 3852 860 diapason

2157 884 2316 937 nulla
2347 883 2568 937 ratione
2599 883 2966 937 concludunt.
2989 881 3269 945 Quoniam
3292 880 3448 933 enim
3482 879 3768 949 diapason
3793 880 3850 932 in

2156 971 2369 1042 duplici
2400 971 2766 1042 proportione
2788 987 2906 1023 esse
2931 974 3309 1023 monstratum
3335 974 3436 1033 est,
3461 968 3679 1037 duplex
3720 981 3851 1021 vero

2157 1063 2453 1132 proportio
2476 1076 2539 1113 ex
2559 1060 2934 1140 sesquialtero
2948 1058 3428 1129 sesquitertioque
3450 1058 3850 1127 componitur;

2158 1150 2431 1219 diapason
2463 1165 2597 1202 vero
2641 1164 2709 1202 ex
2747 1149 3101 1202 diatessaron
3132 1164 3196 1200 ac
3226 1147 3490 1217 diapente
3520 1146 3853 1215 copulatur,

2157 1255 2275 1292 non
2306 1244 2394 1292 est
2440 1238 2679 1292 dubium
2712 1238 2872 1308 quin,
2924 1239 2971 1290 si
3002 1241 3185 1290 totum
3232 1236 3503 1305 diapason
3548 1236 3611 1287 in
3643 1234 3855 1304 duplici

2158 1326 2176 1361 ί
2206 1330 2512 1391 statuatur,
2566 1325 2836 1395 diapente
2869 1329 2924 1377 et
2971 1325 3320 1378 diatessaron
3364 1322 3423 1375 in
3471 1321 3857 1390 sesquialtera

2159 1415 2637 1485 sesquitertiaque
2662 1413 3037 1484 proportione
3060 1413 3174 1466 sint
3192 1410 3468 1465 locandas.
3490 1409 3674 1463 Aliter
3703 1409 3857 1462 enim

2159 1521 2277 1559 non
2306 1509 2573 1575 poterunt
2605 1504 2883 1573 diapason
2918 1504 3130 1573 junctae
3154 1501 3446 1573 perﬁcere,
3482 1515 3619 1569 quae
3650 1515 3850 1552 conso-

2158 1594 2355 1649 nantia
2393 1593 2454 1646 in
2496 1593 2711 1663 duplici
2760 1593 3135 1663 proportione
3178 1590 3459 1655 consistit,
3507 1588 3620 1641 nisi
3667 1588 3729 1641 in
3772 1588 3857 1642 his

2160 1682 2381 1736 duabus
2410 1681 2880 1752 proportionibus
2908 1681 3170 1734 steterint
3217 1678 3591 1749 sesquialtera
3645 1676 3859 1729 scilicet

2156 1793 2219 1831 ac
2256 1776 2634 1846 sesquitertia.
2669 1777 2810 1830 Aliae
2846 1777 3001 1829 enim
3038 1773 3441 1845 proportiones
3492 1770 3855 1840 superparti-

2154 1866 2369 1920 sulares
2396 1873 2422 1908 ε
2454 1866 2602 1919 hanc
2634 1866 2793 1919 nulla
2831 1866 3053 1919 ratione
3087 1864 3453 1934 conjungent.

2342 2686 3689 2760 |__6_|_8__l_9:

2787 2783 3012 2837 CAPUT
3050 2783 3223 2837 XXIV.

2227 2873 2486 2939 Diapente
2519 2872 2576 2923 in
2607 2873 2982 2941 sesquialtera,
3040 2872 3383 2927 diatessaron
3412 2877 3472 2929 in
3505 2879 3846 2946 sesquitertia

2547 2974 2676 3024 esse,
2730 2965 2912 3013 tonum
2970 2964 3029 3013 in
3088 2965 3463 3029 sesquioctava

3202 2751 3413 2758 *-

3424 2751 3639 2758 ———

2086 3032 2127 3085 (ἶ
2232 3047 2363 3100 Dico
2397 3053 2587 3100 autem
2624 3049 2897 3117 quoniam
2928 3049 3158 3118 prOprie
3193 3050 3456 3121 diapente
3486 3053 3548 3107 in
3575 3054 3843 3125 sesquial-

2159 3140 2299 3201 tera,
2328 3141 2385 3189 et
2416 3136 2766 3190 diatessaron
2800 3137 2859 3190 in
2903 3138 3267 3208 sesquitertia
3300 3142 3675 3211 proportione
3712 3160 3844 3196 con-

2160 3225 2323 3280 sistit.
2374 3224 2657 3289 Quoniam
2709 3226 2861 3279 enim
2906 3226 3057 3280 inter
3105 3234 3375 3299 utrasque
3425 3234 3841 3301 pr0portiones.

2160 3314 2591 3385 sesquialteram
2632 3314 2845 3368 scilicet
2889 3322 2946 3369 et
2980 3317 3423 3387 sesquitertiam,
3476 3322 3847 3391 sesquialtera

2160 3408 2245 3456 est
2275 3403 2459 3473 major
2487 3407 2543 3455 et
2569 3403 2929 3473 sesquitertia
2962 3404 3167 3468 minor,
3203 3407 3596 3478 quoniamque
3628 3410 3690 3463 in
3721 3426 3846 3463 con-

2161 3491 2439 3545 sonantiis
2468 3492 2735 3562 diapente
2768 3492 2949 3561 major
2982 3493 3337 3549 diatessaron
3368 3498 3577 3564 minor,
3614 3506 3851 3569 apparet

2161 3582 2435 3651 majorem
2478 3581 2909 3651 proportionem
2950 3582 3173 3652 majori,
3230 3590 3287 3637 et
3319 3585 3600 3640 minorem
3646 3588 3847 3641 minori

2161 3687 2278 3723 esse
2309 3669 2699 3723 consonantiae
2747 3679 2772 3713 ε
2802 3670 3135 3739 aptandum.
3196 3673 3314 3726 Erit
3357 3673 3538 3744 igitur
3585 3675 3851 3746 diapente

2160 3760 2392 3829 quidem
2412 3760 2468 3811 in
2484 3759 2877 3828 sesquialtera,
2894 3759 3244 3813 diatessaron
3258 3777 3391 3815 vero
3405 3763 3461 3815 in
3480 3767 3851 3834 prOportione

2162 3848 2526 3918 sesquitertia
2575 3848 2923 3902 collocanda.
2969 3848 3130 3912 Quod
3176 3850 3223 3902 si
3278 3850 3631 3907 diatessaron
3660 3870 3695 3906 a
3728 3854 3850 3907 dia-

2162 3942 2333 4008 pente
2369 3936 2800 3989 consonantiam
2850 3936 3271 4005 subtrahamus,
3325 3940 3678 4012 relinquitur
3724 3960 3851 4012 spa-

2162 4027 2329 4092 tium,
2362 4025 2515 4096 quod
2545 4025 2752 4079 dicitur
2785 4031 2974 4078 tonus.
3008 4026 3447 4096 Sesquitertium
3480 4047 3614 4083 vero
3648 4031 3695 4083 si
3726 4047 3852 4101 pro-

2165 4116 2411 4187 portioni
2443 4114 2833 4184 sesquialteraa
2864 4114 3218 4181 minuamus,
3250 4118 3601 4188 relinquitur
3632 4121 3847 4189 sesqui-

2166 4210 2361 4258 octava
2387 4202 2700 4272 proportio.
2744 4202 2865 4265 Quo
2910 4203 2975 4256 tit
3018 4208 3080 4256 ut
3126 4208 3295 4257 tonus
3350 4206 3411 4259 in
3460 4208 3853 4276 sesquioctava

2169 4293 2414 4359 debeatj
2449 4292 2672 4345 ratione
2706 4290 2997 4344 constitui.

2804 4380 3030 4433 CAPUT
3067 4382 3213 4436 XXV.

2251 4473 2533 4537 Diapason
2558 4483 2621 4522 ac
2669 4468 2922 4537 diapente
2994 4470 3053 4521 in
3106 4472 3277 4539 tripla
3319 4476 3670 4541 proportione
3725 4490 3851 4537 esse.

2591 4548 2668 4601 bis
2700 4549 2967 4618 diapason
3014 4554 3073 4603 in
3123 4551 3458 4620 quadruplo.

2236 4639 2343 4693 Sed
2377 4638 2651 4708 quoniam
2689 4638 3143 4693 demonstratum
3174 4647 3258 4693 est
3293 4640 3566 4710 diapason
3624 4643 3854 4712 quidem

2166 4729 2422 4798 duplam,
2459 4728 2728 4799 diapente
2758 4745 2892 4782 vero
2926 4728 3384 4799 sesquialteram.
3429 4735 3665 4798 junctas
3724 4748 3855 4784 vero

2166 4818 2399 4889 duplam
2419 4834 2483 4871 ac
2509 4818 2939 4888 sesquialteram
2960 4818 3246 4888 triplicem
3269 4820 3710 4889 proportionem
3734 4837 3858 4890 pro-

2167 4923 2376 4973 creare,
2402 4923 2467 4960 ex
2496 4906 2583 4959 his
2610 4906 2639 4940 κ
2658 4906 2833 4959 etiam
2855 4912 3091 4977 apparet
3114 4907 3383 4977 diapente
3403 4924 3467 4961 ac
3484 4908 3767 4977 diapason
3794 4910 3850 4962 in

2166 4996 2376 5066 triplici
2406 4995 2781 5065 proportione
2802 4996 3088 5048 constitui.
3114 4995 3219 5049 Sed
3251 4996 3299 5048 si
3329 4997 3458 5066 quis
3487 4997 3701 5065 triplici
3733 5014 3856 5068 pro.

2167 5083 2417 5155 portioni
2447 5084 2865 5152 sesquitertiam
2898 5083 3297 5137 habitudinem
3337 5084 3565 5154 jungat,
3596 5086 3855 5155 quadru-

2169 5175 2317 5243 plam
2352 5171 2500 5227 facit.
2539 5172 2718 5241 Igitur
2763 5172 2807 5224 si
2840 5173 3106 5242 diapente
3137 5189 3199 5225 ac
3232 5172 3507 5242 diapason
3534 5189 3852 5227 consonan-

2170 5264 2261 5315 tiis
2292 5263 2645 5315 diatessaron
2673 5260 3015 5331 symphonia
3038 5260 3332 5329 jungatur,
3359 5261 3425 5314 tit
3466 5262 3852 5332 quadruplum

2170 5351 2417 5421 spatium
2454 5366 2678 5413 vocum,
2711 5351 2864 5419 quod
2894 5349 2983 5403 bis
3014 5350 3288 5420 diapason
3314 5366 3488 5420 supra
3535 5366 3657 5404 esse
3692 5367 3847 5404 mon—

2168 5439 2492 5506 stravimus,

442 5567 835 5643 fSizblatoque.
867 5572 893 5643 ξ)
920 5570 1261 5643 Praescribat.
1294 5571 1413 5643 {In
1442 5584 1497 5623 eo
1553 5586 1740 5636 genere
1768 5574 2056 5643 statuitur.
2103 5572 2130 5614 ἀ
2155 5574 2541 5629 Necessarium.
2593 5580 2614 5606 θ
2647 5572 3025 5643 Approbatur.
3079 5572 3098 5607 τ
3128 5574 3461 5628 Statuamus.
3500 5585 3528 5625 ιτ
3558 5574 3846 5640 Duplicrm.

369 5637 397 5679 ιλ
423 5638 761 5706 Aptandam.
805 5640 818 5675 ί
851 5640 1234 5694 Consonantia.
1265 5656 1277 5706 j
1312 5640 1719 5708 Comparatione
1768 5638 1795 5676 ι
1819 5644 1886 5695 Et
1904 5643 2064 5695 illud.
