4104 6176
277 232 412 285 1217

900 367 1125 423 CAPUT
1152 368 1325 422 XXVI.

344 458 696 511 Diatessaron
764 473 826 511 ac
894 458 1164 526 diapason
1227 472 1333 510 non
1380 472 1491 510 esse
1558 458 1966 511 consonantiam

754 529 1047 582 secundum
1070 529 1479 597 Pythagoricos.

341 633 449 687 Sed
498 633 559 686 in
608 634 697 687 his
744 633 889 688 illud
933 634 1179 704 diligens
1223 635 1398 688 lector
1454 638 1748 704 agnoscat,
1814 632 1965 702 quod

270 722 659 775 consonantim
708 724 1093 777 consonantiis
1138 722 1449 794 supposita:
1499 722 1640 775 alias
1684 721 1964 791 quasdam

268 819 293 842 δ
322 815 702 865 consonantes
724 812 992 865 efﬁciant.
1026 815 1169 866 Nam
1216 813 1485 881 diapente
1510 827 1573 864 ac
1610 811 1963 864 diatessaron

260 906 497 965 junctae,
531 901 810 971 diapason
837 901 927 970 (ut
951 903 1166 957 dictum
1207 900 1311 970 est)
1345 905 1574 964 creant;
1624 898 1760 952 huic
1804 914 1961 962 vero,

267 989 326 1042 id
369 994 453 1042 est
482 990 778 1060 diapason,
808 1007 1005 1045 rursus
1036 991 1083 1044 si
1116 991 1388 1060 diapente
1438 987 1783 1059 symphonia
1824 986 1963 1055 jun-

269 1083 455 1147 gatur,
504 1079 569 1132 ﬁt
615 1080 1011 1145 consonantia,
1057 1097 1183 1151 quae
1236 1096 1305 1132 ex
1355 1078 1616 1148 utrisque
1668 1075 1961 1129 vocabulis

270 1171 661 1236 nuncupatur,
687 1169 965 1239 diapason
988 1168 1201 1222 scilicet
1221 1183 1285 1220 ac
1306 1166 1594 1237 diapente.
1627 1163 1733 1217 Cui
1764 1163 1811 1216 si
1839 1163 1961 1217 dia-

269 1260 530 1309 tessaron
556 1256 818 1323 addatur,
848 1257 911 1311 ﬁt
939 1257 1027 1310 bis
1071 1257 1371 1327 diapason,
1400 1271 1530 1326 quae
1576 1252 1960 1324 quadruplam

268 1344 708 1415 proportionem
762 1351 939 1400 tenet.
982 1346 1130 1410 Quid
1179 1345 1361 1416 igitur
1412 1344 1458 1398 si
1497 1342 1853 1398 diatessaron
1896 1358 1960 1394 ac

267 1434 547 1503 diapason
577 1435 1323 1506 consonantiasjungamus,
1345 1434 1603 1487 ullamne
1642 1430 1959 1485 secundum

269 1523 673 1593 Pythagoricos
726 1524 975 1578 efﬁcient
1014 1522 1490 1579 consonantiam?
1540 1520 1791 1576 Minime.
1838 1520 1961 1573 Mox

266 1611 425 1665 enim
458 1612 519 1665 in
548 1615 975 1683 superpartiens
998 1612 1407 1684 inaequalitatis
1434 1626 1617 1681 genus
1651 1608 1821 1673 cadit,
1855 1624 1960 1661 nec

264 1706 456 1755 servat
480 1702 569 1756 vel
603 1702 1045 1773 multiplicitatis
1080 1703 1362 1769 ordinem,
1399 1701 1490 1755 vel
1526 1697 1960 1769 superparticu-

266 1789 512 1843 Iaritatis
542 1792 988 1861 simplicitatem.
1020 1795 1139 1863 Age
1170 1792 1326 1845 enim
1359 1792 1684 1844 statuantur
1731 1784 1960 1839 numeri

268 1877 477 1947 quibus
505 1879 563 1932 id
594 1879 817 1934 facilius
865 1882 1251 1952 approbemus
1282 1896 1294 1933 :
1349 1879 1422 1932 sit
1454 1877 1609 1931 enim
1650 1873 1959 1940 ternarius,

266 1967 432 2036 cujus
461 1967 534 2021 sit
561 1970 841 2035 senarius,
870 1970 1085 2039 duplus
1119 1968 1355 2036 scilicet,
1408 1966 1470 2020 in
1511 1965 1788 2033 diapason
1833 1978 1963 2031 pro-

264 2056 529 2124 portione
560 2058 892 2113 cousistens.
927 2059 1067 2112 Huic
1111 2063 1339 2129 aptetur
1385 2052 1749 2149 sesquitertia
1788 2066 1964 2149 quam

266 2143 622 2200 diatessaron
654 2164 775 2201 esse
805 2148 1194 2218 prmdiximus,
1229 2151 1294 2201 ut
1325 2143 1673 2199 octonarius.
1723 2142 1773 2193 Is
1809 2142 1965 2238 enim

268 2232 341 2286 ad
387 2235 678 2289 senarium
736 2236 1089 2291 diatessaron
1140 2233 1578 2307 proportionem
1638 2234 1818 2296 tenet,
1864 2232 1966 2298 qui

270 2322 596 2376 octonarius
641 2324 714 2377 ad
744 2325 1060 2379 ternarium
1085 2326 1449 2394 comparatus
1495 2319 1668 2374 habet
1699 2333 1830 2371 eum
1855 2316 1960 2369 bis.

266 2408 375 2462 Sed
410 2425 483 2464 ne
513 2411 586 2464 sit
604 2412 923 2483 multiplex,
949 2413 1315 2467 habetetiam
1342 2412 1465 2482 ejus
1495 2410 1713 2479 aliquas
1750 2410 1961 2503 partes,

267 2513 456 2567 neque
488 2515 582 2553 eas
614 2500 919 2572 simplices.
960 2503 1191 2557 Duabus
1241 2502 1395 2555 enim
1446 2514 1580 2552 eum
1628 2499 1965 2565 supervenit

269 2586 607 2654 unitatibus,
626 2606 753 2659 qum
777 2595 909 2644 sunt
934 2608 1063 2662 quae
1086 2591 1270 2644 tertiae
1292 2593 1482 2660 partes
1505 2584 1767 2679 ternarii,

264 2673 520 2743 primum
553 2678 866 2732 terminum
897 2680 1323 2749 minimumque
1347 2678 1623 2731 locamus.
1652 2673 1775 2727 Sint
1800 2673 1825 2713 ι)
1854 2673 1965 2740 igi-

264 2768 358 2816 tur
385 2764 622 2819 termini
651 2767 733 2833 hi,
766 2770 821 2837 3,
853 2771 905 2837 6,
940 2772 992 2823 8.

622 2900 896 2965 Multiplex
924 2902 1375 2965 superbipartiens
1399 2899 1598 2950 tertias.

913 3228 1151 3348 ΐοθᾶτοη
1162 3232 1312 3349 ⁸ὡθό
1325 3280 1360 3302 ν

1015 3351 1232 3402 nwha.’

838 3110 1151 3226 pratia/cn
1176 3123 1406 3198 οιῖσΠῗα-

913 3228 1151 3348 ΐοθᾶτοη
1162 3232 1312 3349 ⁸ὡθό
1325 3280 1360 3302 ν

1015 3351 1232 3402 nwha.’

404 3497 418 3616 ξ
570 3516 597 3570 ³
870 3492 1217 3579 *7"
1388 3496 1881 3620 -I.

690 3661 1012 3766 Ὡᾷξιριιβηι
1198 3659 1603 3766 Βίαΐείίιιγοληί

702 3769 1049 3855 colo/immitia.-
1209 3768 1576 3880 can/amnti“.
1652 3796 1659 3831 ί

761 4017 933 4081 Dupla

1219 4016 1564 4081 Sesquitertia

262 4129 413 4186 Illud
429 4143 657 4198 quoque
674 4126 825 4195 quod
841 4125 994 4179 inter
1021 4125 1161 4179 duas
1181 4124 1289 4178 sibi
1318 4126 1622 4179 continuas
1639 4142 1963 4181 consonan-

262 4219 372 4271 tias
403 4216 574 4281 cadit,
609 4214 822 4269 etenim
865 4230 1054 4283 neque
1102 4214 1345 4284 duplum
1395 4220 1481 4267 est
1526 4214 1841 4285 integrum,
1898 4221 1961 4269 ut
1999 4237 2041 4289 D

260 4306 537 4375 diapason
580 4302 1013 4357 consonantiam
1064 4302 1289 4371 prodat,
1338 4318 1525 4373 neque
1576 4304 1836 4373 triplum,
1896 4310 1959 4359 ut

260 4395 539 4465 diapason
569 4410 632 4447 ac
670 4392 939 4461 diapente
955 4390 1161 4445 efﬁciat
1190 4392 1615 4461 symphoniam.
1648 4393 1753 4447 Cui
1784 4393 1830 4446 si
1875 4399 1959 4447 to-

263 4502 375 4539 nus
410 4483 675 4545 addatur,
706 4497 839 4534 mox
860 4480 1097 4549 triplum
1129 4480 1364 4533 modum
1404 4481 1793 4550 proportionis
1833 4482 1954 4536 efﬁ-

263 4574 396 4626 ciet.
429 4572 709 4634 Quoniam
737 4569 890 4623 enim
914 4568 1188 4637 diapason
1214 4584 1276 4621 ac
1306 4567 1572 4638 diapente
1604 4579 1624 4603 °
1662 4570 1771 4623 sibi
1808 4570 1955 4640 jun-

260 4668 363 4717 ctae
392 4660 649 4715 efﬁciunt
678 4659 934 4728 triplum,
969 4657 1318 4711 diatessaron
1349 4673 1483 4711 vero
1524 4662 1579 4712 et
1618 4664 1789 4713 tonus
1832 4659 1953 4713 dia-

254 4756 435 4821 pente
476 4748 913 4802 consonantiam
957 4747 1231 4816 jungunt,
1284 4746 1332 4799 si
1364 4746 1643 4816 diapason
1692 4750 1717 4791 d
1754 4764 1952 4801 conso-

254 4839 455 4893 nantia
488 4837 731 4891 addatur
761 4837 1133 4901 diatessaron,
1158 4835 1537 4888 inconsonum
1562 4836 1644 4902 ﬁt,
1672 4838 1947 4906 quoniam

250 4929 405 4981 inter
437 4925 725 4996 duplicem
763 4941 823 4977 ac
847 4924 1131 4993 triplicem
1181 4924 1339 4977 nulla
1383 4928 1575 4994 potest
1613 4925 1952 4979 naturaliter

250 5018 552 5088 proportio
584 5014 1024 5083 multiplicitatis
1059 5012 1323 5081 intelligi.
1356 5012 1517 5075 Quod
1558 5013 1605 5066 si
1654 5014 1707 5067 ei
1749 5014 1952 5083 adjicio

250 5112 481 5165 tonum,
529 5117 552 5145 ο
599 5104 664 5156 ﬁt
708 5102 1004 5171 diapason,
1056 5101 1427 5166 diatessaron,
1466 5108 1523 5155 et
1562 5106 1754 5169 tonus,
1798 5104 1951 5172 quod

252 5194 403 5249 nihil
431 5191 664 5247 distabit
698 5197 891 5245 utrum
937 5191 1210 5261 diapason
1261 5206 1324 5243 ac
1362 5190 1628 5259 diapente
1670 5191 1761 5245 sit.
1816 5192 1951 5245 Dia-

253 5291 517 5338 tessaron
557 5280 713 5334 enim
757 5284 813 5333 et
843 5284 1014 5332 tonus
1058 5280 1329 5348 diapente
1380 5279 1753 5332 constituunt.
1796 5277 1816 5315 ῖ
1867 5280 1953 5334 Sit

254 5373 417 5426 enim
463 5370 737 5439 diapason
787 5367 1021 5439 quidem
1067 5370 1097 5421 3
1133 5373 1190 5421 et
1215 5370 1277 5433 6;
1332 5366 1686 5422 diatessaron
1727 5371 1757 5421 6
1792 5374 1847 5421 et
1878 5371 1945 5435 8;

254 5464 429 5513 tonus
458 5460 491 5511 8
522 5461 577 5511 et
604 5458 666 5521 6;
718 5455 983 5525 diapente
1013 5459 1044 5511 6
1073 5461 1129 5509 et
1159 5458 1220 5519 6;
1271 5455 1551 5525 diapason
1571 5472 1635 5510 ac
1680 5456 1949 5527 diapente

1680 233 1770 286 DE
1810 232 2069 289 MUSICA
2109 234 2237 289 LIB.
2281 237 2357 291 Il.

3633 250 3765 303 1218

2002 372 2049 424 Α
2078 371 2108 422 3
2133 385 2195 423 ac
2224 372 2255 423 9
2287 386 2300 423 :
2337 369 2443 424 erit
2464 370 2643 440 igitur
2674 371 2751 426 sic
2779 373 2953 443 tripla
2977 376 3271 447 proportio
3314 381 3366 446 3,
3400 383 3453 445 6,
3482 384 3533 448 8,
3570 386 3621 437 9.
3658 384 3767 438 Sed

2074 474 2405 529 quanquam
2434 460 2503 513 de
2524 460 2613 513 his
2646 461 2825 515 multa
2858 463 3252 532 Nicomachus,
3287 484 3390 521 nos
3424 474 3616 525 tamen
3646 489 3763 543 qua

2072 547 2363 616 potuimus
2407 548 2681 602 brevitate
2733 552 2944 620 partim
2975 570 3040 606 ea
3079 554 3202 624 ipsa
3230 572 3359 626 quae.
3405 560 3763 631 Pythagorici

2074 636 2365 691 afﬁrmant
2381 644 2736 707 promentes,
2770 642 2985 709 partim
3018 659 3086 697 ex
3104 644 3321 699 eisdem
3351 648 3614 717 quaedam
3638 667 3768 705 con-

2072 727 2373 795 sequentia
2394 732 2878 796 argumentantes,
2909 732 3296 800 probavimus,
3330 736 3377 788 si
3408 736 3761 794 diatessaron

2073 815 2458 870 consonantia:
2490 815 2766 885 diapason
2787 818 3051 885 addatur,
3077 825 3513 879 consonantiam
3564 843 3631 881 ex
3678 829 3764 883 his

2072 904 2349 973 conjungi
2394 920 2511 956 non
2540 919 2725 972 posse.
2777 905 2922 968 Quid
2944 924 3074 961 vero
3122 910 3328 965 sentiat
3370 913 3439 967 de
3470 915 3559 969 his
3583 918 3763 971 Ptole-

2072 1009 2270 1059 maeus,
2303 992 2587 1062 posterius
2604 1009 2911 1062 apponam.
2933 998 3042 1051 Sed
3074 1000 3144 1053 de
3192 1000 3283 1055 his
3305 1002 3411 1057 hac
3429 1009 3761 1062 tenusnunc

2071 1082 2139 1135 de
2171 1081 2488 1136 semitouiis
2518 1082 2999 1139 considerandum
3035 1093 3141 1154 est,

2410 1211 2795 1415 ,κί’
2879 1204 3344 1445 “Eas

2332 1418 2408 1511 ί
2618 1587 2625 1592 .

2349 1590 2473 1664 ’5
2612 1692 2685 1701 κ
2724 1611 2787 1682 6
3048 1628 3085 1700 8
3296 1649 3461 1720 '19:

2416 1708 2699 1809 ΞίθῬίιΓ
2792 1740 3025 1825 Βίαῒρβ
3158 1751 3360 1815 Tomis

2466 1799 2659 1897 δυΡΙα
2792 1842 3015 1927 ερεςῖρι·
3132 1794 3475 2014 Sesqodtj

2648 2200 2879 2257 CAPUT
2930 2205 3134 2262 XXVII.

2147 2281 2226 2335 De
2244 2287 2528 2339 semitanio
2550 2289 2610 2341 in
2638 2290 2836 2358 quibus
2866 2298 3107 2350 minimis
3137 2301 3377 2355 numeris
3410 2306 3629 2357 constet.

2144 2389 2422 2445 Videntur
2448 2396 2601 2447 enim
2621 2399 2927 2453 semitonia
2940 2412 3291 2473 nuncupata,
3319 2423 3437 2461 non
3455 2410 3608 2479 quod
3627 2424 3760 2465 vere

2073 2480 2347 2533 tonorum
2377 2482 2490 2535 sint
2537 2487 2891 2555 medietates,
2936 2491 3036 2545 sed
3070 2496 3220 2564 quod
3271 2496 3385 2549 sint
3411 2514 3526 2551 non
3548 2498 3759 2569 integri

2075 2567 2215 2620 toni.
2249 2569 2543 2642 Hujusque
2574 2575 2743 2643 spatii
2776 2580 2928 2648 quod
2958 2596 3110 2634 nunc
3129 2584 3360 2651 quidem
3390 2586 3761 2641 semitonium

2073 2672 2499 2728 nuncupamus,
2530 2665 2680 2733 apud
2713 2668 3070 2737 antiquiores
3103 2678 3294 2726 autem
3318 2673 3515 2728 limma
3546 2676 3763 2731 veldie-

2074 2744 2149 2797 sis
2177 2748 2506 2818 vocabatur,
2537 2752 2631 2805 hic
2671 2756 2877 2808 modus
2910 2764 3013 2811 est.
3064 2759 3207 2814 Cum
3248 2762 3401 2816 enim
3433 2780 3494 2817 ex
3540 2766 3760 2835 sesqui-

2073 2834 2240 2887 tertia
2268 2839 2642 2907 proportione
2674 2858 2799 2911 quae
2847 2843 3200 2901 diatessaron
3232 2853 3334 2917 est,
3375 2850 3500 2904 duae
3543 2834 3760 2923 sesqui-

2000 2926 2287 2997 Coctavae
2348 2925 2734 2994 habitudines,
2793 2948 2921 3001 quae
2980 2935 3104 2988 toni
3185 2943 3338 3005 sunt,
3400 2940 3759 3011 auferuntur,

2076 3011 2423 3083 relinquitur
2462 3017 2708 3085 spatium
2755 3022 2909 3090 quod
2954 3024 3321 3079 semitonium
3368 3035 3756 3099 nuncupatur.

2074 3100 2407 3163 Quaeramus
2450 3103 2628 3174 igitur
2666 3107 2809 3161 duos
2855 3113 3019 3164 tonos
3078 3114 3351 3168 continua
3381 3116 3759 3186 dispositione

2074 3188 2405 3260 descriptos.
2435 3193 2564 3257 Sed,
2600 3195 2877 3264 quoniam
2899 3198 2961 3252 hi
2990 3199 3076 3269 (ut
3104 3202 3340 3268 idictum
3391 3204 3495 3274 est)
3541 3207 3598 3259 in
3641 3224 3757 3260 ses-

2074 3277 2374 3346 quioctava
2399 3282 2764 3351 proportione
2782 3286 3120 3353 consistunt,
3137 3290 3757 3363 duasquesesquiocta-

2074 3382 2169 3419 vas
2210 3371 2613 3437 proportiones
2642 3374 2942 3429 continuas
2981 3378 3255 3433 adhibere
3298 3396 3414 3434 non
3452 3398 3757 3452 possumus

2074 3454 2186 3507 nisi
2243 3457 2682 3527 multiplexille,
2745 3479 2921 3533 aquo
2987 3474 3012 3508 ε
3063 3467 3149 3521 hae
3211 3468 3456 3523 derivari
3515 3472 3759 3542 possint,

2073 3545 2416 3615 reperiatur,
2450 3547 2521 3602 sit
2560 3550 2746 3603 unitas
2779 3552 3015 3621 primah
3046 3556 3212 3625 eique
3244 3559 3570 3613 octonarius
3600 3567 3760 3615 octu-

2073 3635 2203 3702 plus
2226 3635 2467 3704 primus.
2500 3638 2583 3691 Ad
2616 3638 2721 3691 hoc
2750 3639 2926 3709 igitur
2964 3659 3145 3699 unum
3179 3648 3639 3717 sesquioctavum
3662 3666 3761 3720 po-

2075 3727 2197 3776 tero
2237 3724 2514 3778 derivare.
2574 3726 2683 3780 Sed
2706 3728 2841 3797 quia
2870 3731 3014 3785 duos
3040 3736 3375 3803 quaerimus,
3415 3737 3555 3792 ﬁent
3585 3740 3761 3794 octies

2076 3817 2221 3877 octo,
2247 3819 2418 3882 atque
2441 3830 2505 3867 ex
2534 3831 2598 3867 eo
2629 3818 2695 3869 64
2725 3818 3104 3886 explicentur.
3130 3824 3246 3877 Erit
3267 3824 3445 3894 igitur
3475 3829 3759 3882 secundus

2075 3901 2334 3969 octuplus
2362 3918 2392 3953 a
2413 3918 2525 3971 quo
2556 3919 2859 3972 possumus
2892 3908 3033 3962 duas
3074 3913 3491 3982 sesquioctavas
3521 3932 3761 3987 propor-

2074 3988 2259 4041 tiones
2286 3989 2545 4043 educere.
2577 3992 2835 4062 Namque
2877 4002 3002 4049 octo
3025 4014 3151 4067 quae
3185 4006 3271 4053 est
3313 4008 3509 4056 octava
3535 4021 3665 4073 pars
3692 4007 3759 4059 64

2076 4077 2363 4131 unitatum
2379 4078 2592 4131 eisdem
2608 4079 2788 4133 additi
2811 4086 2989 4137 totam
3012 4103 3297 4140 summam
3325 4094 3390 4141 7'2
3422 4092 3757 4159 perﬁciunt;

2074 4165 2161 4218 his
2192 4182 2323 4219 vero
2371 4166 2416 4218 si
2448 4182 2548 4219 sua
2593 4174 2788 4222 octava
2817 4169 3084 4226 similiter
3114 4181 3459 4245 opponatur,
3492 4195 3621 4249 qua:
3674 4185 3761 4235 est

2075 4255 2441 4323 novenarius,
2482 4259 2541 4309 8i
2590 4256 2857 4311 reddunt.
2921 4262 3215 4333 Erantque
3267 4265 3380 4319 duo
3422 4269 3541 4320 toni
3581 4270 3761 4323 conti-

2066 4341 2163 4394 nui
2196 4341 2497 4411 principali
2521 4342 2895 4412 dispositione
2930 4351 3234 4420 conscripti
3266 4354 3354 4417 ϐε,
3388 4356 3477 4417 7:2,
3514 4358 3601 4409 81.

2081 4523 2469 4531 .__——.—

3064 4465 3073 4525 I
3227 4472 3282 4520 81
3474 4472 3483 4529 l

2512 4692 2544 4717 ”
2656 4713 2688 4743 9

2064 4839 2224 4891 Nunc
2255 4838 2432 4907 igitur
2462 4841 2529 4895 64
2554 4843 2845 4898 unitatum
2870 4842 3300 4914 sesquitertium
3324 4842 3756 4914 conquiramus.

2062 4927 2164 4979 Sed
2194 4928 2467 4997 quoniam
2495 4931 2563 4982 64
2601 4932 2923 5000 probantur
2966 4938 3191 5000 partem
3224 4931 3454 4985 tertiam
3494 4949 3611 4987 non
3658 4934 3755 4988 ha-

2063 5016 2216 5078 bere,
2275 5016 2316 5067 si
2361 5033 2564 5070 omnes
2607 5019 2667 5072 hi
2695 5020 2922 5073 numeri
2974 5019 3228 5073 ternario
3272 5020 3755 5090 multiplicentur,

2064 5122 2193 5157 mox
2230 5103 2312 5158 eis
2361 5123 2491 5175 pars
2541 5107 2711 5160 tertia
2761 5108 3065 5179 contingit,
3114 5112 3171 5161 et
3209 5125 3408 5184 omnes
3456 5109 3517 5162 in
3558 5110 3753 5162 eadem

2063 5192 2433 5263 proportione
2465 5193 2777 5259 durabunt,
2812 5196 2870 5249 in
2921 5213 3033 5267 qua
3062 5196 3296 5249 fuerunt
3323 5206 3632 5265 antequam
3664 5196 3755 5249 his

2059 5281 2342 5334 tcrnarius
2375 5281 2790 5351 multiplicatur
2814 5286 3136 5350 accederet;
3171 5284 3313 5339 ﬁant
3348 5284 3525 5353 igitur
3552 5289 3637 5336 ter
3663 5286 3750 5346 64,

2060 5370 2115 5422 id
2150 5375 2235 5423 est
2256 5371 2373 5435 192,
2398 5370 2603 5423 horum
2623 5372 2795 5425 tertia
2826 5375 2894 5427 64
2921 5374 3137 5427 eisdem
3169 5372 3364 5425 addita
3391 5374 3495 5426 256
3531 5371 3751 5441 reddet,

2060 5458 2178 5511 Erit
2225 5458 2403 5528 igitur
2448 5459 2572 5513 haec
2638 5461 3002 5533 sesquitertia
3052 5459 3350 5531 proportio
3399 5458 3757 5515 diatessaron

332 5598 358 5624 ⁸
384 5588 774 5645 Consonantias
798 5588 823 5629 ὓ
847 5588 1009 5654 Ergo.
1044 5594 1065 5621 °
1086 5585 1327 5641 Sibimet.
1361 5588 1386 5631 ἀ
1408 5586 1798 5643 Consonantiz.
1840 5596 1864 5624 ο
1881 5585 2025 5642 Fiet.
2050 5583 2071 5622 τ
2098 5586 2245 5641 Sint.
2277 5596 2303 5631 ε
2331 5589 2473 5643 Haec.
2508 5590 2536 5632 ιι
2564 5589 2821 5658 Ejusque.
