4104 6176
380 253 515 305 1219

1697 249 1806 302 ΑΝ.
1849 247 2056 301 MANL.
2102 246 2256 303 SEV.
2310 247 2535 303 BOETII

3735 254 3749 299 1
3762 250 3861 299 220

373 380 802 435 consonantiam
824 385 1040 435 tenens.
1072 383 1235 437 Nunc
1268 381 1447 453 igitur
1469 397 1610 452 quas
1642 380 2064 452 sesquioctavas
2100 381 2149 435 Α
2173 379 2487 450 superﬂuat
2534 395 2598 433 ac
2643 379 3002 451 supervadat,
3044 379 3177 451 plus
3206 384 3295 434 est
3338 383 3500 450 parte
3558 378 3816 435 dimidia.
3843 390 3864 415 ⁶

374 470 775 541 proportiones
819 469 891 523 ad
938 471 1038 523 l92
1092 470 1317 525 duobus
1384 470 1640 525 numeris
1706 469 2065 524 continentes

374 565 496 613 rato
513 558 711 612 ordine
731 557 1107 626 collocemus;
1138 559 1280 613 ﬁant
1303 560 1483 630 igitur
1512 565 1598 614 ter
1619 562 1707 625 7'2,
1731 558 1789 613 id
1816 564 1901 612 est
1931 558 2057 610 216.

377 648 588 702 Rursus
618 651 706 700 ter
743 649 831 714 81,
883 646 985 717 qui
1018 654 1153 702 sunt
1192 650 1318 717 243,
1352 649 1453 720 qui
1495 649 1647 703 inter
1692 648 1832 702 duos
1890 662 2064 717 supra

375 736 614 807 scriptos
655 736 931 790 terminos
971 737 1322 793 collocentur
1364 740 1470 793 hoc
1510 738 1680 793 modo
1712 753 1726 791 :
1773 738 1895 803 192,
1933 738 2061 802 216,

375 826 640 892 243,256.

363 1210 1622 1284 ’”"'A_I"192’“I‘216ijj”f243j*18;256
1674 1202 1867 1275 ”1”“”

1073 1298 1361 1339 iatessaron
1372 1322 1389 1339 ο

1874 1196 2062 1205 ...μ-..α

361 1270 2061 1339 --4—————————uuuauﬁmT-———““““‘“’

360 1401 425 1454 In
453 1401 560 1455 hac
591 1399 965 1470 dispositione
992 1398 1460 1469 proportionnm,
1503 1395 1728 1466 primus
1778 1406 2056 1447 numerus

362 1488 435 1542 ad
463 1491 819 1559 postremum
868 1486 1223 1539 diatessaron
1254 1482 1552 1538 constituit
1591 1479 2049 1537 consonantiam.

361 1576 519 1631 Idem
549 1591 684 1631 vero
715 1574 938 1646 primus
961 1574 1029 1627 ad
1064 1573 1401 1640 secundum,
1434 1577 1492 1626 et
1523 1570 1803 1625 secundus
1836 1568 1907 1623 ad
1944 1573 2056 1622 ter-

361 1673 508 1728 tium
534 1672 797 1745 geminos
818 1681 843 1706 ι
871 1670 1229 1725 constituunt
1259 1674 1449 1723 tonos.
1476 1668 1706 1724 Constat
1734 1667 1912 1738 igitur
1934 1681 2057 1736 spa—
2096 1665 2136 1719 Β

360 1759 507 1815 tium
529 1760 682 1830 quod
712 1756 1064 1829 relinquitur
1109 1773 1177 1810 ex
1201 1758 1306 1811 243
1352 1757 1423 1811 ad
1454 1759 1579 1825 256,
1615 1755 1677 1811 in
1706 1754 1917 1828 quibus
1950 1751 2053 1807 mi-

359 1847 502 1902 nimi
533 1846 825 1903 semitonii
852 1847 1038 1903 forma
1068 1844 1348 1901 consistit.

960 1953 1187 2009 CAPUT
1236 1952 1459 2022 xxvuL

431 2045 919 2099 Demonstrationes
932 2059 1038 2097 non
1050 2058 1160 2097 esse
1175 2059 1189 2097 :
1208 2043 1311 2097 243
1327 2042 1401 2097 ad
1426 2044 1530 2097 256
1550 2044 1661 2096 toni
1690 2039 2046 2095 medietatem.

428 2152 700 2224 Approbo
732 2151 910 2222 igitur
940 2154 1042 2206 253
1071 2151 1144 2206 ad
1172 2154 1276 2206 256
1298 2149 1626 2205 distantiam
1658 2164 1776 2203 non
1806 2162 1927 2204 esse
1953 2146 2049 2200 in-

357 2245 581 2313 tegram
598 2241 722 2296 toni
744 2241 1378 2296 mediidimensionem.
1408 2238 1633 2294 Etenim
1669 2238 2049 2292 ducentorum

357 2330 741 2401 quadraginta
770 2330 947 2383 trium
971 2334 1027 2385 et
1073 2330 1456 2384 ducentorum
1500 2330 1588 2393 56,
1628 2326 1953 2381 differentia
1988 2328 2050 2377 13

356 2423 579 2473 tantum
611 2418 930 2472 unitatibus
978 2419 1323 2473 continetur.
1373 2417 1482 2481 Qui
1540 2415 1813 2470 tredecim
1857 2414 2051 2469 minus

357 2507 591 2579 quidem
618 2523 793 2577 quam
823 2507 1066 2561 minoris
1100 2512 1356 2561 octavam
1397 2505 1702 2571 decimam,
1737 2505 1868 2575 plus
1915 2518 2048 2557 vero

356 2611 531 2666 quam
579 2611 792 2650 nonam
846 2594 1129 2649 decimam
1172 2595 1433 2649 obtinent
1492 2598 1736 2663 partem.
1791 2592 1850 2647 Si
1893 2592 2049 2646 enim

357 2685 531 2738 octies
548 2684 733 2739 decies
778 2684 1053 2739 tredecim
1102 2684 1297 2752 ducas,
1350 2682 1564 2738 efﬁcies
1615 2682 1742 2747 234,
1794 2681 1894 2753 qui
1940 2682 2045 2737 243

353 2774 513 2828 nullo
546 2773 719 2828 modo
748 2772 1035 2844 aequabit;
1077 2772 1124 2826 si
1178 2771 1365 2828 decies
1425 2770 1622 2827 novies
1677 2769 2042 2841 multiplices,

354 2861 756 2932 supervadent,
781 2876 912 2914 cum
953 2864 1216 2930 oporteat
1241 2875 1412 2913 omne
1458 2857 1851 2926 semitonium,
1880 2858 1928 2911 si
1965 2861 2047 2912 ta—

2175 471 2459 524 Prteterea
2477 470 2875 540 probabuntur
2891 469 3068 525 95536
3083 486 3196 523 non
3210 470 3394 524 facere
3410 469 3862 540 sesquioctavam

2171 559 2626 631 proportionem.
2675 559 2733 613 Si
2784 560 2955 615 56049
2990 560 3310 613 unitatibus
3357 565 3789 629 comparentur,
3814 559 3859 613 si

2172 653 2370 703 octava
2411 664 2543 719 pars
2585 648 2778 715 59049,
2830 647 3045 702 eisdem
3097 648 3411 702 secundum
3460 663 3556 701 eas
3622 664 3757 718 qua
3804 647 3863 702 in

2171 736 2547 792 arithmeticis
2575 737 2744 791 dictae
2774 742 2906 791 sunt
2939 738 3169 807 regulas
3202 739 3532 807 aggeretur.
3566 736 3709 799 Qua:
3730 752 3864 807 quo-

2170 825 2329 880 niam
2381 826 2621 897 integris
2671 825 2930 881 numeris
2963 842 3081 880 non
3129 825 3409 894 consistit,
3453 824 3669 879 idcirco
3711 841 3863 879 eam-

2171 913 2303 967 dem
2326 918 2580 969 octavam
2600 920 2823 986 partem
2835 915 3221 986 relinquimus
3246 914 3518 968 lectorum
3542 913 3862 985 diligentia

2171 1003 2634 1074 computandam.
2668 1003 2872 1075 Liquet
2904 1003 3082 1075 igitur
3110 1019 3237 1057 eam
3264 1002 3706 1073 proportionem
3740 1018 3865 1073 qua:

2169 1091 2232 1145 in
2243 1094 2345 1146 256
2358 1097 2415 1146 et
2428 1094 2532 1148 243
2548 1097 2633 1147 est
2647 1093 2975 1160 constituta,
2992 1108 3107 1146 non
3122 1108 3241 1146 esse
3256 1090 3544 1163 integrum
3557 1090 3865 1146 dimidium

2170 1180 2322 1247 toni;
2355 1181 2694 1253 quocircaid
2727 1182 2883 1252 quod
2903 1198 3035 1236 vere
3066 1181 3433 1235 semitonium
3467 1185 3855 1251 nuncupatur,

2169 1286 2304 1341 pars
2328 1269 2450 1324 toni
2481 1270 2675 1324 minor
2703 1275 2982 1342 estquam
3011 1270 3273 1325 dimidia.

2859 1377 3178 1427 Diﬂ'erentitn

2966 1473 3105 1523 3328
3256 1470 3265 1529 Ι

3165 1545 3342 1595 62208
3481 1540 3491 1596 l

3328 1619 3619 1663 Semitonium
3727 1637 3735 1653 ι

3395 1675 3558 1711 minus.
3708 1642 3749 1711 Α]

3417 1469 3554 1518 3159
3711 1468 3721 1525 Ι

3615 1543 3791 1594 59049
3826 1546 3836 1598 Ι

2313 1467 2322 1527 Ι
2478 1472 2650 1522 13196
2802 1471 2812 1527 l

2190 1542 2199 1597 Ι
2228 1542 2402 1594 78732
2556 1540 2565 1600 Ι
2718 1545 2891 1596 65536
3036 1544 3044 1601 Ι

2410 1621 2704 1663 Semiditonus
2777 1625 2785 1667 Ι
2862 1623 3153 1667 Semitoninm

2734 1976 2985 2030 Diatess.
3025 1979 3329 2043 sesquiter.

2476 2026 2587 2116 \\\\

2592 2116 2705 2180 χχχ

2702 2072 3479 2243 »ψ

2159 2368 2178 2404 ι
2208 2354 2552 2423 (Pinxissem
2589 2361 2775 2412 totum
2798 2358 3048 2430 spatium
3075 2358 3216 2413 toni.
3260 2359 3332 2413 At
3351 2355 3629 2410 minimus
3671 2353 3856 2410 termi—

2158 2459 2268 2497 nus
2294 2448 2436 2515 puta
2464 2447 2641 2500 59049
2664 2447 3089 2517 praecedentem
3126 2447 3583 2519 sesquioctavam
3611 2460 3730 2498 non
3761 2443 3853 2497 ha-

2158 2530 2274 2599 bet,
2311 2548 2444 2587 cum
2474 2532 2598 2604 ipse
2623 2535 2697 2589 sit
2727 2536 2966 2606 quintus
2994 2534 3448 2607 sesquioctavus,
3469 2532 3661 2605 quinti
3693 2536 3851 2586 octu-

2157 2617 2264 2688 pli.
2302 2619 2373 2675 Ut
2398 2620 2458 2675 id
2484 2621 2545 2675 in
2566 2622 2819 2693 ﬁgurula
2847 2630 2980 2679 ante
3012 2623 3167 2695 picta
3187 2623 3553 2695 comperies.)

2743 2749 2968 2804 CAPUT
3020 2748 3207 2804 XXIX.

2225 2846 2299 2898 De
2312 2845 2518 2914 majore
2530 2851 2690 2916 parte
2705 2849 2888 2902 toniin
2900 2847 3101 2917 quibus
3113 2848 3356 2901 minimis
3370 2848 3611 2900 numeris
3620 2848 3835 2899 constet.

352 2965 486 3004 men
516 2950 807 3021 integrum
833 2948 951 3003 toni
974 2948 1281 3003 dimidium
1302 2953 1480 3014 tenet,
1530 2947 1681 3001 inter
1710 2955 1927 3002 sextam
1951 2944 2050 3000 de-
2092 2936 2133 2993 C
2232 2940 2476 3013 Reliqua
2502 2942 2682 3014 igitur
2715 2961 2870 3017 pars,
2896 2962 3025 3017 qua:
3057 2944 3243 3014 major
3268 2948 3374 3011 est,
3413 2947 3685 3014 apotome
3712 2957 3851 2997 nun-

354 3038 564 3092 cimam
592 3043 816 3108 partem
832 3054 897 3091 ac
919 3038 1228 3108 septimam
1259 3038 1543 3091 decimam
1573 3035 1862 3090 collocari.
1887 3034 2051 3100 Quod

350 3127 641 3196 posterius
667 3126 1176 3182 demonstrabitur.
1229 3126 1391 3181 Nunc
1420 3125 1566 3181 illud
1599 3124 1843 3197 liquebit
1874 3124 2049 3178 talem

348 3215 643 3270 semitonii
670 3216 1002 3270 distantiam
1023 3215 1257 3270 sibimet
1286 3213 1660 3285 geminatam,
1708 3228 1891 3267 unum
1922 3213 2047 3267 toni

349 3305 602 3375 spatium
634 3321 749 3359 non
780 3321 947 3374 posse
978 3305 1288 3376 complere.
1336 3308 1457 3374 Age
1490 3304 1648 3358 enim
1680 3307 1741 3356 ut
1775 3317 1897 3356 sese
1936 3304 2045 3356 256

350 3393 422 3446 ad
452 3393 556 3448 243
588 3392 821 3459 habent,
867 3393 1008 3446 tales
1036 3392 1177 3446 duas
1200 3391 1432 3445 sibimet
1459 3391 1769 3445 continuas
1810 3405 2047 3462 propor-

351 3480 558 3548 tiones,
596 3480 913 3533 secundum
943 3480 1208 3549 superius
1245 3478 1587 3549 descriptam
1637 3478 1897 3550 regulam
1935 3479 2047 3534 dis-

347 3583 664 3639 ponamus;
688 3569 792 3623 200
824 3568 981 3621 enim
1008 3570 1074 3621 50
1097 3572 1153 3622 et
1179 3572 1235 3621 et
1255 3570 1286 3620 6
1316 3566 1374 3620 in
1397 3567 1734 3638 semetipsos
1756 3567 2043 3637 multipli-

353 3672 567 3725 cemus,
611 3662 669 3711 et
703 3656 776 3710 sit
824 3656 1108 3710 maximus
1165 3654 1445 3709 terminus
1505 3658 1699 3710 65536.
1742 3658 1881 3710 Item
1941 3658 2044 3711 243

346 3747 584 3819 propria
626 3746 1042 3801 numerositate
1090 3751 1477 3812 concrescant,
1535 3752 1591 3800 et
1639 3747 1714 3800 sit
1767 3746 2044 3801 minimus

344 3836 628 3890 terminus
674 3836 869 3890 59049.
914 3837 1131 3889 Rursus
1190 3834 1368 3905 igitur
1394 3837 1497 3889 256
1542 3835 1615 3890 ad
1662 3835 2043 3890 ducentorum

342 3926 411 3979 43
441 3926 468 3967 Β
498 3923 932 3978 multitudinem
964 3926 1350 3977 concrescant.
1400 3922 1523 3976 Erit
1550 3922 1739 3993 igitur
1767 3939 2042 3978 numerus

345 4014 553 4082 62208;
586 4011 873 4083 hicigitur
898 4012 1120 4066 medius
1151 4012 1461 4066 collocetur
1500 4011 1608 4066 hoc
1637 4012 1807 4066 modo
1842 4027 1855 4069 :

447 4127 510 4190 1“ί
612 4134 786 4184 65536
940 4130 949 4190 1
1104 4132 1280 4183 62208
1434 4127 1444 4187 I
1595 4132 1769 4184 59849
1923 4132 1932 4189 I

344 4239 406 4290 ln
436 4237 632 4291 eadem
666 4236 846 4307 igitur
869 4241 1003 4290 sunt
1031 4235 1405 4307 proportione
1448 4236 1683 4292 ducenti
1721 4241 1788 4293 56
1818 4243 1875 4294 et
1907 4240 2031 4294 243.

344 4327 409 4379 In
448 4342 562 4397 qua
590 4326 767 4381 65536
796 4324 865 4379 ad
924 4326 1138 4392 62208;
1178 4331 1237 4378 et
1281 4324 1420 4379 item
1478 4327 1651 4381 62208
1710 4327 1779 4383 ad
1836 4330 2031 4384 59049.

341 4414 450 4468 Sed
481 4414 764 4469 maximus
793 4429 995 4467 eorum
1025 4412 1329 4481 terminus,
1353 4413 1454 4483 qui
1481 4418 1566 4468 est
1593 4417 1789 4482 65536,
1824 4416 1895 4470 ad
1929 4416 2033 4471 mi-

342 4502 564 4557 nimum
600 4503 699 4573 qui
727 4508 813 4557 est
841 4502 1039 4569 59040,
1082 4517 1263 4555 unum
1310 4501 1603 4572 integrum
1633 4519 1752 4558 non
1789 4531 1811 4559 ο
1856 4505 2031 4561 efﬁcit

340 4598 564 4646 tonum.
599 4591 759 4655 Quod
781 4590 828 4644 si
856 4590 1033 4661 primi
1071 4590 1140 4643 ad
1176 4590 1492 4645 secundum
1535 4592 1854 4663 proportio,
1900 4610 2032 4666 quae

338 4683 422 4733 est
453 4696 617 4750 aequa
642 4679 878 4734 secundi
899 4678 970 4732 ad
991 4677 1225 4732 tertium
1243 4679 1628 4748 proportioni,
1663 4681 1874 4753 integri
1908 4700 2029 4738 esse

336 4767 624 4822 semitonii
650 4767 1011 4839 probaretur,
1042 4767 1157 4821 duo
1186 4765 1422 4821 dimidia
1463 4768 1667 4838 juncta
1703 4787 1889 4827 unum
1934 4789 2029 4827 ue-

336 4855 581 4910 cessario
607 4856 899 4911 efﬁcerent
928 4860 1152 4909 tonum.
1194 4854 1355 4908 Nunc
1408 4862 1602 4911 autem
1633 4874 1763 4912 cum
1809 4876 1923 4915 non
1952 4861 2029 4916 sit

334 4948 726 4999 extremorum
783 4944 1167 4998 terminorum
1249 4944 1643 5015 sesquioctava
1700 4950 2025 5020 proportio,

336 5033 705 5088 manifestum
733 5038 817 5087 est
842 5032 931 5087 ha:
970 5032 1084 5087 duo
1117 5030 1305 5101 spatia
1353 5034 1585 5103 proprie
1623 5039 1900 5091 tonorum
1932 5038 2025 5092 di-

333 5121 510 5177 midia
538 5138 655 5176 non
683 5121 885 5177 videri.
929 5120 1219 5191 Quidquid
1269 5119 1425 5175 enim
1492 5124 1887 5198 cujuscunque
1941 5134 2028 5183 est

331 5210 653 5274 dimidium,
674 5210 732 5266 id
763 5210 806 5264 si
821 5206 1302 5280 dupliceturillud
1328 5209 1521 5280 efﬁcit,
1553 5214 1581 5256 ἅ
1612 5213 1775 5284 cujus
1817 5214 2028 5268 dicitur

334 5315 454 5353 esse
492 5298 823 5355 dimidium.
854 5298 912 5354 Si
953 5315 1085 5353 vero
1119 5299 1263 5356 illud
1292 5298 1533 5371 implere
1558 5316 1675 5356 non
1706 5301 1890 5372 possit
1918 5318 2026 5373 ge-

332 5387 552 5443 minata
578 5388 882 5459 particula,
914 5388 1107 5442 minus
1155 5397 1238 5446 est
1267 5395 1427 5461 parte
1473 5389 1731 5445 dimidia.
1768 5390 1828 5446 Si
1889 5407 2024 5447 vero

2160 3034 2402 3100 cupatur
2421 3048 2454 3085 a
2475 3032 2703 3103 Graecis,
2747 3050 2782 3088 a
2806 3034 2972 3089 nobis
2992 3049 3127 3089 vero
3172 3036 3359 3105 potest
3386 3032 3585 3088 vocari
3619 3030 3847 3086 decisio.

2160 3118 2221 3172 Id
2249 3119 2405 3174 enim
2432 3126 2637 3176 natura
2663 3122 2790 3186 fert,
2823 3128 2888 3177 ut
2924 3123 3196 3195 quotiens
3226 3122 3446 3194 aliquid
3478 3126 3725 3188 secatur,
3772 3121 3847 3174 ita

2156 3210 2223 3260 ut
2255 3222 2374 3263 non
2405 3210 2585 3281 (equis
2612 3212 2870 3282 partibus
2893 3212 3204 3281 dividatur,
3236 3215 3452 3282 quanto
3496 3210 3693 3264 minor
3718 3225 3844 3280 pars

2163 3295 2403 3353 dimidio
2435 3300 2625 3355 minor
2667 3306 2773 3369 est,
2816 3306 2977 3357 tanto
3025 3302 3211 3371 major
3253 3316 3386 3370 pars
3440 3300 3671 3367 eadem,
3722 3314 3843 3369 qua!

2158 3386 2379 3441 auctior
2398 3394 2503 3454 est,
2543 3389 2850 3445 dimidium
2863 3390 3071 3447 vincat.
3095 3391 3387 3455 Quantum
3418 3389 3601 3461 igitur
3618 3389 3846 3442 semito-

2156 3473 2318 3529 nium
2363 3476 2558 3531 minus
2603 3477 2833 3549 integro
2888 3478 3127 3534 dimidio
3156 3478 3281 3533 toni
3323 3477 3510 3531 minus
3540 3481 3647 3543 est,
3692 3479 3844 3529 tanto

2155 3568 2424 3632 apotome
2445 3566 2569 3619 toni
2594 3566 2887 3638 integrum
2909 3572 3143 3639 superat
3180 3566 3489 3621 dimidium
3550 3571 3611 3620 et
3649 3564 3840 3619 vincit.

2154 3652 2223 3705 Et
2267 3654 2541 3723 quoniam
2608 3656 2910 3711 docuimus
2959 3655 3328 3712 semitonium
3387 3655 3450 3709 in
3494 3657 3599 3708 256
3644 3657 3703 3708 et
3741 3654 3839 3708 243

2152 3740 2548 3811 principaliter
2577 3748 2747 3813 stare,
2779 3760 2936 3799 nunc
2964 3761 3031 3799 ea
3056 3760 3185 3817 quae
3225 3748 3494 3815 apotome
3524 3742 3761 3810 dicitur,
3782 3744 3839 3796 in

2152 3828 2363 3899 quibus
2390 3832 2571 3902 possit
2590 3833 2847 3888 minimis
2860 3839 3118 3889 constare
3148 3833 3405 3888 numeris
3430 3831 3837 3903 approbemus.

2152 3916 2209 3971 Si
2237 3917 2416 3988 igitur
2438 3922 2543 3977 243
2575 3927 2795 3993 partem
2811 3922 3065 3996 recipere
3085 3929 3345 3977 octavam
3378 3925 3615 3994 possent
3630 3936 3762 3975 cum
3777 3919 3844 3973 ad

2152 4022 2286 4061 eum
2313 4010 2743 4080 sesquioctavus
2781 4027 3058 4066 numerus
3104 4016 3492 4082 comparetur,
3544 4016 3686 4064 tunc
3743 4012 3845 4062 256

2149 4095 2428 4151 habitudo
2460 4099 2528 4154 ad
2562 4100 3017 4172 sesquioctavam
3039 4117 3325 4156 summam
3356 4098 3583 4154 minimi
3614 4096 3847 4152 numeri

2150 4188 2504 4253 comparata,
2536 4191 2849 4256 apotomen
2864 4187 3182 4243 necessaria
3211 4186 3437 4241 ratione
3468 4190 3843 4240 monstraret.

2072 4238 2117 4292 Β
2150 4271 2313 4326 Nunc
2327 4287 2461 4327 vero
2484 4274 2762 4345 quoniam
2781 4276 2833 4330 ei
2861 4293 2995 4347 pars
3018 4281 3216 4331 octava
3237 4277 3433 4331 deesse
3459 4279 3843 4339 monstratur,

2143 4360 2375 4433 utrique
2405 4364 2634 4418 numeri
2653 4365 2828 4420 octies
2854 4365 3014 4423 ﬁant.
3065 4368 3131 4421 Et
3162 4382 3232 4420 ex
3259 4367 3365 4421 243
3395 4364 3632 4436 quidem
3664 4363 3843 4417 octies

2142 4450 2540 4521 multiplicatis
2583 4453 2650 4508 ﬁt
2704 4470 2981 4510 numerus
3009 4455 3172 4510 1944.
3230 4454 3449 4519 Quibus
3498 4452 3545 4506 si
3602 4451 3846 4523 propria

2138 4539 2467 4595 conferatur
2490 4546 2710 4611 octava,
2768 4544 2869 4615 qui
2906 4549 3041 4600 sunt
3059 4545 3185 4613 243,
3232 4546 3375 4599 ﬁent
3400 4545 3560 4598 2t87.
3621 4542 3843 4597 Rursus

2136 4629 2241 4683 256
2267 4644 2372 4699 per
2391 4632 2750 4686 octonarium
2773 4638 3046 4697 crescant,
3075 4634 3217 4688 ﬁent
3244 4632 3423 4704 igitur
3448 4632 3613 4686 2048.
3652 4633 3844 4703 Atque

2135 4716 2231 4771 hic
2250 4718 2771 4790 suprascriptorum
2802 4723 3191 4777 terminorum
3249 4722 3311 4775 in
3332 4720 3523 4776 medio
3582 4719 3840 4775 colloce-

2135 4807 2251 4858 tur.

2141 4894 3844 4980 ῃ
3252 4915 3464 4980 potmne

2286 4977 2295 5044 Ι
2576 4977 2694 5033 104⁷
2733 4977 3398 5044 iﬁlli
3683 4980 3696 5037 Ι

2284 5048 2293 5107 l
2420 5053 2559 5145 1944
2708 5048 3560 5145 i“'*§UZ§““‘"r"’2ua7

2720 5141 2887 5193 primus
2912 5144 3132 5185 secundus
3153 5143 3308 5185 tertius

2785 5199 2915 5236 tonus
2934 5198 3238 5250 sesquioctava

2578 5272 3401 5456 \_/

405 5556 429 5581 ⁸
448 5550 765 5616 Constituit,
799 5552 827 5592 δ
862 5550 1236 5604 Multitudine.
1270 5561 1293 5590 ο
1321 5552 1555 5618 Εηίοίει.
1587 5552 1611 5595 d
1641 5553 1795 5621 Ejus.
1837 5554 2190 5625 °Propterea.
2231 5552 2255 5596 ε
2286 5553 2516 5611 Hauriat
2536 5553 2794 5612 Gtaream'
2820 5552 3053 5609 additio.
