4130 6180
272 212 402 261 1221

1692 223 1780 275 DE
1820 223 2077 278 MUSICA
2122 226 2255 280 LIB.
2310 229 2375 280 ll.

3638 257 3773 309 1222

260 342 490 395 Tertius
520 342 697 413 igitur
720 344 1001 399 terminus
1027 346 1095 400 ad
1126 348 1382 417 primum
1413 351 1536 406 toni
1578 352 1791 408 retinet
1817 371 1953 425 pro-
1990 360 2039 412 A
2067 356 2178 412 Sex
2208 360 2364 414 enim
2403 363 2526 417 toni
2576 364 2636 419 in
2683 368 2946 425 ordinem
2978 373 3379 446 disponantur,
3437 382 3653 439 scilicet
3702 385 3767 440 in

2073 448 2479 518 sesquioctavis
2540 457 3009 525 proportionibus
3078 467 3393 535 constituti,
3473 488 3570 527 sex
3636 489 3770 528 vero

2075 538 2482 607 sesquioctavaa
2556 547 2957 614 proportiones
3033 568 3066 604 a
3116 561 3274 609 sexto
3344 562 3579 629 octuplo
3630 579 3771 631 pro-

2076 632 2360 682 creantur.
2396 628 2783 700 Disponantur
2814 636 2995 706 igitur
3044 644 3360 715 sexoctupli
3407 628 3516 701 hoc
3542 628 3713 705 modo
3750 668 3764 706 :

259 431 614 501 portionem.
648 432 943 487 Secundus
975 435 1044 489 ad
1082 436 1337 507 primum
1367 441 1658 495 semitonii
1696 443 1962 499 minoris.

263 524 580 589 Apotomes
608 536 742 574 vero
763 522 968 576 tertius
987 523 1057 577 ad
1080 527 1416 583 secundum.
1443 532 1629 599 Atque
1650 530 1712 585 in
1741 532 1965 586 hisdem

261 608 469 677 primis
495 614 791 678 apotomes
822 611 1045 666 videtur
1073 620 1335 671 constare
1360 620 1679 689 proportio,
1724 637 1854 675 cum
1886 639 1967 676 se-

261 696 495 751 mitonii
526 698 584 751 in
609 702 712 752 256
735 704 792 753 et
812 701 937 766 243,
964 701 1220 757 minimis
1251 706 1505 760 numeris
1537 710 1786 779 spatium
1824 727 1966 764 cou-

260 786 536 841 tineatur.
571 787 784 842 Idcirco
823 794 1018 843 autem
1054 791 1187 845 1944
1237 799 1294 847 et
1324 796 1463 850 2048
1494 796 1554 850 in
1585 798 1783 853 eadem
1833 816 1964 870 pro-

257 875 529 944 portione
554 882 689 929 sunt
710 894 824 948 qua
847 879 949 933 243
982 880 1052 933 ad
1081 880 1358 937 ducentos
1402 888 1487 951 56,
1520 888 1808 957 quoniam
1858 891 1964 943 256

259 969 317 1017 et
354 964 455 1017 243
487 966 778 1019 octonario
807 967 1170 1037 multiplicati
1198 976 1350 1027 sunt.
1386 973 1443 1028 Si
1474 974 1629 1029 enim
1667 992 1819 1031 unus
1867 994 1967 1055 nu-

260 1068 460 1106 merus
484 1054 624 1107 duos
659 1055 947 1125 quoslibet
978 1072 1249 1113 numeros
1280 1062 1644 1133 multiplicet,
1675 1066 1775 1137 qui
1802 1083 1866 1121 ex
1886 1054 1966 1121 ea

260 1142 748 1214 multiplicatione
786 1151 1118 1213 nascuntur,
1164 1148 1224 1203 in
1263 1151 1461 1206 eadem
1517 1159 1688 1208 erunt
1732 1172 1965 1227 propor-

260 1230 425 1285 tione
467 1248 583 1301 qua
630 1231 866 1287 fuerunt
920 1234 982 1289 hi
1030 1238 1260 1292 numeri
1304 1256 1449 1311 quos
1486 1243 1648 1313 prior
1688 1260 1965 1299 numerus

262 1319 692 1392 multiplicavit.

907 1395 1131 1450 CAPUT
1168 1398 1313 1453 XXX.

321 1464 532 1543 Quibus
565 1466 1011 1543 proportionibus
1036 1467 1312 1536 diapente,
1343 1472 1613 1543 diapason
1644 1479 1903 1530 constent.

455 1541 507 1589 et
528 1538 786 1604 quoniam
825 1536 1093 1606 diapason
1122 1554 1218 1593 sem
1246 1546 1384 1597 tonis
1414 1536 1521 1598 non
1550 1550 1781 1601 constet.

334 1624 444 1679 Sed
510 1625 785 1696 quoniam
842 1625 912 1679 de
969 1625 1319 1684 diatessaron
1372 1634 1750 1688 consonantia
1795 1634 1966 1689 latius

256 1713 529 1782 diximus,
560 1713 787 1769 brevius
825 1718 884 1768 et
919 1730 1065 1785 pene
1094 1718 1254 1787 puris
1295 1722 1555 1775 numeris
1594 1722 1663 1777 de
1692 1724 1967 1795 diapason

259 1819 327 1857 ac
356 1802 624 1874 diapente
652 1803 1041 1857 consonantiis
1072 1805 1440 1864 disseramus.
1483 1810 1761 1881 Diapente
1809 1812 1965 1866 enim

260 1897 489 1947 constat
513 1908 581 1947 ex
602 1892 785 1948 tribus
810 1895 961 1949 tonis
1000 1908 1060 1946 ac
1092 1896 1419 1965 semitonio,
1458 1897 1517 1952 id
1549 1904 1634 1953 est
1672 1916 1738 1954 ex
1769 1901 1966 1955 diates-

258 1998 435 2037 saron
462 1988 518 2037 et
544 1988 701 2037 tono.
735 1984 1127 2055 Disponantur
1155 1987 1309 2040 enim
1354 1987 1580 2040 numeri
1613 2004 1755 2058 quos
1794 2006 1961 2061 supe-

254 2072 383 2127 rior
412 2072 716 2144 descriptio
747 2075 1199 2145 comprehendit,
1235 2077 1354 2140 192,
1395 2078 1520 2141 216,
1553 2079 1678 2143 253,
1708 2079 1833 2131 256.

881 2182 1439 2275 /""'\\

578 2330 709 2465 //
797 2348 1489 2461 Dlhtefrarone‘cduobus
1525 2330 1580 2383 \
1604 2412 1628 2441 χ

546 2444 597 2514 /
850 2474 943 2526 ton
956 2444 1427 2535 llslcﬂﬁcmitomb
1628 2444 1697 2545 \x

1030 2589 1249 2636 ηηηοτε
1714 2592 1758 2737 λΧ

464 2695 1299 2869 Win
1324 2789 1352 2857 3
1447 2695 1763 2885 (id

1032 2902 1237 2957 Tonur
1309 2903 1325 3038 1
1386 2886 1760 3019 Ηιηιίιοηωςὲ

423 2889 926 3240 VU

256 3298 323 3352 In
356 3299 465 3353 hac
492 3299 672 3370 igitur
697 3302 1073 3374 dispositione
1093 3302 1318 3374 primus
1345 3303 1626 3358 terminus
1652 3306 1724 3360 ad
1758 3324 1955 3364 secun-

258 3396 419 3464 dum,
456 3400 515 3450 et
542 3399 825 3454 secundus
855 3401 927 3455 ad
956 3400 1191 3455 tertium
1214 3405 1486 3455 tonorum
1516 3410 1542 3435 ⁸
1568 3402 1778 3459 retinet
1821 3422 1955 3476 pro-

256 3485 583 3555 portiones.
616 3486 727 3542 Sed
748 3490 950 3543 tertius
980 3490 1049 3544 ad
1073 3495 1344 3561 quartum
1366 3490 1657 3545 semitonii
1687 3494 1951 3562 minoris,

254 3578 318 3626 ut
347 3589 524 3637 supra
554 3581 935 3631 monstratum
956 3583 1060 3633 est.
1092 3578 1150 3632 Si
1176 3577 1357 3649 igitur
1374 3580 1479 3632 256
1508 3584 1706 3635 octava
1736 3581 1953 3638 eisdem

255 3678 503 3732 quorum
533 3667 726 3717 octava
764 3670 849 3718 est
876 3671 1221 3736 apponatur,
1256 3667 1397 3721 ﬁent
1432 3670 1557 3723 288.
1593 3669 1813 3733 Quibus
1852 3676 1954 3727 192

256 3752 595 3820 comparati,
644 3754 1081 3823 sesquialterum
1111 3756 1363 3825 spatium
1402 3758 1798 3827 proportionis
1831 3761 1953 3816 efﬁ-

256 3840 437 3894 ciunt.

659 3940 666 3993 I
782 3947 881 3993 192
1354 3940 1457 3998 288
1558 3940 1587 4002 ’l

253 4411 533 4475 Quocirca
560 4418 675 4469 tres
705 4413 939 4484 quidem
964 4413 1086 4467 toni
1113 4417 1266 4478 sunt,
1303 4413 1349 4467 si
1381 4412 1601 4484 primus
1632 4413 1704 4468 ad
1742 4429 1951 4468 secun—

252 4503 414 4568 dum,
457 4503 738 4559 secundus
791 4503 859 4557 ad
914 4501 1168 4567 tertium,
1222 4500 1457 4572 quintus
1503 4502 1832 4557 conferatur
1878 4502 1949 4556 ad

253 4596 545 4663 quartum.
580 4591 961 4647 Semitonium
994 4606 1128 4645 vero
1159 4590 1351 4645 minus
1371 4590 1529 4646 tertii
1567 4591 1639 4645 ad
1680 4596 1949 4662 quartum

249 4681 568 4736 terminum
624 4680 979 4751 comparatio
1038 4684 1213 4746 tenet;
1293 4679 1445 4750 quod
1489 4679 1537 4733 si
1595 4679 1945 4734 diatessaron

252 4768 487 4839 quidem
532 4768 775 4823 duorum
821 4773 1091 4823 tonorum
1124 4773 1208 4821 est
1241 4785 1305 4822 ac
1352 4767 1640 4821 semitonii
1682 4768 1947 4836 minoris,

252 4858 525 4928 diapente
554 4872 688 4911 vero
715 4856 891 4910 trium
922 4860 1193 4909 tonorum
1233 4872 1298 4910 ac
1346 4855 1635 4911 semitonii
1682 4856 1946 4925 minoris,

245 4948 463 5018 juncta:
490 4962 624 5001 vero
655 4944 1013 4999 diatessaron
1043 4961 1107 4998 ac
1150 4945 1417 5016 diapente
1447 4961 1627 5000 unum
1675 4946 1948 5018 diapason

252 5034 522 5088 videntur
553 5032 797 5099 efﬁcere,
846 5037 1017 5085 erunt
1054 5031 1312 5103 quinque
1354 5032 1474 5086 toni
1506 5038 1562 5087 et
1608 5034 1722 5088 duo
1766 5036 1950 5107 spatia

251 5123 694 5177 semitoniorum
740 5120 990 5187 minora,
1052 5136 1181 5191 quae
1222 5136 1404 5175 unum
1449 5126 1653 5177 tonum
1694 5140 1811 5178 non
1868 5125 1945 5179 vi-

259 4002 647 4009 —_.—__—_.

2163 874 2171 934 I
2356 883 2530 934 32768
2730 888 2739 941 ι
3097 894 3307 947 262144
3572 962 3607 963 ί
3674 892 3765 959 Γ

2073 1051 2155 1106 ΑΙ)
2180 1051 2290 1106 hoc
2320 1053 2497 1124 igitur
2529 1058 2734 1114 ultimo
2754 1066 3119 1137 numerojsex
3140 1069 3259 1123 toni
3291 1070 3352 1124 in
3382 1073 3772 1145 sesquioctava

2074 1138 2444 1210 proportione
2484 1149 2775 1203 constituti
2809 1152 3086 1223 locentur,
3122 1156 3228 1211 hoc
3256 1160 3426 1214 modo
3449 1138 3761 1233 dispositis,

2074 1229 2329 1299 primum
2372 1236 2614 1304 octuplis
2672 1240 2954 1310 terminis,
3013 1250 3079 1297 ut
3124 1252 3335 1301 octavae
3391 1252 3771 1308 terminorum

2072 1323 2263 1386 partes
2305 1320 2561 1390 ipsorum
2611 1328 2991 1384 terminorum
3029 1333 3314 1403 .lateribus
3345 1337 3767 1411 adjungantur;

2076 1404 2151 1458 sit
2179 1412 2372 1462 autem
2411 1410 2718 1482 descriptio
2750 1416 2877 1469 talis
2911 1435 2923 1472 :

2709 1716 2718 1752 Ι
2842 1722 3015 1752 ’λθτρρ
3150 1725 3159 1752 l
3240 1730 3368 1752 63.26]:
3390 1730 3443 1752 ιο.

2365 1640 2667 1690 Sexoctunli

2438 1713 2578 1766 4096
2709 1716 2718 1773 Ι
2839 1722 3016 1773 32768
3150 1725 3159 1780 Ι
3240 1730 3452 1781 262144

2334 1785 2899 1885 -ἑθίίὲἫῖῗξδνυῆί
2910 1792 3510 1885 impares?”

3112 2008 3524 2165 W—l

3115 2077 3292 2165 46656
3341 2078 3492 2090 “““”

2710 2165 3114 2300 ᾑιιξ

2738 1854 2899 1862 ἡ

2438 1713 2578 1766 4096
2709 1716 2718 1773 I
2825 1713 3452 1781 ⁷3ξῖὂέ-““Ἷ““Ξπῑῑῐῐ

2330 1785 2783 1852 _§esquioctavi
2911 1785 3421 1848 tm

2499 1859 2717 1923 292144,
2811 1859 3297 1923 *ήἾ“”““““ΞΞῖὂῐ

2496 1933 2761 1995 294912ᾉί
2875 1933 2915 1991 ’I
2993 1933 3296 1995 ’4‘“§6§EZ

2498 2005 2803 2067 WA,
2908 2005 2927 2064 l7
2997 2005 3294 2067 Ἦ

2498 2076 2709 2128 37324⁸
2822 2140 2827 2141 ί
2908 2076 3292 2141 ι“““““ἧῑὲἓδ

2497 2150 2706 2213 Μὴ
2909 2158 2914 2213 Ι
3036 2150 3291 2213 ’m

2497 2126 2706 2199 41996t
2909 2126 2914 2141 ’
3114 2126 3291 2213 ἑξξέἕ

2318 2158 2915 2310 Afir?
2916 2126 3522 2310 ximam“

2906 2310 3519 2389 _______________|

2498 2219 2710 2273 472392

3114 2232 3287 2284 59039

2071 2501 2249 2572 Hujus
2279 2502 2460 2574 igitur
2498 2506 2890 2578 dispositionis
2931 2514 3055 2569 haec
3103 2520 3251 2575 ratio
3297 2530 3398 2579 est.
3446 2529 3767 2589 Continuus

2066 2590 2221 2644 enim
2253 2608 2467 2661 versus,
2520 2600 2618 2665 qui
2661 2599 2824 2654 limes
2856 2629 2878 2662 ι,
2927 2604 3156 2673 dicitur,
3196 2614 3455 2683 octuplos
3496 2633 3769 2677 numeros

2065 2683 2241 2733 tenet.
2270 2681 2320 2735 A
2351 2687 2506 2736 sexto
2537 2700 2671 2739 vero
2704 2691 2934 2759 octuplo
2975 2681 3385 2765 sesquioctavaz
3433 2710 3765 2777 proportio-

2063 2782 2163 2820 nes
2194 2768 2503 2825 ducuntur.
2559 2774 2660 2827 Ubi
2710 2792 2845 2831 vero
2895 2796 3121 2836 octavas
3162 2793 3352 2855 partes
3404 2768 3760 2866 scripsimus,

2066 2860 2276 2911 octava:
2300 2865 2434 2914 sunt
2462 2877 2661 2917 eorum
2694 2880 3066 2923 numerorum
3097 2880 3305 2944 partes,
3339 2860 3548 2948 quibus
3593 2860 3761 2957 adja;

2064 2948 2213 2997 cent.
2268 2945 2404 3008 Quaz
2459 2948 2501 3001 si
2554 2950 2768 3006 eisdem
2808 2956 3019 3024 quibus
3063 2960 3329 3029 adjacent
3354 2945 3761 3044 ‘apponant'ur,

2063 3034 2407 3101 posteriores
2452 3053 2724 3094 numeros
2781 3051 2997 3112 creant,
3049 3053 3110 3101 ut
3149 3049 3210 3104 in
3258 3034 3469 3125 primo,
3532 3062 3631 3131 qui
3679 3034 3766 3120 est

2062 3122 2293 3176 262144.
2337 3124 2514 3194 Hujus
2552 3132 2748 3183 octava
2794 3134 2998 3201 32768;
3053 3135 3114 3190 hi
3152 3138 3383 3197 sibimet
3423 3122 3469 3199 si
3514 3122 3764 3222 conjun-

2066 3215 2279 3278 gantur
2306 3214 2679 3281 posteriorem
2732 3219 2906 3274 efﬁcit
2936 3222 3241 3280 numerum
3277 3231 3377 3301 qui
3418 3240 3500 3289 est
3526 3214 3759 3296 294912.

2063 3297 2337 3370 Idemque
2368 3301 2427 3354 in
2460 3305 2680 3358 caeteris
2710 3319 2732 3346 ο
2764 3307 3072 3365 invenitur.
3099 3312 3159 3367 Si
3180 3297 3363 3386 igitur
3393 3323 3630 3381 ultimus
3659 3347 3764 3386 nu-

2065 3402 2256 3440 merus
2276 3389 2481 3457 quiest
2514 3394 2716 3448 531441
2759 3396 2967 3467 duplus
2983 3410 3136 3455 esset
3156 3406 3365 3473 prioris
3400 3417 3627 3471 numeri
3660 3420 3756 3490 qui

2064 3478 2148 3528 est
2175 3477 2406 3543 262144,
2439 3486 2590 3535 recte
2636 3482 2912 3555 diapason
2958 3505 3052 3542 sex
3106 3494 3255 3547 tonis
3302 3506 3561 3557 constare
3602 3477 3763 3563 vide-

2064 3568 2239 3618 retur.
2270 3568 2429 3619 Nuuc
2458 3574 2651 3624 autem
2692 3572 2739 3624 si
2772 3574 2996 3629 minimi
3035 3583 3284 3651 numeri,
3328 3586 3385 3641 id
3416 3596 3503 3644 est
3530 3594 3759 3665 prioris,

2065 3652 2352 3723 duplicem
2392 3658 2819 3730 conquiramus,
2842 3663 3033 3716 minor
3048 3668 3159 3722 erit
3187 3686 3254 3725 eo
3286 3652 3659 3752 numero-qui
3678 3652 3763 3740 est

2067 3742 2351 3797 maximus
2380 3760 2444 3797 ac
2473 3762 2795 3816 supremus.
2839 3752 2979 3806 Nam
3019 3757 3230 3812 262144
3280 3766 3501 3821 numeri
3549 3742 3759 3842 duplus

2066 3836 2151 3882 est
2179 3830 2278 3900 qui
2311 3831 2383 3885 ad
2412 3849 2544 3887 eum
2584 3834 2799 3891 scilicet
2824 3838 3100 3911 diapason
3128 3855 3562 3911 consonantiam
3601 3830 3760 3916 tenet

2065 3918 2300 3987 524288;
2334 3921 2427 3974 hic
2452 3921 2633 3993 igitur
2669 3924 2862 3979 minor
2892 3935 2977 3983 est
3002 3946 3069 3985 eo
3098 3949 3342 3992 numero
3384 3943 3485 4013 qui
3528 3954 3753 4005 sextum

2067 4006 2274 4061 retinet
2296 4012 2520 4077 tonum,
2554 4027 2621 4065 eo
2659 4012 2872 4068 scilicet
2907 4018 3006 4087 qui
3036 4023 3121 4072 est
3168 4006 3617 4088 541441.-Minor
3671 4043 3758 4092 est

2064 4094 2241 4162 igitur
2259 4096 2531 4168 diapason
2562 4104 2931 4158 consonantia
2960 4122 3054 4160 sex
3084 4111 3253 4168 tonis.
3279 4118 3465 4187 Atque
3505 4121 3562 4175 id
3603 4127 3756 4196 quod

2063 4200 2158 4238 sex
2184 4186 2306 4240 toni
2349 4187 2625 4259 diapason
2665 4196 3103 4251 consonantiam
3142 4186 3554 4278 supervadunt,
3614 4186 3753 4269 voco

1995 4267 2035 4321 D
2064 4290 2308 4342 comma,
2344 4268 2500 4348 quod
2532 4284 2755 4335 constat
2792 4281 2852 4336 in
2884 4284 3140 4341 minimis
3167 4267 3424 4350 numeris
3462 4267 3670 4357 524288

2063 4364 2293 4418 531441.

2737 4513 3069 4566 Diﬁ‘erentia.

2060 4588 3749 4668 -ξ-ᾐἮ-ΤἊη

2068 4730 2385 4743 ...ἢ-...η

2574 4797 2749 4827 comma
2767 4799 2843 4828 seu
2861 4790 3051 4840 spatium
3073 4805 3162 4845 quo

2604 4856 2796 4909 majores
2817 4862 2918 4898 sunt
2946 4871 3022 4901 sex
3044 4864 3133 4904 toni

2765 4929 2989 4981 diapason.

3318 4793 3382 4872 κί

2418 4814 2423 4821 .
2574 4797 2749 4827 comma
2767 4799 2843 4828 seu
2861 4793 3051 4840 spatium
3073 4805 3162 4845 quo

2604 4856 2796 4909 majores
2817 4862 2918 4898 sunt
2946 4871 3022 4901 sex
3044 4864 3133 4904 toni

2765 4929 2989 4981 diapason.

251 5213 496 5266 deantur
525 5211 788 5281 implere.
823 5210 948 5263 Non
969 5213 1053 5263 est
1073 5209 1251 5279 igitur
1280 5210 1556 5281 diapason
1575 5214 1950 5269 consonantia
2055 5220 2162 5274 Sed
2192 5222 2261 5276 de
2279 5221 2368 5276 his
2396 5223 2534 5293 quid
2554 5224 2926 5281 Aristoxenus
2954 5229 3181 5299 sentiat,
3210 5230 3322 5302 {qui
3344 5230 3577 5285 auribus
3598 5229 3749 5285 dedit

249 5305 518 5355 constans
568 5316 663 5355 sex
704 5299 879 5366 tonis,
920 5304 984 5352 ut
1012 5298 1381 5353 Aristoxenus
1411 5300 1748 5370 arbitratur,
1791 5305 1947 5374 quod

246 5390 305 5443 in
365 5388 622 5443 numeris
678 5403 909 5459 quoque
954 5387 1298 5458 dispositum
1345 5388 1641 5445 evidenter
1686 5398 1945 5463 apparet.

317 5545 341 5569 ι
381 5517 614 5571 Retinet.
692 5515 723 5560 Ι)
751 5516 1003 5570 Ducitur.
1081 5517 1453 5572 “Invenietur.

2058 5325 2229 5365 omne
2240 5310 2548 5380 judicium,
2576 5314 2716 5368 alias
2745 5319 3232 5374 commemorabo.
3262 5320 3422 5373 Nunc
3442 5317 3748 5373 voluminis

2058 5397 2265 5453 seriem
2292 5399 2506 5456 fastidii
2539 5401 2750 5458 vitator
2778 5405 3116 5477 astringam.
