4104 6176
433 306 561 359 1231

1756 298 1870 351 AN.
1910 296 2122 351 MANL.
2171 295 2325 352 SEV.
2368 294 2591 350 BOETII

3770 298 3785 347 1
3796 296 3888 347 232

430 442 530 513 qui
556 440 627 495 ad
640 441 710 493 24
730 454 1034 493 numerum
1048 442 1185 491 tono
1206 435 1395 498 distat,
1415 430 1928 487 eamdemternarii
1948 429 2107 484 diffe-
2144 431 2191 483 A
2219 443 2399 497 pason
2426 427 2684 498 quinque
2710 425 2856 479 tonis
2885 440 2951 479 ac
2980 424 3204 479 duobus
3238 423 3556 479 minoribus
3584 425 3881 478 semitoniis

430 530 674 584 rentiam
717 543 966 581 servans.
1002 524 1309 579 Ternarius
1351 522 1501 575 enim
1528 523 1598 575 24
1648 535 1887 574 summas
1919 522 2116 573 octava

426 635 558 689 pars
578 622 679 671 est.
715 617 853 681 Quae
883 616 1096 669 eisdem
1141 613 1334 667 addita
1363 612 1612 682 primum
1662 628 1695 663 a
1741 608 1990 662 ternario
2022 624 2115 661 cu-

424 708 563 761 bum
589 707 659 759 20
702 722 765 759 ac
794 710 825 758 7
868 704 1074 758 reddit.
1128 704 1204 757 Ex
1254 702 1360 755 hoc
1408 701 1586 771 igitur
1636 698 1929 752 Philolaus
1976 697 2117 749 duas

427 796 603 850 efficit
630 799 823 864 partes
860 809 873 847 :
914 808 1086 846 unam
1118 807 1245 862 quae
1278 789 1513 844 dimidio
1539 788 1611 841 sit
1636 788 1836 857 major,
1869 800 2112 855 eamque

426 890 735 956 apotomen
766 889 923 937 vocat
966 880 1290 952 ;reliquam
1337 895 1462 950 quae
1505 877 1741 932 dimidio
1786 876 1859 928 sit
1902 874 2113 942 minor,

430 990 671 1045 eamque
701 988 901 1026 rursus
952 971 1155 1025 diesim
1206 968 1362 1034 dicit,
1416 984 1587 1037 quam
1622 965 1834 1036 posteri
1881 963 2115 1017 semito-

431 1079 569 1117 num
614 1062 805 1116 minus
853 1060 1232 1130 appellavere'
1284 1059 1493 1111 Herum
1551 1070 1684 1108 vero
1732 1052 2117 1107 differentiam

430 1168 654 1206 comma
683 1167 748 1204 ac
776 1151 1027 1221 primum
1059 1147 1260 1202 diesim
1308 1147 1367 1199 in
1406 1148 1463 1199 13
1497 1142 1813 1198 unitatibus
1861 1146 2118 1193 constare

430 1241 760 1305 arbitratur,
796 1256 861 1292 eo
897 1237 1046 1309 quod
1077 1246 1101 1270 ⁸
1128 1236 1237 1290 hoc
1276 1235 1425 1289 inter
1453 1236 1555 1288 256
1589 1238 1645 1286 et
1674 1234 1776 1285 243
1806 1230 2027 1301 pervisa
2047 1228 2120 1282 sit

432 1329 772 1385 differentia.
815 1327 1088 1395 Quodque
1136 1326 1289 1379 idem
1344 1338 1639 1388 numerus,
1689 1320 1747 1374 id
1794 1325 1879 1373 est
1934 1321 2016 1382 f3,
2052 1334 2120 1371 ex

429 1416 741 1473 novenario
770 1415 1023 1469 ternario
1054 1420 1224 1482 atque
1257 1412 1477 1465 unitate
1504 1410 1796 1473 consistat,
1829 1424 1956 1479 quae
1991 1406 2117 1460 uni-

429 1510 518 1561 tas
540 1505 737 1577 puncti
762 1504 1015 1558 obtineat
1042 1503 1253 1556 locum.
1284 1500 1589 1555 Ternarius
1622 1515 1754 1552 vero
1787 1498 1990 1568 prima:
2016 1495 2122 1549 im-

429 1594 585 1665 paris
614 1595 800 1648 lineae.
829 1592 1178 1647 Novenarius
1230 1590 1404 1660 primi
1435 1589 1672 1659 imparis
1713 1585 1998 1657 quadrati.
2042 1584 2118 1636 Ex

430 1684 521 1739 his
541 1683 717 1753 igitur
746 1681 930 1736 causis
980 1697 1108 1734 cum
1147 1682 1207 1733 13
1240 1679 1444 1733 diesim
1485 1683 1689 1748 ponat,
1718 1675 1868 1746 quod
1900 1673 2121 1727 semito-

432 1772 589 1826 nium
619 1775 1007 1840 nuncupatur,
1051 1768 1334 1838 reliquam
1363 1770 1430 1822 27
1462 1765 1687 1819 numeri
1719 1769 1942 1835 partem
1991 1777 2119 1833 quas

433 1876 502 1914 ex
536 1861 599 1913 14
636 1858 952 1912 unitatibus
999 1856 1348 1921 continetur,
1392 1882 1417 1916 ι)
1447 1858 1713 1925 apotome
1760 1869 1881 1906 esse
1923 1850 2125 1904 consti-

434 1948 564 2003 tuit.
601 1947 708 2002 Sed
740 1946 1014 2017 quoniam
1056 1945 1206 1998 inter
1241 1946 1303 1998 13
1332 1949 1387 1997 et
1427 1945 1488 1996 14
1516 1943 1705 1998 unitas
1739 1939 2123 1995 differentiam

434 2038 587 2104 facit,
613 2036 891 2090 unitatem
924 2036 1051 2088 loco
1074 2032 1371 2088 commatis
1402 2036 1593 2085 censet
1623 2047 1743 2084 esse
1774 2030 2123 2100 ponendam,

434 2131 617 2180 totum
638 2141 770 2178 vero
796 2130 993 2177 tonum
1018 2124 1075 2176 in
1102 2126 1169 2177 27
1185 2121 1497 2175 unitatibus
1522 2121 1687 2186 locat,
1711 2136 1779 2173 eo
1800 2118 1952 2189 quod
1976 2118 2127 2170 inter

432 2218 536 2269 216
566 2231 630 2269 ac
656 2215 758 2268 243
792 2214 890 2285 qui
916 2213 1065 2267 inter
1089 2228 1146 2266 se
1179 2211 1392 2266 distant
1419 2215 1552 2264 tono
1583 2212 1649 2263 27
1673 2209 1743 2261 sit
1775 2207 2123 2262 differentia.

777 2344 908 2393 Toni
940 2344 1127 2393 divisio
1151 2342 1445 2391 secundum
1473 2340 1794 2389 Philolaum.

609 2462 1950 2961 θ
1541 2445 1834 2590 ’7?

1117 3036 1343 3092 CAPUT
1382 3038 1468 3092 Vl.

513 3128 720 3179 Tenum
746 3139 813 3177 ea:
842 3123 1049 3178 duobus
1078 3128 1375 3180 semitoniis
1402 3142 1465 3179 ac
1491 3132 1747 3181 commate
1779 3133 2042 3183 constare.

510 3214 587 3268 Ex
617 3212 825 3284 quibus
853 3213 1017 3266 facile
1058 3222 1299 3284 apparet
1331 3221 1532 3269 tonum
1560 3217 1785 3270 duobus
1816 3218 2137 3272 semitoniis

438 3302 759 3356 minoribus
792 3306 845 3355 et
884 3310 1167 3355 commate
1195 3310 1476 3357 constare.
1522 3305 1663 3358 Nam
1697 3305 1743 3357 si
1783 3310 1937 3359 totus
1968 3312 2138 3360 tonus

440 3406 510 3444 ex
551 3396 815 3460 apotome
862 3396 1084 3443 constat
1130 3407 1194 3444 ac
1223 3392 1546 3460 semitonio,
1595 3395 1963 3449 semitonium
2004 3411 2138 3449 vero

443 3477 513 3531 ab
543 3481 809 3547 apotome
834 3477 1023 3530 differt
1048 3484 1323 3532 commate
1362 3496 1375 3546 ;
1410 3479 1554 3533 nihil
1585 3488 1667 3535 est
1696 3483 1847 3536 aliud
1880 3488 2144 3553 apotome

442 3564 557 3619 nisi
586 3564 957 3618 semitonium
989 3565 1179 3619 minus
1219 3572 1275 3621 et
1321 3584 1564 3622 comma.
1608 3570 1666 3623 Si
1690 3571 1871 3640 igitur
1909 3573 2021 3626 duo
2050 3591 2142 3627 se-

444 3652 685 3707 mitonia
714 3652 938 3707 minora
969 3654 1038 3707 de
1070 3659 1207 3708 tono
1251 3656 1379 3726 quis
1423 3658 1663 3726 auferat,
1704 3674 1931 3713 comma
1958 3660 2024 3714 fit
2052 3677 2141 3715 re-

444 3742 692 3813 liquum.

1107 3833 1331 3888 CAPUT
1382 3834 1496 3889 VII.

447 3920 856 3989 Demonstratio,
883 3925 1070 3975 tonum
1089 3922 1296 3977 duobus
1320 3927 1619 3978 semitoniis
1641 3931 1897 3980 commate
1914 3928 2140 3982 distare.

2224 515 2571 582 continetur,
2608 520 2994 585 superantque
3019 530 3113 568 sex
3132 514 3255 568 toni
3286 514 3557 582 diapason
3590 530 3885 568 consonan-

2224 604 2362 659 tiam
2388 621 2504 658 uno
2521 608 2825 669 commate,
2857 620 2973 657 non
3001 608 3086 657 est
3114 603 3353 657 dubium
3378 602 3513 674 quin
3536 603 3683 656 tonis
3710 604 3886 673 quinis

2224 694 2296 748 ab
2321 699 2566 764 utroque
2592 692 2774 763 spatio
2813 692 3051 746 sublatis
3080 691 3221 746 fiant
3258 693 3479 762 reliqua
3527 707 3593 745 ex
3641 692 3888 762 diapason

2226 783 2461 853 quidem
2482 782 2594 836 duo
2613 781 2915 835 semitonia
2935 782 3178 849 minora,
3195 781 3265 835 de
3284 798 3383 835 sex
3401 797 3535 835 vero
3562 781 3709 834 tonis
3722 785 3887 834 tonus.

2224 874 2409 942 Atque
2440 871 2531 924 hic
2561 876 2729 924 tonus
2754 871 2877 925 haec
2905 871 3018 924 duo
3049 870 3353 925 semitonia
3392 886 3520 940 quin
3573 869 3888 939 relinquun-

2225 964 2318 1013 tur
2347 969 2367 993 θ
2397 960 2572 1013 vincit
2617 965 2920 1013 commate.
2960 959 3120 1023 Quod
3164 959 3212 1012 si
3244 958 3467 1012 duobus
3496 958 3713 1011 eisdem
3740 959 3889 1010 semi-

2225 1048 2398 1101 toniis
2424 1064 2648 1102 comma
2694 1052 3027 1119 reponatur,
3060 1048 3370 1119 aequabunt
3404 1052 3652 1116 tonum;
3699 1051 3895 1098 constat

2225 1136 2404 1206 igitur
2433 1152 2615 1191 unum
2646 1142 2847 1190 tonum
2875 1136 3097 1190 duobus
3137 1135 3452 1191 semitoniis
3491 1134 3811 1189 minoribus
3849 1140 3894 1187 et

2227 1226 2515 1293 commati,
2585 1225 2735 1296 quod
2786 1225 2846 1279 in
2908 1227 3046 1279 7153
3114 1225 3318 1296 primis
3382 1223 3703 1278 unitatibus
3768 1224 3897 1277 inve-

2227 1313 2404 1381 nitur,
2439 1314 2677 1385 (aquari.

2867 1511 3090 1566 CAPUT
3142 1510 3282 1566 VIII.

2546 1657 2618 1710 De
2654 1654 2951 1709 minoribus
2988 1657 3262 1709 semitonii
3290 1654 3624 1708 intervallis.

2162 1772 2202 1825 Β
2306 1798 2593 1853 Philolaus
2632 1798 2808 1869 igitur
2843 1798 2966 1853 haec
2998 1804 3171 1871 atque
3199 1799 3289 1854 his
3326 1800 3559 1854 minora
3588 1798 3768 1869 spatia
3796 1797 3899 1852 tali-

2234 1888 2339 1942 bus
2370 1886 2818 1941 diffinitionibus
2869 1888 3129 1943 includit.
3182 1888 3380 1955 Diesis,
3424 1889 3642 1959 inquit,
3695 1893 3776 1942 est
3801 1903 3903 1958 spa-

2234 1977 2380 2031 tium
2413 1993 2528 2047 quo
2560 1976 2746 2046 major
2771 1980 2858 2030 est
2885 1977 3250 2048 sesquitertia
3273 1978 3573 2048 proportio
3605 1977 3905 2031 duobusto-

2235 2065 2342 2120 nis.
2373 2064 2614 2118 Comma
2645 2081 2777 2118 vero
2804 2071 2888 2118 est
2918 2066 3168 2136 spatium
3193 2083 3307 2138 quo
3351 2068 3537 2137 major
3570 2071 3657 2120 est
3686 2065 3905 2136 sesquio-

2236 2160 2395 2207 ctava
2418 2154 2712 2223 proportio
2743 2153 2964 2207 duabus
2995 2154 3264 2223 diesibus,
3299 2156 3354 2209 id
3383 2161 3469 2210 est
3508 2155 3738 2209 duobus
3766 2153 3904 2207 semi-

2235 2242 2413 2295 toniis
2446 2241 2787 2295 minoribus.
2835 2242 3091 2296 Schisma
3139 2249 3222 2297 est
3251 2243 3562 2297 dimidium
3611 2241 3903 2296 commatis.

2239 2329 2586 2385 Diaschisma
2627 2346 2762 2384 vero
2786 2331 3091 2385 dimidium
3128 2333 3365 2401 dieseos,
3405 2333 3462 2386 id
3510 2338 3604 2386 est
3650 2328 3908 2385 semitonii

2238 2420 2495 2473 minoris.
2530 2419 2846 2490 Ex‘quibus
2889 2421 3030 2474 illud
3080 2422 3387 2489 colligitur,
3433 2421 3717 2492 quoniam
3764 2425 3909 2473 tonus

2241 2514 2475 2584 quidem
2504 2513 2778 2567 dividitur
2819 2514 3215 2584 principaliter
3242 2515 3304 2567 in
3349 2516 3721 2568 semitonium
3748 2514 3910 2567 minus

2240 2609 2417 2669 atque
2450 2608 2775 2673 apotomen.
2810 2604 3089 2658 Dividitur
3119 2604 3291 2658 etiam
3325 2604 3384 2657 in
3415 2605 3530 2657 duo
3566 2603 3852 2657 semitonia
3869 2606 3912 2653 et

2239 2706 2486 2755 comma,
2519 2706 2633 2760 quo
2664 2690 2730 2743 fit
2761 2697 2820 2744 ut
2851 2691 3140 2745 dividatur
3166 2692 3226 2745 in
3259 2699 3508 2763 quatuor
3540 2693 3911 2746 diaschismata

2240 2785 2297 2833 et
2324 2795 2570 2833 comma.
2604 2780 2898 2850 [ntegrum
2921 2796 3055 2834 vero
3084 2781 3391 2836 dimidium
3421 2782 3545 2834 toni
3576 2781 3731 2852 quod
3753 2784 3829 2832 est
3849 2794 3913 2830 se-

2241 2869 2570 2933 mitonium,
2595 2874 2811 2923 constat
2834 2885 2899 2922 ex
2932 2869 3156 2924 duobus
3182 2871 3710 2935 diaschismatihus,
3741 2874 3765 2912 d
3786 2867 3912 2938 quod

2242 2963 2328 3011 est
2350 2973 2531 3010 unum
2565 2957 2937 3011 semitonium
2970 2960 3182 3026 minus,
3211 2963 3269 3012 et
3307 2960 3640 3023 schismate,
3677 2958 3820 3029 quod
3846 2962 3915 3008 est

2244 3046 2547 3100 dimidium
2574 3048 2895 3099 commatis.
2929 3047 3211 3111 Quoniam
3241 3060 3263 3085 ο
3308 3064 3439 3101 cum
3470 3055 3633 3101 totus
3681 3055 3837 3100 tonus
3861 3060 3913 3097 ex

2171 3122 2212 3174 Ο
2246 3134 2469 3188 duobus
2500 3135 2820 3188 semitoniis
2852 3136 3168 3190 minoribus
3201 3140 3259 3190 et
3295 3143 3581 3190 commate
3609 3134 3915 3205 conjunctus

2242 3228 2345 3289 est,
2375 3222 2419 3276 si
2452 3223 2579 3292 quis
2610 3223 2668 3276 id
2698 3223 2924 3293 integre
2964 3224 3211 3278 dividere
3241 3225 3395 3291 velit,
3436 3224 3615 3278 faciet
3644 3238 3817 3277 unum
3847 3235 3916 3273 se-

2246 3310 2552 3363 mitonium
2586 3311 2777 3366 minus
2812 3313 3225 3384 commatisque
3257 3313 3583 3367 dimidium.
3628 3312 3733 3367 Sed
3762 3325 3915 3364 unum

2249 3398 2624 3452 semitonium
2675 3399 2866 3454 minus
2932 3400 3211 3455 dividitur
3248 3401 3311 3455 iu
3371 3402 3484 3456 duo
3543 3401 3913 3455 diachismata.

2251 3487 2562 3542 Dimidium
2608 3504 2742 3543 vero
2791 3491 3091 3544 commatis
3141 3506 3321 3544 unum
3360 3491 3610 3544 schisma
3640 3492 3740 3543 est.
3773 3489 3917 3540 Recte

2250 3575 2429 3646 igitur
2462 3577 2674 3630 dictum
2724 3584 2811 3631 est
2845 3579 3070 3649 integre
3117 3580 3423 3633 dimidium
3471 3583 3680 3632 tonum
3725 3578 3781 3629 in
3826 3574 3918 3627 duo

2251 3664 2653 3719 diaschismata
2695 3673 2865 3737 atque
2884 3684 3068 3721 unum
3099 3669 3346 3722 schisma
3380 3684 3543 3739 posse
3567 3667 3788 3738 partiri.
3818 3665 3919 3726 Quo

2252 3755 2317 3807 fit
2349 3761 2408 3807 ut
2437 3755 2730 3826 integrum
2757 3758 3132 3811 semitonium
3163 3775 3195 3811 a
3226 3759 3445 3811 minore
3482 3754 3787 3810 semitonio
3825 3767 3920 3806 uno

2250 3844 2551 3897 schismate
2586 3845 2813 3899 differre
2830 3847 3108 3914 videatur,
3144 3854 3410 3917 apotome
3443 3852 3639 3900 autem
3662 3862 3696 3897 a
3724 3843 3921 3897 minore

2255 3932 2557 3985 semitonio
2609 3934 2832 3988 duobus
2867 3936 3270 3991 scliismatibus
3303 3936 3513 4003 differt,
3555 3934 3745 3989 differt
3791 3931 3921 3984 enim

520 4008 676 4063 Idem
697 4026 829 4063 vero
852 4011 958 4065 hoc
972 4026 1201 4082 quoque
1220 4012 1558 4082 probabitur
1578 4014 1769 4068 modo.
1793 4016 1934 4069 Nam
1958 4017 2005 4069 si
2026 4018 2141 4071 dia-
2180 4019 2223 4072 D
2252 4028 2535 4075 commate
2556 4041 2571 4089 ;
2590 4024 2683 4076 sed
2700 4023 2814 4078 duo
2837 4024 3146 4079 schismata
3166 4040 3347 4079 unum
3366 4024 3679 4095 perficiunt
3706 4033 3921 4075 comma.

1288 4170 1466 4220 Media
1492 4172 1604 4220 toni
1632 4186 1752 4235 pars

1344 4737 1382 4771 >s
1461 4725 1689 4774 medium
1725 4727 1929 4775 dieseos
2103 4731 2164 4775 sc‘

1172 4425 1238 4473 ex
1267 4413 1396 4462 diesi
1420 4418 1472 4465 et
1500 4416 1779 4473 schismate

921 4719 1150 4768 medium
1182 4722 1382 4771 dieseos
1414 4719 1427 4776 l
1461 4725 1689 4774 medium
1725 4727 1929 4776 dieseos

2103 4625 2491 4779 schisnf\

2838 4182 3015 4234 Media
3039 4185 3301 4255 toni.pars

3142 4733 3375 4782 medium
3405 4733 3610 4783 dieseos

2550 4733 2783 4781 medium
2811 4731 3015 4781 dieseos

465 4786 2301 4819 __________________________

461 4918 2187 4953 Μή*

1497 5228 2033 5317 ιιζᾱίιοιιίιιψὶηέἓὲἒ

711 5376 716 5389 1

1820 5252 1852 5287 [ι
1877 5252 2049 5285 ωιηνῗ

1820 5303 1899 5343 tor
1929 5288 2044 5333 ίοω
2087 5277 2221 5343 93/

1266 4958 1615 5010 hemitonium
1640 4962 1818 5013 minus
2062 4964 2131 5018 ,\
2232 4981 2438 5018 comma

1625 5225 1852 5291 mum
1876 5225 2050 5291 mni“?
2087 5225 2398 5291 ..-τὶχῆ

2827 4970 3188 5083 hemitondium
3220 4973 3398 5022 minus

3092 5047 3215 5083 iesis

3092 5047 3215 5083 18315

2416 5238 2524 5285 3'1“
2550 5234 2620 5280 ‘1’
2648 5250 2658 5281 I
2688 5252 2715 5285 '1
2768 5246 2924 5292 YIU'H

2432 5300 2635 5352 apotome
2662 5302 2806 5357 major
2838 5310 2931 5353 ιοηί
2959 5324 3065 5369 μη

521 5637 546 5664 ⁸
600 5635 741 5687 Haec.
813 5638 838 5678 Ι»
887 5640 1203 5709 Apotomen.
1264 5654 1285 5679 ο
1355 5647 1561 5732 Vincet.
1626 5654 1650 5696 ἀ
1708 5656 1825 5712 Νοη
1888 5657 2124 5715 habetur.

2267 5665 2446 5721 Enim.
