4130 6180
483 259 623 312 1235
1814 259 1926 312 AN.
1972 257 2186 314 MANL.

2239 258 2389 314 SEV.
2435 257 2669 314 BOETII
3814 266 3921 317 1236

484 380 698 444 minus,
725 379 798 452 id
822 379 969 449 quod
996 383 1079 431 est
1108 382 1153 432 Α
1174 381 1237 445 Ι),
1265 379 1494 432 remitto
1524 380 1590 432 ad
1626 381 1668 433 Ι)
1702 385 1903 433 tonum
1950 382 2049 451 qui
2080 386 2167 435 est
2202 386 2249 437 Α
2280 381 2461 451 spatio
2491 380 2854 452 relinquitur.
2907 382 3124 435 Rursus
3155 382 3389 437 remitto
3440 384 3775 439 diatessaron
3815 393 3850 442 Α
3870 392 3917 451 G,

484 454 525 505 Ι)
552 453 619 505 Ε.
649 451 766 504 Erit
785 450 965 519 igitur
995 452 1031 503 E
1062 453 1104 504 Α
1135 468 1201 503 ea
1224 467 1396 520 quam
1428 452 1778 521 requirimus
1804 450 2096 521 apotome.

1331 580 1790 802 suamnam

1331 754 1436 787 Inus
1458 742 1701 788 iutensum

1278 742 1436 787 minus
1458 742 1701 788 iutensum

570 904 1878 930 Ἡ.
1281 904 1288 913 Ι
1788 926 1796 930 Α
1895 914 1904 922 ¹
1957 912 1968 922 ¹

487 1282 569 1337 Sit
602 1276 962 1351 propositum
995 1289 1018 1317 a
1047 1274 1105 1351 in
1137 1278 1357 1351 acutam
1386 1276 1622 1351 partem
1667 1287 1895 1351 comma
1936 1285 2184 1351 sumere,

488 1355 553 1407 tit
582 1342 853 1413 sonusA;
901 1346 1137 1399 intendo
1174 1350 1478 1414 apotomen
1509 1349 1556 1399 Α
1589 1345 1647 1409 Β,
1692 1344 1927 1396 remitto
1960 1342 2190 1395 semito-

488 1425 649 1477 nium
679 1420 868 1472 minus
902 1420 938 1471 Β
970 1418 1027 1483 C,
1066 1424 1121 1470 et
1148 1417 1421 1486 quoniam
1466 1416 1845 1468 semitonium
1914 1418 2183 1484 apotome

488 1495 679 1548 minus
709 1496 794 1544 est
823 1494 1124 1554 commate,
1158 1504 1381 1540 comma
1403 1487 1510 1540 erit
1535 1488 1575 1539 C
1604 1489 1672 1539 A.

939 687 1161 740 apctome
1338 580 1790 802 semilom

889 730 900 835 ί
974 742 1133 803 gravis
1204 724 1701 832 [minusiutensum

889 749 900 835 ί
974 749 1133 803 gravis
1204 749 1504 832 Kmmusiu

1070 1646 1143 1678 /
1576 1728 1586 1741 ι
1606 1676 1625 1689 \
1636 1692 1643 1697 ἡ

817 1812 821 1817 '
1550 1764 1689 1856 ’ὴλῗτᾉ
1708 1822 1758 1860 κν

947 1904 975 1921 ⁴
1671 1860 1744 1895 κ

888 1896 967 1967 ιο
978 1926 1083 1966 ma.

500 2568 718 2621 Rursus
748 2561 818 2616 ad
849 2574 1076 2630 gravem
1107 2562 1328 2627 partem
1353 2557 1460 2611 hoc
1489 2556 1656 2610 modo
1688 2556 1936 2630 intendo
1970 2572 1998 2630 _:
2032 2555 2104 2609 ab
2143 2556 2189 2611 Α

502 2653 641 2691 sono
664 2627 1033 2688 semitonium
1062 2630 1273 2693 minus,
1307 2630 1365 2682 id
1387 2630 1540 2699 quod
1573 2633 1659 2681 est
1708 2631 1751 2681 Α
1776 2628 1841 2691 D,
1871 2627 1943 2699 ad
1970 2627 2023 2699 Ι)
2050 2642 2186 2699 vero

502 2708 736 2762 remitto
789 2707 1116 2775 apotomen,
1178 2701 1234 2754 id
1283 2698 1437 2771 quod
1493 2704 1578 2753 est
1629 2701 1670 2753 D
1703 2700 1760 2753 Ε.
1831 2698 1951 2752 Erit
2014 2698 2190 2768 igitur

502 2794 728 2833 comma
759 2778 798 2832 C
819 2779 884 2828 A.

1360 2934 1395 2951 Ι
1723 2942 1739 2955 \

1360 2934 1860 3115 somitouium\

1372 3080 1487 3115 imm
1541 3076 1745 3115 intonsa

1314 3080 1487 3122 minus
1541 3076 1745 3120 intonsa

977 2923 1031 2940 ,—

916 2924 1167 3009 /’\

901 3026 905 3033 '
936 3028 1027 3057 rm:
1056 3029 1136 3061 n‘n
1168 3018 1187 3075 Χ

1767 3142 1872 3195 nl

942 3157 950 3164 '
1018 3136 1765 3215 ‘alAT—I—ﬂ—I:

880 3218 981 3327 Χ,
1169 3272 1405 3325 τιλιιδὶοιηρ
1431 3264 1646 3313 remissa
1748 3212 1869 3334 /

984 3330 1089 3405 \\g
1544 3334 1748 3447 /

958 3092 1095 3115 «"trw

1190 3446 1195 3447 γ
1216 3452 1301 3467 Χὲῗ

1160 3539 1386 3591 CAPUT
1426 3540 1486 3591 X.

930 3629 1137 3693 Regula
1183 3627 1432 3681 sumendi
1472 3628 1762 3681 semitonii.

582 3719 819 3789 Oportet
847 3733 979 3771 vero
1024 3717 1127 3770 has
1184 3732 1385 3770 omnes
1443 3716 1850 3770 consonantias
1916 3716 2023 3769 rite
2084 3733 2204 3770 esse

512 3809 703 3861 animo
734 3812 903 3878 atque
928 3806 1160 3860 auribus
1219 3810 1411 3872 notas;
1446 3805 1657 3858 frustra
1710 3805 1865 3859 enim
1932 3807 2053 3860 haec
2115 3822 2205 3859 ra-

511 3898 667 3952 tione
700 3902 755 3951 et
787 3897 1021 3951 scientia
1051 3896 1430 3967 colliguntur;
1476 3894 1585 3946 nisi
1644 3893 1859 3947 fuerint
1886 3910 1995 3948 usu
2038 3900 2207 3966 atque

513 3986 916 4041 exercitatione
948 3986 1263 4040 notissima.
1300 3987 1368 4039 Ut
1392 4001 1524 4038 vero
1560 3984 1614 4038 id
1651 3984 1803 4053 quod
1846 3985 2207 4039 institutione

513 4077 746 4131 musica:
771 4077 958 4131 adorsi
985 4094 1182 4130 sumus
1206 4092 1325 4130 non
1372 4091 1505 4130 mox
1555 4075 1812 4141 auribus,
1887 4075 2041 4145 quod
2084 4075 2208 4145 jam

512 4172 911 4236 provectorum
938 4167 999 4219 in
1030 4166 1247 4219 musica
1277 4169 1381 4221 est.
1410 4165 1508 4218 sed
1551 4164 1774 4217 ratione
1806 4163 2039 4218 interim
2081 4180 2210 4217 cen-

514 4260 724 4323 seatur,
758 4272 941 4310 unum
972 4255 1235 4309 dabimus
1264 4254 1594 4324 exemplum
1621 4252 1954 4307 inveniendi
2010 4253 2207 4322 spatii,

514 4345 669 4416 quod
698 4345 923 4399 videtur
954 4361 1075 4398 esse
1108 4345 1279 4414 paulo
1304 4342 1613 4407 difﬁcilius,
1661 4342 1873 4395 scilicet
1916 4342 2209 4416 semitonii

514 4433 773 4499 minoris,
806 4438 872 4486 ut
904 4433 965 4485 in
994 4438 1302 4501 utramque
1334 4436 1575 4501 partem,
1611 4436 1837 4484 acutam
1877 4404 2093 4484 scilicet
2123 4435 2207 4484 at-

513 4537 625 4591 que
658 4537 910 4592 gravem,
936 4526 1058 4575 rato
1077 4521 1467 4591 possitordine
1498 4520 1759 4590 reperiri.
1810 4520 1893 4574 Sit
1936 4520 2206 4574 diatessa-

514 4625 621 4663 ron
649 4614 695 4664 A
726 4612 765 4663 Β
799 4627 812 4663 :
847 4615 1075 4681 oportet
1104 4610 1283 4679 igitur
1314 4610 1463 4663 circa
1486 4609 1535 4665 Α
1559 4609 1598 4662 Β
1619 4611 1643 4651 ί)
1674 4625 1982 4662 consonam
2018 4609 2209 4663 minus

516 4699 890 4753 semitonium
923 4700 992 4753 ad
1026 4699 1347 4768 graviorem
1382 4704 1601 4767 partem
1635 4698 2070 4769 acutioremque
2117 4699 2210 4752 de-

520 4788 750 4840 ducere.
776 4789 1014 4841 Intendo
1037 4788 1216 4859 igitur
1251 4789 1288 4841 Β
1321 4787 1748 4841 Cdiatessaron.
1780 4788 2030 4841 Remitto
2073 4804 2209 4842 rur-

518 4892 610 4928 sus
641 4876 904 4945 diapente
936 4878 975 4931 C
1010 4878 1074 4931 D.
1110 4877 1228 4929 Erit
1249 4876 1427 4945 igitur
1450 4880 1616 4928 tonus
1641 4877 1679 4930 Β
1734 4876 1808 4941 D;
1852 4875 2209 4929 diatessaron

518 4964 671 5018 enim
702 4966 1079 5019 consonantia
1101 4981 1133 5017 a
1155 4966 1423 5035 diapente
1465 4965 1833 5018 consonantia
1864 4968 2001 5017 tono
2041 4980 2209 5033 supe-

519 5058 698 5119 ratur,
730 5056 786 5106 et
814 5054 853 5108 C
887 5055 926 5107 Β
957 5054 1205 5124 spatium
1229 5054 1297 5107 ab
1326 5055 1365 5108 C
1402 5057 1443 5107 Ι)
1468 5053 1649 5124 spatio
1688 5055 1725 5106 Β
1762 5054 1802 5107 Ι)
1835 5054 2018 5124 spatio
2050 5058 2205 5107 tran-

517 5142 826 5198 scenditur.
862 5143 1079 5196 Rursus
1106 5142 1343 5196 intendo
1376 5144 1730 5196 diatessaron
1770 5144 1812 5196 D
1862 5144 1922 5203 E,
1976 5143 2208 5196 remitto

517 5238 708 5288 autem
739 5232 1001 5303 diapente
1027 5232 1066 5285 E
1098 5232 1153 5284 F.
1202 5233 1391 5285 'I‘ouus
1432 5238 1517 5285 est
1546 5232 1723 5302 igitur
1778 5234 1819 5286 υ
1855 5232 1911 5285 Β.
1946 5232 2055 5286 Sed
2087 5234 2128 5287 D
2170 5234 2209 5287 Β

515 5329 686 5377 tonus
717 5327 854 5377 erat.
889 5319 1269 5376 Semitonium
1301 5320 1478 5389 igitur
1509 5321 1699 5374 minus
1740 5326 1825 5374 est
1875 5324 1921 5374 Α
1944 5321 2002 5387 Β,
2030 5322 2205 5390 quod,

517 5414 844 5468 substractis
875 5411 1099 5468 duobus
1121 5410 1271 5463 touis
1300 5412 1339 5466 F
1367 5412 1429 5476 Ι),
1468 5413 1504 5465 Β
1537 5410 1578 5463 D
1613 5410 1685 5465 ab
1706 5414 1752 5466 Α
1788 5412 1826 5464 Β
1855 5410 2207 5465 diatessaron

587 5581 611 5611 ι
634 5569 748 5623 Λᾶ.
781 5596 806 5631 ι,
837 5570 1275 5625 Consonantiam.
1308 5579 1333 5609 ο
1361 5569 1703 5635 1ntelligz’t.d
1733 5569 2130 5637 Conjungatur.

2289 472 2523 525 intendo
2545 471 2814 541 diapente
2849 471 2889 525 G
2914 473 2977 525 ll.
3010 470 3125 525 Erit
3155 471 3389 541 igiturA
3416 475 3457 526 Η
3489 479 3669 528 tonus.
3703 476 3801 530 Sed
3827 484 3921 531 erat

2290 564 2335 613 Α
2366 561 2404 613 Β
2432 560 2824 613 semitonium.
2862 560 2979 613 Erit
3035 560 3214 629 igitur
3249 562 3285 613 F
3326 562 3367 615 Η
3423 568 3698 633 apotome.
3746 566 3921 620 Rursus

2288 650 2519 703 remitto
2533 649 2886 703 diatessaron
2904 652 2944 702 A
2980 650 3047 715 K,
3068 649 3302 703 intendo
3330 650 3658 721 diapenteK
3687 654 3721 707 L
3748 670 3760 707 ε
3789 658 3922 709 tonus

2291 736 2470 807 igitur
2489 742 2573 790 est
2605 738 2645 790 Η
2677 738 2733 790 L.
2772 738 2902 790 Erat
2932 742 3122 790 autem
3175 741 3344 791 tonus
3388 740 3432 793 Η
3475 741 3543 794 Α.
3601 739 3922 796 Semitonium

2292 827 2470 897 igitur
2500 826 2688 879 minus
2718 832 2801 879 est
2832 827 2870 879 L
2903 826 2960 879 Β.
2988 827 3093 880 Sed
3128 832 3249 881 erat
3273 832 3442 881 tonus
3476 829 3516 882 Β
3549 830 3609 882 Ι).
3648 829 3755 883 Erit
3785 830 3923 901 igitur

2293 916 2313 967 Ι
2347 916 2390 969 D
2424 920 2712 985 apotome.
2747 915 3211 970 Rursusintendo
3242 915 3601 971 diatessaron
3631 918 3667 971 F
3696 921 3757 973 Μ.
3785 919 3924 973 Semi-

2294 1005 2517 1057 tonium
2550 1004 2725 1075 igitur
2755 1008 2835 1058 est
2868 1006 2906 1059 Β
2926 1005 2997 1058 Μ.
3032 1005 3279 1059 Remitto
3305 1005 3661 1060 diatessaron
3689 1007 3724 1061 L
3754 1008 3816 1074 N;
3857 1025 3925 1062 se-

2295 1093 2599 1147 mitonium
2628 1094 2806 1163 igitur
2836 1098 2921 1148 est
2963 1094 3005 1147 N
3043 1095 3108 1149 A.
3164 1095 3273 1148 Per
3319 1097 3747 1151 consonantiam
3789 1097 3923 1167 igitur

2296 1189 2525 1253 sumpta
2556 1189 2689 1236 sunt
2718 1184 2865 1236 circa
2897 1185 2943 1236 Α
2978 1185 3017 1237 Β
3070 1183 3443 1245 diatessaron,
3496 1186 3609 1239 dua
3660 1186 3925 1251 semitonia,

2296 1274 2337 1325 Β
2366 1274 2415 1327 Μ
2446 1272 2678 1343 quidem
2693 1272 2761 1326 ad
2782 1277 3044 1340 acutum;
3071 1274 3113 1327 N
3139 1277 3186 1328 Α
3214 1290 3345 1327 vero
3367 1274 3439 1328 ad
3473 1290 3701 1345 gravem
3722 1279 3929 1346 partem;

2297 1366 2598 1431 totumque
2640 1363 2687 1417 Μ
2720 1361 2767 1415 Ν
2798 1361 2989 1415 minus
3023 1367 3109 1415 est
3163 1379 3336 1433 quam
3388 1363 3679 1433 diapente.
3744 1363 3931 1416 Constat

2300 1451 2453 1504 enim
2480 1468 2547 1505 ex
2573 1451 2827 1524 quinque
2858 1451 3195 1515 semitoniis,
3228 1459 3283 1507 et
3309 1456 3583 1523 apotome
3607 1450 3866 1522 geminata
3880 1467 3928 1503 ex

2302 1540 2528 1594 duobus
2554 1540 2732 1610 igitur
2762 1540 2913 1593 tonis
2944 1544 2999 1593 et
3029 1540 3209 1593 tribus
3266 1540 3590 1594 semitoniis
3636 1540 3929 1599 minoribus;

2302 1635 2360 1685 et
2391 1629 2667 1701 quoniam
2698 1630 2811 1683 duo
2843 1628 3149 1683 semitonia
3180 1645 3363 1684 unum
3390 1634 3597 1684 tonum
3627 1628 3840 1699 implere
3864 1644 3935 1681 ne-

2234 1732 2274 1784 B
2308 1723 2543 1791 queunt,
2578 1720 2675 1773 sed
2715 1718 3062 1790 relinquitur
3090 1734 3332 1787 comma,
3370 1723 3561 1774 totum
3586 1719 3635 1773 Μ
3665 1719 3706 1773 Ν
3736 1716 3935 1788 spatium

2307 1810 2499 1864 minus
2528 1811 2613 1863 est
2642 1808 2824 1879 spatio
2844 1808 3108 1879 diapente
3131 1809 3523 1863 consonantiae
3548 1824 3659 1863 uno
3684 1808 3929 1863 commate.

2304 1898 2466 1963 Quod
2496 1898 2763 1953 facillime
2792 1897 3034 1969 diligens
3056 1896 3233 1952 lector
3260 1911 3285 1940 ο
3314 1897 3623 1969 intelliget.

2372 3401 2478 3455 Sed
2502 3402 2776 3472 quoniam
2815 3402 3118 3472 paululum
3170 3403 3239 3457 de
3268 3403 3575 3458 commatis
3612 3402 3810 3457 ratione
3836 3411 3951 3468 prae-

2311 3490 2576 3558 diximus,
2597 3495 2812 3545 nonest
2835 3491 3259 3561 diﬂugiendum
3289 3497 3346 3546 et
3376 3492 3439 3546 in
3464 3492 3617 3565 quali
3639 3486 3947 3563 proportione

2310 3578 2463 3632 idem
2494 3579 2684 3649 ipsum
2715 3597 2938 3634 comma
2958 3581 3325 3635 contineatur
3356 3582 3683 3637 ostendere.
3726 3580 3805 3633 Est
3830 3574 3945 3629 enim

2313 3684 2537 3721 comma
2550 3670 2705 3739 quod
2728 3670 2993 3723 ultimum
3017 3672 3508 3741 comprehendere
3531 3671 3701 3743 possit
3739 3666 3940 3725 auditus,

2315 3757 2735 3830 dicendumque
2767 3764 2851 3812 est
2881 3760 3250 3814 semitonium
3285 3761 3480 3816 minus
3520 3778 3583 3815 ac
3628 3754 3938 3815 semitonium

2316 3848 2519 3918 majus,
2554 3849 2780 3919 quantis
2820 3849 3115 3920 silligatim
3163 3851 3545 3905 commatibus
3606 3853 3839 3903 constare
3878 3840 3941 3891 vi-

2317 3936 2577 3989 deantur.
2604 3938 2730 4006 Ipse
2763 3954 2993 4008 quoque
3025 3942 3194 3992 tonus
3227 3940 3461 4010 quantis
3513 3954 3701 3994 rursus
3741 3944 3941 3988 comma—

2317 4024 2515 4078 tibusd
2541 4027 2926 4096 conjungitur.
2961 4029 3037 4081 Ac
3065 4029 3319 4098 primum
3351 4028 3489 4084 hinc
3523 4025 3835 4083 conveniens
3868 4033 3940 4072 su-

2318 4118 2508 4169 matur
2533 4115 2784 4169 initium.

2247 4324 2290 4377 θ
2984 4362 3207 4418 CAPUT
3246 4365 3331 4418 x1.

2316 4592 2732 4655 Demonstratio,
2759 4590 3015 4660 Archytae
3039 4593 3595 4660 superparticularem
3634 4593 3689 4644 in
3729 4600 3862 4652 zqua
3886 4580 3950 4633 di-

2600 4678 2719 4733 uidi
2747 4694 2853 4732 non
2884 4694 3056 4748 posse,
3089 4681 3312 4751 ejusque
3348 4682 3707 4751 reprehensio.

2387 4876 2931 4948 Superparticularis
2960 4877 3257 4947 proportio
3288 4878 3471 4932 scindi
3515 4879 3574 4933 in
3604 4890 3757 4947 aequa
3794 4866 3945 4925 medio

2317 4966 2823 5037 proportionaliter
2852 4964 3191 5036 interposito
3244 4983 3487 5022 numero
3536 4982 3645 5021 non
3690 4964 3869 5033 potest.
3897 4953 3943 5007 Id

2318 5072 2447 5109 vero
2480 5054 2766 5124 posterius
2808 5054 3053 5108 ﬁrmiter
3077 5055 3578 5110 demoustrabitur.
3615 5055 3778 5118 Quam
3822 5043 3940 5101 enim

2317 5144 2868 5198 demonstrationem
2903 5143 3066 5213 ponit
3092 5146 3387 5215 Archytas,
3437 5145 3676 5198 nimium
3703 5140 3837 5194 ﬂuxa
3864 5134 3943 5185 est-

2318 5236 2446 5288 Haec
2472 5248 2603 5286 vero
2634 5237 2719 5287 est
2746 5232 3075 5303 hujusmodi
3108 5251 3121 5288 :
3148 5234 3250 5302 Sit,
3299 5234 3505 5305 inquit,
3578 5223 3942 5303 superparticu-

2317 5322 2450 5375 laris
2478 5321 2774 5391 proportio
2822 5324 2870 5375 Α
2924 5324 2981 5376 Β.
3036 5322 3210 5377 Sumo
3264 5323 3324 5377 in
3353 5324 3554 5378 eadem
3605 5314 3931 5392 proportione

2317 5411 2586 5466 minimos
2606 5412 2646 5466 C
2675 5413 2732 5467 E.
2761 5412 3045 5476 Quoniam
3074 5412 3249 5485 igitur
3282 5418 3415 5467 sunt
3445 5409 3663 5468 minimi
3690 5408 3743 5462 in
3770 5401 3932 5459 eadem
