  <div class='ocr_page' id='page_1' title='image "/cluster/home/n/w/nwhite01/storage/ocr_20150623/63/hvd.32044073498800/624.png"; bbox 0 0 4104 6176; ppageno 0'>
   <div class='ocr_carea' id='block_1_1' title="bbox 200 283 345 336">
    <p class='ocr_par' dir='ltr' id='par_1_1' title="bbox 200 283 345 336">
     <span class='ocr_line' id='line_1_1' title="bbox 200 283 345 336; baseline 0.021 -3"><span class='ocrx_word' id='word_1_1' title='bbox 200 283 345 336; x_wconf 75' lang='grc'>1237</span> 
     </span>
    </p>
   </div>
   <div class='ocr_carea' id='block_1_2' title="bbox 1643 283 2353 343">
    <p class='ocr_par' dir='ltr' id='par_1_2' title="bbox 1643 283 2353 343">
     <span class='ocr_line' id='line_1_2' title="bbox 1643 283 2353 343; baseline -0.001 -7"><span class='ocrx_word' id='word_1_2' title='bbox 1643 283 1734 336; x_wconf 87' lang='lat' dir='ltr'><strong>DE</strong></span> <span class='ocrx_word' id='word_1_3' title='bbox 1772 283 2027 343; x_wconf 82' lang='lat' dir='ltr'><strong>MUSICA</strong></span> <span class='ocrx_word' id='word_1_4' title='bbox 2069 283 2205 337; x_wconf 87' lang='lat' dir='ltr'><strong>LIB.</strong></span> <span class='ocrx_word' id='word_1_5' title='bbox 2256 284 2353 337; x_wconf 88' lang='lat' dir='ltr'><strong>III.</strong></span> 
     </span>
    </p>
   </div>
   <div class='ocr_carea' id='block_1_3' title="bbox 3568 284 3701 336">
    <p class='ocr_par' dir='ltr' id='par_1_3' title="bbox 3568 284 3701 336">
     <span class='ocr_line' id='line_1_3' title="bbox 3568 284 3701 336; baseline -0.008 0"><span class='ocrx_word' id='word_1_6' title='bbox 3568 284 3701 336; x_wconf 80' lang='lat' dir='ltr'><strong>I238</strong></span> 
     </span>
    </p>
   </div>
   <div class='ocr_carea' id='block_1_4' title="bbox 190 404 3697 479">
    <p class='ocr_par' dir='ltr' id='par_1_4' title="bbox 190 404 3697 479">
     <span class='ocr_line' id='line_1_4' title="bbox 190 404 3697 479; baseline -0.001 -17"><span class='ocrx_word' id='word_1_7' title='bbox 190 406 575 479; x_wconf 82' lang='lat' dir='ltr'><strong>proportione</strong></span> <span class='ocrx_word' id='word_1_8' title='bbox 603 406 643 459; x_wconf 90' lang='lat' dir='ltr'>C</span> <span class='ocrx_word' id='word_1_9' title='bbox 674 406 734 471; x_wconf 92' lang='lat' dir='ltr'><strong>E,</strong></span> <span class='ocrx_word' id='word_1_10' title='bbox 776 407 832 458; x_wconf 85' lang='lat' dir='ltr'><strong>et</strong></span> <span class='ocrx_word' id='word_1_11' title='bbox 862 407 995 458; x_wconf 89' lang='lat' dir='ltr'><strong>sunt</strong></span> <span class='ocrx_word' id='word_1_12' title='bbox 1021 404 1585 475; x_wconf 87' lang='lat' dir='ltr'><strong>superparticulares,</strong></span> <span class='ocrx_word' id='word_1_13' title='bbox 1625 406 1664 458; x_wconf 87' lang='lat' dir='ltr'><strong>E</strong></span> <span class='ocrx_word' id='word_1_14' title='bbox 1685 421 1887 460; x_wconf 88' lang='lat' dir='ltr'><strong>nume-</strong></span> <span class='ocrx_word' id='word_1_15' title='bbox 1926 409 1971 461; x_wconf 85' lang='lat' dir='ltr'><strong>A</strong></span> <span class='ocrx_word' id='word_1_16' title='bbox 1999 409 2168 477; x_wconf 86' lang='lat' dir='ltr'><strong>atque</strong></span> <span class='ocrx_word' id='word_1_17' title='bbox 2200 407 2238 459; x_wconf 89' lang='lat' dir='ltr'>C</span> <span class='ocrx_word' id='word_1_18' title='bbox 2263 404 2560 459; x_wconf 88' lang='lat' dir='ltr'><strong>commatis</strong></span> <span class='ocrx_word' id='word_1_19' title='bbox 2582 405 2878 475; x_wconf 83' lang='lat' dir='ltr'><strong>proportio</strong></span> <span class='ocrx_word' id='word_1_20' title='bbox 2910 404 3252 458; x_wconf 82' lang='lat' dir='ltr'><strong>continetur.</strong></span> <span class='ocrx_word' id='word_1_21' title='bbox 3278 404 3487 459; x_wconf 77' lang='lat' dir='ltr'><strong>Aufero</strong></span> <span class='ocrx_word' id='word_1_22' title='bbox 3516 405 3697 476; x_wconf 82' lang='lat' dir='ltr'><strong>igitur</strong></span> 
     </span>
    </p>
   </div>
   <div class='ocr_carea' id='block_1_5' title="bbox 193 494 1891 564">
    <p class='ocr_par' dir='ltr' id='par_1_5' title="bbox 193 494 1891 564">
     <span class='ocr_line' id='line_1_5' title="bbox 193 494 1891 564; baseline -0.001 -13"><span class='ocrx_word' id='word_1_23' title='bbox 193 514 299 551; x_wconf 88' lang='lat' dir='ltr'><strong>rus</strong></span> <span class='ocrx_word' id='word_1_24' title='bbox 335 498 373 551; x_wconf 88' lang='lat' dir='ltr'>C</span> <span class='ocrx_word' id='word_1_25' title='bbox 399 511 703 549; x_wconf 84' lang='lat' dir='ltr'><strong>numerum</strong></span> <span class='ocrx_word' id='word_1_26' title='bbox 730 497 887 564; x_wconf 87' lang='lat' dir='ltr'><strong>parte</strong></span> <span class='ocrx_word' id='word_1_27' title='bbox 927 504 951 527; x_wconf 65' lang='grc' dir='ltr'><strong>τι</strong></span> <span class='ocrx_word' id='word_1_28' title='bbox 977 510 1090 547; x_wconf 89' lang='lat' dir='ltr'><strong>una</strong></span> <span class='ocrx_word' id='word_1_29' title='bbox 1123 510 1223 547; x_wconf 87' lang='lat' dir='ltr'><strong>sua</strong></span> <span class='ocrx_word' id='word_1_30' title='bbox 1253 494 1490 564; x_wconf 82' lang='lat' dir='ltr'><strong>ejusque</strong></span> <span class='ocrx_word' id='word_1_31' title='bbox 1521 495 1891 549; x_wconf 84' lang='lat' dir='ltr'><strong>transcendit.</strong></span> 
     </span>
    </p>
   </div>
   <div class='ocr_carea' id='block_1_6' title="bbox 191 582 1897 658">
    <p class='ocr_par' dir='ltr' id='par_1_6' title="bbox 191 582 1897 658">
     <span class='ocr_line' id='line_1_6' title="bbox 191 582 1897 658; baseline -0.002 -18"><span class='ocrx_word' id='word_1_32' title='bbox 191 586 495 658; x_wconf 64' lang='lat' dir='ltr'><strong>Sit&#39;antem</strong></span> <span class='ocrx_word' id='word_1_33' title='bbox 528 584 652 638; x_wconf 61' lang='lat' dir='ltr'><strong>haec</strong></span> <span class='ocrx_word' id='word_1_34' title='bbox 686 585 747 637; x_wconf 92' lang='lat' dir='ltr'><strong>D.</strong></span> <span class='ocrx_word' id='word_1_35' title='bbox 782 582 915 637; x_wconf 91' lang='lat' dir='ltr'><strong>Dico</strong></span> <span class='ocrx_word' id='word_1_36' title='bbox 949 582 1225 654; x_wconf 90' lang='lat' dir='ltr'><strong>quoniam</strong></span> <span class='ocrx_word' id='word_1_37' title='bbox 1247 584 1287 635; x_wconf 93' lang='lat' dir='ltr'>D</span> <span class='ocrx_word' id='word_1_38' title='bbox 1319 600 1433 636; x_wconf 90' lang='lat' dir='ltr'><strong>non</strong></span> <span class='ocrx_word' id='word_1_39' title='bbox 1464 584 1571 636; x_wconf 88' lang='lat' dir='ltr'><strong>erit</strong></span> <span class='ocrx_word' id='word_1_40' title='bbox 1600 600 1897 651; x_wconf 89' lang='lat' dir='ltr'><strong>numerus,</strong></span> 
     </span>
    </p>
   </div>
   <div class='ocr_carea' id='block_1_7' title="bbox 192 673 1899 743">
    <p class='ocr_par' dir='ltr' id='par_1_7' title="bbox 192 673 1899 743">
     <span class='ocr_line' id='line_1_7' title="bbox 192 673 1899 743; baseline -0.002 -13"><span class='ocrx_word' id='word_1_41' title='bbox 192 677 301 730; x_wconf 90' lang='lat' dir='ltr'><strong>sed</strong></span> <span class='ocrx_word' id='word_1_42' title='bbox 336 676 537 728; x_wconf 88' lang='lat' dir='ltr'><strong>unitas.</strong></span> <span class='ocrx_word' id='word_1_43' title='bbox 577 674 635 727; x_wconf 87' lang='lat' dir='ltr'><strong>Si</strong></span> <span class='ocrx_word' id='word_1_44' title='bbox 681 673 836 727; x_wconf 91' lang='lat' dir='ltr'><strong>enim</strong></span> <span class='ocrx_word' id='word_1_45' title='bbox 885 678 972 726; x_wconf 89' lang='lat' dir='ltr'><strong>est</strong></span> <span class='ocrx_word' id='word_1_46' title='bbox 1012 688 1287 726; x_wconf 91' lang='lat' dir='ltr'><strong>numerus</strong></span> <span class='ocrx_word' id='word_1_47' title='bbox 1319 674 1360 726; x_wconf 85' lang='grc' dir='ltr'><strong>Ι)</strong></span> <span class='ocrx_word' id='word_1_48' title='bbox 1410 678 1464 726; x_wconf 90' lang='lat' dir='ltr'><strong>et</strong></span> <span class='ocrx_word' id='word_1_49' title='bbox 1494 688 1627 743; x_wconf 89' lang='lat' dir='ltr'><strong>pars</strong></span> <span class='ocrx_word' id='word_1_50' title='bbox 1655 673 1777 742; x_wconf 88' lang='lat' dir='ltr'><strong>ejus</strong></span> <span class='ocrx_word' id='word_1_51' title='bbox 1817 678 1899 727; x_wconf 90' lang='lat' dir='ltr'><strong>est</strong></span> 
     </span>
    </p>
   </div>
   <div class='ocr_carea' id='block_1_8' title="bbox 192 762 1896 835">
    <p class='ocr_par' dir='ltr' id='par_1_8' title="bbox 192 762 1896 835">
     <span class='ocr_line' id='line_1_8' title="bbox 192 762 1896 835; baseline -0.001 -17"><span class='ocrx_word' id='word_1_52' title='bbox 192 764 304 835; x_wconf 88' lang='lat' dir='ltr'><strong>qui</strong></span> <span class='ocrx_word' id='word_1_53' title='bbox 338 768 423 818; x_wconf 80' lang='lat' dir='ltr'><strong>est</strong></span> <span class='ocrx_word' id='word_1_54' title='bbox 461 765 517 830; x_wconf 83' lang='grc' dir='ltr'>Ε,</span> <span class='ocrx_word' id='word_1_55' title='bbox 550 766 575 806; x_wconf 82' lang='lat' dir='ltr'><strong>b</strong></span> <span class='ocrx_word' id='word_1_56' title='bbox 631 762 898 816; x_wconf 90' lang='lat' dir='ltr'><strong>metietur</strong></span> <span class='ocrx_word' id='word_1_57' title='bbox 928 763 970 815; x_wconf 92' lang='lat' dir='ltr'><strong>D</strong></span> <span class='ocrx_word' id='word_1_58' title='bbox 1014 778 1289 816; x_wconf 89' lang='lat' dir='ltr'><strong>numerus</strong></span> <span class='ocrx_word' id='word_1_59' title='bbox 1319 764 1358 816; x_wconf 87' lang='lat' dir='ltr'><strong>E</strong></span> <span class='ocrx_word' id='word_1_60' title='bbox 1386 778 1710 817; x_wconf 87' lang='lat' dir='ltr'><strong>numerum.</strong></span> <span class='ocrx_word' id='word_1_61' title='bbox 1749 764 1896 826; x_wconf 91' lang='lat' dir='ltr'><strong>Quo-</strong></span> 
     </span>
    </p>
   </div>
   <div class='ocr_carea' id='block_1_9' title="bbox 191 850 1893 921">
    <p class='ocr_par' dir='ltr' id='par_1_9' title="bbox 191 850 1893 921">
     <span class='ocr_line' id='line_1_9' title="bbox 191 850 1893 921; baseline -0.002 -14"><span class='ocrx_word' id='word_1_62' title='bbox 191 854 355 907; x_wconf 84' lang='lat' dir='ltr'><strong>circa</strong></span> <span class='ocrx_word' id='word_1_63' title='bbox 385 857 441 906; x_wconf 91' lang='lat' dir='ltr'><strong>et</strong></span> <span class='ocrx_word' id='word_1_64' title='bbox 475 854 513 907; x_wconf 90' lang='lat' dir='ltr'><strong>E</strong></span> <span class='ocrx_word' id='word_1_65' title='bbox 545 868 853 906; x_wconf 87' lang='lat' dir='ltr'><strong>numerum</strong></span> <span class='ocrx_word' id='word_1_66' title='bbox 888 851 1173 906; x_wconf 89' lang='lat' dir='ltr'><strong>metietur.</strong></span> <span class='ocrx_word' id='word_1_67' title='bbox 1211 852 1333 915; x_wconf 91' lang='lat' dir='ltr'><strong>Quo</strong></span> <span class='ocrx_word' id='word_1_68' title='bbox 1385 850 1450 904; x_wconf 85' lang='lat' dir='ltr'><strong>ﬁt</strong></span> <span class='ocrx_word' id='word_1_69' title='bbox 1491 854 1552 905; x_wconf 89' lang='lat' dir='ltr'><strong>ut</strong></span> <span class='ocrx_word' id='word_1_70' title='bbox 1591 851 1630 906; x_wconf 88' lang='lat' dir='ltr'>C</span> <span class='ocrx_word' id='word_1_71' title='bbox 1664 866 1893 921; x_wconf 90' lang='lat' dir='ltr'><strong>quoque</strong></span> 
     </span>
    </p>
   </div>
   <div class='ocr_carea' id='block_1_10' title="bbox 193 940 1897 1012">
    <p class='ocr_par' dir='ltr' id='par_1_10' title="bbox 193 940 1897 1012">
     <span class='ocr_line' id='line_1_10' title="bbox 193 940 1897 1012; baseline -0.002 -15"><span class='ocrx_word' id='word_1_72' title='bbox 193 943 495 1009; x_wconf 84' lang='lat' dir='ltr'><strong>metiatur,</strong></span> <span class='ocrx_word' id='word_1_73' title='bbox 540 947 852 1012; x_wconf 91' lang='lat' dir='ltr'><strong>utrumque</strong></span> <span class='ocrx_word' id='word_1_74' title='bbox 881 940 1059 1010; x_wconf 83' lang='lat' dir='ltr'><strong>igitur</strong></span> <span class='ocrx_word' id='word_1_75' title='bbox 1088 940 1127 994; x_wconf 89' lang='lat' dir='ltr'><strong>C</strong></span> <span class='ocrx_word' id='word_1_76' title='bbox 1160 944 1216 993; x_wconf 92' lang='lat' dir='ltr'><strong>et</strong></span> <span class='ocrx_word' id='word_1_77' title='bbox 1255 942 1295 993; x_wconf 84' lang='lat' dir='ltr'><strong>E</strong></span> <span class='ocrx_word' id='word_1_78' title='bbox 1324 956 1593 995; x_wconf 89' lang='lat' dir='ltr'><strong>numeros</strong></span> <span class='ocrx_word' id='word_1_79' title='bbox 1624 941 1897 995; x_wconf 88' lang='lat' dir='ltr'><strong>metietur</strong></span> 
     </span>
    </p>
   </div>
   <div class='ocr_carea' id='block_1_11' title="bbox 194 1028 1892 1101">
    <p class='ocr_par' dir='ltr' id='par_1_11' title="bbox 194 1028 1892 1101">
     <span class='ocr_line' id='line_1_11' title="bbox 194 1028 1892 1101; baseline -0.001 -15"><span class='ocrx_word' id='word_1_80' title='bbox 194 1033 243 1086; x_wconf 93' lang='lat' dir='ltr'><strong>D</strong></span> <span class='ocrx_word' id='word_1_81' title='bbox 296 1047 593 1096; x_wconf 89' lang='lat' dir='ltr'><strong>numerus,</strong></span> <span class='ocrx_word' id='word_1_82' title='bbox 648 1031 804 1101; x_wconf 90' lang='lat' dir='ltr'><strong>quod</strong></span> <span class='ocrx_word' id='word_1_83' title='bbox 860 1034 943 1084; x_wconf 90' lang='lat' dir='ltr'><strong>est</strong></span> <span class='ocrx_word' id='word_1_84' title='bbox 994 1028 1369 1099; x_wconf 88' lang='lat' dir='ltr'><strong>impossibile.</strong></span> <span class='ocrx_word' id='word_1_85' title='bbox 1401 1030 1507 1093; x_wconf 87' lang='lat' dir='ltr'><strong>Qui</strong></span> <span class='ocrx_word' id='word_1_86' title='bbox 1556 1030 1711 1083; x_wconf 90' lang='lat' dir='ltr'><strong>enim</strong></span> <span class='ocrx_word' id='word_1_87' title='bbox 1759 1036 1892 1085; x_wconf 87' lang='lat' dir='ltr'><strong>sunt</strong></span> 
     </span>
    </p>
   </div>
   <div class='ocr_carea' id='block_1_12' title="bbox 194 1118 1895 1189">
    <p class='ocr_par' dir='ltr' id='par_1_12' title="bbox 194 1118 1895 1189">
     <span class='ocr_line' id='line_1_12' title="bbox 194 1118 1895 1189; baseline -0.001 -15"><span class='ocrx_word' id='word_1_88' title='bbox 194 1120 433 1175; x_wconf 87' lang='lat' dir='ltr'><strong>minimi</strong></span> <span class='ocrx_word' id='word_1_89' title='bbox 463 1120 524 1173; x_wconf 91' lang='lat' dir='ltr'><strong>in</strong></span> <span class='ocrx_word' id='word_1_90' title='bbox 546 1119 745 1173; x_wconf 90' lang='lat' dir='ltr'><strong>eadem</strong></span> <span class='ocrx_word' id='word_1_91' title='bbox 778 1118 1147 1189; x_wconf 89' lang='lat' dir='ltr'><strong>proportione</strong></span> <span class='ocrx_word' id='word_1_92' title='bbox 1173 1118 1526 1189; x_wconf 81' lang='lat' dir='ltr'><strong>quibuslibet</strong></span> <span class='ocrx_word' id='word_1_93' title='bbox 1547 1118 1671 1171; x_wconf 91' lang='lat' dir='ltr'><strong>aliis</strong></span> <span class='ocrx_word' id='word_1_94' title='bbox 1699 1135 1895 1173; x_wconf 89' lang='lat' dir='ltr'><strong>nume-</strong></span> 
     </span>
    </p>
   </div>
   <div class='ocr_carea' id='block_1_13' title="bbox 195 1206 1893 1278">
    <p class='ocr_par' dir='ltr' id='par_1_13' title="bbox 195 1206 1893 1278">
     <span class='ocr_line' id='line_1_13' title="bbox 195 1206 1893 1278; baseline 0.001 -19"><span class='ocrx_word' id='word_1_95' title='bbox 195 1208 300 1274; x_wconf 90' lang='lat' dir='ltr'><strong>ris,</strong></span> <span class='ocrx_word' id='word_1_96' title='bbox 334 1208 393 1261; x_wconf 87' lang='lat' dir='ltr'><strong>hi</strong></span> <span class='ocrx_word' id='word_1_97' title='bbox 427 1207 602 1278; x_wconf 88' lang='lat' dir='ltr'><strong>primi</strong></span> <span class='ocrx_word' id='word_1_98' title='bbox 634 1208 702 1261; x_wconf 90' lang='lat' dir='ltr'><strong>ad</strong></span> <span class='ocrx_word' id='word_1_99' title='bbox 731 1224 788 1261; x_wconf 88' lang='lat' dir='ltr'><strong>se</strong></span> <span class='ocrx_word' id='word_1_100' title='bbox 825 1206 1069 1261; x_wconf 90' lang='lat' dir='ltr'><strong>invicem</strong></span> <span class='ocrx_word' id='word_1_101' title='bbox 1102 1211 1252 1273; x_wconf 91' lang='lat' dir='ltr'><strong>sunt,</strong></span> <span class='ocrx_word' id='word_1_102' title='bbox 1301 1212 1357 1260; x_wconf 91' lang='lat' dir='ltr'><strong>et</strong></span> <span class='ocrx_word' id='word_1_103' title='bbox 1409 1207 1591 1260; x_wconf 87' lang='lat' dir='ltr'><strong>solam</strong></span> <span class='ocrx_word' id='word_1_104' title='bbox 1624 1207 1893 1261; x_wconf 73' lang='lat' dir='ltr'><strong>dilferen-</strong></span> 
     </span>
    </p>
   </div>
   <div class='ocr_carea' id='block_1_14' title="bbox 193 1296 1895 1367">
    <p class='ocr_par' dir='ltr' id='par_1_14' title="bbox 193 1296 1895 1367">
     <span class='ocr_line' id='line_1_14' title="bbox 193 1296 1895 1367; baseline 0.001 -18"><span class='ocrx_word' id='word_1_105' title='bbox 193 1296 345 1350; x_wconf 86' lang='lat' dir='ltr'><strong>tiam</strong></span> <span class='ocrx_word' id='word_1_106' title='bbox 380 1298 629 1351; x_wconf 86' lang='lat' dir='ltr'><strong>retinent</strong></span> <span class='ocrx_word' id='word_1_107' title='bbox 660 1306 678 1330; x_wconf 84' lang='lat'><em>°</em></span> <span class='ocrx_word' id='word_1_108' title='bbox 706 1298 989 1351; x_wconf 91' lang='lat' dir='ltr'><strong>unitatem</strong></span> <span class='ocrx_word' id='word_1_109' title='bbox 1018 1317 1031 1362; x_wconf 85' lang='lat'><strong>;</strong></span> <span class='ocrx_word' id='word_1_110' title='bbox 1056 1296 1247 1349; x_wconf 90' lang='lat' dir='ltr'><strong>unitas</strong></span> <span class='ocrx_word' id='word_1_111' title='bbox 1277 1296 1453 1365; x_wconf 85' lang='lat' dir='ltr'><strong>igitur</strong></span> <span class='ocrx_word' id='word_1_112' title='bbox 1484 1298 1569 1349; x_wconf 91' lang='lat' dir='ltr'><strong>est</strong></span> <span class='ocrx_word' id='word_1_113' title='bbox 1604 1299 1644 1349; x_wconf 87' lang='grc' dir='ltr'><strong>Β</strong></span> <span class='ocrx_word' id='word_1_114' title='bbox 1670 1313 1681 1350; x_wconf 94' lang='lat'>:</span> <span class='ocrx_word' id='word_1_115' title='bbox 1720 1296 1895 1367; x_wconf 82' lang='lat' dir='ltr'><strong>igitur</strong></span> 
     </span>
    </p>
   </div>
   <div class='ocr_carea' id='block_1_15' title="bbox 199 1385 1893 1450">
    <p class='ocr_par' dir='ltr' id='par_1_15' title="bbox 199 1385 1893 1450">
     <span class='ocr_line' id='line_1_15' title="bbox 199 1385 1893 1450; baseline 0 -11"><span class='ocrx_word' id='word_1_116' title='bbox 199 1387 240 1439; x_wconf 83' lang='grc' dir='ltr'>Ε</span> <span class='ocrx_word' id='word_1_117' title='bbox 270 1402 547 1439; x_wconf 88' lang='lat' dir='ltr'><strong>numerus</strong></span> <span class='ocrx_word' id='word_1_118' title='bbox 567 1386 606 1440; x_wconf 73' lang='grc' dir='ltr'><strong>ί]</strong></span> <span class='ocrx_word' id='word_1_119' title='bbox 638 1402 943 1439; x_wconf 89' lang='lat' dir='ltr'><strong>numerum</strong></span> <span class='ocrx_word' id='word_1_120' title='bbox 968 1385 1181 1439; x_wconf 87' lang='lat' dir='ltr'><strong>unitate</strong></span> <span class='ocrx_word' id='word_1_121' title='bbox 1212 1386 1581 1440; x_wconf 88' lang='lat' dir='ltr'><strong>transcendit.</strong></span> <span class='ocrx_word' id='word_1_122' title='bbox 1617 1386 1893 1450; x_wconf 88' lang='lat' dir='ltr'><strong>Quocirca</strong></span> 
     </span>
    </p>
   </div>
   <div class='ocr_carea' id='block_1_16' title="bbox 196 1474 1891 1546">
    <p class='ocr_par' dir='ltr' id='par_1_16' title="bbox 196 1474 1891 1546">
     <span class='ocr_line' id='line_1_16' title="bbox 196 1474 1891 1546; baseline -0.003 -15"><span class='ocrx_word' id='word_1_123' title='bbox 196 1479 395 1531; x_wconf 90' lang='lat' dir='ltr'><strong>nullus</strong></span> <span class='ocrx_word' id='word_1_124' title='bbox 417 1477 627 1531; x_wconf 87' lang='lat' dir='ltr'><strong>incidet</strong></span> <span class='ocrx_word' id='word_1_125' title='bbox 657 1480 681 1519; x_wconf 72' lang='grc' dir='ltr'><em>ἃ</em></span> <span class='ocrx_word' id='word_1_126' title='bbox 712 1476 932 1529; x_wconf 89' lang='lat' dir='ltr'><strong>medius</strong></span> <span class='ocrx_word' id='word_1_127' title='bbox 963 1491 1255 1541; x_wconf 90' lang='lat' dir='ltr'><strong>numerus,</strong></span> <span class='ocrx_word' id='word_1_128' title='bbox 1294 1475 1394 1546; x_wconf 90' lang='lat' dir='ltr'><strong>qni</strong></span> <span class='ocrx_word' id='word_1_129' title='bbox 1426 1491 1551 1528; x_wconf 92' lang='lat' dir='ltr'><strong>eam</strong></span> <span class='ocrx_word' id='word_1_130' title='bbox 1575 1474 1891 1544; x_wconf 90' lang='lat' dir='ltr'><strong>proportio-</strong></span> 
     </span>
    </p>
   </div>
   <div class='ocr_carea' id='block_1_17' title="bbox 195 1563 1890 1637">
    <p class='ocr_par' dir='ltr' id='par_1_17' title="bbox 195 1563 1890 1637">
     <span class='ocr_line' id='line_1_17' title="bbox 195 1563 1890 1637; baseline -0.003 -17"><span class='ocrx_word' id='word_1_131' title='bbox 195 1584 335 1620; x_wconf 89' lang='lat' dir='ltr'><strong>nem</strong></span> <span class='ocrx_word' id='word_1_132' title='bbox 377 1566 677 1637; x_wconf 71' lang='lat' dir='ltr'><strong>azqualiter</strong></span> <span class='ocrx_word' id='word_1_133' title='bbox 722 1565 958 1619; x_wconf 87' lang='lat' dir='ltr'><strong>scindat.</strong></span> <span class='ocrx_word' id='word_1_134' title='bbox 995 1566 1115 1629; x_wconf 92' lang='lat' dir='ltr'><strong>Quo</strong></span> <span class='ocrx_word' id='word_1_135' title='bbox 1146 1566 1212 1617; x_wconf 89' lang='lat' dir='ltr'><strong>ﬁt</strong></span> <span class='ocrx_word' id='word_1_136' title='bbox 1244 1570 1305 1619; x_wconf 90' lang='lat' dir='ltr'><strong>ut</strong></span> <span class='ocrx_word' id='word_1_137' title='bbox 1340 1581 1446 1618; x_wconf 91' lang='lat' dir='ltr'><strong>nec</strong></span> <span class='ocrx_word' id='word_1_138' title='bbox 1484 1565 1635 1617; x_wconf 90' lang='lat' dir='ltr'><strong>inter</strong></span> <span class='ocrx_word' id='word_1_139' title='bbox 1665 1580 1757 1617; x_wconf 89' lang='lat' dir='ltr'><strong>eos</strong></span> <span class='ocrx_word' id='word_1_140' title='bbox 1790 1563 1890 1633; x_wconf 89' lang='lat' dir='ltr'><strong>qui</strong></span> 
     </span>
    </p>
   </div>
   <div class='ocr_carea' id='block_1_18' title="bbox 192 1653 1890 1726">
    <p class='ocr_par' dir='ltr' id='par_1_18' title="bbox 192 1653 1890 1726">
     <span class='ocr_line' id='line_1_18' title="bbox 192 1653 1890 1726; baseline -0.004 -16"><span class='ocrx_word' id='word_1_141' title='bbox 192 1656 577 1726; x_wconf 61' lang='lat' dir='ltr'><strong>eamdemhis</strong></span> <span class='ocrx_word' id='word_1_142' title='bbox 608 1656 1045 1726; x_wconf 88' lang='lat' dir='ltr'><strong>proportionem</strong></span> <span class='ocrx_word' id='word_1_143' title='bbox 1076 1658 1294 1719; x_wconf 90' lang='lat' dir='ltr'><strong>tenent,</strong></span> <span class='ocrx_word' id='word_1_144' title='bbox 1333 1653 1555 1707; x_wconf 91' lang='lat' dir='ltr'><strong>medius</strong></span> <span class='ocrx_word' id='word_1_145' title='bbox 1585 1653 1763 1722; x_wconf 90' lang='lat' dir='ltr'><strong>possit</strong></span> <span class='ocrx_word' id='word_1_146' title='bbox 1788 1668 1890 1705; x_wconf 88' lang='lat' dir='ltr'><strong>nu-</strong></span> 
     </span>
    </p>
   </div>
   <div class='ocr_carea' id='block_1_19' title="bbox 2011 493 3693 564">
    <p class='ocr_par' dir='ltr' id='par_1_19' title="bbox 2011 493 3693 564">
     <span class='ocr_line' id='line_1_19' title="bbox 2011 493 3693 564; baseline -0.001 -16"><span class='ocrx_word' id='word_1_147' title='bbox 2011 511 2315 548; x_wconf 89' lang='lat' dir='ltr'><strong>numerum</strong></span> <span class='ocrx_word' id='word_1_148' title='bbox 2350 495 2416 547; x_wconf 90' lang='lat' dir='ltr'><strong>de</strong></span> <span class='ocrx_word' id='word_1_149' title='bbox 2445 510 2686 547; x_wconf 89' lang='lat' dir='ltr'><strong>numero</strong></span> <span class='ocrx_word' id='word_1_150' title='bbox 2718 496 2779 559; x_wconf 90' lang='lat' dir='ltr'><strong>C,</strong></span> <span class='ocrx_word' id='word_1_151' title='bbox 2816 498 2870 547; x_wconf 91' lang='lat' dir='ltr'><strong>et</strong></span> <span class='ocrx_word' id='word_1_152' title='bbox 2899 493 3175 564; x_wconf 86' lang='lat' dir='ltr'><strong>relinquit</strong></span> <span class='ocrx_word' id='word_1_153' title='bbox 3218 496 3258 547; x_wconf 84' lang='grc' dir='ltr'><strong>Β</strong></span> <span class='ocrx_word' id='word_1_154' title='bbox 3300 494 3358 547; x_wconf 91' lang='lat' dir='ltr'><strong>in</strong></span> <span class='ocrx_word' id='word_1_155' title='bbox 3393 496 3530 549; x_wconf 92' lang='grc'>7153</span> <span class='ocrx_word' id='word_1_156' title='bbox 3563 494 3693 548; x_wconf 92' lang='lat' dir='ltr'><strong>uni-</strong></span> 
     </span>
    </p>
   </div>
   <div class='ocr_carea' id='block_1_20' title="bbox 2008 582 3693 654">
    <p class='ocr_par' dir='ltr' id='par_1_20' title="bbox 2008 582 3693 654">
     <span class='ocr_line' id='line_1_20' title="bbox 2008 582 3693 654; baseline -0.002 -14"><span class='ocrx_word' id='word_1_157' title='bbox 2008 584 2219 641; x_wconf 82' lang='lat' dir='ltr'><strong>tatibus</strong></span> <span class='ocrx_word' id='word_1_158' title='bbox 2240 584 2561 637; x_wconf 88' lang='lat' dir='ltr'><strong>collocatus.</strong></span> <span class='ocrx_word' id='word_1_159' title='bbox 2588 597 2604 636; x_wconf 78' lang='lat' dir='ltr'><strong>t</strong></span> <span class='ocrx_word' id='word_1_160' title='bbox 2634 583 2782 647; x_wconf 87' lang='lat' dir='ltr'><strong>Quid</strong></span> <span class='ocrx_word' id='word_1_161' title='bbox 2813 599 3087 636; x_wconf 87' lang='lat' dir='ltr'><strong>numerus</strong></span> <span class='ocrx_word' id='word_1_162' title='bbox 3109 582 3301 636; x_wconf 90' lang='lat' dir='ltr'><strong>minor</strong></span> <span class='ocrx_word' id='word_1_163' title='bbox 3330 584 3370 635; x_wconf 93' lang='lat' dir='ltr'>D</span> <span class='ocrx_word' id='word_1_164' title='bbox 3404 587 3487 637; x_wconf 88' lang='lat' dir='ltr'><strong>est</strong></span> <span class='ocrx_word' id='word_1_165' title='bbox 3518 600 3693 654; x_wconf 90' lang='lat' dir='ltr'><strong>quam</strong></span> 
     </span>
    </p>
   </div>
   <div class='ocr_carea' id='block_1_21' title="bbox 2008 671 3695 742">
    <p class='ocr_par' dir='ltr' id='par_1_21' title="bbox 2008 671 3695 742">
     <span class='ocr_line' id='line_1_21' title="bbox 2008 671 3695 742; baseline 0 -16"><span class='ocrx_word' id='word_1_166' title='bbox 2008 672 2081 726; x_wconf 90' lang='lat' dir='ltr'><strong>sit</strong></span> <span class='ocrx_word' id='word_1_167' title='bbox 2118 671 2538 741; x_wconf 86' lang='lat' dir='ltr'><strong>septuagesima</strong></span> <span class='ocrx_word' id='word_1_168' title='bbox 2584 672 2751 725; x_wconf 87' lang='lat' dir='ltr'><strong>tertia</strong></span> <span class='ocrx_word' id='word_1_169' title='bbox 2789 688 2920 742; x_wconf 89' lang='lat' dir='ltr'><strong>pars</strong></span> <span class='ocrx_word' id='word_1_170' title='bbox 2967 672 3005 723; x_wconf 88' lang='grc' dir='ltr'><strong>Β</strong></span> <span class='ocrx_word' id='word_1_171' title='bbox 3051 672 3295 737; x_wconf 90' lang='lat' dir='ltr'><strong>numeri,</strong></span> <span class='ocrx_word' id='word_1_172' title='bbox 3344 673 3523 740; x_wconf 88' lang='lat' dir='ltr'><strong>major</strong></span> <span class='ocrx_word' id='word_1_173' title='bbox 3560 689 3695 726; x_wconf 86' lang='lat' dir='ltr'><strong>vero</strong></span> 
     </span>
    </p>
   </div>
   <div class='ocr_carea' id='block_1_22' title="bbox 2004 760 3692 831">
    <p class='ocr_par' dir='ltr' id='par_1_22' title="bbox 2004 760 3692 831">
     <span class='ocr_line' id='line_1_22' title="bbox 2004 760 3692 831; baseline 0.001 -17"><span class='ocrx_word' id='word_1_174' title='bbox 2004 766 2125 814; x_wconf 69' lang='lat' dir='ltr'><strong>Best</strong></span> <span class='ocrx_word' id='word_1_175' title='bbox 2147 778 2318 831; x_wconf 91' lang='lat' dir='ltr'><strong>quam</strong></span> <span class='ocrx_word' id='word_1_176' title='bbox 2342 760 2765 831; x_wconf 87' lang='lat' dir='ltr'><strong>septuagesima</strong></span> <span class='ocrx_word' id='word_1_177' title='bbox 2784 765 2986 831; x_wconf 89' lang='lat' dir='ltr'><strong>quarta</strong></span> <span class='ocrx_word' id='word_1_178' title='bbox 3008 761 3099 813; x_wconf 90' lang='lat' dir='ltr'><strong>sit.</strong></span> <span class='ocrx_word' id='word_1_179' title='bbox 3132 762 3273 814; x_wconf 88' lang='lat' dir='ltr'><strong>Nam</strong></span> <span class='ocrx_word' id='word_1_180' title='bbox 3296 760 3626 815; x_wconf 90' lang='lat' dir='ltr'><strong>sieumdem</strong></span> <span class='ocrx_word' id='word_1_181' title='bbox 3648 762 3692 815; x_wconf 94' lang='lat' dir='ltr'>D</span> 
     </span>
    </p>
   </div>
   <div class='ocr_carea' id='block_1_23' title="bbox 2008 850 3698 921">
    <p class='ocr_par' dir='ltr' id='par_1_23' title="bbox 2008 850 3698 921">
     <span class='ocr_line' id='line_1_23' title="bbox 2008 850 3698 921; baseline -0.001 -17"><span class='ocrx_word' id='word_1_182' title='bbox 2008 867 2331 915; x_wconf 89' lang='lat' dir='ltr'><strong>numerum,</strong></span> <span class='ocrx_word' id='word_1_183' title='bbox 2368 850 2467 920; x_wconf 88' lang='lat' dir='ltr'><strong>qui</strong></span> <span class='ocrx_word' id='word_1_184' title='bbox 2516 856 2601 904; x_wconf 86' lang='lat' dir='ltr'><strong>est</strong></span> <span class='ocrx_word' id='word_1_185' title='bbox 2639 850 2699 903; x_wconf 92' lang='lat' dir='ltr'><strong>in</strong></span> <span class='ocrx_word' id='word_1_186' title='bbox 2729 854 2886 917; x_wconf 97' lang='grc'>7153,</span> <span class='ocrx_word' id='word_1_187' title='bbox 2919 850 3244 921; x_wconf 87' lang='lat' dir='ltr'><strong>septuagies</strong></span> <span class='ocrx_word' id='word_1_188' title='bbox 3276 855 3361 903; x_wconf 91' lang='lat' dir='ltr'><strong>ter</strong></span> <span class='ocrx_word' id='word_1_189' title='bbox 3410 851 3698 920; x_wconf 89' lang='lat' dir='ltr'><strong>multipli-</strong></span> 
     </span>
    </p>
   </div>
   <div class='ocr_carea' id='block_1_24' title="bbox 2005 939 3697 994">
    <p class='ocr_par' dir='ltr' id='par_1_24' title="bbox 2005 939 3697 994">
     <span class='ocr_line' id='line_1_24' title="bbox 2005 939 3697 994; baseline -0.001 -1"><span class='ocrx_word' id='word_1_190' title='bbox 2005 956 2129 994; x_wconf 90' lang='lat' dir='ltr'><strong>cem</strong></span> <span class='ocrx_word' id='word_1_191' title='bbox 2179 954 2202 993; x_wconf 76' lang='grc' dir='ltr'><strong>Ι]</strong></span> <span class='ocrx_word' id='word_1_192' title='bbox 2250 940 2346 993; x_wconf 91' lang='lat' dir='ltr'><strong>ﬁet</strong></span> <span class='ocrx_word' id='word_1_193' title='bbox 2402 939 2545 993; x_wconf 90' lang='lat' dir='ltr'><strong>mihi</strong></span> <span class='ocrx_word' id='word_1_194' title='bbox 2594 940 2632 991; x_wconf 88' lang='lat' dir='ltr'><strong>E</strong></span> <span class='ocrx_word' id='word_1_195' title='bbox 2682 956 2956 993; x_wconf 90' lang='lat' dir='ltr'><strong>numerus</strong></span> <span class='ocrx_word' id='word_1_196' title='bbox 3014 940 3073 992; x_wconf 91' lang='lat' dir='ltr'><strong>in</strong></span> <span class='ocrx_word' id='word_1_197' title='bbox 3128 942 3336 992; x_wconf 76' lang='lat'><strong>522169</strong></span> <span class='ocrx_word' id='word_1_198' title='bbox 3385 939 3697 993; x_wconf 88' lang='lat' dir='ltr'><strong>unitatibus</strong></span> 
     </span>
    </p>
   </div>
   <div class='ocr_carea' id='block_1_25' title="bbox 2004 1029 3689 1099">
    <p class='ocr_par' dir='ltr' id='par_1_25' title="bbox 2004 1029 3689 1099">
     <span class='ocr_line' id='line_1_25' title="bbox 2004 1029 3689 1099; baseline 0 -17"><span class='ocrx_word' id='word_1_199' title='bbox 2004 1029 2367 1082; x_wconf 90' lang='lat' dir='ltr'><strong>constitutus.</strong></span> <span class='ocrx_word' id='word_1_200' title='bbox 2402 1030 2458 1082; x_wconf 91' lang='lat' dir='ltr'><strong>Si</strong></span> <span class='ocrx_word' id='word_1_201' title='bbox 2490 1042 2503 1082; x_wconf 88' lang='lat' dir='ltr'><strong>i</strong></span> <span class='ocrx_word' id='word_1_202' title='bbox 2533 1046 2665 1082; x_wconf 91' lang='lat' dir='ltr'><strong>eum</strong></span> <span class='ocrx_word' id='word_1_203' title='bbox 2696 1029 3019 1098; x_wconf 87' lang='lat' dir='ltr'><strong>septuagies</strong></span> <span class='ocrx_word' id='word_1_204' title='bbox 3055 1034 3257 1099; x_wconf 90' lang='lat' dir='ltr'><strong>quater</strong></span> <span class='ocrx_word' id='word_1_205' title='bbox 3292 1030 3689 1099; x_wconf 84' lang='lat' dir='ltr'><strong>multiplicem,</strong></span> 
     </span>
    </p>
   </div>
   <div class='ocr_carea' id='block_1_26' title="bbox 2001 1118 3691 1189">
    <p class='ocr_par' dir='ltr' id='par_1_26' title="bbox 2001 1118 3691 1189">
     <span class='ocr_line' id='line_1_26' title="bbox 2001 1118 3691 1189; baseline 0.001 -17"><span class='ocrx_word' id='word_1_206' title='bbox 2001 1119 2066 1172; x_wconf 92' lang='lat' dir='ltr'><strong>ﬁt</strong></span> <span class='ocrx_word' id='word_1_207' title='bbox 2114 1134 2386 1171; x_wconf 86' lang='lat' dir='ltr'><strong>numerus</strong></span> <span class='ocrx_word' id='word_1_208' title='bbox 2420 1119 2456 1171; x_wconf 88' lang='lat' dir='ltr'>F</span> <span class='ocrx_word' id='word_1_209' title='bbox 2502 1120 2729 1173; x_wconf 65' lang='lat'><strong>5329322.</strong></span> <span class='ocrx_word' id='word_1_210' title='bbox 2782 1119 3036 1182; x_wconf 89' lang='lat' dir='ltr'><strong>Quorum</strong></span> <span class='ocrx_word' id='word_1_211' title='bbox 3090 1118 3324 1189; x_wconf 87' lang='lat' dir='ltr'><strong>quidem</strong></span> <span class='ocrx_word' id='word_1_212' title='bbox 3358 1120 3415 1182; x_wconf 82' lang='grc' dir='ltr'>Ε,</span> <span class='ocrx_word' id='word_1_213' title='bbox 3448 1118 3547 1189; x_wconf 90' lang='lat' dir='ltr'><strong>qui</strong></span> <span class='ocrx_word' id='word_1_214' title='bbox 3587 1136 3691 1189; x_wconf 89' lang='lat' dir='ltr'><strong>per</strong></span> 
     </span>
    </p>
   </div>
   <div class='ocr_carea' id='block_1_27' title="bbox 2004 1208 3697 1277">
    <p class='ocr_par' dir='ltr' id='par_1_27' title="bbox 2004 1208 3697 1277">
     <span class='ocr_line' id='line_1_27' title="bbox 2004 1208 3697 1277; baseline 0.001 -16"><span class='ocrx_word' id='word_1_215' title='bbox 2004 1208 2367 1277; x_wconf 81' lang='lat' dir='ltr'><strong>septuaginta</strong></span> <span class='ocrx_word' id='word_1_216' title='bbox 2400 1212 2513 1261; x_wconf 90' lang='lat' dir='ltr'><strong>tres</strong></span> <span class='ocrx_word' id='word_1_217' title='bbox 2553 1214 2753 1261; x_wconf 91' lang='lat' dir='ltr'><strong>auctus</strong></span> <span class='ocrx_word' id='word_1_218' title='bbox 2796 1213 2897 1275; x_wconf 89' lang='lat' dir='ltr'><strong>est,</strong></span> <span class='ocrx_word' id='word_1_219' title='bbox 2939 1208 3126 1261; x_wconf 90' lang='lat' dir='ltr'><strong>minor</strong></span> <span class='ocrx_word' id='word_1_220' title='bbox 3155 1213 3241 1261; x_wconf 90' lang='lat' dir='ltr'><strong>est</strong></span> <span class='ocrx_word' id='word_1_221' title='bbox 3270 1208 3312 1262; x_wconf 90' lang='lat' dir='ltr'><strong>B</strong></span> <span class='ocrx_word' id='word_1_222' title='bbox 3346 1224 3583 1262; x_wconf 90' lang='lat' dir='ltr'><strong>numero</strong></span> <span class='ocrx_word' id='word_1_223' title='bbox 3612 1227 3623 1277; x_wconf 92' lang='lat'>;</span> <span class='ocrx_word' id='word_1_224' title='bbox 3661 1211 3697 1264; x_wconf 88' lang='lat' dir='ltr'>F</span> 
     </span>
    </p>
   </div>
   <div class='ocr_carea' id='block_1_28' title="bbox 2002 1298 3694 1368">
    <p class='ocr_par' dir='ltr' id='par_1_28' title="bbox 2002 1298 3694 1368">
     <span class='ocr_line' id='line_1_28' title="bbox 2002 1298 3694 1368; baseline -0.001 -17"><span class='ocrx_word' id='word_1_225' title='bbox 2002 1304 2195 1352; x_wconf 89' lang='lat' dir='ltr'><strong>autem</strong></span> <span class='ocrx_word' id='word_1_226' title='bbox 2227 1299 2324 1368; x_wconf 90' lang='lat' dir='ltr'><strong>qui</strong></span> <span class='ocrx_word' id='word_1_227' title='bbox 2364 1315 2466 1367; x_wconf 90' lang='lat' dir='ltr'><strong>per</strong></span> <span class='ocrx_word' id='word_1_228' title='bbox 2497 1300 2583 1364; x_wconf 84' lang='grc'><strong>74,</strong></span> <span class='ocrx_word' id='word_1_229' title='bbox 2621 1300 2806 1367; x_wconf 85' lang='lat' dir='ltr'><strong>major</strong></span> <span class='ocrx_word' id='word_1_230' title='bbox 2835 1304 2920 1351; x_wconf 88' lang='lat' dir='ltr'><strong>est</strong></span> <span class='ocrx_word' id='word_1_231' title='bbox 2947 1299 2986 1350; x_wconf 89' lang='grc' dir='ltr'>Β</span> <span class='ocrx_word' id='word_1_232' title='bbox 3018 1315 3279 1351; x_wconf 91' lang='lat' dir='ltr'><strong>numero.</strong></span> <span class='ocrx_word' id='word_1_233' title='bbox 3321 1300 3487 1351; x_wconf 83' lang='lat' dir='ltr'><strong>Recte</strong></span> <span class='ocrx_word' id='word_1_234' title='bbox 3518 1298 3694 1366; x_wconf 80' lang='lat' dir='ltr'><strong>igitur</strong></span> 
     </span>
    </p>
   </div>
   <div class='ocr_carea' id='block_1_29' title="bbox 2001 1388 3694 1459">
    <p class='ocr_par' dir='ltr' id='par_1_29' title="bbox 2001 1388 3694 1459">
     <span class='ocr_line' id='line_1_29' title="bbox 2001 1388 3694 1459; baseline -0.001 -17"><span class='ocrx_word' id='word_1_235' title='bbox 2001 1389 2216 1442; x_wconf 88' lang='lat' dir='ltr'><strong>dictum</strong></span> <span class='ocrx_word' id='word_1_236' title='bbox 2250 1394 2335 1441; x_wconf 90' lang='lat' dir='ltr'><strong>est</strong></span> <span class='ocrx_word' id='word_1_237' title='bbox 2367 1390 2427 1452; x_wconf 92' lang='lat' dir='ltr'><strong>D,</strong></span> <span class='ocrx_word' id='word_1_238' title='bbox 2464 1390 2585 1458; x_wconf 85' lang='lat' dir='ltr'><strong>ejus</strong></span> <span class='ocrx_word' id='word_1_239' title='bbox 2618 1389 2770 1459; x_wconf 92' lang='lat' dir='ltr'><strong>quod</strong></span> <span class='ocrx_word' id='word_1_240' title='bbox 2804 1394 2889 1442; x_wconf 90' lang='lat' dir='ltr'><strong>est</strong></span> <span class='ocrx_word' id='word_1_241' title='bbox 2921 1391 2980 1456; x_wconf 88' lang='grc' dir='ltr'>Β,</span> <span class='ocrx_word' id='word_1_242' title='bbox 3012 1389 3291 1441; x_wconf 89' lang='lat' dir='ltr'><strong>minorem</strong></span> <span class='ocrx_word' id='word_1_243' title='bbox 3316 1388 3549 1458; x_wconf 90' lang='lat' dir='ltr'><strong>quidem</strong></span> <span class='ocrx_word' id='word_1_244' title='bbox 3574 1404 3694 1441; x_wconf 89' lang='lat' dir='ltr'><strong>esse</strong></span> 
     </span>
    </p>
   </div>
   <div class='ocr_carea' id='block_1_30' title="bbox 2001 1479 3692 1549">
    <p class='ocr_par' dir='ltr' id='par_1_30' title="bbox 2001 1479 3692 1549">
     <span class='ocr_line' id='line_1_30' title="bbox 2001 1479 3692 1549; baseline -0.002 -17"><span class='ocrx_word' id='word_1_245' title='bbox 2001 1495 2176 1549; x_wconf 89' lang='lat' dir='ltr'><strong>quam</strong></span> <span class='ocrx_word' id='word_1_246' title='bbox 2207 1479 2688 1548; x_wconf 89' lang='lat' dir='ltr'><strong>septuagesimam</strong></span> <span class='ocrx_word' id='word_1_247' title='bbox 2715 1480 2944 1532; x_wconf 83' lang='lat' dir='ltr'><strong>tertiam</strong></span> <span class='ocrx_word' id='word_1_248' title='bbox 2978 1484 3220 1547; x_wconf 78' lang='lat' dir='ltr'><strong>partem,</strong></span> <span class='ocrx_word' id='word_1_249' title='bbox 3255 1479 3535 1546; x_wconf 85' lang='lat' dir='ltr'><strong>majorem</strong></span> <span class='ocrx_word' id='word_1_250' title='bbox 3562 1493 3692 1529; x_wconf 76' lang='lat' dir='ltr'><strong>vero</strong></span> 
     </span>
    </p>
   </div>
   <div class='ocr_carea' id='block_1_31' title="bbox 2000 1567 3695 1638">
    <p class='ocr_par' dir='ltr' id='par_1_31' title="bbox 2000 1567 3695 1638">
     <span class='ocr_line' id='line_1_31' title="bbox 2000 1567 3695 1638; baseline -0.001 -18"><span class='ocrx_word' id='word_1_251' title='bbox 2000 1584 2175 1638; x_wconf 89' lang='lat' dir='ltr'><strong>quam</strong></span> <span class='ocrx_word' id='word_1_252' title='bbox 2207 1567 2689 1637; x_wconf 89' lang='lat' dir='ltr'><strong>septuagesimam</strong></span> <span class='ocrx_word' id='word_1_253' title='bbox 2707 1573 2991 1637; x_wconf 82' lang='lat' dir='ltr'><strong>quartam.</strong></span> <span class='ocrx_word' id='word_1_254' title='bbox 3017 1568 3331 1629; x_wconf 88' lang='lat' dir='ltr'><strong>Quodcirca</strong></span> <span class='ocrx_word' id='word_1_255' title='bbox 3357 1570 3411 1619; x_wconf 88' lang='lat' dir='ltr'><strong>et</strong></span> <span class='ocrx_word' id='word_1_256' title='bbox 3433 1567 3471 1619; x_wconf 82' lang='lat' dir='ltr'>C</span> <span class='ocrx_word' id='word_1_257' title='bbox 3496 1582 3695 1619; x_wconf 85' lang='lat' dir='ltr'><strong>nume-</strong></span> 
     </span>
    </p>
   </div>
   <div class='ocr_carea' id='block_1_32' title="bbox 1998 1655 3696 1726">
    <p class='ocr_par' dir='ltr' id='par_1_32' title="bbox 1998 1655 3696 1726">
     <span class='ocr_line' id='line_1_32' title="bbox 1998 1655 3696 1726; baseline -0.002 -15"><span class='ocrx_word' id='word_1_258' title='bbox 1998 1674 2094 1711; x_wconf 88' lang='lat' dir='ltr'><strong>rus</strong></span> <span class='ocrx_word' id='word_1_259' title='bbox 2119 1659 2156 1711; x_wconf 87' lang='grc' dir='ltr'><strong>Β</strong></span> <span class='ocrx_word' id='word_1_260' title='bbox 2190 1673 2491 1709; x_wconf 88' lang='lat' dir='ltr'><strong>numerum</strong></span> <span class='ocrx_word' id='word_1_261' title='bbox 2519 1668 2537 1720; x_wconf 92' lang='lat' dir='ltr'><strong>j</strong></span> <span class='ocrx_word' id='word_1_262' title='bbox 2571 1655 2792 1708; x_wconf 88' lang='lat' dir='ltr'><strong>minore</strong></span> <span class='ocrx_word' id='word_1_263' title='bbox 2823 1657 3055 1725; x_wconf 84' lang='lat' dir='ltr'><strong>quidem</strong></span> <span class='ocrx_word' id='word_1_264' title='bbox 3082 1661 3241 1725; x_wconf 90' lang='lat' dir='ltr'><strong>parte</strong></span> <span class='ocrx_word' id='word_1_265' title='bbox 3272 1655 3393 1724; x_wconf 84' lang='lat' dir='ltr'><strong>ejus</strong></span> <span class='ocrx_word' id='word_1_266' title='bbox 3430 1656 3581 1726; x_wconf 90' lang='lat' dir='ltr'><strong>quod</strong></span> <span class='ocrx_word' id='word_1_267' title='bbox 3614 1659 3696 1708; x_wconf 89' lang='lat' dir='ltr'><strong>est</strong></span> 
     </span>
    </p>
   </div>
   <div class='ocr_carea' id='block_1_33' title="bbox 191 1742 3692 1815">
    <p class='ocr_par' dir='ltr' id='par_1_33' title="bbox 191 1742 3692 1815">
     <span class='ocr_line' id='line_1_33' title="bbox 191 1742 3692 1815; baseline -0.001 -16"><span class='ocrx_word' id='word_1_268' title='bbox 191 1762 393 1799; x_wconf 89' lang='lat' dir='ltr'><strong>merus</strong></span> <span class='ocrx_word' id='word_1_269' title='bbox 417 1745 837 1815; x_wconf 64' lang='lat' dir='ltr'><strong>collocari,jqui</strong></span> <span class='ocrx_word' id='word_1_270' title='bbox 860 1745 1117 1799; x_wconf 90' lang='lat' dir='ltr'><strong>eamdem</strong></span> <span class='ocrx_word' id='word_1_271' title='bbox 1139 1743 1573 1814; x_wconf 89' lang='lat' dir='ltr'><strong>proportionem</strong></span> <span class='ocrx_word' id='word_1_272' title='bbox 1591 1742 1889 1813; x_wconf 64' lang='lat' dir='ltr'><strong>aequaliter</strong></span> <span class='ocrx_word' id='word_1_273' title='bbox 1928 1757 1969 1809; x_wconf 82' lang='grc' dir='ltr'><strong>Β</strong></span> <span class='ocrx_word' id='word_1_274' title='bbox 2004 1748 2041 1800; x_wconf 88' lang='grc' dir='ltr'>Β</span> <span class='ocrx_word' id='word_1_275' title='bbox 2085 1746 2348 1799; x_wconf 86' lang='lat' dir='ltr'><strong>eumdem</strong></span> <span class='ocrx_word' id='word_1_276' title='bbox 2403 1745 2440 1797; x_wconf 94' lang='grc' dir='ltr'><strong>Β</strong></span> <span class='ocrx_word' id='word_1_277' title='bbox 2506 1749 2755 1813; x_wconf 85' lang='lat' dir='ltr'><strong>superat,</strong></span> <span class='ocrx_word' id='word_1_278' title='bbox 2818 1761 2990 1813; x_wconf 88' lang='lat' dir='ltr'><strong>quam</strong></span> <span class='ocrx_word' id='word_1_279' title='bbox 3041 1746 3459 1813; x_wconf 86' lang='lat' dir='ltr'><strong>septuagesima</strong></span> <span class='ocrx_word' id='word_1_280' title='bbox 3503 1745 3692 1809; x_wconf 91' lang='lat' dir='ltr'><strong>tertia,</strong></span> 
     </span>
    </p>
   </div>
   <div class='ocr_carea' id='block_1_34' title="bbox 188 1836 439 1891">
    <p class='ocr_par' dir='ltr' id='par_1_34' title="bbox 188 1836 439 1891">
     <span class='ocr_line' id='line_1_34' title="bbox 188 1836 439 1891; baseline -0.004 -1"><span class='ocrx_word' id='word_1_281' title='bbox 188 1836 439 1891; x_wconf 89' lang='lat' dir='ltr'><strong>scindat.</strong></span> 
     </span>
    </p>
   </div>
   <div class='ocr_carea' id='block_1_35' title="bbox 766 1950 1301 2008">
    <p class='ocr_par' dir='ltr' id='par_1_35' title="bbox 766 1950 1301 2008">
     <span class='ocr_line' id='line_1_35' title="bbox 766 1950 1255 2005; baseline -0.002 0"><span class='ocrx_word' id='word_1_282' title='bbox 766 1950 1051 2005; x_wconf 46' lang='grc' dir='ltr'><strong>βίρΜ</strong></span> <span class='ocrx_word' id='word_1_283' title='bbox 1072 1952 1255 1992; x_wconf 47' lang='grc' dir='ltr'><strong>“”“κ</strong></span> 
     </span>
     <span class='ocr_line' id='line_1_36' title="bbox 885 1990 1301 2008; baseline -0.002 1"><span class='ocrx_word' id='word_1_284' title='bbox 885 1990 890 1995; x_wconf 69' lang='grc'><em>”</em></span> <span class='ocrx_word' id='word_1_285' title='bbox 1257 1991 1301 2008; x_wconf 74' lang='lat'><strong><em>\</em></strong></span> 
     </span>
    </p>
   </div>
   <div class='ocr_carea' id='block_1_36' title="bbox 636 2006 1406 2075">
    <p class='ocr_par' dir='ltr' id='par_1_36' title="bbox 636 2006 1406 2075">
     <span class='ocr_line' id='line_1_37' title="bbox 636 2006 1406 2075; baseline 0.005 -12"><span class='ocrx_word' id='word_1_286' title='bbox 636 2006 761 2075; x_wconf 66' lang='lat'><strong>,/</strong></span> <span class='ocrx_word' id='word_1_287' title='bbox 1129 2069 1138 2075; x_wconf 91' lang='lat'><strong>_</strong></span> <span class='ocrx_word' id='word_1_288' title='bbox 1288 2006 1406 2067; x_wconf 20' lang='lat'><strong>7“\</strong></span> 
     </span>
    </p>
   </div>
   <div class='ocr_carea' id='block_1_37' title="bbox 503 2069 1517 2197">
    <p class='ocr_par' dir='ltr' id='par_1_37' title="bbox 503 2069 1517 2197">
     <span class='ocr_line' id='line_1_38' title="bbox 503 2069 1517 2197; baseline 0 -62"><span class='ocrx_word' id='word_1_289' title='bbox 503 2069 652 2197; x_wconf 42' lang='lat'><strong>/’</strong></span> <span class='ocrx_word' id='word_1_290' title='bbox 755 2069 1243 2156; x_wconf 68' lang='lat' dir='ltr'><strong>Superparttruians</strong></span> <span class='ocrx_word' id='word_1_291' title='bbox 1265 2102 1357 2161; x_wconf 69' lang='lat' dir='ltr'><strong>pro</strong></span> <span class='ocrx_word' id='word_1_292' title='bbox 1414 2069 1517 2154; x_wconf 63' lang='lat'><strong>\‘\</strong></span> 
     </span>
     <span class='ocr_line' id='line_1_39' title="bbox 796 2145 1183 2197; baseline -0.005 -3"><span class='ocrx_word' id='word_1_293' title='bbox 796 2154 989 2197; x_wconf 75' lang='lat' dir='ltr'><strong>portio</strong></span> <span class='ocrx_word' id='word_1_294' title='bbox 1020 2145 1183 2197; x_wconf 62' lang='lat' dir='ltr'><strong>6ad4</strong></span> 
     </span>
    </p>
   </div>
   <div class='ocr_carea' id='block_1_38' title="bbox 795 2145 1573 2219">
    <p class='ocr_par' dir='ltr' id='par_1_38' title="bbox 795 2145 1573 2219">
     <span class='ocr_line' id='line_1_40' title="bbox 795 2145 1573 2219; baseline -0.003 -25"><span class='ocrx_word' id='word_1_295' title='bbox 795 2145 989 2219; x_wconf 71' lang='lat' dir='ltr'><strong>p&#39;ort&#39;io</strong></span> <span class='ocrx_word' id='word_1_296' title='bbox 1020 2145 1183 2200; x_wconf 50' lang='lat' dir='ltr'><strong>eam.</strong></span> <span class='ocrx_word' id='word_1_297' title='bbox 1269 2145 1279 2161; x_wconf 89' lang='lat'><strong>&#39;</strong></span> <span class='ocrx_word' id='word_1_298' title='bbox 1505 2145 1573 2215; x_wconf 57' lang='lat'><strong>‘~\</strong></span> 
     </span>
    </p>
   </div>
   <div class='ocr_carea' id='block_1_39' title="bbox 367 2336 1678 2439">
    <p class='ocr_par' dir='ltr' id='par_1_39' title="bbox 367 2336 1678 2439">
     <span class='ocr_line' id='line_1_41' title="bbox 378 2336 1678 2439; baseline -0.007 -34"><span class='ocrx_word' id='word_1_299' title='bbox 378 2336 414 2410; x_wconf 48' lang='grc' dir='ltr'><strong>κί’</strong></span> <span class='ocrx_word' id='word_1_300' title='bbox 676 2336 751 2420; x_wconf 64' lang='lat'><strong>//</strong></span> <span class='ocrx_word' id='word_1_301' title='bbox 830 2338 1215 2439; x_wconf 51' lang='lat' dir='ltr'><strong>Mmimiciugdc</strong></span> <span class='ocrx_word' id='word_1_302' title='bbox 1307 2336 1347 2376; x_wconf 73' lang='lat'><strong>\</strong></span> 
     </span>
     <span class='ocr_line' id='line_1_42' title="bbox 367 2421 1188 2439; baseline 0 0"><span class='ocrx_word' id='word_1_303' title='bbox 367 2422 376 2439; x_wconf 79' lang='grc' dir='ltr'><strong><em>Ι</em></strong></span> <span class='ocrx_word' id='word_1_304' title='bbox 663 2422 675 2439; x_wconf 84' lang='grc' dir='ltr'><em>Ι</em></span> <span class='ocrx_word' id='word_1_305' title='bbox 829 2422 1023 2439; x_wconf 55' lang='grc' dir='ltr'><strong>ιιι---ΛἸΟ</strong></span> <span class='ocrx_word' id='word_1_306' title='bbox 1050 2424 1067 2439; x_wconf 59' lang='lat'><strong><em>3</em></strong></span> <span class='ocrx_word' id='word_1_307' title='bbox 1095 2421 1117 2439; x_wconf 65' lang='grc'><strong>³)</strong></span> <span class='ocrx_word' id='word_1_308' title='bbox 1166 2433 1188 2439; x_wconf 84' lang='grc'><strong>-</strong></span> 
     </span>
    </p>
   </div>
   <div class='ocr_carea' id='block_1_40' title="bbox 828 2413 1218 2501">
    <p class='ocr_par' dir='ltr' id='par_1_40' title="bbox 828 2413 1218 2501">
     <span class='ocr_line' id='line_1_43' title="bbox 828 2413 1218 2501; baseline -0.013 -32"><span class='ocrx_word' id='word_1_309' title='bbox 828 2421 1119 2501; x_wconf 48' lang='lat' dir='ltr'><strong>Pretio/ria</strong></span> <span class='ocrx_word' id='word_1_310' title='bbox 1131 2413 1218 2464; x_wconf 73' lang='lat' dir='ltr'><strong>ctz.</strong></span> 
     </span>
    </p>
   </div>
   <div class='ocr_carea' id='block_1_41' title="bbox 336 2422 1723 2998">
    <p class='ocr_par' dir='ltr' id='par_1_41' title="bbox 336 2422 1723 2998">
     <span class='ocr_line' id='line_1_44' title="bbox 341 2422 1711 2571; baseline -0.006 -101"><span class='ocrx_word' id='word_1_311' title='bbox 341 2422 376 2571; x_wconf 56' lang='grc' dir='ltr'><em>ί</em></span> <span class='ocrx_word' id='word_1_312' title='bbox 828 2422 1023 2501; x_wconf 69' lang='lat' dir='ltr'><strong>Propo‘r</strong></span> <span class='ocrx_word' id='word_1_313' title='bbox 1044 2424 1073 2472; x_wconf 79' lang='lat'><em>3</em></span> <span class='ocrx_word' id='word_1_314' title='bbox 1094 2422 1218 2464; x_wconf 69' lang='lat' dir='ltr'><strong>acu.</strong></span> <span class='ocrx_word' id='word_1_315' title='bbox 1399 2461 1425 2531; x_wconf 70' lang='lat'>\</span> <span class='ocrx_word' id='word_1_316' title='bbox 1680 2422 1711 2542; x_wconf 74' lang='lat'>\</span> 
     </span>
     <span class='ocr_line' id='line_1_45' title="bbox 336 2538 1721 2723; baseline -0.004 -67"><span class='ocrx_word' id='word_1_317' title='bbox 932 2542 1133 2653; x_wconf 43' lang='lat' dir='ltr'><strong>Et}?</strong></span> <span class='ocrx_word' id='word_1_318' title='bbox 1424 2538 1442 2723; x_wconf 44' lang='grc' dir='ltr'><strong>ἶ</strong></span> 
     </span>
     <span class='ocr_line' id='line_1_46' title="bbox 338 2565 1721 2849; baseline -0.015 -9"><span class='ocrx_word' id='word_1_319' title='bbox 338 2742 533 2840; x_wconf 56' lang='grc' dir='ltr'><strong>ΓἏ</strong></span> <span class='ocrx_word' id='word_1_320' title='bbox 732 2774 780 2829; x_wconf 91' lang='lat' dir='ltr'>C</span> <span class='ocrx_word' id='word_1_321' title='bbox 1000 2776 1065 2830; x_wconf 93' lang='lat' dir='ltr'><strong>D</strong></span> <span class='ocrx_word' id='word_1_322' title='bbox 1162 2580 1167 2837; x_wconf 80' lang='lat' dir='ltr'><strong>i</strong></span> <span class='ocrx_word' id='word_1_323' title='bbox 1288 2762 1333 2815; x_wconf 75' lang='grc' dir='ltr'>Ε</span> <span class='ocrx_word' id='word_1_324' title='bbox 1436 2709 1721 2849; x_wconf 36' lang='lat' dir='ltr'><strong>[ﬂii—Mi</strong></span> 
     </span>
     <span class='ocr_line' id='line_1_47' title="bbox 338 2653 1723 2998; baseline -0.004 -2"><span class='ocrx_word' id='word_1_325' title='bbox 338 2874 414 2996; x_wconf 59' lang='grc' dir='ltr'>Ϊῗ</span> <span class='ocrx_word' id='word_1_326' title='bbox 436 2653 615 2998; x_wconf 45' lang='lat' dir='ltr'><strong>“ti</strong></span> <span class='ocrx_word' id='word_1_327' title='bbox 635 2993 663 2997; x_wconf 32' lang='grc' dir='ltr'>,ε</span> <span class='ocrx_word' id='word_1_328' title='bbox 698 2758 956 2997; x_wconf 47' lang='lat' dir='ltr'><strong>Ei</strong></span> <span class='ocrx_word' id='word_1_329' title='bbox 992 2901 1089 2996; x_wconf 65' lang='lat'><strong>.1.</strong></span> <span class='ocrx_word' id='word_1_330' title='bbox 1163 2864 1170 2995; x_wconf 87' lang='lat' dir='ltr'><strong>l</strong></span> <span class='ocrx_word' id='word_1_331' title='bbox 1212 2854 1723 2996; x_wconf 29' lang='lat' dir='ltr'><strong>citi]</strong></span> 
     </span>
    </p>
   </div>
   <div class='ocr_carea' id='block_1_42' title="bbox 190 3041 1887 3115">
    <p class='ocr_par' dir='ltr' id='par_1_42' title="bbox 190 3041 1887 3115">
     <span class='ocr_line' id='line_1_48' title="bbox 190 3041 1887 3115; baseline -0.001 -18"><span class='ocrx_word' id='word_1_332' title='bbox 190 3046 258 3098; x_wconf 88' lang='lat' dir='ltr'><strong>Et</strong></span> <span class='ocrx_word' id='word_1_333' title='bbox 280 3046 598 3100; x_wconf 90' lang='lat' dir='ltr'><strong>secundum</strong></span> <span class='ocrx_word' id='word_1_334' title='bbox 625 3045 887 3115; x_wconf 66' lang='lat' dir='ltr'><strong>Archyta:</strong></span> <span class='ocrx_word' id='word_1_335' title='bbox 915 3044 1149 3115; x_wconf 90' lang='lat' dir='ltr'><strong>quidem</strong></span> <span class='ocrx_word' id='word_1_336' title='bbox 1172 3044 1455 3097; x_wconf 88' lang='lat' dir='ltr'><strong>rationem</strong></span> <span class='ocrx_word' id='word_1_337' title='bbox 1478 3042 1685 3096; x_wconf 92' lang='lat' dir='ltr'><strong>idcirco</strong></span> <span class='ocrx_word' id='word_1_338' title='bbox 1710 3041 1769 3094; x_wconf 92' lang='lat' dir='ltr'><strong>in</strong></span> <span class='ocrx_word' id='word_1_339' title='bbox 1798 3057 1887 3095; x_wconf 89' lang='lat' dir='ltr'><strong>su-</strong></span> 
     </span>
    </p>
   </div>
   <div class='ocr_carea' id='block_1_43' title="bbox 182 3119 1961 3205">
    <p class='ocr_par' dir='ltr' id='par_1_43' title="bbox 182 3119 1961 3205">
     <span class='ocr_line' id='line_1_49' title="bbox 182 3119 1961 3205; baseline -0.003 -17"><span class='ocrx_word' id='word_1_340' title='bbox 182 3135 630 3205; x_wconf 88' lang='lat' dir='ltr'><strong>perparticulari</strong></span> <span class='ocrx_word' id='word_1_341' title='bbox 699 3135 888 3188; x_wconf 91' lang='lat' dir='ltr'><strong>nullus</strong></span> <span class='ocrx_word' id='word_1_342' title='bbox 936 3134 1158 3187; x_wconf 85' lang='lat' dir='ltr'><strong>medius</strong></span> <span class='ocrx_word' id='word_1_343' title='bbox 1216 3133 1497 3185; x_wconf 85' lang='lat' dir='ltr'><strong>terminus</strong></span> <span class='ocrx_word' id='word_1_344' title='bbox 1564 3132 1732 3197; x_wconf 89' lang='lat' dir='ltr'><strong>cadit,</strong></span> <span class='ocrx_word' id='word_1_345' title='bbox 1782 3130 1882 3201; x_wconf 92' lang='lat' dir='ltr'><strong>qui</strong></span> <span class='ocrx_word' id='word_1_346' title='bbox 1923 3119 1961 3171; x_wconf 67' lang='grc' dir='ltr'><strong>(ἶ</strong></span> 
     </span>
    </p>
   </div>
   <div class='ocr_carea' id='block_1_44' title="bbox 182 3219 1880 3293">
    <p class='ocr_par' dir='ltr' id='par_1_44' title="bbox 182 3219 1880 3293">
     <span class='ocr_line' id='line_1_50' title="bbox 182 3219 1880 3293; baseline -0.003 -17"><span class='ocrx_word' id='word_1_347' title='bbox 182 3223 489 3293; x_wconf 66' lang='lat' dir='ltr'><strong>aequaliter</strong></span> <span class='ocrx_word' id='word_1_348' title='bbox 520 3223 730 3276; x_wconf 87' lang='lat' dir='ltr'><strong>dividat</strong></span> <span class='ocrx_word' id='word_1_349' title='bbox 759 3222 1211 3291; x_wconf 88' lang='lat' dir='ltr'><strong>proportionem,</strong></span> <span class='ocrx_word' id='word_1_350' title='bbox 1256 3221 1531 3290; x_wconf 91' lang='lat' dir='ltr'><strong>quoniam</strong></span> <span class='ocrx_word' id='word_1_351' title='bbox 1564 3219 1791 3272; x_wconf 91' lang='lat' dir='ltr'><strong>minimi</strong></span> <span class='ocrx_word' id='word_1_352' title='bbox 1820 3219 1880 3271; x_wconf 92' lang='lat' dir='ltr'><strong>in</strong></span> 
     </span>
    </p>
   </div>
   <div class='ocr_carea' id='block_1_45' title="bbox 184 3309 1881 3382">
    <p class='ocr_par' dir='ltr' id='par_1_45' title="bbox 184 3309 1881 3382">
     <span class='ocr_line' id='line_1_51' title="bbox 184 3309 1881 3382; baseline -0.003 -16"><span class='ocrx_word' id='word_1_353' title='bbox 184 3314 389 3367; x_wconf 90' lang='lat' dir='ltr'><strong>eadem</strong></span> <span class='ocrx_word' id='word_1_354' title='bbox 426 3314 799 3382; x_wconf 88' lang='lat' dir='ltr'><strong>proportione</strong></span> <span class='ocrx_word' id='word_1_355' title='bbox 830 3312 948 3364; x_wconf 89' lang='lat' dir='ltr'><strong>sola</strong></span> <span class='ocrx_word' id='word_1_356' title='bbox 971 3310 1245 3364; x_wconf 70' lang='lat' dir='ltr'><strong>differunt</strong></span> <span class='ocrx_word' id='word_1_357' title='bbox 1271 3311 1510 3362; x_wconf 87' lang='lat' dir='ltr'><strong>unitate.</strong></span> <span class='ocrx_word' id='word_1_358' title='bbox 1544 3309 1716 3372; x_wconf 89' lang='lat' dir='ltr'><strong>Quasi</strong></span> <span class='ocrx_word' id='word_1_359' title='bbox 1749 3325 1881 3361; x_wconf 85' lang='lat' dir='ltr'><strong>vero</strong></span> 
     </span>
    </p>
   </div>
   <div class='ocr_carea' id='block_1_46' title="bbox 187 3398 1880 3469">
    <p class='ocr_par' dir='ltr' id='par_1_46' title="bbox 187 3398 1880 3469">
     <span class='ocr_line' id='line_1_52' title="bbox 187 3398 1880 3469; baseline -0.002 -14"><span class='ocrx_word' id='word_1_360' title='bbox 187 3419 305 3455; x_wconf 89' lang='lat' dir='ltr'><strong>non</strong></span> <span class='ocrx_word' id='word_1_361' title='bbox 342 3401 597 3455; x_wconf 89' lang='lat' dir='ltr'><strong>etiamin</strong></span> <span class='ocrx_word' id='word_1_362' title='bbox 626 3400 930 3469; x_wconf 84' lang='lat' dir='ltr'><strong>multiplici</strong></span> <span class='ocrx_word' id='word_1_363' title='bbox 952 3398 1331 3469; x_wconf 87' lang='lat' dir='ltr'><strong>proportione</strong></span> <span class='ocrx_word' id='word_1_364' title='bbox 1362 3399 1589 3451; x_wconf 90' lang='lat' dir='ltr'><strong>minimi</strong></span> <span class='ocrx_word' id='word_1_365' title='bbox 1620 3398 1880 3451; x_wconf 87' lang='lat' dir='ltr'><strong>eamdem</strong></span> 
     </span>
    </p>
   </div>
   <div class='ocr_carea' id='block_1_47' title="bbox 185 3472 1882 3557">
    <p class='ocr_par' dir='ltr' id='par_1_47' title="bbox 185 3472 1882 3557">
     <span class='ocr_line' id='line_1_53' title="bbox 185 3472 1882 3557; baseline -0.003 -13"><span class='ocrx_word' id='word_1_366' title='bbox 185 3490 427 3544; x_wconf 88' lang='lat' dir='ltr'><strong>unitatis</strong></span> <span class='ocrx_word' id='word_1_367' title='bbox 450 3489 832 3543; x_wconf 75' lang='lat' dir='ltr'><strong>differentiam</strong></span> <span class='ocrx_word' id='word_1_368' title='bbox 856 3488 1185 3541; x_wconf 86' lang='lat' dir='ltr'><strong>sortiantur.</strong></span> <span class='ocrx_word' id='word_1_369' title='bbox 1214 3487 1355 3541; x_wconf 86' lang='lat' dir='ltr'><strong>Cum</strong></span> <span class='ocrx_word' id='word_1_370' title='bbox 1379 3472 1569 3557; x_wconf 79' lang='lat' dir='ltr'><strong>plures</strong></span> <span class='ocrx_word' id='word_1_371' title='bbox 1588 3486 1882 3540; x_wconf 88' lang='lat' dir='ltr'><strong>videamus</strong></span> 
     </span>
    </p>
   </div>
   <div class='ocr_carea' id='block_1_48' title="bbox 187 3576 1882 3648">
    <p class='ocr_par' dir='ltr' id='par_1_48' title="bbox 187 3576 1882 3648">
     <span class='ocr_line' id='line_1_54' title="bbox 187 3576 1882 3648; baseline -0.002 -15"><span class='ocrx_word' id='word_1_372' title='bbox 187 3596 311 3634; x_wconf 91' lang='lat' dir='ltr'><strong>esse</strong></span> <span class='ocrx_word' id='word_1_373' title='bbox 351 3578 693 3648; x_wconf 88' lang='lat' dir='ltr'><strong>multiplices</strong></span> <span class='ocrx_word' id='word_1_374' title='bbox 722 3588 935 3647; x_wconf 57' lang='lat' dir='ltr'><strong>preter</strong></span> <span class='ocrx_word' id='word_1_375' title='bbox 964 3594 1061 3630; x_wconf 88' lang='lat' dir='ltr'><strong>eos</strong></span> <span class='ocrx_word' id='word_1_376' title='bbox 1084 3578 1184 3646; x_wconf 91' lang='lat' dir='ltr'><strong>qui</strong></span> <span class='ocrx_word' id='word_1_377' title='bbox 1218 3577 1275 3630; x_wconf 93' lang='lat' dir='ltr'><strong>in</strong></span> <span class='ocrx_word' id='word_1_378' title='bbox 1306 3576 1591 3629; x_wconf 89' lang='lat' dir='ltr'><strong>radicibus</strong></span> <span class='ocrx_word' id='word_1_379' title='bbox 1623 3577 1882 3629; x_wconf 87' lang='lat' dir='ltr'><strong>collocati</strong></span> 
     </span>
    </p>
   </div>
   <div class='ocr_carea' id='block_1_49' title="bbox 186 3666 1884 3737">
    <p class='ocr_par' dir='ltr' id='par_1_49' title="bbox 186 3666 1884 3737">
     <span class='ocr_line' id='line_1_55' title="bbox 186 3666 1884 3737; baseline -0.002 -15"><span class='ocrx_word' id='word_1_380' title='bbox 186 3673 345 3730; x_wconf 87' lang='lat' dir='ltr'><strong>sunt,</strong></span> <span class='ocrx_word' id='word_1_381' title='bbox 379 3669 531 3721; x_wconf 89' lang='lat' dir='ltr'><strong>inter</strong></span> <span class='ocrx_word' id='word_1_382' title='bbox 562 3684 705 3737; x_wconf 89' lang='lat' dir='ltr'><strong>quos</strong></span> <span class='ocrx_word' id='word_1_383' title='bbox 736 3668 957 3720; x_wconf 89' lang='lat' dir='ltr'><strong>medius</strong></span> <span class='ocrx_word' id='word_1_384' title='bbox 980 3667 1261 3719; x_wconf 82' lang='lat' dir='ltr'><strong>terminus</strong></span> <span class='ocrx_word' id='word_1_385' title='bbox 1294 3666 1557 3718; x_wconf 86' lang='lat' dir='ltr'><strong>scindens</strong></span> <span class='ocrx_word' id='word_1_386' title='bbox 1585 3666 1884 3735; x_wconf 67' lang='lat' dir='ltr'><strong>aequaliter</strong></span> 
     </span>
    </p>
   </div>
   <div class='ocr_carea' id='block_1_50' title="bbox 185 3754 1881 3827">
    <p class='ocr_par' dir='ltr' id='par_1_50' title="bbox 185 3754 1881 3827">
     <span class='ocr_line' id='line_1_56' title="bbox 185 3754 1881 3827; baseline -0.003 -15"><span class='ocrx_word' id='word_1_387' title='bbox 185 3758 448 3812; x_wconf 90' lang='lat' dir='ltr'><strong>eamdem</strong></span> <span class='ocrx_word' id='word_1_388' title='bbox 491 3757 921 3827; x_wconf 88' lang='lat' dir='ltr'><strong>proportionem</strong></span> <span class='ocrx_word' id='word_1_389' title='bbox 972 3756 1152 3825; x_wconf 82' lang='lat' dir='ltr'><strong>possit</strong></span> <span class='ocrx_word' id='word_1_390' title='bbox 1201 3755 1403 3825; x_wconf 88' lang='lat' dir='ltr'><strong>aptari.</strong></span> <span class='ocrx_word' id='word_1_391' title='bbox 1457 3754 1564 3808; x_wconf 87' lang='lat' dir='ltr'><strong>Sed</strong></span> <span class='ocrx_word' id='word_1_392' title='bbox 1616 3756 1737 3807; x_wconf 78' lang='lat' dir='ltr'><strong>haec</strong></span> <span class='ocrx_word' id='word_1_393' title='bbox 1786 3755 1881 3824; x_wconf 88' lang='lat' dir='ltr'><strong>qui</strong></span> 
     </span>
    </p>
   </div>
   <div class='ocr_carea' id='block_1_51' title="bbox 183 3844 1882 3915">
    <p class='ocr_par' dir='ltr' id='par_1_51' title="bbox 183 3844 1882 3915">
     <span class='ocr_line' id='line_1_57' title="bbox 183 3844 1882 3915; baseline -0.003 -15"><span class='ocrx_word' id='word_1_394' title='bbox 183 3848 572 3900; x_wconf 88' lang='lat' dir='ltr'><strong>arithmeticos</strong></span> <span class='ocrx_word' id='word_1_395' title='bbox 625 3851 847 3898; x_wconf 87' lang='lat' dir='ltr'><strong>nostros</strong></span> <span class='ocrx_word' id='word_1_396' title='bbox 914 3845 1219 3911; x_wconf 80' lang='lat' dir='ltr'><strong>diligenter</strong></span> <span class='ocrx_word' id='word_1_397' title='bbox 1282 3844 1613 3915; x_wconf 82' lang='lat' dir='ltr'><strong>inspexerit,</strong></span> <span class='ocrx_word' id='word_1_398' title='bbox 1662 3844 1882 3897; x_wconf 84' lang='lat' dir='ltr'><strong>facilius</strong></span> 
     </span>
    </p>
   </div>
   <div class='ocr_carea' id='block_1_52' title="bbox 187 3933 1885 4004">
    <p class='ocr_par' dir='ltr' id='par_1_52' title="bbox 187 3933 1885 4004">
     <span class='ocr_line' id='line_1_58' title="bbox 187 3933 1885 4004; baseline -0.003 -15"><span class='ocrx_word' id='word_1_399' title='bbox 187 3935 487 4004; x_wconf 84' lang='lat' dir='ltr'><strong>intelliget.</strong></span> <span class='ocrx_word' id='word_1_400' title='bbox 544 3935 884 3988; x_wconf 79' lang='lat' dir='ltr'><strong>Addendum</strong></span> <span class='ocrx_word' id='word_1_401' title='bbox 936 3950 1070 3987; x_wconf 73' lang='lat' dir='ltr'><strong>vero</strong></span> <span class='ocrx_word' id='word_1_402' title='bbox 1121 3938 1204 3986; x_wconf 89' lang='lat' dir='ltr'><strong>est</strong></span> <span class='ocrx_word' id='word_1_403' title='bbox 1256 3933 1315 3986; x_wconf 88' lang='lat' dir='ltr'><strong>id</strong></span> <span class='ocrx_word' id='word_1_404' title='bbox 1371 3933 1450 3986; x_wconf 88' lang='lat' dir='ltr'><strong>ita</strong></span> <span class='ocrx_word' id='word_1_405' title='bbox 1509 3933 1756 3993; x_wconf 88' lang='lat' dir='ltr'><strong>evenire,</strong></span> <span class='ocrx_word' id='word_1_406' title='bbox 1820 3939 1885 3985; x_wconf 91' lang='lat' dir='ltr'><strong>ut</strong></span> 
     </span>
    </p>
   </div>
   <div class='ocr_carea' id='block_1_53' title="bbox 187 4022 1879 4094">
    <p class='ocr_par' dir='ltr' id='par_1_53' title="bbox 187 4022 1879 4094">
     <span class='ocr_line' id='line_1_59' title="bbox 187 4022 1879 4094; baseline -0.002 -16"><span class='ocrx_word' id='word_1_407' title='bbox 187 4026 464 4094; x_wconf 82' lang='lat' dir='ltr'><strong>Archytas</strong></span> <span class='ocrx_word' id='word_1_408' title='bbox 496 4029 679 4093; x_wconf 88' lang='lat' dir='ltr'><strong>putat,</strong></span> <span class='ocrx_word' id='word_1_409' title='bbox 715 4024 773 4077; x_wconf 93' lang='lat' dir='ltr'><strong>in</strong></span> <span class='ocrx_word' id='word_1_410' title='bbox 806 4024 925 4076; x_wconf 92' lang='lat' dir='ltr'><strong>sola</strong></span> <span class='ocrx_word' id='word_1_411' title='bbox 956 4022 1461 4092; x_wconf 89' lang='lat' dir='ltr'><strong>superparticulari</strong></span> <span class='ocrx_word' id='word_1_412' title='bbox 1489 4022 1879 4092; x_wconf 85' lang='lat' dir='ltr'><strong>proportione.</strong></span> 
     </span>
    </p>
   </div>
   <div class='ocr_carea' id='block_1_54' title="bbox 190 4111 1883 4167">
    <p class='ocr_par' dir='ltr' id='par_1_54' title="bbox 190 4111 1883 4167">
     <span class='ocr_line' id='line_1_60' title="bbox 190 4111 1883 4167; baseline -0.002 0"><span class='ocrx_word' id='word_1_413' title='bbox 190 4115 314 4167; x_wconf 76' lang='lat' dir='ltr'><strong>Non</strong></span> <span class='ocrx_word' id='word_1_414' title='bbox 338 4118 532 4165; x_wconf 90' lang='lat' dir='ltr'><strong>autem</strong></span> <span class='ocrx_word' id='word_1_415' title='bbox 562 4112 961 4165; x_wconf 89' lang='lat' dir='ltr'><strong>universaliter</strong></span> <span class='ocrx_word' id='word_1_416' title='bbox 992 4116 1075 4165; x_wconf 89' lang='lat' dir='ltr'><strong>est</strong></span> <span class='ocrx_word' id='word_1_417' title='bbox 1094 4111 1418 4165; x_wconf 91' lang='lat' dir='ltr'><strong>dicendum.</strong></span> <span class='ocrx_word' id='word_1_418' title='bbox 1454 4111 1613 4163; x_wconf 89' lang='lat' dir='ltr'><strong>Nunc</strong></span> <span class='ocrx_word' id='word_1_419' title='bbox 1642 4122 1663 4144; x_wconf 80' lang='lat'><strong><em>°</em></strong></span> <span class='ocrx_word' id='word_1_420' title='bbox 1691 4116 1883 4163; x_wconf 87' lang='lat' dir='ltr'><strong>autem</strong></span> 
     </span>
    </p>
   </div>
   <div class='ocr_carea' id='block_1_55' title="bbox 185 4202 1028 4273">
    <p class='ocr_par' dir='ltr' id='par_1_55' title="bbox 185 4202 1028 4273">
     <span class='ocr_line' id='line_1_61' title="bbox 185 4202 1028 4273; baseline -0.002 -18"><span class='ocrx_word' id='word_1_421' title='bbox 185 4202 258 4256; x_wconf 91' lang='lat' dir='ltr'><strong>ad</strong></span> <span class='ocrx_word' id='word_1_422' title='bbox 289 4203 589 4273; x_wconf 80' lang='lat' dir='ltr'><strong>sequentia</strong></span> <span class='ocrx_word' id='word_1_423' title='bbox 609 4204 1028 4255; x_wconf 88' lang='lat' dir='ltr'><strong>convertamur.</strong></span> 
     </span>
    </p>
   </div>
   <div class='ocr_carea' id='block_1_56' title="bbox 875 4289 1237 4344">
    <p class='ocr_par' dir='ltr' id='par_1_56' title="bbox 875 4289 1237 4344">
     <span class='ocr_line' id='line_1_62' title="bbox 875 4289 1237 4344; baseline -0.008 0"><span class='ocrx_word' id='word_1_424' title='bbox 875 4290 1098 4344; x_wconf 79' lang='lat' dir='ltr'><strong>CAPUT</strong></span> <span class='ocrx_word' id='word_1_425' title='bbox 1129 4289 1237 4342; x_wconf 83' lang='lat' dir='ltr'><strong>XII.</strong></span> 
     </span>
    </p>
   </div>
   <div class='ocr_carea' id='block_1_57' title="bbox 190 4377 1887 4450">
    <p class='ocr_par' dir='ltr' id='par_1_57' title="bbox 190 4377 1887 4450">
     <span class='ocr_line' id='line_1_63' title="bbox 190 4377 1887 4450; baseline -0.004 -15"><span class='ocrx_word' id='word_1_426' title='bbox 190 4384 252 4435; x_wconf 82' lang='lat' dir='ltr'><strong>In</strong></span> <span class='ocrx_word' id='word_1_427' title='bbox 282 4397 393 4450; x_wconf 84' lang='lat' dir='ltr'><strong>qua</strong></span> <span class='ocrx_word' id='word_1_428' title='bbox 419 4397 762 4435; x_wconf 78' lang='lat' dir='ltr'><strong>numerorum</strong></span> <span class='ocrx_word' id='word_1_429' title='bbox 802 4384 1147 4449; x_wconf 69' lang='lat' dir='ltr'><strong>proponioue</strong></span> <span class='ocrx_word' id='word_1_430' title='bbox 1176 4382 1250 4433; x_wconf 80' lang='lat' dir='ltr'><strong>sit</strong></span> <span class='ocrx_word' id='word_1_431' title='bbox 1277 4394 1500 4439; x_wconf 84' lang='lat' dir='ltr'><strong>comma,</strong></span> <span class='ocrx_word' id='word_1_432' title='bbox 1531 4382 1581 4431; x_wconf 86' lang='lat' dir='ltr'><strong>et</strong></span> <span class='ocrx_word' id='word_1_433' title='bbox 1629 4377 1887 4445; x_wconf 84' lang='lat' dir='ltr'><strong>quoniam</strong></span> 
     </span>
    </p>
   </div>
   <div class='ocr_carea' id='block_1_58' title="bbox 262 4451 1883 4576">
    <p class='ocr_par' dir='ltr' id='par_1_58' title="bbox 262 4451 1883 4576">
     <span class='ocr_line' id='line_1_64' title="bbox 262 4451 1883 4576; baseline -0.003 -71"><span class='ocrx_word' id='word_1_434' title='bbox 262 4456 331 4575; x_wconf 51' lang='grc' dir='ltr'><strong>ἐπὶ</strong></span> <span class='ocrx_word' id='word_1_435' title='bbox 360 4468 429 4575; x_wconf 56' lang='lat' dir='ltr'><strong>et;</strong></span> <span class='ocrx_word' id='word_1_436' title='bbox 448 4468 594 4576; x_wconf 59' lang='lat' dir='ltr'><strong>7q3uaz</strong></span> <span class='ocrx_word' id='word_1_437' title='bbox 636 4453 813 4520; x_wconf 87' lang='lat' dir='ltr'><strong>major</strong></span> <span class='ocrx_word' id='word_1_438' title='bbox 841 4454 915 4505; x_wconf 79' lang='lat' dir='ltr'><strong>sit</strong></span> <span class='ocrx_word' id='word_1_439' title='bbox 970 4468 1133 4519; x_wconf 84' lang='lat' dir='ltr'><strong>quam</strong></span> <span class='ocrx_word' id='word_1_440' title='bbox 1173 4453 1241 4504; x_wconf 79' lang='grc'>’75</span> <span class='ocrx_word' id='word_1_441' title='bbox 1277 4451 1349 4503; x_wconf 84' lang='lat' dir='ltr'><strong>ad</strong></span> <span class='ocrx_word' id='word_1_442' title='bbox 1380 4451 1464 4517; x_wconf 90' lang='grc'><strong>74,</strong></span> <span class='ocrx_word' id='word_1_443' title='bbox 1498 4454 1674 4503; x_wconf 79' lang='lat' dir='ltr'><strong>minor</strong></span> <span class='ocrx_word' id='word_1_444' title='bbox 1721 4464 1883 4517; x_wconf 78' lang='lat' dir='ltr'><strong>quam</strong></span> 
     </span>
     <span class='ocr_line' id='line_1_65' title="bbox 271 4540 535 4576; baseline 0 0"><span class='ocrx_word' id='word_1_445' title='bbox 271 4542 287 4576; x_wconf 75' lang='grc' dir='ltr'><em>ι</em></span> <span class='ocrx_word' id='word_1_446' title='bbox 357 4540 388 4576; x_wconf 91' lang='lat' dir='ltr'><strong>a</strong></span> <span class='ocrx_word' id='word_1_447' title='bbox 525 4565 535 4576; x_wconf 97' lang='lat'><strong>.</strong></span> 
     </span>
    </p>
   </div>
   <div class='ocr_carea' id='block_1_59' title="bbox 271 4540 535 4577">
    <p class='ocr_par' dir='ltr' id='par_1_59' title="bbox 271 4540 535 4577">
     <span class='ocr_line' id='line_1_66' title="bbox 271 4540 535 4577; baseline 0.004 -1"><span class='ocrx_word' id='word_1_448' title='bbox 271 4540 331 4576; x_wconf 66' lang='grc' dir='ltr'>Η</span> <span class='ocrx_word' id='word_1_449' title='bbox 357 4540 429 4576; x_wconf 84' lang='grc' dir='ltr'><strong>αα</strong></span> <span class='ocrx_word' id='word_1_450' title='bbox 461 4540 535 4577; x_wconf 67' lang='lat' dir='ltr'><strong>Id.</strong></span> 
     </span>
    </p>
   </div>
   <div class='ocr_carea' id='block_1_60' title="bbox 262 4608 1886 4682">
    <p class='ocr_par' dir='ltr' id='par_1_60' title="bbox 262 4608 1886 4682">
     <span class='ocr_line' id='line_1_67' title="bbox 262 4608 1886 4682; baseline -0.002 -17"><span class='ocrx_word' id='word_1_451' title='bbox 262 4611 522 4665; x_wconf 88' lang='lat' dir='ltr'><strong>Primum</strong></span> <span class='ocrx_word' id='word_1_452' title='bbox 554 4611 730 4682; x_wconf 82' lang='lat' dir='ltr'><strong>igitur</strong></span> <span class='ocrx_word' id='word_1_453' title='bbox 757 4612 880 4665; x_wconf 90' lang='lat' dir='ltr'><strong>dico</strong></span> <span class='ocrx_word' id='word_1_454' title='bbox 905 4610 1179 4680; x_wconf 90' lang='lat' dir='ltr'><strong>quoniam</strong></span> <span class='ocrx_word' id='word_1_455' title='bbox 1206 4609 1267 4663; x_wconf 91' lang='lat' dir='ltr'><strong>hi</strong></span> <span class='ocrx_word' id='word_1_456' title='bbox 1296 4609 1521 4662; x_wconf 91' lang='lat' dir='ltr'><strong>numeri</strong></span> <span class='ocrx_word' id='word_1_457' title='bbox 1538 4608 1635 4680; x_wconf 87' lang='lat' dir='ltr'><strong>qui</strong></span> <span class='ocrx_word' id='word_1_458' title='bbox 1662 4625 1886 4662; x_wconf 90' lang='lat' dir='ltr'><strong>comma</strong></span> 
     </span>
    </p>
   </div>
   <div class='ocr_carea' id='block_1_61' title="bbox 190 4698 1886 4770">
    <p class='ocr_par' dir='ltr' id='par_1_61' title="bbox 190 4698 1886 4770">
     <span class='ocr_line' id='line_1_68' title="bbox 190 4698 1886 4770; baseline -0.002 -16"><span class='ocrx_word' id='word_1_459' title='bbox 190 4701 491 4755; x_wconf 85' lang='lat' dir='ltr'><strong>continent</strong></span> <span class='ocrx_word' id='word_1_460' title='bbox 538 4701 815 4770; x_wconf 86' lang='lat' dir='ltr'><strong>majorem</strong></span> <span class='ocrx_word' id='word_1_461' title='bbox 866 4700 1015 4752; x_wconf 89' lang='lat' dir='ltr'><strong>inter</strong></span> <span class='ocrx_word' id='word_1_462' title='bbox 1062 4716 1120 4753; x_wconf 93' lang='lat' dir='ltr'><strong>se</strong></span> <span class='ocrx_word' id='word_1_463' title='bbox 1160 4699 1406 4752; x_wconf 88' lang='lat' dir='ltr'><strong>retinent</strong></span> <span class='ocrx_word' id='word_1_464' title='bbox 1454 4698 1886 4767; x_wconf 82' lang='lat' dir='ltr'><strong>proportionem</strong></span> 
     </span>
    </p>
   </div>
   <div class='ocr_carea' id='block_1_62' title="bbox 190 4787 1887 4862">
    <p class='ocr_par' dir='ltr' id='par_1_62' title="bbox 190 4787 1887 4862">
     <span class='ocr_line' id='line_1_69' title="bbox 190 4787 1887 4862; baseline -0.002 -19"><span class='ocrx_word' id='word_1_465' title='bbox 190 4808 370 4862; x_wconf 89' lang='lat' dir='ltr'><strong>quam</strong></span> <span class='ocrx_word' id='word_1_466' title='bbox 402 4793 467 4843; x_wconf 79' lang='grc'><strong>75</strong></span> <span class='ocrx_word' id='word_1_467' title='bbox 498 4791 565 4843; x_wconf 92' lang='lat' dir='ltr'><strong>ad</strong></span> <span class='ocrx_word' id='word_1_468' title='bbox 584 4792 673 4856; x_wconf 72' lang='grc'><strong>74,</strong></span> <span class='ocrx_word' id='word_1_469' title='bbox 707 4790 993 4843; x_wconf 88' lang='lat' dir='ltr'><strong>minorem</strong></span> <span class='ocrx_word' id='word_1_470' title='bbox 1024 4805 1197 4860; x_wconf 89' lang='lat' dir='ltr'><strong>quam</strong></span> <span class='ocrx_word' id='word_1_471' title='bbox 1225 4790 1293 4841; x_wconf 88' lang='grc'><strong>74</strong></span> <span class='ocrx_word' id='word_1_472' title='bbox 1328 4789 1398 4842; x_wconf 91' lang='lat' dir='ltr'><strong>ad</strong></span> <span class='ocrx_word' id='word_1_473' title='bbox 1431 4791 1516 4842; x_wconf 84' lang='lat'><strong>73.</strong></span> <span class='ocrx_word' id='word_1_474' title='bbox 1552 4788 1613 4841; x_wconf 91' lang='lat' dir='ltr'><strong>ld</strong></span> <span class='ocrx_word' id='word_1_475' title='bbox 1643 4804 1774 4840; x_wconf 88' lang='lat' dir='ltr'><strong>vero</strong></span> <span class='ocrx_word' id='word_1_476' title='bbox 1807 4787 1887 4840; x_wconf 87' lang='lat' dir='ltr'><strong>ita</strong></span> 
     </span>
    </p>
   </div>
   <div class='ocr_carea' id='block_1_63' title="bbox 189 4877 1885 4948">
    <p class='ocr_par' dir='ltr' id='par_1_63' title="bbox 189 4877 1885 4948">
     <span class='ocr_line' id='line_1_70' title="bbox 189 4877 1885 4948; baseline -0.004 -13"><span class='ocrx_word' id='word_1_477' title='bbox 189 4879 690 4935; x_wconf 88' lang='lat' dir='ltr'><strong>demonstrabitur</strong></span> <span class='ocrx_word' id='word_1_478' title='bbox 727 4895 739 4933; x_wconf 91' lang='lat'><strong>:</strong></span> <span class='ocrx_word' id='word_1_479' title='bbox 779 4895 839 4932; x_wconf 87' lang='lat' dir='ltr'><strong>ac</strong></span> <span class='ocrx_word' id='word_1_480' title='bbox 874 4878 1059 4947; x_wconf 89' lang='lat' dir='ltr'><strong>primo</strong></span> <span class='ocrx_word' id='word_1_481' title='bbox 1091 4878 1322 4948; x_wconf 89' lang='lat' dir='ltr'><strong>quidem</strong></span> <span class='ocrx_word' id='word_1_482' title='bbox 1350 4878 1493 4931; x_wconf 90' lang='lat' dir='ltr'><strong>illud</strong></span> <span class='ocrx_word' id='word_1_483' title='bbox 1522 4877 1885 4930; x_wconf 90' lang='lat' dir='ltr'><strong>reminiscen-</strong></span> 
     </span>
    </p>
   </div>
   <div class='ocr_carea' id='block_1_64' title="bbox 189 4967 1884 5039">
    <p class='ocr_par' dir='ltr' id='par_1_64' title="bbox 189 4967 1884 5039">
     <span class='ocr_line' id='line_1_71' title="bbox 189 4967 1884 5039; baseline -0.002 -16"><span class='ocrx_word' id='word_1_484' title='bbox 189 4976 331 5023; x_wconf 89' lang='lat' dir='ltr'><strong>dum</strong></span> <span class='ocrx_word' id='word_1_485' title='bbox 363 4974 466 5035; x_wconf 90' lang='lat' dir='ltr'><strong>est,</strong></span> <span class='ocrx_word' id='word_1_486' title='bbox 500 4968 651 5039; x_wconf 91' lang='lat' dir='ltr'><strong>quod</strong></span> <span class='ocrx_word' id='word_1_487' title='bbox 687 4984 780 5021; x_wconf 86' lang='lat' dir='ltr'><strong>sex</strong></span> <span class='ocrx_word' id='word_1_488' title='bbox 816 4968 938 5020; x_wconf 90' lang='lat' dir='ltr'><strong>toni</strong></span> <span class='ocrx_word' id='word_1_489' title='bbox 968 4967 1243 5037; x_wconf 88' lang='lat' dir='ltr'><strong>diapason</strong></span> <span class='ocrx_word' id='word_1_490' title='bbox 1283 4970 1561 5020; x_wconf 82' lang='lat' dir='ltr'><strong>commate</strong></span> <span class='ocrx_word' id='word_1_491' title='bbox 1592 4972 1884 5019; x_wconf 87' lang='lat' dir='ltr'><strong>transcen-</strong></span> 
     </span>
    </p>
   </div>
   <div class='ocr_carea' id='block_1_65' title="bbox 188 5056 1883 5127">
    <p class='ocr_par' dir='ltr' id='par_1_65' title="bbox 188 5056 1883 5127">
     <span class='ocr_line' id='line_1_72' title="bbox 188 5056 1883 5127; baseline -0.002 -16"><span class='ocrx_word' id='word_1_492' title='bbox 188 5059 353 5111; x_wconf 89' lang='lat' dir='ltr'><strong>dunt.</strong></span> <span class='ocrx_word' id='word_1_493' title='bbox 391 5058 473 5110; x_wconf 92' lang='lat' dir='ltr'><strong>Sit</strong></span> <span class='ocrx_word' id='word_1_494' title='bbox 504 5058 681 5127; x_wconf 82' lang='lat' dir='ltr'><strong>igitur</strong></span> <span class='ocrx_word' id='word_1_495' title='bbox 707 5060 753 5109; x_wconf 81' lang='grc' dir='ltr'><strong>Α</strong></span> <span class='ocrx_word' id='word_1_496' title='bbox 783 5056 1018 5126; x_wconf 91' lang='lat' dir='ltr'><strong>quidem</strong></span> <span class='ocrx_word' id='word_1_497' title='bbox 1047 5058 1276 5119; x_wconf 75' lang='grc'>262144,</span> <span class='ocrx_word' id='word_1_498' title='bbox 1308 5057 1347 5109; x_wconf 93' lang='grc' dir='ltr'><strong>Β</strong></span> <span class='ocrx_word' id='word_1_499' title='bbox 1382 5061 1575 5109; x_wconf 89' lang='lat' dir='ltr'><strong>autem</strong></span> <span class='ocrx_word' id='word_1_500' title='bbox 1607 5057 1883 5126; x_wconf 88' lang='lat' dir='ltr'><strong>diapason</strong></span> 
     </span>
    </p>
   </div>
   <div class='ocr_carea' id='block_1_66' title="bbox 188 5145 1884 5216">
    <p class='ocr_par' dir='ltr' id='par_1_66' title="bbox 188 5145 1884 5216">
     <span class='ocr_line' id='line_1_73' title="bbox 188 5145 1884 5216; baseline -0.001 -17"><span class='ocrx_word' id='word_1_501' title='bbox 188 5148 259 5200; x_wconf 89' lang='lat' dir='ltr'><strong>ad</strong></span> <span class='ocrx_word' id='word_1_502' title='bbox 285 5163 421 5199; x_wconf 91' lang='lat' dir='ltr'><strong>eum</strong></span> <span class='ocrx_word' id='word_1_503' title='bbox 444 5146 733 5199; x_wconf 90' lang='lat' dir='ltr'><strong>contineat</strong></span> <span class='ocrx_word' id='word_1_504' title='bbox 753 5147 1185 5199; x_wconf 89' lang='lat' dir='ltr'><strong>consonantiam</strong></span> <span class='ocrx_word' id='word_1_505' title='bbox 1209 5146 1265 5198; x_wconf 92' lang='lat' dir='ltr'><strong>in</strong></span> <span class='ocrx_word' id='word_1_506' title='bbox 1285 5146 1500 5216; x_wconf 89' lang='lat' dir='ltr'><strong>duplici</strong></span> <span class='ocrx_word' id='word_1_507' title='bbox 1523 5145 1735 5199; x_wconf 90' lang='lat' dir='ltr'><strong>scilicet</strong></span> <span class='ocrx_word' id='word_1_508' title='bbox 1755 5162 1884 5198; x_wconf 93' lang='lat' dir='ltr'><strong>con-</strong></span> 
     </span>
    </p>
   </div>
   <div class='ocr_carea' id='block_1_67' title="bbox 188 5236 1885 5304">
    <p class='ocr_par' dir='ltr' id='par_1_67' title="bbox 188 5236 1885 5304">
     <span class='ocr_line' id='line_1_74' title="bbox 188 5236 1885 5304; baseline -0.002 -13"><span class='ocrx_word' id='word_1_509' title='bbox 188 5239 389 5291; x_wconf 89' lang='lat' dir='ltr'><strong>stituta</strong></span> <span class='ocrx_word' id='word_1_510' title='bbox 421 5238 652 5304; x_wconf 63' lang='lat'><strong>524288,</strong></span> <span class='ocrx_word' id='word_1_511' title='bbox 692 5237 731 5289; x_wconf 88' lang='lat' dir='ltr'>C</span> <span class='ocrx_word' id='word_1_512' title='bbox 766 5253 897 5290; x_wconf 87' lang='lat' dir='ltr'><strong>vero</strong></span> <span class='ocrx_word' id='word_1_513' title='bbox 946 5253 1039 5290; x_wconf 87' lang='lat' dir='ltr'><strong>sex</strong></span> <span class='ocrx_word' id='word_1_514' title='bbox 1071 5238 1218 5291; x_wconf 90' lang='lat' dir='ltr'><strong>tonis</strong></span> <span class='ocrx_word' id='word_1_515' title='bbox 1250 5238 1320 5291; x_wconf 91' lang='lat' dir='ltr'><strong>ab</strong></span> <span class='ocrx_word' id='word_1_516' title='bbox 1350 5240 1395 5291; x_wconf 87' lang='lat' dir='ltr'><strong>A</strong></span> <span class='ocrx_word' id='word_1_517' title='bbox 1425 5252 1665 5290; x_wconf 64' lang='lat' dir='ltr'><strong>numero</strong></span> <span class='ocrx_word' id='word_1_518' title='bbox 1698 5236 1885 5289; x_wconf 91' lang='lat' dir='ltr'><strong>disce-</strong></span> 
     </span>
    </p>
   </div>
   <div class='ocr_carea' id='block_1_68' title="bbox 190 5325 1885 5389">
    <p class='ocr_par' dir='ltr' id='par_1_68' title="bbox 190 5325 1885 5389">
     <span class='ocr_line' id='line_1_75' title="bbox 190 5325 1885 5389; baseline -0.003 -7"><span class='ocrx_word' id='word_1_519' title='bbox 190 5328 289 5382; x_wconf 90' lang='lat' dir='ltr'><strong>dat</strong></span> <span class='ocrx_word' id='word_1_520' title='bbox 319 5333 379 5381; x_wconf 89' lang='lat' dir='ltr'><strong>et</strong></span> <span class='ocrx_word' id='word_1_521' title='bbox 408 5328 478 5380; x_wconf 91' lang='lat' dir='ltr'><strong>sit</strong></span> <span class='ocrx_word' id='word_1_522' title='bbox 509 5326 737 5380; x_wconf 82' lang='grc'>531441.</span> <span class='ocrx_word' id='word_1_523' title='bbox 787 5326 921 5389; x_wconf 66' lang='lat' dir='ltr'><strong>Quae</strong></span> <span class='ocrx_word' id='word_1_524' title='bbox 954 5327 1148 5379; x_wconf 90' lang='lat' dir='ltr'><strong>omnia</strong></span> <span class='ocrx_word' id='word_1_525' title='bbox 1193 5343 1259 5379; x_wconf 82' lang='lat' dir='ltr'><strong>ex</strong></span> <span class='ocrx_word' id='word_1_526' title='bbox 1299 5326 1531 5379; x_wconf 88' lang='lat' dir='ltr'><strong>secundi</strong></span> <span class='ocrx_word' id='word_1_527' title='bbox 1578 5325 1885 5379; x_wconf 88' lang='lat' dir='ltr'><strong>voluminis</strong></span> 
     </span>
    </p>
   </div>
   <div class='ocr_carea' id='block_1_69' title="bbox 189 5416 1885 5486">
    <p class='ocr_par' dir='ltr' id='par_1_69' title="bbox 189 5416 1885 5486">
     <span class='ocr_line' id='line_1_76' title="bbox 189 5416 1885 5486; baseline -0.002 -14"><span class='ocrx_word' id='word_1_528' title='bbox 189 5424 467 5472; x_wconf 91' lang='lat' dir='ltr'><strong>tonorum</strong></span> <span class='ocrx_word' id='word_1_529' title='bbox 512 5416 888 5486; x_wconf 88' lang='lat' dir='ltr'><strong>dispositione</strong></span> <span class='ocrx_word' id='word_1_530' title='bbox 915 5421 1048 5469; x_wconf 89' lang='lat' dir='ltr'><strong>sunt</strong></span> <span class='ocrx_word' id='word_1_531' title='bbox 1080 5416 1411 5486; x_wconf 89' lang='lat' dir='ltr'><strong>colligenda.</strong></span> <span class='ocrx_word' id='word_1_532' title='bbox 1449 5416 1603 5469; x_wconf 90' lang='lat' dir='ltr'><strong>Inter</strong></span> <span class='ocrx_word' id='word_1_533' title='bbox 1635 5417 1672 5468; x_wconf 93' lang='grc' dir='ltr'><strong>Β</strong></span> <span class='ocrx_word' id='word_1_534' title='bbox 1706 5416 1885 5486; x_wconf 90' lang='lat' dir='ltr'><strong>igitur</strong></span> 
     </span>
    </p>
   </div>
   <div class='ocr_carea' id='block_1_70' title="bbox 268 5568 1983 5624">
    <p class='ocr_par' dir='ltr' id='par_1_70' title="bbox 268 5568 1983 5624">
     <span class='ocr_line' id='line_1_77' title="bbox 268 5568 1983 5624; baseline -0.002 0"><span class='ocrx_word' id='word_1_535' title='bbox 268 5580 293 5604; x_wconf 71' lang='grc'>⁸</span> <span class='ocrx_word' id='word_1_536' title='bbox 358 5572 478 5624; x_wconf 86' lang='grc' dir='ltr'><strong>Νοη</strong></span> <span class='ocrx_word' id='word_1_537' title='bbox 526 5570 771 5623; x_wconf 83' lang='lat' dir='ltr'><strong>habetur.</strong></span> <span class='ocrx_word' id='word_1_538' title='bbox 824 5571 849 5611; x_wconf 69' lang='grc' dir='ltr'>ὃ</span> <span class='ocrx_word' id='word_1_539' title='bbox 914 5570 1156 5623; x_wconf 80' lang='lat' dir='ltr'><strong>Metiz‘ur.</strong></span> <span class='ocrx_word' id='word_1_540' title='bbox 1207 5577 1227 5601; x_wconf 76' lang='grc' dir='ltr'><strong>ο</strong></span> <span class='ocrx_word' id='word_1_541' title='bbox 1279 5569 1512 5622; x_wconf 80' lang='lat' dir='ltr'><strong>Unitate.</strong></span> <span class='ocrx_word' id='word_1_542' title='bbox 1594 5570 1618 5609; x_wconf 74' lang='grc' dir='ltr'><em>δ</em></span> <span class='ocrx_word' id='word_1_543' title='bbox 1664 5570 1783 5623; x_wconf 84' lang='grc' dir='ltr'><strong>Νοη</strong></span> <span class='ocrx_word' id='word_1_544' title='bbox 1826 5568 1983 5621; x_wconf 80' lang='lat' dir='ltr'><strong>habet</strong></span> 
     </span>
    </p>
   </div>
   <div class='ocr_carea' id='block_1_71' title="bbox 1998 1832 3694 1905">
    <p class='ocr_par' dir='ltr' id='par_1_71' title="bbox 1998 1832 3694 1905">
     <span class='ocr_line' id='line_1_78' title="bbox 1998 1832 3694 1905; baseline -0.002 -16"><span class='ocrx_word' id='word_1_545' title='bbox 1998 1836 2218 1905; x_wconf 89' lang='lat' dir='ltr'><strong>majore</strong></span> <span class='ocrx_word' id='word_1_546' title='bbox 2262 1850 2395 1887; x_wconf 85' lang='lat' dir='ltr'><strong>vero</strong></span> <span class='ocrx_word' id='word_1_547' title='bbox 2432 1848 2602 1902; x_wconf 90' lang='lat' dir='ltr'><strong>quam</strong></span> <span class='ocrx_word' id='word_1_548' title='bbox 2638 1832 3059 1904; x_wconf 89' lang='lat' dir='ltr'><strong>septuagesima</strong></span> <span class='ocrx_word' id='word_1_549' title='bbox 3095 1839 3317 1904; x_wconf 85' lang='lat' dir='ltr'><strong>quarta.</strong></span> <span class='ocrx_word' id='word_1_550' title='bbox 3352 1833 3489 1903; x_wconf 91' lang='lat' dir='ltr'><strong>Ejus</strong></span> <span class='ocrx_word' id='word_1_551' title='bbox 3516 1833 3694 1902; x_wconf 88' lang='lat' dir='ltr'><strong>igitur</strong></span> 
     </span>
    </p>
   </div>
   <div class='ocr_carea' id='block_1_72' title="bbox 1996 1921 3693 1997">
    <p class='ocr_par' dir='ltr' id='par_1_72' title="bbox 1996 1921 3693 1997">
     <span class='ocr_line' id='line_1_79' title="bbox 1996 1921 3693 1997; baseline -0.002 -19"><span class='ocrx_word' id='word_1_552' title='bbox 1996 1925 2154 1997; x_wconf 91' lang='lat' dir='ltr'><strong>quod</strong></span> <span class='ocrx_word' id='word_1_553' title='bbox 2179 1929 2265 1978; x_wconf 88' lang='lat' dir='ltr'><strong>est</strong></span> <span class='ocrx_word' id='word_1_554' title='bbox 2295 1926 2334 1978; x_wconf 88' lang='lat' dir='ltr'><strong>C</strong></span> <span class='ocrx_word' id='word_1_555' title='bbox 2362 1923 2658 1993; x_wconf 86' lang='lat' dir='ltr'><strong>proportio</strong></span> <span class='ocrx_word' id='word_1_556' title='bbox 2689 1923 2759 1976; x_wconf 91' lang='lat' dir='ltr'><strong>ad</strong></span> <span class='ocrx_word' id='word_1_557' title='bbox 2788 1923 2847 1977; x_wconf 92' lang='lat' dir='ltr'><strong>id</strong></span> <span class='ocrx_word' id='word_1_558' title='bbox 2880 1923 3035 1994; x_wconf 90' lang='lat' dir='ltr'><strong>quod</strong></span> <span class='ocrx_word' id='word_1_559' title='bbox 3066 1928 3149 1976; x_wconf 89' lang='lat' dir='ltr'><strong>est</strong></span> <span class='ocrx_word' id='word_1_560' title='bbox 3179 1925 3219 1977; x_wconf 94' lang='grc' dir='ltr'><strong>Β</strong></span> <span class='ocrx_word' id='word_1_561' title='bbox 3241 1924 3423 1993; x_wconf 91' lang='lat' dir='ltr'><strong>major</strong></span> <span class='ocrx_word' id='word_1_562' title='bbox 3458 1921 3693 1992; x_wconf 90' lang='lat' dir='ltr'><strong>quidem</strong></span> 
     </span>
    </p>
   </div>
   <div class='ocr_carea' id='block_1_73' title="bbox 1995 2012 3691 2085">
    <p class='ocr_par' dir='ltr' id='par_1_73' title="bbox 1995 2012 3691 2085">
     <span class='ocr_line' id='line_1_80' title="bbox 1995 2012 3691 2085; baseline -0.003 -17"><span class='ocrx_word' id='word_1_563' title='bbox 1995 2020 2080 2068; x_wconf 90' lang='lat' dir='ltr'><strong>est</strong></span> <span class='ocrx_word' id='word_1_564' title='bbox 2111 2030 2284 2085; x_wconf 89' lang='lat' dir='ltr'><strong>quam</strong></span> <span class='ocrx_word' id='word_1_565' title='bbox 2316 2016 2381 2065; x_wconf 87' lang='grc'><strong>75</strong></span> <span class='ocrx_word' id='word_1_566' title='bbox 2415 2014 2481 2065; x_wconf 92' lang='lat' dir='ltr'><strong>ad</strong></span> <span class='ocrx_word' id='word_1_567' title='bbox 2506 2014 2592 2079; x_wconf 88' lang='grc'><strong>74,</strong></span> <span class='ocrx_word' id='word_1_568' title='bbox 2624 2013 2817 2066; x_wconf 90' lang='lat' dir='ltr'><strong>minor</strong></span> <span class='ocrx_word' id='word_1_569' title='bbox 2843 2030 2976 2067; x_wconf 78' lang='lat' dir='ltr'><strong>vero</strong></span> <span class='ocrx_word' id='word_1_570' title='bbox 3006 2030 3179 2084; x_wconf 92' lang='lat' dir='ltr'><strong>quam</strong></span> <span class='ocrx_word' id='word_1_571' title='bbox 3210 2014 3279 2066; x_wconf 81' lang='grc'><strong>74</strong></span> <span class='ocrx_word' id='word_1_572' title='bbox 3327 2013 3397 2066; x_wconf 89' lang='lat' dir='ltr'><strong>ad</strong></span> <span class='ocrx_word' id='word_1_573' title='bbox 3428 2014 3515 2064; x_wconf 90' lang='lat'><strong>73.</strong></span> <span class='ocrx_word' id='word_1_574' title='bbox 3549 2012 3691 2064; x_wconf 86' lang='lat' dir='ltr'><strong>Nam</strong></span> 
     </span>
    </p>
   </div>
   <div class='ocr_carea' id='block_1_74' title="bbox 1992 2102 3689 2179">
    <p class='ocr_par' dir='ltr' id='par_1_74' title="bbox 1992 2102 3689 2179">
     <span class='ocr_line' id='line_1_81' title="bbox 1992 2102 3689 2179; baseline -0.005 -17"><span class='ocrx_word' id='word_1_575' title='bbox 1992 2108 2051 2159; x_wconf 90' lang='lat' dir='ltr'><strong>in</strong></span> <span class='ocrx_word' id='word_1_576' title='bbox 2084 2105 2275 2176; x_wconf 80' lang='lat' dir='ltr'><strong>priore</strong></span> <span class='ocrx_word' id='word_1_577' title='bbox 2304 2103 2493 2156; x_wconf 76' lang='lat' dir='ltr'><strong>unitas</strong></span> <span class='ocrx_word' id='word_1_578' title='bbox 2525 2108 2947 2178; x_wconf 82' lang='lat' dir='ltr'><strong>septuagesima</strong></span> <span class='ocrx_word' id='word_1_579' title='bbox 2987 2112 3190 2179; x_wconf 88' lang='lat' dir='ltr'><strong>quarta</strong></span> <span class='ocrx_word' id='word_1_580' title='bbox 3218 2109 3307 2175; x_wconf 89' lang='lat' dir='ltr'><strong>est</strong></span> <span class='ocrx_word' id='word_1_581' title='bbox 3337 2102 3595 2167; x_wconf 91' lang='lat' dir='ltr'><strong>minoris,</strong></span> <span class='ocrx_word' id='word_1_582' title='bbox 3630 2102 3689 2154; x_wconf 91' lang='lat' dir='ltr'><strong>in</strong></span> 
     </span>
    </p>
   </div>
   <div class='ocr_carea' id='block_1_75' title="bbox 1992 2193 3614 2269">
    <p class='ocr_par' dir='ltr' id='par_1_75' title="bbox 1992 2193 3614 2269">
     <span class='ocr_line' id='line_1_82' title="bbox 1992 2193 3614 2269; baseline 0 -19"><span class='ocrx_word' id='word_1_583' title='bbox 1992 2194 2304 2267; x_wconf 91' lang='lat' dir='ltr'><strong>posteriore</strong></span> <span class='ocrx_word' id='word_1_584' title='bbox 2330 2208 2462 2245; x_wconf 85' lang='lat' dir='ltr'><strong>vero</strong></span> <span class='ocrx_word' id='word_1_585' title='bbox 2510 2193 2710 2248; x_wconf 88' lang='lat' dir='ltr'><strong>eadem</strong></span> <span class='ocrx_word' id='word_1_586' title='bbox 2740 2201 2929 2252; x_wconf 89' lang='lat' dir='ltr'><strong>unitas</strong></span> <span class='ocrx_word' id='word_1_587' title='bbox 2961 2197 3383 2269; x_wconf 89' lang='lat' dir='ltr'><strong>septuagesima</strong></span> <span class='ocrx_word' id='word_1_588' title='bbox 3429 2196 3614 2250; x_wconf 88' lang='lat' dir='ltr'><strong>tertia.</strong></span> 
     </span>
    </p>
   </div>
   <div class='ocr_carea' id='block_1_76' title="bbox 2080 2304 3615 3481">
    <p class='ocr_par' dir='ltr' id='par_1_76' title="bbox 2080 2308 3611 3481">
     <span class='ocr_line' id='line_1_83' title="bbox 2612 2308 2979 2347; baseline -0.016 -9"><span class='ocrx_word' id='word_1_589' title='bbox 2612 2308 2979 2347; x_wconf 25' lang='lat'><strong>7/”&#39;——\</strong></span> 
     </span>
     <span class='ocr_line' id='line_1_84' title="bbox 2574 2348 2929 2438; baseline 0.011 -4"><span class='ocrx_word' id='word_1_590' title='bbox 2574 2348 2929 2438; x_wconf 31' lang='grc' dir='ltr'><strong>’,θανατιιί</strong></span> 
     </span>
     <span class='ocr_line' id='line_1_85' title="bbox 2258 2508 2835 2637; baseline -0.007 0"><span class='ocrx_word' id='word_1_591' title='bbox 2258 2508 2835 2637; x_wconf 46' lang='lat' dir='ltr'><strong>ﬂii-o7</strong></span> 
     </span>
     <span class='ocr_line' id='line_1_86' title="bbox 2116 2632 3090 2707; baseline -0.02 -15"><span class='ocrx_word' id='word_1_592' title='bbox 2116 2632 2159 2692; x_wconf 40' lang='grc' dir='ltr'><em>β</em></span> <span class='ocrx_word' id='word_1_593' title='bbox 2202 2638 2257 2687; x_wconf 93' lang='lat'><strong><em>/</em></strong></span> <span class='ocrx_word' id='word_1_594' title='bbox 2935 2648 3090 2707; x_wconf 63' lang='grc' dir='ltr'><strong>Δ</strong></span> 
     </span>
     <span class='ocr_line' id='line_1_87' title="bbox 2328 2714 3257 2803; baseline -0.015 0"><span class='ocrx_word' id='word_1_595' title='bbox 2328 2735 2441 2803; x_wconf 51' lang='lat'><strong>3}</strong></span> <span class='ocrx_word' id='word_1_596' title='bbox 2758 2722 2810 2781; x_wconf 76' lang='grc' dir='ltr'><strong>Β</strong></span> <span class='ocrx_word' id='word_1_597' title='bbox 2888 2790 2905 2795; x_wconf 82' lang='grc'><strong>-</strong></span> <span class='ocrx_word' id='word_1_598' title='bbox 3213 2714 3257 2766; x_wconf 73' lang='lat' dir='ltr'><strong><em>C</em></strong></span> 
     </span>
     <span class='ocr_line' id='line_1_88' title="bbox 2084 2567 3611 3471; baseline -0.01 -584"><span class='ocrx_word' id='word_1_599' title='bbox 2084 2606 2883 2881; x_wconf 38' lang='grc' dir='ltr'><strong>ᾔλσειιιπ</strong></span> 
     </span>
     <span class='ocr_line' id='line_1_89' title="bbox 2084 2876 3289 2967; baseline -0.015 15"><span class='ocrx_word' id='word_1_600' title='bbox 2084 2878 2231 2890; x_wconf 38' lang='grc'><strong><em>³-⁸-</em></strong></span> <span class='ocrx_word' id='word_1_601' title='bbox 2314 2876 2419 2883; x_wconf 26' lang='grc' dir='ltr'><strong>μῤ</strong></span> <span class='ocrx_word' id='word_1_602' title='bbox 3050 2895 3289 2967; x_wconf 55' lang='lat' dir='ltr'><strong>Drin</strong></span> 
     </span>
     <span class='ocr_line' id='line_1_90' title="bbox 2602 3055 3367 3285; baseline 0 -114"><span class='ocrx_word' id='word_1_603' title='bbox 2602 3055 2889 3285; x_wconf 32' lang='grc' dir='ltr'><em>β</em></span> <span class='ocrx_word' id='word_1_604' title='bbox 3046 3086 3257 3168; x_wconf 39' lang='lat' dir='ltr'><strong>{WB</strong></span> <span class='ocrx_word' id='word_1_605' title='bbox 3360 3163 3367 3171; x_wconf 70' lang='lat'><strong>.</strong></span> 
     </span>
     <span class='ocr_line' id='line_1_91' title="bbox 2544 3181 3385 3289; baseline -0.017 1"><span class='ocrx_word' id='word_1_606' title='bbox 2544 3187 2631 3289; x_wconf 43' lang='grc' dir='ltr'>,ἴ</span> <span class='ocrx_word' id='word_1_607' title='bbox 3332 3181 3385 3276; x_wconf 60' lang='lat'><strong>“3:4</strong></span> 
     </span>
     <span class='ocr_line' id='line_1_92' title="bbox 2522 3284 3439 3377; baseline -0.002 -14"><span class='ocrx_word' id='word_1_608' title='bbox 2522 3290 2602 3363; x_wconf 47' lang='lat' dir='ltr'><strong>GV</strong></span> <span class='ocrx_word' id='word_1_609' title='bbox 3379 3284 3439 3377; x_wconf 44' lang='grc' dir='ltr'><strong>’ς</strong></span> 
     </span>
     <span class='ocr_line' id='line_1_93' title="bbox 2080 3385 3479 3481; baseline -0.012 9"><span class='ocrx_word' id='word_1_610' title='bbox 2080 3472 2167 3481; x_wconf 33' lang='grc' dir='ltr'>μί</span> <span class='ocrx_word' id='word_1_611' title='bbox 2316 3434 2411 3481; x_wconf 55' lang='lat' dir='ltr'><strong>ii</strong></span> <span class='ocrx_word' id='word_1_612' title='bbox 2595 3417 2959 3481; x_wconf 53' lang='lat' dir='ltr'><strong>magis...</strong></span> <span class='ocrx_word' id='word_1_613' title='bbox 3012 3401 3293 3469; x_wconf 59' lang='lat' dir='ltr'><strong>fmniovla</strong></span> <span class='ocrx_word' id='word_1_614' title='bbox 3416 3385 3479 3481; x_wconf 58' lang='grc' dir='ltr'>Ἴ</span> 
     </span>
    </p>
   </div>
   <div class='ocr_carea' id='block_1_77' title="bbox 2432 3481 2504 3555">
    <p class='ocr_par' dir='ltr' id='par_1_77' title="bbox 2436 3481 2504 3555">
     <span class='ocr_line' id='line_1_94' title="bbox 2436 3481 2504 3555; baseline 0 -73"><span class='ocrx_word' id='word_1_615' title='bbox 2436 3481 2504 3555; x_wconf 43' lang='grc' dir='ltr'>Ἴ</span> 
     </span>
    </p>
   </div>
   <div class='ocr_carea' id='block_1_78' title="bbox 2595 3417 2883 3460">
    <p class='ocr_par' dir='ltr' id='par_1_78' title="bbox 2595 3417 2883 3460">
     <span class='ocr_line' id='line_1_95' title="bbox 2595 3417 2883 3460; baseline 0.003 -1"><span class='ocrx_word' id='word_1_616' title='bbox 2595 3423 2829 3459; x_wconf 57' lang='lat' dir='ltr'><strong>«mmor</strong></span> <span class='ocrx_word' id='word_1_617' title='bbox 2849 3417 2883 3460; x_wconf 76' lang='grc' dir='ltr'><strong>ι)</strong></span> 
     </span>
    </p>
   </div>
   <div class='ocr_carea' id='block_1_79' title="bbox 2504 3475 3298 3553">
    <p class='ocr_par' dir='ltr' id='par_1_79' title="bbox 2504 3475 3298 3553">
     <span class='ocr_line' id='line_1_96' title="bbox 2504 3475 3298 3553; baseline -0.005 -6"><span class='ocrx_word' id='word_1_618' title='bbox 2504 3475 2627 3547; x_wconf 65' lang='grc' dir='ltr'><strong>Ϊῗῖὶ</strong></span> <span class='ocrx_word' id='word_1_619' title='bbox 2642 3477 2835 3553; x_wconf 55' lang='lat'><strong>2763—</strong></span> <span class='ocrx_word' id='word_1_620' title='bbox 2857 3476 2959 3483; x_wconf 43' lang='grc' dir='ltr'><strong>ψ’</strong></span> <span class='ocrx_word' id='word_1_621' title='bbox 2977 3475 3298 3543; x_wconf 62' lang='lat' dir='ltr'><strong>mi</strong></span> 
     </span>
    </p>
   </div>
   <div class='ocr_carea' id='block_1_80' title="bbox 2078 3626 2167 3645">
    <p class='ocr_par' dir='ltr' id='par_1_80' title="bbox 2078 3626 2167 3645">
     <span class='ocr_line' id='line_1_97' title="bbox 2078 3626 2167 3645; baseline 0 -11"><span class='ocrx_word' id='word_1_622' title='bbox 2078 3626 2167 3645; x_wconf 43' lang='grc' dir='ltr'><strong>,ν</strong></span> 
     </span>
    </p>
   </div>
   <div class='ocr_carea' id='block_1_81' title="bbox 2174 3634 2407 3647">
    <p class='ocr_par' dir='ltr' id='par_1_81' title="bbox 2174 3634 2407 3647">
     <span class='ocr_line' id='line_1_98' title="bbox 2174 3634 2407 3647; baseline 0.009 -2"><span class='ocrx_word' id='word_1_623' title='bbox 2174 3634 2407 3647; x_wconf 45' lang='lat'><strong>‘———_</strong></span> 
     </span>
    </p>
   </div>
   <div class='ocr_carea' id='block_1_82' title="bbox 1992 3717 3687 3791">
    <p class='ocr_par' dir='ltr' id='par_1_82' title="bbox 1992 3717 3687 3791">
     <span class='ocr_line' id='line_1_99' title="bbox 1992 3717 3687 3791; baseline 0.002 -21"><span class='ocrx_word' id='word_1_624' title='bbox 1992 3717 2147 3771; x_wconf 90' lang='lat' dir='ltr'><strong>Idem</strong></span> <span class='ocrx_word' id='word_1_625' title='bbox 2185 3718 2347 3770; x_wconf 85' lang='lat' dir='ltr'><strong>aliter</strong></span> <span class='ocrx_word' id='word_1_626' title='bbox 2369 3718 2788 3787; x_wconf 81' lang='lat' dir='ltr'><strong>explicandum,</strong></span> <span class='ocrx_word' id='word_1_627' title='bbox 2818 3721 2913 3773; x_wconf 92' lang='lat' dir='ltr'><strong>illo</strong></span> <span class='ocrx_word' id='word_1_628' title='bbox 2943 3720 3099 3789; x_wconf 88' lang='lat' dir='ltr'><strong>prius</strong></span> <span class='ocrx_word' id='word_1_629' title='bbox 3134 3726 3505 3790; x_wconf 62' lang='lat' dir='ltr'><strong>prmsumpto,</strong></span> <span class='ocrx_word' id='word_1_630' title='bbox 3531 3721 3687 3791; x_wconf 88' lang='lat' dir='ltr'><strong>quod</strong></span> 
     </span>
    </p>
   </div>
   <div class='ocr_carea' id='block_1_83' title="bbox 1992 3806 3686 3879">
    <p class='ocr_par' dir='ltr' id='par_1_83' title="bbox 1992 3806 3686 3879">
     <span class='ocr_line' id='line_1_100' title="bbox 1992 3806 3686 3879; baseline 0.002 -21"><span class='ocrx_word' id='word_1_631' title='bbox 1992 3806 2036 3858; x_wconf 90' lang='lat' dir='ltr'><strong>si</strong></span> <span class='ocrx_word' id='word_1_632' title='bbox 2087 3807 2178 3859; x_wconf 93' lang='lat' dir='ltr'><strong>cui</strong></span> <span class='ocrx_word' id='word_1_633' title='bbox 2240 3809 2599 3877; x_wconf 86' lang='lat' dir='ltr'><strong>proportioni</strong></span> <span class='ocrx_word' id='word_1_634' title='bbox 2648 3809 2881 3879; x_wconf 84' lang='lat' dir='ltr'><strong>propria</strong></span> <span class='ocrx_word' id='word_1_635' title='bbox 2937 3826 3309 3863; x_wconf 89' lang='lat' dir='ltr'><strong>numerorum</strong></span> <span class='ocrx_word' id='word_1_636' title='bbox 3365 3810 3686 3863; x_wconf 75' lang='lat' dir='ltr'><strong>differentia</strong></span> 
     </span>
    </p>
   </div>
   <div class='ocr_carea' id='block_1_84' title="bbox 1994 3896 3680 3969">
    <p class='ocr_par' dir='ltr' id='par_1_84' title="bbox 1994 3896 3680 3969">
     <span class='ocr_line' id='line_1_101' title="bbox 1994 3896 3680 3969; baseline 0.003 -23"><span class='ocrx_word' id='word_1_637' title='bbox 1994 3896 2292 3964; x_wconf 68' lang='lat' dir='ltr'><strong>aequaliter</strong></span> <span class='ocrx_word' id='word_1_638' title='bbox 2339 3903 2635 3966; x_wconf 87' lang='lat' dir='ltr'><strong>augeatur,</strong></span> <span class='ocrx_word' id='word_1_639' title='bbox 2686 3899 2872 3951; x_wconf 87' lang='lat' dir='ltr'><strong>minor</strong></span> <span class='ocrx_word' id='word_1_640' title='bbox 2902 3899 3051 3951; x_wconf 90' lang='lat' dir='ltr'><strong>inter</strong></span> <span class='ocrx_word' id='word_1_641' title='bbox 3098 3915 3194 3952; x_wconf 90' lang='lat' dir='ltr'><strong>eos</strong></span> <span class='ocrx_word' id='word_1_642' title='bbox 3225 3899 3325 3969; x_wconf 90' lang='lat' dir='ltr'><strong>qui</strong></span> <span class='ocrx_word' id='word_1_643' title='bbox 3367 3904 3495 3968; x_wconf 89' lang='lat' dir='ltr'><strong>post</strong></span> <span class='ocrx_word' id='word_1_644' title='bbox 3524 3898 3680 3952; x_wconf 83' lang='lat' dir='ltr'><strong>addi-</strong></span> 
     </span>
    </p>
   </div>
   <div class='ocr_carea' id='block_1_85' title="bbox 1992 3983 3683 4058">
    <p class='ocr_par' dir='ltr' id='par_1_85' title="bbox 1992 3983 3683 4058">
     <span class='ocr_line' id='line_1_102' title="bbox 1992 3983 3683 4058; baseline 0.002 -21"><span class='ocrx_word' id='word_1_645' title='bbox 1992 3983 2209 4037; x_wconf 90' lang='lat' dir='ltr'><strong>tionem</strong></span> <span class='ocrx_word' id='word_1_646' title='bbox 2234 3984 2383 4037; x_wconf 87' lang='lat' dir='ltr'><strong>ﬁunt</strong></span> <span class='ocrx_word' id='word_1_647' title='bbox 2414 3988 2711 4055; x_wconf 87' lang='lat' dir='ltr'><strong>proportio</strong></span> <span class='ocrx_word' id='word_1_648' title='bbox 2733 3988 3119 4041; x_wconf 84' lang='lat' dir='ltr'><strong>continebitur</strong></span> <span class='ocrx_word' id='word_1_649' title='bbox 3149 4006 3321 4058; x_wconf 90' lang='lat' dir='ltr'><strong>quam</strong></span> <span class='ocrx_word' id='word_1_650' title='bbox 3354 3989 3504 4041; x_wconf 90' lang='lat' dir='ltr'><strong>inter</strong></span> <span class='ocrx_word' id='word_1_651' title='bbox 3529 3987 3683 4058; x_wconf 79' lang='lat' dir='ltr'><strong>prio-</strong></span> 
     </span>
    </p>
   </div>
   <div class='ocr_carea' id='block_1_86' title="bbox 1994 4072 3684 4145">
    <p class='ocr_par' dir='ltr' id='par_1_86' title="bbox 1994 4072 3684 4145">
     <span class='ocr_line' id='line_1_103' title="bbox 1994 4072 3684 4145; baseline 0.002 -20"><span class='ocrx_word' id='word_1_652' title='bbox 1994 4088 2081 4125; x_wconf 90' lang='lat' dir='ltr'><strong>res</strong></span> <span class='ocrx_word' id='word_1_653' title='bbox 2120 4072 2219 4142; x_wconf 90' lang='lat' dir='ltr'><strong>qui</strong></span> <span class='ocrx_word' id='word_1_654' title='bbox 2254 4078 2384 4127; x_wconf 87' lang='lat' dir='ltr'><strong>ante</strong></span> <span class='ocrx_word' id='word_1_655' title='bbox 2430 4074 2779 4127; x_wconf 89' lang='lat' dir='ltr'><strong>additionem</strong></span> <span class='ocrx_word' id='word_1_656' title='bbox 2810 4076 2967 4128; x_wconf 89' lang='lat' dir='ltr'><strong>illam</strong></span> <span class='ocrx_word' id='word_1_657' title='bbox 3021 4077 3268 4145; x_wconf 89' lang='lat' dir='ltr'><strong>quadam</strong></span> <span class='ocrx_word' id='word_1_658' title='bbox 3312 4076 3684 4145; x_wconf 89' lang='lat' dir='ltr'><strong>proportione</strong></span> 
     </span>
    </p>
   </div>
   <div class='ocr_carea' id='block_1_87' title="bbox 1995 4161 3683 4235">
    <p class='ocr_par' dir='ltr' id='par_1_87' title="bbox 1995 4161 3683 4235">
     <span class='ocr_line' id='line_1_104' title="bbox 1995 4161 3683 4235; baseline 0.002 -22"><span class='ocrx_word' id='word_1_659' title='bbox 1995 4161 2303 4216; x_wconf 90' lang='lat' dir='ltr'><strong>distabant.</strong></span> <span class='ocrx_word' id='word_1_660' title='bbox 2336 4164 2402 4216; x_wconf 91' lang='lat' dir='ltr'><strong>Ut</strong></span> <span class='ocrx_word' id='word_1_661' title='bbox 2425 4180 2523 4217; x_wconf 84' lang='lat' dir='ltr'><strong>sex</strong></span> <span class='ocrx_word' id='word_1_662' title='bbox 2555 4168 2609 4216; x_wconf 91' lang='lat' dir='ltr'><strong>et</strong></span> <span class='ocrx_word' id='word_1_663' title='bbox 2631 4170 2877 4233; x_wconf 88' lang='lat' dir='ltr'><strong>quatuor</strong></span> <span class='ocrx_word' id='word_1_664' title='bbox 2902 4166 2949 4217; x_wconf 84' lang='lat' dir='ltr'><strong>si</strong></span> <span class='ocrx_word' id='word_1_665' title='bbox 2972 4164 3228 4235; x_wconf 89' lang='lat' dir='ltr'><strong>utrisque</strong></span> <span class='ocrx_word' id='word_1_666' title='bbox 3249 4164 3531 4229; x_wconf 89' lang='lat' dir='ltr'><strong>biuarius,</strong></span> <span class='ocrx_word' id='word_1_667' title='bbox 3554 4180 3683 4234; x_wconf 69' lang='lat' dir='ltr'><strong>quae</strong></span> 
     </span>
    </p>
   </div>
   <div class='ocr_carea' id='block_1_88' title="bbox 1995 4251 3682 4321">
    <p class='ocr_par' dir='ltr' id='par_1_88' title="bbox 1995 4251 3682 4321">
     <span class='ocr_line' id='line_1_105' title="bbox 1995 4251 3682 4321; baseline 0.002 -18"><span class='ocrx_word' id='word_1_668' title='bbox 1995 4255 2079 4303; x_wconf 87' lang='lat' dir='ltr'><strong>est</strong></span> <span class='ocrx_word' id='word_1_669' title='bbox 2110 4251 2431 4304; x_wconf 73' lang='lat' dir='ltr'><strong>diﬁerentia</strong></span> <span class='ocrx_word' id='word_1_670' title='bbox 2457 4269 2558 4305; x_wconf 90' lang='lat' dir='ltr'><strong>sua</strong></span> <span class='ocrx_word' id='word_1_671' title='bbox 2579 4258 2921 4321; x_wconf 88' lang='lat' dir='ltr'><strong>apponatur,</strong></span> <span class='ocrx_word' id='word_1_672' title='bbox 2944 4254 3083 4307; x_wconf 89' lang='lat' dir='ltr'><strong>ﬁent</strong></span> <span class='ocrx_word' id='word_1_673' title='bbox 3121 4257 3151 4307; x_wconf 91' lang='lat'>8</span> <span class='ocrx_word' id='word_1_674' title='bbox 3184 4258 3240 4307; x_wconf 91' lang='lat' dir='ltr'><strong>et</strong></span> <span class='ocrx_word' id='word_1_675' title='bbox 3266 4257 3317 4321; x_wconf 90' lang='lat'><strong>6,</strong></span> <span class='ocrx_word' id='word_1_676' title='bbox 3354 4254 3452 4307; x_wconf 90' lang='lat' dir='ltr'><strong>sed</strong></span> <span class='ocrx_word' id='word_1_677' title='bbox 3481 4254 3628 4306; x_wconf 88' lang='lat' dir='ltr'><strong>inter</strong></span> <span class='ocrx_word' id='word_1_678' title='bbox 3650 4257 3682 4307; x_wconf 87' lang='lat'><strong>6</strong></span> 
     </span>
    </p>
   </div>
   <div class='ocr_carea' id='block_1_89' title="bbox 1994 4341 3683 4414">
    <p class='ocr_par' dir='ltr' id='par_1_89' title="bbox 1994 4341 3683 4414">
     <span class='ocr_line' id='line_1_106' title="bbox 1994 4341 3683 4414; baseline 0.003 -22"><span class='ocrx_word' id='word_1_679' title='bbox 1994 4344 2051 4392; x_wconf 87' lang='lat' dir='ltr'><strong>et</strong></span> <span class='ocrx_word' id='word_1_680' title='bbox 2082 4342 2113 4393; x_wconf 85' lang='grc'><strong>4</strong></span> <span class='ocrx_word' id='word_1_681' title='bbox 2140 4341 2526 4411; x_wconf 86' lang='lat' dir='ltr'><strong>sesquialtera,</strong></span> <span class='ocrx_word' id='word_1_682' title='bbox 2570 4342 2721 4395; x_wconf 89' lang='lat' dir='ltr'><strong>inter</strong></span> <span class='ocrx_word' id='word_1_683' title='bbox 2751 4346 2781 4396; x_wconf 93' lang='lat'>8</span> <span class='ocrx_word' id='word_1_684' title='bbox 2825 4347 2876 4397; x_wconf 89' lang='lat' dir='ltr'><strong>et</strong></span> <span class='ocrx_word' id='word_1_685' title='bbox 2925 4346 2955 4396; x_wconf 88' lang='lat'><strong>6</strong></span> <span class='ocrx_word' id='word_1_686' title='bbox 2997 4344 3358 4414; x_wconf 82' lang='lat' dir='ltr'><strong>sesquitertia</strong></span> <span class='ocrx_word' id='word_1_687' title='bbox 3388 4345 3683 4414; x_wconf 88' lang='lat' dir='ltr'><strong>proportio</strong></span> 
     </span>
    </p>
   </div>
   <div class='ocr_carea' id='block_1_90' title="bbox 1926 4431 3685 4520">
    <p class='ocr_par' dir='ltr' id='par_1_90' title="bbox 1926 4431 3685 4520">
     <span class='ocr_line' id='line_1_107' title="bbox 1926 4431 3685 4520; baseline 0.003 -38"><span class='ocrx_word' id='word_1_688' title='bbox 1926 4469 1965 4520; x_wconf 83' lang='lat' dir='ltr'><strong>D</strong></span> <span class='ocrx_word' id='word_1_689' title='bbox 1998 4431 2341 4496; x_wconf 90' lang='lat' dir='ltr'><strong>continetur,</strong></span> <span class='ocrx_word' id='word_1_690' title='bbox 2375 4432 2565 4485; x_wconf 91' lang='lat' dir='ltr'><strong>minor</strong></span> <span class='ocrx_word' id='word_1_691' title='bbox 2594 4449 2724 4485; x_wconf 93' lang='lat' dir='ltr'><strong>vero</strong></span> <span class='ocrx_word' id='word_1_692' title='bbox 2747 4438 2829 4485; x_wconf 90' lang='lat' dir='ltr'><strong>est</strong></span> <span class='ocrx_word' id='word_1_693' title='bbox 2856 4434 3151 4503; x_wconf 87' lang='lat' dir='ltr'><strong>proportio</strong></span> <span class='ocrx_word' id='word_1_694' title='bbox 3182 4434 3543 4503; x_wconf 88' lang='lat' dir='ltr'><strong>sesquitertia</strong></span> <span class='ocrx_word' id='word_1_695' title='bbox 3574 4450 3685 4487; x_wconf 88' lang='lat' dir='ltr'><strong>ses-</strong></span> 
     </span>
    </p>
   </div>
   <div class='ocr_carea' id='block_1_91' title="bbox 1999 4522 3685 4593">
    <p class='ocr_par' dir='ltr' id='par_1_91' title="bbox 1999 4522 3685 4593">
     <span class='ocr_line' id='line_1_108' title="bbox 1999 4522 3685 4593; baseline 0.001 -20"><span class='ocrx_word' id='word_1_696' title='bbox 1999 4522 2281 4591; x_wconf 87' lang='lat' dir='ltr'><strong>quialtera</strong></span> <span class='ocrx_word' id='word_1_697' title='bbox 2300 4522 2674 4591; x_wconf 89' lang='lat' dir='ltr'><strong>proportione</strong></span> <span class='ocrx_word' id='word_1_698' title='bbox 2702 4543 2715 4588; x_wconf 87' lang='lat'><strong>;</strong></span> <span class='ocrx_word' id='word_1_699' title='bbox 2748 4523 2854 4575; x_wconf 89' lang='lat' dir='ltr'><strong>hoc</strong></span> <span class='ocrx_word' id='word_1_700' title='bbox 2872 4522 3048 4592; x_wconf 87' lang='lat' dir='ltr'><strong>igitur</strong></span> <span class='ocrx_word' id='word_1_701' title='bbox 3080 4523 3155 4576; x_wconf 92' lang='lat' dir='ltr'><strong>ita</strong></span> <span class='ocrx_word' id='word_1_702' title='bbox 3175 4523 3472 4593; x_wconf 71' lang='lat' dir='ltr'><strong>praedicto,</strong></span> <span class='ocrx_word' id='word_1_703' title='bbox 3496 4522 3685 4591; x_wconf 91' lang='lat' dir='ltr'><strong>dispo-</strong></span> 
     </span>
    </p>
   </div>
   <div class='ocr_carea' id='block_1_92' title="bbox 1996 4611 3679 4682">
    <p class='ocr_par' dir='ltr' id='par_1_92' title="bbox 1996 4611 3679 4682">
     <span class='ocr_line' id='line_1_109' title="bbox 1996 4611 3679 4682; baseline 0.001 -19"><span class='ocrx_word' id='word_1_704' title='bbox 1996 4617 2208 4664; x_wconf 90' lang='lat' dir='ltr'><strong>nantur</strong></span> <span class='ocrx_word' id='word_1_705' title='bbox 2238 4611 2559 4680; x_wconf 88' lang='lat' dir='ltr'><strong>superiores</strong></span> <span class='ocrx_word' id='word_1_706' title='bbox 2578 4612 2803 4664; x_wconf 90' lang='lat' dir='ltr'><strong>numeri</strong></span> <span class='ocrx_word' id='word_1_707' title='bbox 2834 4612 2932 4681; x_wconf 90' lang='lat' dir='ltr'><strong>qui</strong></span> <span class='ocrx_word' id='word_1_708' title='bbox 2965 4612 3397 4682; x_wconf 86' lang='lat' dir='ltr'><strong>proportionem</strong></span> <span class='ocrx_word' id='word_1_709' title='bbox 3430 4628 3679 4665; x_wconf 90' lang='lat' dir='ltr'><strong>comma-</strong></span> 
     </span>
    </p>
   </div>
   <div class='ocr_carea' id='block_1_93' title="bbox 1994 4701 3683 4769">
    <p class='ocr_par' dir='ltr' id='par_1_93' title="bbox 1994 4701 3683 4769">
     <span class='ocr_line' id='line_1_110' title="bbox 1994 4701 3683 4769; baseline 0.001 -16"><span class='ocrx_word' id='word_1_710' title='bbox 1994 4701 2067 4753; x_wconf 88' lang='lat' dir='ltr'><strong>tis</strong></span> <span class='ocrx_word' id='word_1_711' title='bbox 2096 4701 2485 4765; x_wconf 82' lang='lat' dir='ltr'><strong>continebant,</strong></span> <span class='ocrx_word' id='word_1_712' title='bbox 2522 4702 2576 4754; x_wconf 89' lang='lat' dir='ltr'><strong>id</strong></span> <span class='ocrx_word' id='word_1_713' title='bbox 2628 4707 2709 4755; x_wconf 90' lang='lat' dir='ltr'><strong>est</strong></span> <span class='ocrx_word' id='word_1_714' title='bbox 2741 4704 2971 4769; x_wconf 82' lang='grc'>531441,</span> <span class='ocrx_word' id='word_1_715' title='bbox 3028 4707 3085 4754; x_wconf 91' lang='lat' dir='ltr'><strong>et</strong></span> <span class='ocrx_word' id='word_1_716' title='bbox 3112 4702 3184 4754; x_wconf 88' lang='lat' dir='ltr'><strong>sit</strong></span> <span class='ocrx_word' id='word_1_717' title='bbox 3212 4705 3275 4754; x_wconf 81' lang='grc' dir='ltr'><strong>Λ.</strong></span> <span class='ocrx_word' id='word_1_718' title='bbox 3322 4701 3406 4754; x_wconf 88' lang='lat' dir='ltr'><strong>Sit</strong></span> <span class='ocrx_word' id='word_1_719' title='bbox 3431 4702 3607 4754; x_wconf 90' lang='lat' dir='ltr'><strong>etiam</strong></span> <span class='ocrx_word' id='word_1_720' title='bbox 3644 4702 3683 4755; x_wconf 91' lang='grc' dir='ltr'><strong>Β</strong></span> 
     </span>
    </p>
   </div>
   <div class='ocr_carea' id='block_1_94' title="bbox 1996 4788 3680 4861">
    <p class='ocr_par' dir='ltr' id='par_1_94' title="bbox 1996 4788 3680 4861">
     <span class='ocr_line' id='line_1_111' title="bbox 1996 4788 3680 4861; baseline 0.004 -22"><span class='ocrx_word' id='word_1_721' title='bbox 1996 4790 2240 4854; x_wconf 71' lang='grc'>524288;</span> <span class='ocrx_word' id='word_1_722' title='bbox 2276 4788 2477 4841; x_wconf 85' lang='lat' dir='ltr'><strong>horum</strong></span> <span class='ocrx_word' id='word_1_723' title='bbox 2514 4791 2835 4845; x_wconf 83' lang='lat' dir='ltr'><strong>dilferentia</strong></span> <span class='ocrx_word' id='word_1_724' title='bbox 2874 4792 2945 4844; x_wconf 90' lang='lat' dir='ltr'><strong>sit</strong></span> <span class='ocrx_word' id='word_1_725' title='bbox 2973 4789 3013 4843; x_wconf 89' lang='lat' dir='ltr'>C</span> <span class='ocrx_word' id='word_1_726' title='bbox 3043 4792 3181 4842; x_wconf 80' lang='grc'>7153</span> <span class='ocrx_word' id='word_1_727' title='bbox 3214 4808 3227 4857; x_wconf 88' lang='grc'>;</span> <span class='ocrx_word' id='word_1_728' title='bbox 3266 4792 3304 4845; x_wconf 90' lang='lat' dir='ltr'><strong>C</strong></span> <span class='ocrx_word' id='word_1_729' title='bbox 3351 4791 3529 4861; x_wconf 86' lang='lat' dir='ltr'><strong>igitur</strong></span> <span class='ocrx_word' id='word_1_730' title='bbox 3572 4807 3680 4845; x_wconf 88' lang='lat' dir='ltr'><strong>nu-</strong></span> 
     </span>
    </p>
   </div>
   <div class='ocr_carea' id='block_1_95' title="bbox 1996 4879 3681 4953">
    <p class='ocr_par' dir='ltr' id='par_1_95' title="bbox 1996 4879 3681 4953">
     <span class='ocr_line' id='line_1_112' title="bbox 1996 4879 3681 4953; baseline 0.003 -23"><span class='ocrx_word' id='word_1_731' title='bbox 1996 4894 2186 4931; x_wconf 90' lang='lat' dir='ltr'><strong>merus</strong></span> <span class='ocrx_word' id='word_1_732' title='bbox 2222 4880 2499 4949; x_wconf 88' lang='lat' dir='ltr'><strong>majorem</strong></span> <span class='ocrx_word' id='word_1_733' title='bbox 2530 4896 2836 4933; x_wconf 89' lang='lat' dir='ltr'><strong>numerum</strong></span> <span class='ocrx_word' id='word_1_734' title='bbox 2870 4894 2895 4932; x_wconf 86' lang='lat' dir='ltr'><strong>k</strong></span> <span class='ocrx_word' id='word_1_735' title='bbox 2935 4896 3001 4933; x_wconf 90' lang='lat' dir='ltr'><strong>eo</strong></span> <span class='ocrx_word' id='word_1_736' title='bbox 3034 4879 3133 4949; x_wconf 90' lang='lat' dir='ltr'><strong>qui</strong></span> <span class='ocrx_word' id='word_1_737' title='bbox 3167 4885 3251 4933; x_wconf 90' lang='lat' dir='ltr'><strong>est</strong></span> <span class='ocrx_word' id='word_1_738' title='bbox 3279 4884 3325 4933; x_wconf 84' lang='lat' dir='ltr'><strong>A</strong></span> <span class='ocrx_word' id='word_1_739' title='bbox 3355 4882 3681 4953; x_wconf 87' lang='lat' dir='ltr'><strong>septuagies</strong></span> 
     </span>
    </p>
   </div>
   <div class='ocr_carea' id='block_1_96' title="bbox 1996 4968 3681 5040">
    <p class='ocr_par' dir='ltr' id='par_1_96' title="bbox 1996 4968 3681 5040">
     <span class='ocr_line' id='line_1_113' title="bbox 1996 4968 3681 5040; baseline 0.002 -21"><span class='ocrx_word' id='word_1_740' title='bbox 1996 4968 2301 5038; x_wconf 86' lang='lat' dir='ltr'><strong>quinquies</strong></span> <span class='ocrx_word' id='word_1_741' title='bbox 2330 4970 2617 5021; x_wconf 89' lang='lat' dir='ltr'><strong>metiatur.</strong></span> <span class='ocrx_word' id='word_1_742' title='bbox 2656 4970 2711 5023; x_wconf 89' lang='lat' dir='ltr'><strong>Si</strong></span> <span class='ocrx_word' id='word_1_743' title='bbox 2738 4970 2915 5038; x_wconf 90' lang='lat' dir='ltr'><strong>igitur</strong></span> <span class='ocrx_word' id='word_1_744' title='bbox 2954 4969 2993 5023; x_wconf 90' lang='lat' dir='ltr'><strong>C</strong></span> <span class='ocrx_word' id='word_1_745' title='bbox 3017 4984 3323 5022; x_wconf 90' lang='lat' dir='ltr'><strong>numerum</strong></span> <span class='ocrx_word' id='word_1_746' title='bbox 3376 4974 3420 5023; x_wconf 84' lang='grc' dir='ltr'><strong>Α</strong></span> <span class='ocrx_word' id='word_1_747' title='bbox 3451 4977 3681 5040; x_wconf 89' lang='lat' dir='ltr'><strong>septua-</strong></span> 
     </span>
    </p>
   </div>
   <div class='ocr_carea' id='block_1_97' title="bbox 1994 5057 3679 5129">
    <p class='ocr_par' dir='ltr' id='par_1_97' title="bbox 1994 5057 3679 5129">
     <span class='ocr_line' id='line_1_114' title="bbox 1994 5057 3679 5129; baseline 0.001 -20"><span class='ocrx_word' id='word_1_748' title='bbox 1994 5057 2116 5127; x_wconf 90' lang='lat' dir='ltr'><strong>gies</strong></span> <span class='ocrx_word' id='word_1_749' title='bbox 2145 5057 2453 5127; x_wconf 83' lang='lat' dir='ltr'><strong>quinquies</strong></span> <span class='ocrx_word' id='word_1_750' title='bbox 2474 5058 2837 5127; x_wconf 87' lang='lat' dir='ltr'><strong>multiplices,</strong></span> <span class='ocrx_word' id='word_1_751' title='bbox 2872 5059 2970 5111; x_wconf 90' lang='lat' dir='ltr'><strong>ﬁet</strong></span> <span class='ocrx_word' id='word_1_752' title='bbox 2992 5058 3133 5111; x_wconf 91' lang='lat' dir='ltr'><strong>mihi</strong></span> <span class='ocrx_word' id='word_1_753' title='bbox 3154 5060 3199 5112; x_wconf 92' lang='lat' dir='ltr'><strong>D</strong></span> <span class='ocrx_word' id='word_1_754' title='bbox 3223 5059 3322 5129; x_wconf 90' lang='lat' dir='ltr'><strong>qui</strong></span> <span class='ocrx_word' id='word_1_755' title='bbox 3350 5064 3433 5112; x_wconf 90' lang='lat' dir='ltr'><strong>est</strong></span> <span class='ocrx_word' id='word_1_756' title='bbox 3455 5062 3679 5112; x_wconf 81' lang='grc'>536475.</span> 
     </span>
    </p>
   </div>
   <div class='ocr_carea' id='block_1_98' title="bbox 1996 5147 3682 5217">
    <p class='ocr_par' dir='ltr' id='par_1_98' title="bbox 1996 5147 3682 5217">
     <span class='ocr_line' id='line_1_115' title="bbox 1996 5147 3682 5217; baseline 0 -18"><span class='ocrx_word' id='word_1_757' title='bbox 1996 5147 2177 5215; x_wconf 86' lang='lat' dir='ltr'><strong>Igitur</strong></span> <span class='ocrx_word' id='word_1_758' title='bbox 2208 5148 2248 5199; x_wconf 93' lang='lat' dir='ltr'><strong>D</strong></span> <span class='ocrx_word' id='word_1_759' title='bbox 2286 5164 2559 5200; x_wconf 87' lang='lat' dir='ltr'><strong>numerus</strong></span> <span class='ocrx_word' id='word_1_760' title='bbox 2592 5164 2722 5200; x_wconf 90' lang='lat' dir='ltr'><strong>eum</strong></span> <span class='ocrx_word' id='word_1_761' title='bbox 2751 5148 2849 5217; x_wconf 92' lang='lat' dir='ltr'><strong>qui</strong></span> <span class='ocrx_word' id='word_1_762' title='bbox 2879 5150 3055 5215; x_wconf 58' lang='lat' dir='ltr'><strong>esth,</strong></span> <span class='ocrx_word' id='word_1_763' title='bbox 3099 5165 3338 5202; x_wconf 87' lang='lat' dir='ltr'><strong>numero</strong></span> <span class='ocrx_word' id='word_1_764' title='bbox 3370 5165 3436 5202; x_wconf 91' lang='lat' dir='ltr'><strong>eo</strong></span> <span class='ocrx_word' id='word_1_765' title='bbox 3468 5148 3566 5217; x_wconf 90' lang='lat' dir='ltr'><strong>qui</strong></span> <span class='ocrx_word' id='word_1_766' title='bbox 3598 5152 3682 5200; x_wconf 90' lang='lat' dir='ltr'><strong>est</strong></span> 
     </span>
    </p>
   </div>
   <div class='ocr_carea' id='block_1_99' title="bbox 1996 5236 3681 5306">
    <p class='ocr_par' dir='ltr' id='par_1_99' title="bbox 1996 5236 3681 5306">
     <span class='ocr_line' id='line_1_116' title="bbox 1996 5236 3681 5306; baseline -0.001 -17"><span class='ocrx_word' id='word_1_767' title='bbox 1996 5238 2036 5289; x_wconf 89' lang='lat' dir='ltr'>E</span> <span class='ocrx_word' id='word_1_768' title='bbox 2069 5236 2369 5302; x_wconf 89' lang='lat' dir='ltr'><strong>antecedit,</strong></span> <span class='ocrx_word' id='word_1_769' title='bbox 2397 5236 2451 5290; x_wconf 92' lang='lat' dir='ltr'><strong>id</strong></span> <span class='ocrx_word' id='word_1_770' title='bbox 2483 5243 2564 5290; x_wconf 90' lang='lat' dir='ltr'><strong>est</strong></span> <span class='ocrx_word' id='word_1_771' title='bbox 2598 5240 2753 5290; x_wconf 80' lang='grc'>5034.</span> <span class='ocrx_word' id='word_1_772' title='bbox 2786 5239 3003 5291; x_wconf 82' lang='lat' dir='ltr'><strong>Rursus</strong></span> <span class='ocrx_word' id='word_1_773' title='bbox 3050 5238 3087 5291; x_wconf 91' lang='lat' dir='ltr'><strong>C</strong></span> <span class='ocrx_word' id='word_1_774' title='bbox 3116 5254 3389 5291; x_wconf 88' lang='lat' dir='ltr'><strong>numerus</strong></span> <span class='ocrx_word' id='word_1_775' title='bbox 3422 5253 3551 5289; x_wconf 92' lang='lat' dir='ltr'><strong>eum</strong></span> <span class='ocrx_word' id='word_1_776' title='bbox 3581 5236 3681 5306; x_wconf 89' lang='lat' dir='ltr'><strong>qui</strong></span> 
     </span>
    </p>
   </div>
   <div class='ocr_carea' id='block_1_100' title="bbox 1995 5326 3679 5397">
    <p class='ocr_par' dir='ltr' id='par_1_100' title="bbox 1995 5326 3679 5397">
     <span class='ocr_line' id='line_1_117' title="bbox 1995 5326 3679 5397; baseline 0.001 -19"><span class='ocrx_word' id='word_1_777' title='bbox 1995 5331 2079 5378; x_wconf 88' lang='lat' dir='ltr'><strong>est</strong></span> <span class='ocrx_word' id='word_1_778' title='bbox 2110 5327 2148 5378; x_wconf 91' lang='lat' dir='ltr'>B</span> <span class='ocrx_word' id='word_1_779' title='bbox 2185 5327 2451 5379; x_wconf 90' lang='lat' dir='ltr'><strong>metiatur</strong></span> <span class='ocrx_word' id='word_1_780' title='bbox 2480 5328 2803 5396; x_wconf 89' lang='lat' dir='ltr'><strong>septuagies</strong></span> <span class='ocrx_word' id='word_1_781' title='bbox 2833 5333 3035 5397; x_wconf 87' lang='lat' dir='ltr'><strong>quater</strong></span> <span class='ocrx_word' id='word_1_782' title='bbox 3076 5329 3091 5361; x_wconf 73' lang='grc' dir='ltr'>ι</span> <span class='ocrx_word' id='word_1_783' title='bbox 3133 5326 3679 5395; x_wconf 89' lang='lat' dir='ltr'><strong>multipliceturque,</strong></span> 
     </span>
    </p>
   </div>
   <div class='ocr_carea' id='block_1_101' title="bbox 1994 5414 3678 5485">
    <p class='ocr_par' dir='ltr' id='par_1_101' title="bbox 1994 5414 3678 5485">
     <span class='ocr_line' id='line_1_118' title="bbox 1994 5414 3678 5485; baseline -0.001 -17"><span class='ocrx_word' id='word_1_784' title='bbox 1994 5414 2093 5468; x_wconf 86' lang='lat' dir='ltr'><strong>ﬁet</strong></span> <span class='ocrx_word' id='word_1_785' title='bbox 2138 5416 2317 5485; x_wconf 87' lang='lat' dir='ltr'><strong>igitur</strong></span> <span class='ocrx_word' id='word_1_786' title='bbox 2350 5432 2623 5470; x_wconf 89' lang='lat' dir='ltr'><strong>numerus</strong></span> <span class='ocrx_word' id='word_1_787' title='bbox 2676 5418 2712 5470; x_wconf 66' lang='grc' dir='ltr'><strong>[ε’</strong></span> <span class='ocrx_word' id='word_1_788' title='bbox 2762 5420 2989 5471; x_wconf 75' lang='grc'>529322.</span> <span class='ocrx_word' id='word_1_789' title='bbox 3044 5416 3149 5479; x_wconf 88' lang='lat' dir='ltr'><strong>Qui</strong></span> <span class='ocrx_word' id='word_1_790' title='bbox 3186 5418 3222 5470; x_wconf 88' lang='lat' dir='ltr'>F</span> <span class='ocrx_word' id='word_1_791' title='bbox 3274 5432 3339 5468; x_wconf 92' lang='lat' dir='ltr'><strong>eo</strong></span> <span class='ocrx_word' id='word_1_792' title='bbox 3392 5415 3492 5484; x_wconf 91' lang='lat' dir='ltr'><strong>qui</strong></span> <span class='ocrx_word' id='word_1_793' title='bbox 3523 5420 3607 5469; x_wconf 91' lang='lat' dir='ltr'><strong>est</strong></span> <span class='ocrx_word' id='word_1_794' title='bbox 3640 5415 3678 5467; x_wconf 95' lang='grc' dir='ltr'><strong>Β</strong></span> 
     </span>
    </p>
   </div>
   <div class='ocr_carea' id='block_1_102' title="bbox 2075 5568 3677 5641">
    <p class='ocr_par' dir='ltr' id='par_1_102' title="bbox 2075 5568 3677 5641">
     <span class='ocr_line' id='line_1_119' title="bbox 2075 5568 3677 5641; baseline 0.001 -20"><span class='ocrx_word' id='word_1_795' title='bbox 2075 5596 2096 5621; x_wconf 91' lang='lat' dir='ltr'><strong>c</strong></span> <span class='ocrx_word' id='word_1_796' title='bbox 2141 5571 2255 5623; x_wconf 87' lang='lat' dir='ltr'><strong>Non</strong></span> <span class='ocrx_word' id='word_1_797' title='bbox 2307 5568 2553 5623; x_wconf 83' lang='lat' dir='ltr'><strong>habetur.</strong></span> <span class='ocrx_word' id='word_1_798' title='bbox 2620 5570 2812 5641; x_wconf 17' lang='lat' dir='ltr'><strong>vaui.</strong></span> <span class='ocrx_word' id='word_1_799' title='bbox 2906 5580 2932 5612; x_wconf 78' lang='grc' dir='ltr'>ε</span> <span class='ocrx_word' id='word_1_800' title='bbox 3002 5570 3119 5621; x_wconf 86' lang='lat' dir='ltr'><strong>Non</strong></span> <span class='ocrx_word' id='word_1_801' title='bbox 3174 5568 3419 5621; x_wconf 83' lang='lat' dir='ltr'><strong>habetur.</strong></span> <span class='ocrx_word' id='word_1_802' title='bbox 3479 5569 3506 5610; x_wconf 87' lang='lat' dir='ltr'><strong>h</strong></span> <span class='ocrx_word' id='word_1_803' title='bbox 3564 5570 3677 5623; x_wconf 81' lang='lat' dir='ltr'><strong>Fit.</strong></span> 
     </span>
    </p>
   </div>
   <div class='ocr_carea' id='block_1_103' title="bbox 200 5636 2017 5708">
    <p class='ocr_par' dir='ltr' id='par_1_103' title="bbox 200 5636 2017 5708">
     <span class='ocr_line' id='line_1_120' title="bbox 200 5636 2017 5708; baseline -0.003 -11"><span class='ocrx_word' id='word_1_804' title='bbox 200 5644 212 5676; x_wconf 77' lang='lat'>‘</span> <span class='ocrx_word' id='word_1_805' title='bbox 268 5644 450 5697; x_wconf 78' lang='lat' dir='ltr'><strong>Enim.</strong></span> <span class='ocrx_word' id='word_1_806' title='bbox 493 5653 511 5708; x_wconf 83' lang='lat' dir='ltr'><strong>j</strong></span> <span class='ocrx_word' id='word_1_807' title='bbox 580 5643 863 5696; x_wconf 74' lang='lat' dir='ltr'><strong>Minorem.</strong></span> <span class='ocrx_word' id='word_1_808' title='bbox 934 5636 960 5673; x_wconf 70' lang='grc' dir='ltr'><strong>¹ι</strong></span> <span class='ocrx_word' id='word_1_809' title='bbox 1015 5642 1131 5695; x_wconf 83' lang='lat' dir='ltr'><strong>Non</strong></span> <span class='ocrx_word' id='word_1_810' title='bbox 1181 5639 1428 5692; x_wconf 78' lang='lat' dir='ltr'><strong>habetur.</strong></span> <span class='ocrx_word' id='word_1_811' title='bbox 1488 5641 1502 5681; x_wconf 85' lang='lat'>1</span> <span class='ocrx_word' id='word_1_812' title='bbox 1573 5640 2017 5708; x_wconf 79' lang='lat' dir='ltr'><strong>Multiplicetque.</strong></span> 
     </span>
    </p>
   </div>
  </div>
