4104 6176
438 266 573 322 1239

1777 265 1888 319 AN.
1928 263 2133 319 MANL.
2171 264 2318 321 SEV.
2359 260 2591 318 BOETII

3768 263 3883 319 1210

438 392 623 461 major
655 393 740 445 est
767 389 963 444 eodem
992 389 1031 441 E
1062 403 1308 442 numero
1340 386 1441 458 qui
1463 390 1549 440 est
1576 387 1731 441 5034.
1768 387 1915 456 Ergo
1951 388 1992 440 Ι)
2026 402 2125 439 nu-
2167 390 2213 441 A
2235 386 2274 439 Ο
2303 385 2717 455 multiplicetur
2736 381 3066 453 septuagies
3085 384 3192 449 ter,
3213 379 3422 435 efﬁciet
3446 397 3734 436 numerum
3757 386 3814 447 Κ,
3834 386 3882 438 id

437 495 630 534 merus
651 493 782 531 eum
803 478 903 547 qui
930 483 1015 530 est
1050 479 1097 530 Α
1122 475 1471 529 transcendit
1510 476 1547 528 E
1573 490 1837 540 numero,
1868 475 1907 528 Β
1930 480 2124 528 autem

437 581 712 635 numerus
742 565 813 618 ab
860 580 926 617 eo
956 564 1057 635 qui
1088 569 1171 617 est
1205 565 1241 617 F
1272 563 1519 617 vincitur
1551 564 1753 617 eodem
1783 564 1823 615 E
1861 580 2120 620 numero.

437 655 495 710 Si
520 654 698 724 igitur
726 657 771 706 A
802 669 1040 706 numero
1072 654 1339 706 eumdem
1370 653 1410 706 Ε
1438 668 1813 721 apponamus,
1845 652 1945 705 fiet
1976 653 2039 705 Ι).
2065 652 2123 707 Si

436 759 569 797 vero
604 743 644 795 Β
670 757 910 795 numero
948 740 1213 795 eumdem
1253 741 1293 793 E
1340 756 1718 811 npponamus,
1767 740 1867 794 fiet
1910 741 1969 793 F.
2016 740 2125 795 Sed

439 828 484 882 D
516 842 792 882 numerus
838 827 1161 897 septuagies
1209 826 1516 898 quinquies
1560 832 1896 895 auctus.est,
1932 843 2036 896 per
2087 828 2126 882 C

438 916 653 971 scilicet
699 916 1163 985 multiplicatum.
1220 917 1255 969 F
1303 923 1496 970 autem
1540 915 1878 986 'septuagies
1924 920 2127 986 quater

440 1004 820 1074 multiplicato
852 1004 1116 1070 Ccrevit;
1151 1003 1605 1073 obtinentigitur
1633 1005 1785 1058 inter
1814 1021 1871 1057 se
1892 1020 2129 1074 propor-

439 1094 657 1148 tionem
686 1094 730 1147 D
760 1098 933 1164 atque
959 1094 997 1146 F
1033 1109 1207 1163 quam
1239 1093 1451 1148 habent
1480 1096 1547 1145 75
1581 1094 1651 1147 ad
1701 1094 1789 1147 74.
1821 1093 1931 1147 Sed
1966 1094 2006 1147 D
2039 1099 2123 1148 at-

440 1198 552 1253 que
589 1183 628 1236 F
655 1186 789 1234 sunt
826 1187 872 1235 Α
901 1187 1086 1250 atque
1133 1182 1171 1234 Β
1210 1198 1327 1234 uno
1373 1181 1453 1234 eis
1487 1182 1683 1235 addito
1734 1183 1794 1247 E,
1850 1183 2128 1252 majorem

442 1270 621 1341 igitur
666 1278 690 1303 ι
716 1270 1031 1323 necessarie
1075 1275 1160 1322 est
1190 1270 1620 1340 proportionem
1653 1271 1931 1323 contineri
1982 1272 2131 1325 inter

439 1363 489 1413 Α
517 1364 687 1429 atque
721 1359 759 1411 Β
802 1374 975 1429 quam
1014 1357 1165 1411 inter
1206 1358 1251 1413 D
1281 1364 1453 1428 atque
1500 1359 1556 1412 F.
1595 1360 1853 1430 Namque
1879 1364 1925 1413 Α
1960 1364 2130 1430 atque

446 1448 487 1502 Β
515 1461 809 1513 numerus,
840 1462 956 1499 uno
990 1447 1029 1499 E
1062 1446 1272 1513 addito,
1304 1447 1639 1501 eflectisunt
1670 1449 1713 1501 D
1743 1454 1912 1517 atque
1944 1448 2001 1503 F.
2036 1450 2132 1503 Mi-

444 1551 551 1590 nor
578 1534 756 1605 igitur
780 1535 1074 1605 proportio
1097 1535 1348 1589 estinter
1372 1536 1413 1588 D
1446 1542 1617 1605 atque
1650 1536 1687 1589 F
1715 1552 1888 1606 quam
1916 1536 2066 1590 inter
2084 1542 2129 1591 A

445 1628 616 1694 atque
660 1624 719 1677 B.
761 1624 867 1678 Sed
896 1626 1045 1677 inter
1084 1626 1127 1677 D
1172 1630 1343 1694 atque
1388 1624 1427 1677 F
1469 1624 1667 1678 eadem
1702 1625 1997 1694 proportio
2046 1630 2133 1679 est

2234 480 2319 528 est
2348 477 2577 529 522169.
2631 472 2738 537 Qui
2768 476 3132 541 comparatus
3175 471 3213 523 Β
3252 486 3494 523 numero
3538 471 3765 524 vincitur
3798 490 3883 526 eo-

2235 564 2366 618 dem
2394 563 2455 629 G,
2486 561 2700 615 scilicet
2732 562 2893 614 2119.
2936 560 3169 614 Sublato
3202 559 3377 629 igitur
3405 559 3448 613 G
3492 558 3561 612 de
3600 562 3827 613 numeris
3847 567 3885 615 A

2235 657 2405 721 atque
2435 653 2492 718 Β,
2527 649 2711 703 effecti
2745 654 2879 702 sunt
2906 649 2945 702 F
2975 654 3146 718 atque
3179 648 3245 701 K.
3277 647 3552 701 Minorem
3585 647 3749 717 igitur
3774 664 3883 719 pro-

2236 740 2562 810 portionem
2588 737 2859 792 retinebit
2885 741 2932 791 A
2962 742 3133 807 atque
3165 738 3204 790 B
3242 752 3414 804 quam
3448 736 3488 789 F
3526 741 3690 806 atque
3715 737 3770 789 K.
3799 738 3885 790 Sed

2240 829 2277 882 F
2306 833 2478 899 atque
2502 828 2548 880 Κ
2571 844 2696 880 eam
2721 828 2970 880 retinent
2993 825 3426 896 proportionem
3452 840 3625 894 quam
3652 826 3714 877 74
3732 825 3793 877 ad
3812 828 3883 892 73,

2237 917 2297 971 hi
2327 918 2477 971 enim
2512 916 2892 985 multiplicato
2935 916 2975 969 C
3021 913 3207 968 effecti
3238 918 3386 967 sunt.
3421 914 3603 967 Minor
3630 919 3711 966 est
3740 914 3883 982 igitur

2237 1006 2533 1078 proportio
2570 1008 2617 1059 Α
2660 1010 2831 1075 atque
2882 1005 2920 1057 Β
2954 1018 3330 1058 numerorum
3364 1018 3594 1055 comma
3631 1002 3881 1054 continen-

2238 1096 2383 1149 tium
2411 1111 2582 1165 quam
2612 1095 2681 1147 74
2705 1094 2775 1147 ad
2804 1096 2894 1147 73.
2926 1093 3033 1148 Sed
3063 1094 3234 1163 paulo
3265 1096 3395 1145 ante
3427 1096 3797 1144 monstratum
3821 1100 3887 1144 est

2239 1184 2499 1237 eamdem
2517 1181 2817 1235 commatis
2846 1182 3279 1251 proportionem
3303 1179 3587 1248 majorem
3612 1196 3725 1231 esse
3745 1194 3883 1248 quam

2241 1276 2306 1326 75
2339 1272 2409 1326 ad
2438 1272 2526 1324 74.
2569 1270 2863 1325 Monstrati
2909 1275 3041 1323 sunt
3090 1269 3269 1339 igitur
3317 1268 3548 1321 numeri
3581 1268 3678 1337 qui
3701 1283 3888 1320 comma

2242 1360 2560 1425 continent,
2611 1359 2887 1429 majorem
2921 1359 3157 1429 quidem
3182 1358 3331 1411 inter
3356 1373 3417 1411 se
3447 1357 3656 1411 habere
3694 1372 3891 1426 propor-

2241 1450 2461 1504 tionem
2492 1465 2665 1519 quam
2681 1450 2749 1499 75
2776 1448 2845 1501 ad
2867 1448 2955 1511 74,
2986 1447 3271 1500 minorem
3290 1461 3424 1499 vero
3453 1461 3628 1515 quam
3654 1444 3719 1497 74
3740 1444 3801 1497 ad
3819 1445 3893 1509 75,

2243 1538 2401 1609 quod
2431 1537 2733 1608 oportebat
2762 1536 3082 1590 ostendere.

448 1728 577 1785 quae
607 1712 756 1765 inter
771 1715 840 1765 75
870 1717 927 1765 et
964 1712 1051 1766 74.
1082 1713 1237 1766 inter
1264 1716 1312 1766 Α
1340 1712 1518 1783 igitur
1532 1717 1704 1783 atque
1733 1714 1771 1766 Β
1804 1714 1990 1783 major
2009 1731 2134 1784 pro-
2175 1737 2217 1789 Β

446 1799 639 1871 portio
657 1805 744 1853 est
772 1816 943 1870 quam
968 1801 1118 1855 inter
1147 1804 1217 1853 75
1238 1806 1295 1853 et
1314 1801 1406 1854 74.
1439 1803 1464 1843 b
1482 1804 1563 1855 Ac
1584 1806 1632 1855 Α
1651 1806 1821 1871 atque
1856 1803 1895 1855 Β
1917 1818 2141 1857 comma

451 1888 765 1942 continent.
797 1888 973 1958 Major
989 1888 1169 1959 igitur
1196 1889 1495 1960 proportio
1527 1895 1611 1944 est
1640 1890 1939 1945 commatis
1970 1907 2142 1961 quam

452 1978 520 2029 75
547 1982 720 2047 atque
755 1977 839 2039 74.

672 2485 679 2494 1
710 2508 907 2556 Alanis
924 2466 1186 2613 καίτζέδῗ
1469 2501 1904 2549 81......evus‘mnur

798 2628 949 2675 53.,“
1012 2623 1227 2662 Merula
1250 2622 1453 2662 comitatis
1498 2628 1645 2671 ςι4ιεε

1030 2687 1472 2850 \Ww’

725 2693 1058 3062 ἵ
1487 2768 1529 2815 ιλ

720 2879 779 2923 .1
907 2784 1627 3057 :.\
1661 2895 1789 2950 ς,

938 2910 1629 3062 ει

1559 2691 1676 3061 Ι

1153 3135 1341 3188 m
2031 3166 2049 3195 ί

468 3626 755 3692 Quoniam
794 3625 972 3695 igitur
1010 3624 1366 3679 ostendimus
1399 3624 1699 3678 commatis
1730 3624 2164 3695 proportionem

466 3717 745 3786 majorem
789 3730 913 3769 esse
961 3730 1137 3784 quam
1165 3730 1290 3767 eam
1330 3729 1506 3784 quam
1552 3714 1618 3766 75
1650 3714 1948 3767 continent
1995 3714 2065 3767 ad
2096 3714 2164 3767 74

465 3804 779 3875 comparati
814 3823 830 3870 ;
872 3818 1025 3857 nunc
1072 3803 1497 3856 ostendendum
1536 3808 1621 3855 est
1670 3802 2161 3873 quemadmodum

465 3893 747 3947 minorem
776 3892 925 3945 inter
958 3908 1016 3945 se
1065 3891 1504 3961 proportionem
1555 3890 1885 3943 contineant
1938 3890 2163 3944 numeri

464 3982 714 4052 spatium
744 3980 1044 4034 commatis
1071 3980 1455 4045 continentes,
1488 3995 1662 4049 quam
1692 3980 1761 4032 74
1790 3979 1860 4032 ad
1888 3981 1956 4032 73
1997 3995 2161 4032 com-

464 4069 669 4141 parati.
727 4070 789 4123 Id
818 4084 952 4123 vero
982 4096 1003 4122 c
1054 4068 1465 4122 monstrabitur
1505 4068 1612 4121 hoc
1656 4068 1826 4121 modo
1861 4083 1874 4120 :
1921 4067 2159 4121 remini-

467 4158 739 4213 scendum
768 4158 927 4228 prius
972 4162 1056 4210 est
1101 4156 1258 4226 quod
1310 4155 1560 4209 secundo
1606 4155 1897 4208 volumine
1944 4155 2159 4209 dixeri-

465 4263 615 4314 mus,
639 4262 770 4301 cum
821 4247 890 4300 de
938 4261 1209 4299 mensura
1256 4243 1589 4299 differentia:
1635 4244 2033 4314 loquebamur.
2101 4244 2159 4299 Si

467 4336 623 4391 enim
656 4351 725 4388 ex
744 4334 997 4405 qualibet
1025 4333 1391 4405 proportione
1422 4333 1805 4386 differentiam
1833 4348 2031 4386 eorum
2061 4349 2163 4386 nu—

468 4439 782 4489 merorum,
817 4423 915 4493 qui
945 4438 1071 4475 eam
1103 4421 1417 4485 continent,
1450 4421 1798 4486 auferamus,
1832 4420 1891 4474 hi
1939 4422 2039 4491 qui
2070 4438 2158 4475 re-

468 4512 815 4583 linquuntur
869 4511 1147 4581 majorem
1198 4510 1543 4564 obtinebunt
1592 4511 2024 4580 proportionem
2074 4510 2161 4564 his

470 4600 727 4654 numeris
779 4599 877 4670 qui
925 4605 1088 4653 erant
1129 4604 1261 4652 ante
1314 4597 1652 4652 ditferentiaa
1694 4598 2157 4653 diminutionem.

471 4690 597 4745 Sint
626 4689 780 4742 euim
809 4692 840 4742 8
888 4694 946 4741 et
975 4690 1025 4741 6.
1056 4688 1142 4742 Ab
1174 4689 1261 4741 bis
1294 4688 1585 4756 propriam
1648 4687 1844 4740 aufero
1896 4687 2161 4741 differen-

471 4777 635 4843 tiam,
660 4776 718 4829 id
748 4780 833 4829 est
868 4778 923 4842 2,
950 4776 1098 4829 ﬁunt
1129 4777 1159 4827 6
1190 4780 1248 4829 et
1275 4778 1332 4842 4,
1366 4774 1477 4828 Sed
1507 4774 1567 4827 in
1600 4775 1995 4843 superioribus
2045 4792 2161 4828 ses-

475 4864 763 4937 quitertia,
797 4864 857 4917 in
906 4865 1009 4917 hac
1052 4864 1425 4935 sesquialtera
1470 4864 1767 4934 proportio
1817 4864 2159 4919 continetur.

472 4954 649 5024 Major
704 4968 837 5006 vero
887 4958 971 5006 est
1038 4953 1414 5023 sesquialtera
1460 4952 1755 5023 proportio
1804 4953 2162 5023 sesquitertia

473 5042 870 5113 proportione.
897 5040 1019 5095 Sint
1060 5041 1238 5111 igitur
1281 5041 1458 5095 iidem
1488 5044 1535 5094 Α
1573 5046 1742 5111 atque
1777 5042 1834 5096 Β.
1876 5040 1984 5104 Qui
2030 5048 2165 5096 sunt

473 5131 738 5202 superius
778 5130 1066 5200 descripti,
1100 5146 1346 5200 quorum
1385 5133 1469 5184 est
1498 5128 1824 5183 differentia
1865 5129 1923 5182 C.
1976 5129 2165 5182 Multi-

473 5221 624 5293 plico
666 5220 1049 5275 differentiam
1102 5218 1142 5273 C
1185 5218 1410 5272 numeri
1450 5216 1773 5288 septuagies
1816 5223 2039 5287 quater,
2093 5218 2168 5271 sit

475 5311 619 5365 mihi
648 5325 947 5373 numerus,
986 5308 1044 5372 F,
1078 5307 1289 5361 scilicet
1306 5307 1531 5361 529322.
1559 5306 1666 5370 Qui
1691 5310 1739 5361 A
1757 5322 1995 5360 numero
2020 5324 2168 5361 com-

477 5405 709 5467 paratus
728 5398 972 5452 vincitur
994 5412 1253 5450 mumero
1280 5396 1342 5463 G,
1368 5396 1581 5449 scilicet
1598 5399 1658 5449 21
1679 5398 1761 5450 19.
1784 5398 2000 5451 Rursus
2014 5396 2165 5450 idem

549 5559 578 5590 ι
602 5538 838 5593 Necesse.
866 5540 892 5581 ι»
930 5538 1022 5592 Αι.
1053 5538 1090 5604 1·
1121 5538 1298 5592 Minor
1340 5540 1620 5605 proportio
1648 5538 1719 5591 74
1747 5538 1821 5592 ad
1838 5541 1929 5593 73.

2760 1810 3478 2101 ᾸΜἏ

2336 2040 2715 2175 Αηαεωηιι-Ἣο
3359 2034 3398 2177 ἒ
3489 2048 3820 2105 3mm...

2418 2181 2536 2225 144·
2846 2177 2858 2261 ξ
3542 2175 3618 2226 Ω.
3628 2174 3793 2230 44883
3846 2246 3860 2257 4

2972 2271 3160 2321 υωο

2368 2346 2407 2394 C
2453 2356 2515 2431 θ.
3732 2249 3843 2403 ἦ.

2779 2267 3277 2596 Ὰῖλ
3438 2261 3812 2947 1|,

2506 2597 2551 2672 ³³
2931 2676 2973 2719 κο
3002 2651 3084 2699 7
3125 2660 3213 2699 «ιι
3561 2606 3569 2621 τ
3654 2590 3699 2708 τζ

2814 2705 2907 2849 Bvo"
3068 2759 3123 2841 ξ
3261 2701 3333 2764 (ν
3670 2728 3697 2748 ο

2907 3268 3134 3322 CAPUT
3172 3267 3313 3322 XIII.

2271 3460 2424 3528 Quod
2448 3463 2787 3515 semitonium
2814 3462 2996 3514 minus
3027 3461 3208 3529 majus
3238 3460 3460 3529 quidem
3483 3463 3561 3514 sit
3592 3476 3748 3526 quam
3775 3460 3832 3511 20
3862 3458 3919 3509 ad

2593 3552 2678 3615 19,
2710 3551 2890 3603 minus
2918 3565 3081 3618 quam
3115 3551 3178 3602 19
3214 3553 3294 3615 1/2
3350 3549 3424 3602 ad
3450 3552 3517 3603 18
3550 3552 3646 3614 1/2.

2342 3718 2502 3783 Quod
2531 3718 2578 3771 si
2607 3717 2679 3771 ad
2709 3716 3084 3771 semitonium
3113 3716 3307 3770 minus
3326 3717 3455 3771 talis
3481 3716 3785 3788 speculatio
3811 3730 3920 3769 con-

2270 3812 2545 3872 vertatur,
2581 3806 2703 3875 ejus
2734 3821 2963 3875 quoque
3010 3805 3449 3875 proportionem
3492 3806 3754 3859 facillime
3795 3819 3924 3873 repe-

2271 3896 2505 3950 riemus.
2566 3895 2704 3958 Quae
2745 3899 2971 3948 constat
3015 3894 3167 3947 inter
3203 3896 3308 3947 256
3372 3899 3428 3947 et
3481 3896 3611 3948 243.
3669 3894 3745 3947 Sit
3788 3892 3925 3961 igitur

2269 3987 2371 4038 256
2402 3988 2466 4044 Α,
2500 3984 2602 4036 243
2638 3984 2695 4048 Β,
2730 3983 2937 4036 horum
2968 3981 3295 4035 differentia
3332 3984 3391 4035 13
3425 3984 3481 4037 C.
3524 3984 3657 4036 Dico
3688 3982 3918 4052 quoniam

2267 4076 2316 4127 Α
2335 4074 2403 4126 ad
2430 4074 2465 4125 Β
2486 4072 2771 4125 minorem
2798 4071 3010 4125 retinet
3035 4070 3482 4142 proportionem
3508 4088 3681 4140 quam
3700 4074 3757 4124 19
3780 4072 3852 4131 1/2
3871 4065 3925 4119 ad

2274 4165 2335 4216 18
2366 4164 2479 4227 1/2;
2515 4160 2785 4213 metiatur
2808 4160 2965 4214 enim
2997 4159 3120 4213 C19
3155 4160 3348 4224 semis,
3380 4159 3440 4212 id
3464 4161 3619 4231 quod
3648 4162 3788 4213 estA
3810 4157 3926 4211 fiunt

2267 4252 2369 4304 253
2408 4253 2489 4318 1/2
2521 4250 2673 4319 quod
2704 4249 2776 4302 sit
2812 4250 2877 4312 Ι),
2910 4249 3009 4319 qui
3038 4248 3254 4302 scilicet
3285 4255 3657 4319 comparatus
3687 4248 3752 4300 ad
3781 4252 3835 4311 Α,
3857 4260 3927 4297 eo-

2206 4316 2247 4368 θ
2277 4340 2407 4393 dem
2519 4316 2744 4391 duobus
2775 4316 3062 4407 semisque
3111 4316 3561 4392 transcenditur.
3609 4338 3795 4406 Sitque
3835 4333 3927 4385 hac

2270 4426 2590 4481 differentia
2640 4426 2698 4490 F,
2747 4424 2960 4478 scilicet
3006 4430 3062 4478 et
3100 4426 3203 4490 1/2,
3262 4440 3465 4477 rursus
3523 4424 3723 4477 eadem
3766 4421 3801 4474 C
3844 4416 3927 4470 dif-

2270 4516 2512 4569 ferentia
2556 4515 2595 4566 B
2627 4529 2937 4566 numerum
3000 4514 3269 4566 metiatur
3318 4512 3497 4565 octies
3545 4511 3730 4565 decies
3773 4503 3929 4561 semis,

2271 4605 2408 4658 fient
2434 4604 2539 4656 249
2570 4602 2722 4673 quod
2754 4601 2829 4655 sit
2871 4603 2927 4655 E.
2970 4602 3148 4670 Igitur
3186 4602 3226 4654 E
3266 4607 3640 4670 comparatus
3684 4599 3747 4651 ad
3789 4597 3821 4649 Β
3858 4606 3933 4645 θοι

2271 4693 2401 4745 dem
2434 4692 2471 4744 F
2515 4689 2961 4755 trauscenditur,
3012 4689 3069 4742 id
3102 4694 3187 4741 est
3225 4688 3450 4743 duobus
3493 4696 3551 4741 et
3577 4687 3762 4740 semis.
3797 4682 3933 4748 Digi-

2272 4787 2366 4834 tur
2387 4780 2458 4832 ab
2491 4797 2558 4832 eo
2601 4778 2753 4848 quod
2782 4782 2864 4831 est
2896 4784 2962 4843 A,
3005 4782 3061 4831 et
3092 4793 3286 4830 rursus
3326 4777 3365 4829 E
3414 4778 3486 4830 ab
3518 4793 3586 4830 eo
3620 4776 3765 4846 quod
3798 4777 3868 4824 est
3886 4770 3929 4825 Β.

2273 4868 2473 4921 eadem
2507 4869 2544 4921 F
2571 4866 2896 4921 differentia
2926 4871 3056 4919 sunt
3092 4865 3369 4918 minores-
3405 4866 3703 4919 Subtracto
3733 4862 3883 4931 igitur
3906 4855 3933 4909 F

2272 4957 2342 5009 ab
2383 4973 2447 5009 eo
2478 4956 2633 5026 quod
2665 4960 2751 5008 est
2778 4958 2824 5009 Α
2862 4960 3033 5024 atque
3065 4956 3125 5019 Β,
3158 4954 3289 5007 tacti
3326 4958 3460 5006 sunt
3497 4954 3539 5005 D
3573 4958 3739 5021 atque
3771 4952 3820 5003 Ε.
3851 4947 3934 4999 Ma-

2267 5046 2456 5116 jorem
2483 5044 2660 5113 igitur
2688 5044 3123 5113 proportionem
3140 5047 3341 5095 tenent
3371 5043 3522 5095 inter
3552 5060 3610 5093 se
3643 5042 3683 5094 D
3709 5045 3861 5107 atque
3880 5034 3929 5091 E.

2275 5149 2447 5205 quam
2493 5136 2539 5186 A
2569 5137 2737 5201 atque
2780 5132 2837 5185 Β.
2881 5131 2989 5185 Sed
3040 5132 3082 5184 D
3115 5132 3287 5200 atque
3338 5131 3379 5183 E
3418 5131 3679 5183 eamdem
3730 5126 3932 5179 retinent

2276 5221 2713 5293 proportionem
2742 5220 2892 5274 inter
2921 5236 2979 5273 se
3011 5236 3182 5290 quam
3218 5222 3281 5272 19
3312 5221 3389 5285 1/2
3412 5219 3482 5272 ad
3509 5222 3568 5271 18
3601 5220 3699 5285 1/2.
3719 5220 3761 5268 Α
3791 5211 3931 5280 igitur

2276 5312 2345 5365 ad
2376 5312 2415 5364 Β
2447 5309 2730 5363 minorem
2779 5309 2987 5361 retinet
3018 5309 3446 5379 proportionem
3478 5324 3650 5378 quam
3682 5307 3742 5358 19
3776 5304 3847 5365 1/2
3878 5297 3929 5351 ad

2283 5401 2344 5452 18
2380 5402 2479 5467 1/2,
2514 5398 2668 5470 quod
2695 5397 2995 5468 oportebat
3023 5397 3344 5451 ostendere.

2041 5566 2063 5593 ο
2098 5540 2585 5594 Demonstrabitur.
2624 5541 2644 5559 '
2668 5539 2858 5608 Major
2878 5538 2945 5593 75
2975 5538 3051 5593 ad
3068 5539 3160 5593 74.
