4104 6176
223 300 349 356 1241

849 521 896 571 ς(
947 489 985 540 ‘1
1023 478 1135 545 "Li."
1176 504 1248 554 αα
1277 543 1338 597 ’ρ

683 663 739 736 ,9⁸
756 536 1411 784 miN

272 731 569 800 Mu-
654 740 707 843 ἑ
1533 737 1674 797 Euam

272 995 298 1001 _
315 935 362 973 2
375 923 452 980 56
647 916 850 984 Propontis
871 920 1056 988 [anilem]
1068 921 1252 973 mimi:
1610 929 1687 986 24

413 1075 474 1134 ό,
1644 1035 1687 1272 /

296 1129 352 1188 Γ
431 1129 491 1194 Ξ»,
693 1136 761 1199 ,δ
1419 1138 1470 1208 εκ
1668 1161 1687 1186 ε

286 1235 320 1285 2
342 1213 408 1265 Α
456 1201 493 1276 ’Ξ
625 1197 712 1280 5⁵⁷
1298 1270 1342 1285 .,
1479 1200 1506 1268 ὶ-
1658 1196 1687 1287 ἓ

358 1265 388 1301 1
601 1300 646 1353 ἔ
798 1265 844 1309 D
1300 1271 1347 1314 ε,
1507 1285 1566 1356 ᾖ.
1644 1273 1687 1340 ιε

567 1436 614 1490 θ’]
1544 1451 1575 1478 ιιι
1666 1432 1687 1500 \‘

321 1546 401 1554 -_
542 1493 681 1556 ""L-
720 1537 1668 1556 .___.____.-ﬁ~

720 1537 960 1546 ._——.___

969 1539 1367 1547 —-—_—_——

321 1546 505 1665 -1253
725 1566 1216 1666 Propertii-9&3“!
1249 1588 1288 1630 ιε
1327 1578 1371 1642 -έ-
1530 1543 1672 1650 Γῇ
1700 1539 1843 1632 Ei“

415 1656 519 1667 ~-—
600 1656 607 1659 '
652 1661 672 1667 .-
697 1658 771 1666 -....

1775 1605 1782 1632 l

1261 1655 1610 1671 ———-———-‘

219 1820 460 1876 Videtur
511 1826 706 1876 tamen
741 1823 943 1877 eadem
979 1823 1274 1894 proportio
1329 1826 1432 1877 256
1480 1822 1551 1877 ad
1583 1823 1685 1876 243
1732 1822 1917 1892 major

221 1927 346 1965 esse
375 1911 448 1965 ab
481 1927 549 1966 ea
573 1928 746 1982 quam
770 1913 1072 1966 continent
1103 1915 1172 1966 20
1201 1917 1258 1966 et
1293 1913 1375 1967 19.
1410 1911 1534 1966 Sint
1560 1911 1717 1965 enim
1746 1915 1793 1966 Α
1819 1913 1857 1965 Β
1877 1913 1916 1966 C

220 1999 373 2054 idem
406 2001 507 2072 qui
539 2002 803 2072 superius
845 2001 1113 2072 descripti
1151 2006 1302 2054 sunt.
1337 2001 1601 2056 Metiatur
1648 2001 1824 2068 igitur
1875 1999 1914 2053 C

222 2086 548 2142 differentia
575 2093 621 2143 Α
664 2091 982 2144 terminum
1019 2090 1222 2160 vigies,
1256 2090 1396 2143 ﬁent
1431 2091 1556 2155 260,
1591 2089 1690 2158 qui
1721 2097 1746 2122 ⁸
1785 2094 1916 2142 sunt

225 2177 288 2243 D,
317 2177 420 2248 qui
447 2177 765 2248 comparati
793 2179 867 2232 ad
907 2179 963 2232 id
994 2178 1149 2249 quod
1179 2182 1264 2232 est
1285 2182 1327 2233 Α
1382 2177 1652 2232 eumdem
1695 2181 1919 2246 quater-

222 2265 387 2319 nario
423 2268 859 2334 transcendunt,
882 2267 975 2321 hic
1002 2267 1075 2321 sit
1103 2268 1160 2321 F.
1196 2269 1412 2322 Rursus
1442 2266 1595 2320 idem
1635 2265 1674 2320 C
1721 2265 1918 2318 metia-

221 2360 319 2409 tur
350 2355 389 2408 B
414 2355 600 2410 decies
631 2357 847 2424 novies,
872 2357 1013 2411 fient
1043 2357 1170 2423 247,
1203 2356 1295 2410 hic
1335 2356 1404 2409 sit
1438 2357 1491 2419 E,
1533 2355 1632 2426 qui
1679 2370 1918 2424 compa-

220 2443 334 2498 rati
364 2443 437 2498 ad
468 2445 507 2497 Β
548 2445 752 2499 eodem
793 2447 832 2501 F
859 2445 1291 2500 transcendunt.
1325 2448 1366 2499 D
1399 2444 1574 2514 igitur
1622 2459 1915 2509 numerus,

221 2536 268 2587 Α
300 2549 629 2600 numerum,
674 2539 729 2587 et
770 2535 810 2588 E
844 2551 1119 2588 numerus
1167 2550 1473 2588 numerum
1535 2535 1593 2599 Β,
1627 2531 1832 2586 eodem
1882 2531 1920 2584 Β

223 2622 658 2676 transcendunt.
685 2623 916 2692 Adjecto
949 2622 1180 2690 igiturF
1204 2622 1292 2675 bis
1325 2622 1426 2692 qui
1456 2625 1644 2674 suntA
1674 2624 1844 2690 atque
1858 2619 1915 2685 Β,

223 2710 358 2764 facti
387 2715 521 2764 sunt
552 2713 594 2764 D
634 2717 807 2782 atque
848 2713 909 2766 Ε.
952 2711 1129 2781 Major
1158 2711 1340 2778 igitur
1361 2715 1447 2763 est
1487 2708 1783 2780 proportio
1823 2724 1917 2760 eo-

226 2815 357 2852 rum
389 2799 489 2870 qui
523 2805 655 2853 sunt
691 2805 738 2854 Α
785 2805 956 2870 atque
989 2801 1050 2864 Β,
1078 2815 1252 2870 quam
1309 2813 1507 2852 eorum
1548 2797 1648 2867 qui
1697 2801 1830 2850 sunt
1875 2797 1918 2850 D

227 2892 400 2958 atque
434 2889 498 2943 E.
534 2888 643 2942 Sed
683 2889 725 2942 D
775 2894 947 2959 atque
995 2889 1036 2943 E
1067 2889 1246 2957 vigies
1293 2894 1461 2958 atque
1493 2885 1676 2940 decies
1729 2885 1920 2938 novies

229 2977 660 3046 multiplicatus,
713 2977 753 3031 C
793 2993 1101 3030 numerum
1133 2974 1326 3030 efﬁcit.
1378 2977 1555 3046 Major
1611 2974 1787 3044 igitur
1837 2979 1922 3028 est

227 3065 526 3135 proportio
559 3081 760 3119 eorum
787 3065 888 3135 qui
919 3069 1116 3119 suntA
1153 3071 1324 3136 atque
1353 3066 1413 3130 Β,
1446 3064 1545 3134 qui
1577 3064 1790 3117 scilicet
1826 3079 1918 3131 .se-

228 3153 540 3206 mitonium
574 3153 894 3220 continent,
923 3169 1096 3224 quam
1119 3169 1185 3206 ea
1217 3168 1347 3223 quae.
1377 3157 1463 3206 est
1500 3154 1569 3205 20
1601 3151 1672 3206 ad
1709 3154 1790 3204 19.
1819 3151 1923 3204 De-

230 3247 614 3295 monstratum
657 3243 836 3312 igitur
876 3248 961 3296 est
997 3241 1370 3296 semitonium
1407 3241 1596 3294 minus
1643 3239 1923 3309 majorem

227 3329 464 3400 quidem
481 3329 689 3382 habere
725 3331 1154 3400 proportionem
1179 3345 1354 3400 quam
1383 3331 1452 3380 20
1483 3329 1554 3382 ad
1606 3331 1689 3395 16,
1733 3327 1930 3381 mino-

226 3433 352 3472 rem
370 3433 502 3471 vero
525 3433 700 3488 quam
735 3420 795 3470 l9
820 3420 907 3488 l/2
930 3419 1000 3472 ad
1037 3422 1100 3472 18
1132 3418 1236 3488 l/2.
1265 3419 1426 3472 Nunc
1455 3417 1610 3471 idem
1628 3416 1819 3469 minus
1843 3431 1926 3468 se-

227 3505 538 3560 mitonium
569 3505 840 3560 commati
866 3522 1266 3577 comparemus
1306 3507 1461 3578 quod
1509 3508 1595 3560 est
1635 3504 1923 3571 ultimum,

227 3595 451 3649 auditui
490 3595 788 3665 subiacens
813 3595 1136 3666 ultimaque
1169 3595 1494 3666 proportio.

558 3803 1575 4065 ﬂ

370 3876 1800 4206 alma
1853 4187 1862 4191 -

285 4197 429 4270 33‘s
573 4193 1226 4204 ﬂ-”
1680 4203 1841 4291 τῃ)

599 4291 1508 4308 _______._____.._-.._._.
1723 4284 1824 4340 Γ..

353 4409 413 4470 F
462 4436 507 4489 δ
571 4315 734 4483 \
1061 4381 1098 4428 ς
1329 4262 1723 4566 jj/
1744 4305 1847 4518 /F'

284 4541 426 4638 Ἠ.
471 4563 529 4684 ’ἐξ
739 4484 1544 4714 ἮῖεῙῇ-’ῖιῖᾕθᾴχ

1357 4777 1416 4835 π
1497 4683 1749 4876 (“at

1620 4869 1646 4912 κ
1689 4846 1746 4942 ἔκ
1799 4867 1826 4924 ι,

314 4956 836 5046 .131°.L$_11r_9
844 4929 1852 5045 ωερ.²ἷῖὲΞΞ-..,ᾴ⁴ῖῖ

885 5112 1112 5168 CAPUT
1135 5109 1267 5164 XIV.

225 5223 584 5279 Semitam’um
632 5225 809 5274 minus
855 5220 1035 5288 majus
1067 5217 1286 5288 quidem
1316 5230 1426 5268 esse
1467 5213 1640 5268 tribus
1688 5224 1927 5264 comma-

663 5310 830 5376 tibus,
859 5312 1042 5362 minus
1071 5322 1195 5361 vero
1235 5307 1492 5374 quatuor.

140 5432 146 5436 b
226 5451 418 5522 Igitur
502 5450 1013 5505 demonstrandum
1080 5445 1462 5518 proponimus
1553 5443 1922 5498 semitonium

304 5597 344 5663 1'
373 5594 552 5662 Major
579 5595 738 5647 alias.
815 5623 838 5650 α
867 5593 967 5648 Sit.
1044 5593 1080 5659 1-
1113 5590 1288 5645 Minor
1322 5591 1484 5646 alias.
1561 5614 1585 5649 ι,
1616 5590 1706 5643 De.

1639 311 1731 366 DE
1771 311 2027 370 MUSICA
2067 315 2196 370 LIB.
2237 317 2342 375 IIl.

1948 440 1993 492 A
2021 439 2231 507 minus,
2268 443 2452 512 majus
2484 445 2715 514 quidem
2743 463 2864 500 esse
2887 449 3268 502 commatibus
3299 451 3497 517 tribus,
3525 453 3712 506 minus

3578 333 3710 385 1242

2028 545 2160 584 vero
2195 537 2460 602 quatuor,
2496 536 2647 605 quod
2684 537 2814 588 hinc
2846 537 3111 590 facillime
3144 541 3323 606 possis
3379 557 3708 609 agnoscere.

2024 620 2148 674 Sint
2177 626 2290 674 tres
2329 625 2556 676 numeri
2604 625 2684 677 ita
2713 625 2996 694 dispositi,
3022 633 3085 679 ut
3107 626 3254 681 inter
3285 646 3342 681 se
3385 632 3710 700 proportio-

2027 725 2158 762 nem
2212 711 2542 764 contineant
2571 713 2864 781 diapason,
2913 721 2968 766 et
3016 732 3141 768 eam
3187 733 3314 786 quae
3347 719 3556 771 dicitur
3615 737 3711 773 sex

2026 803 2316 852 tonorum.
2350 801 2353 804 ’
2388 800 2510 853 Sint
2540 801 2695 853 enim
2751 805 2788 854 Α
2820 804 3050 856 2621ιὶ1.
3108 805 3482 858 [intendantur
3538 807 3714 875 igitur

2025 887 2097 939 ab
2130 888 2167 940 Β
2203 888 2435 957 quidem
2464 889 2717 958 quinque
2743 892 2863 943 toni
2886 893 3165 957 continui,
3197 900 3252 946 et
3277 894 3346 948 sit
3380 896 3436 947 Β.
3464 896 3710 962 ι·172392;

2025 975 2094 1028 ad
2133 978 2171 1031 C
2211 980 2403 1029 autem
2449 977 2724 1046 diapason
2772 981 3145 1033 consonantia
3186 982 3482 1049 referatur,
3545 991 3602 1037 et
3643 985 3714 1038 sit

2027 1066 2066 1116 Ο
2117 1065 2343 1118 524288.
2394 1065 2477 1118 Ad
2508 1067 2548 1119 Ι)
2589 1071 2778 1120 autem
2813 1085 2904 1121 sex
2936 1070 3054 1122 toni
3087 1069 3474 1137 intendantur,
3528 1072 3712 1142 sitque

2027 1153 2070 1204 D
2106 1154 2330 1208 531441.
2386 1155 2482 1208 llis
2526 1155 2603 1208 ita
2649 1155 2938 1226 dispositis
2977 1165 3032 1211 et
3072 1161 3413 1224 constitutis,
3467 1163 3710 1215 manife-

2026 1245 2176 1294 stum
2217 1249 2300 1295 est
2331 1243 2478 1295 inter
2503 1246 2724 1314 Catque
2761 1248 2799 1298 Ι)
2826 1264 3048 1300 comma
3071 1249 3362 1313 constitui,
3396 1267 3712 1320 eorumque

2027 1331 2405 1385 ditferentiam
2453 1350 2573 1386 esse
2601 1338 2776 1400 ’7l53;
2819 1336 2870 1389 id
2905 1343 3094 1390 autem
3127 1338 3196 1390 sit
3236 1339 3302 1404 Κ,
3351 1341 3714 1392 remittantur

2027 1419 2201 1488 igitur
2233 1422 2344 1473 duo
2379 1423 2500 1474 toni
2536 1423 2604 1475 ab
2643 1440 2709 1475 eo
2759 1426 2911 1494 quod
2940 1432 3026 1478 est
3061 1427 3114 1491 Β,
3151 1427 3218 1480 ad
3243 1427 3297 1480 id
3344 1429 3496 1497 quod
3535 1439 3621 1482 est
3653 1431 3708 1494 E,

2027 1515 2082 1560 et
2113 1509 2185 1561 sit
2233 1511 2271 1562 E
2315 1512 2542 1564 373248.
2601 1513 2816 1565 Rursus
2863 1515 2933 1565 ab
2966 1532 3030 1566 eo
3069 1516 3223 1584 quod
3255 1521 3338 1568 est
3377 1518 3416 1571 E
3479 1517 3711 1570 intendo

2029 1596 2380 1651 diatessaron
2417 1601 2485 1652 ad
2532 1598 2585 1653 id
2619 1618 2731 1670 quo
2759 1610 2842 1654 est
2876 1603 3160 1657 1³497664.
3209 1605 3485 1667 Quoniam
3537 1606 3712 1675 igitur

2030 1685 2180 1738 inter
2215 1689 2252 1738 Β
2283 1694 2453 1756 atque
2489 1689 2526 1741 Β
2571 1689 2682 1742 duo
2717 1698 2850 1743 sunt
2881 1693 3021 1756 toni,
3048 1692 3198 1745 inter
3225 1693 3264 1744 E
3306 1699 3474 1762 atque
3520 1695 3556 1747 F
3591 1695 3708 1748 dia-

1958 1795 1998 1847 B
2026 1778 2302 1841 tessaron,
2359 1775 2510 1829 inter
2571 1778 2608 1829 Β
2638 1776 2813 1846 igitur
2852 1784 3026 1848 atque
3057 1780 3094 1832 F
3127 1781 3315 1832 minus
3347 1781 3712 1836 semitonium

2023 1862 2325 1932 reperitur.
2351 1863 2598 1918 Sublatis
2620 1865 2775 1919 enim
2809 1869 2835 1908 b
2865 1884 2898 1919 a
2941 1867 3293 1922 diatessaron
3343 1871 3713 1924 consonantia

2027 1951 2248 2004 duobus
2284 1954 2450 2017 tonis,
2479 1956 2541 2007 tit
2562 1955 2845 2024 reliquum
2881 1957 3246 2010 semitonium
3284 1959 3494 2023 minus,
3557 1960 3713 2028 quod

2025 2039 2083 2092 in
2117 2041 2315 2110 primis
2343 2043 2599 2095 numeris
2619 2051 2878 2098 constare
2911 2045 3150 2114 praeadixi
3320 2052 3376 2100 et
3404 2049 3527 2100 243.
3561 2047 3713 2111 Quos

2027 2131 2256 2184 eosdem
2295 2146 2562 2184 numeros
2594 2131 2642 2184 si
2689 2133 2893 2186 millies
2926 2134 3329 2203 noningenties
3377 2136 3713 2205 quadragies

2028 2225 2344 2289 quaterque
2359 2221 2706 2290 multiplices
2743 2224 2778 2275 Β
2809 2229 2982 2292 atque
3005 2223 3058 2288 Ρ,
3084 2239 3355 2276 numeros
3377 2223 3708 2292 explicabis.

2026 2308 2176 2371 Quos
2207 2317 2226 2341 ε
2264 2311 2578 2362 necessarie
2627 2314 2710 2363 est
2747 2312 3011 2365 eamdem
3060 2311 3491 2382 proportionem
3550 2328 3714 2381 supe-

2029 2396 2148 2448 rius
2178 2397 2340 2449 dictis
2371 2397 2626 2451 numeris
2657 2400 2969 2467 continere,
3007 2399 3104 2470 qui
3145 2417 3259 2453 uno
3288 2406 3459 2471 atque
3510 2401 3713 2455 eodem

2028 2500 2291 2549 numero,
2339 2486 2394 2538 id
2461 2494 2544 2540 est
2598 2489 2734 2541 1944
2791 2489 3003 2558 pariter
3053 2489 3414 2560 multiplicati
3462 2505 3710 2543 crevere.

2027 2574 2171 2628 Item
2203 2574 2273 2627 ab
2303 2591 2370 2628 en
2395 2576 2547 2645 quod
2589 2583 2673 2629 est
2717 2579 2769 2630 [τ’.
2815 2579 3050 2632 intendo
3074 2580 3443 2642 diatessaron,
3503 2577 3716 2631 scilicet

2027 2663 2099 2714 ad
2133 2663 2196 2726 G,
2230 2668 2286 2716 et
2331 2663 2462 2717 sitG
2508 2665 2736 2718 663552.
2795 2668 3006 2720 Rursus
3055 2667 3124 2720 ab
3156 2668 3369 2719 eodem
3411 2667 3452 2719 G
3487 2667 3714 2719 remitto

2029 2751 2098 2803 ad
2132 2752 2171 2804 P
2195 2750 2335 2803 duos
2364 2757 2550 2817 tonos,
2585 2756 2721 2806 ettit
2751 2757 2787 2806 Ρ
2821 2757 3047 2809 521288.
3070 2755 3227 2819 Quod
3260 2758 3298 2808 P
3327 2756 3354 2797 ἀ
3401 2756 3714 2810 necessarie

2030 2844 2135 2901 est,
2159 2845 2221 2892 ut
2252 2841 2518 2894 eumdem
2553 2859 2756 2896 sonum
2800 2861 2971 2914 quem
3027 2845 3065 2897 C
3108 2860 3380 2897 numerus
3409 2845 3710 2909 fexliibeat.

2028 2928 2111 2981 Ad
2145 2929 2531 2998 mqualitatem
2567 2947 2814 3002 namque
2845 2933 2968 3001 ejus
2997 2933 3095 2985 tali
3131 2934 3347 2985 ratione
3369 2948 3714 3001 progressus

2031 3023 2133 3070 88L
2194 3021 2410 3076 Etenim
2455 3036 2521 3073 ea
2575 3027 2808 3089 quaeest
2846 3022 2957 3074 At)
2991 3021 3265 3090 diapason
3319 3021 3710 3086 consonantia,

1962 3138 2002 3193 ρ
2032 3130 2158 3183 qua:
2187 3117 2406 3166 constat
2427 3110 2684 3181 quinque
2721 3109 2872 3162 tonis
2895 3126 2959 3161 ac
2990 3110 3212 3163 duobus
3241 3109 3556 3163 semitoniis
3606 3109 3717 3161 mi-

2033 3202 2286 3266 noribus,
2319 3201 2386 3253 ab
2441 3203 2471 3252 6
2505 3199 2650 3253 tonis
2684 3205 2963 3251 commate
3013 3205 3336 3268 superatur.
3386 3199 3470 3252 Ab
3519 3198 3718 3252 eodem

2033 3290 2208 3360 igitur
2238 3295 2283 3343 Α
2312 3288 2557 3342 termino
2592 3303 2867 3340 numerus
2902 3289 2959 3349 P,
2995 3289 3252 3358 quinque
3282 3288 3430 3340 tonis
3461 3304 3526 3341 ac
3554 3289 3720 3341 semi-

2032 3379 2202 3432 toniis
2235 3379 2458 3432 duobus
2487 3377 2719 3430 recessit
2745 3378 2851 3429 hoc
2883 3377 3074 3430 modo.
3111 3377 3194 3430 Ab
3226 3393 3291 3429 eo
3340 3377 3495 3447 quod
3540 3381 3623 3428 est
3674 3379 3719 3430 Α

2035 3484 2211 3537 usque
2243 3467 2312 3520 ad
2337 3466 2395 3519 id
2418 3465 2572 3536 quod
2603 3471 2686 3518 est
2714 3468 2750 3519 B
2780 3466 3034 3536 quinque
3069 3466 3342 3518 nimirum
3374 3465 3722 3534 colliguntur

2033 3556 2184 3621 toni;
2210 3556 2279 3608 ab
2311 3572 2376 3607 eo
2408 3561 2596 3608 autem
2623 3555 2773 3624 quod
2809 3559 2894 3608 est
2920 3553 2960 3605 Β
3004 3570 3183 3624 usque
3211 3553 3282 3606 ad
3303 3554 3360 3606 id
3392 3554 3547 3623 quod
3571 3557 3654 3606 est
3685 3553 3722 3606 F

2035 3646 2226 3698 minus
2257 3661 2378 3698 esse
2408 3643 2780 3698 semitonium
2815 3648 3170 3712 pernotatur,
3199 3643 3237 3696 F
3275 3659 3407 3695 vero
3435 3647 3604 3712 atque
3661 3643 3719 3707 P,

2037 3732 2192 3787 idem
2247 3749 2445 3786 rursus
2477 3731 2845 3785 semitonium
2880 3731 3068 3782 minus
3097 3730 3414 3783 includunt.
3452 3734 3499 3783 A
3549 3729 3724 3799 igitur

2037 3838 2217 3890 usque
2239 3822 2308 3874 ad
2341 3823 2378 3873 P
2411 3821 2666 3890 quinque
2713 3825 2878 3871 tonos
2908 3835 2972 3871 ac
3005 3821 3118 3871 duo
3152 3820 3453 3872 semitonia
3503 3819 3723 3872 minora

2037 3911 2324 3980 produxit.
2356 3909 2490 3961 Jure
2527 3908 2701 3977 igitur
2733 3909 2770 3960 P
2801 3913 2972 3976 atque
3001 3909 3040 3962 C
3063 3909 3276 3961 eisdem
3310 3907 3562 3960 numeris
3586 3923 3722 3960 con-

2037 3999 2382 4052 scribuntur.
2416 3997 2524 4050 Sed
2556 3995 2830 4066 quoniam
2863 3997 3012 4048 inter
3037 3997 3071 4048 1³
3099 4001 3269 4065 atque
3293 3997 3332 4049 C
3351 3995 3723 4048 semitonium

2037 4088 2228 4142 minus
2260 4092 2364 4147 est,
2387 4086 2684 4138 videamus
2717 4085 2837 4137 haec
2875 4100 3003 4154 quae
3033 4083 3103 4136 sit
3127 4099 3324 4136 eorum
3379 4082 3720 4146 differentia,

2039 4183 2104 4229 ut
2135 4192 2258 4227 eam
2287 4173 2554 4226 commati
2595 4188 3011 4242 comparemus.
3043 4173 3135 4224 Est
3164 4177 3355 4223 autem
3389 4187 3590 4222 eorum
3621 4169 3723 4223 dif-

2038 4263 2280 4320 ferentia
2304 4265 2504 4328 26624,
2537 4269 2594 4316 et
2619 4263 2692 4315 sit
2723 4262 2841 4315 hinc
2874 4262 2940 4314 lli.
2980 4262 3157 4329 Igitur
3187 4260 3231 4312 K
3275 4259 3574 4312 commatis
3623 4257 3725 4312 dif-

2040 4353 2283 4408 ferentia
2304 4359 2404 4419 est,
2440 4354 2508 4406 Μ.
2543 4358 2734 4404 autem
2762 4349 3052 4402 semitonii
3086 4349 3340 4402 minoris.
3367 4348 3424 4402 Si
3456 4346 3633 4416 igitur
3679 4347 3725 4400 K

1972 4425 2016 4478 D
2041 4458 2348 4496 numerum
2390 4442 2556 4495 tertio
2586 4439 2932 4503 auxerimus,
2975 4439 3073 4492 tiet
3107 4453 3377 4490 numerus
3405 4437 3600 4489 21459.
3663 4436 3726 4489 Et

2040 4534 2114 4586 sit
2134 4533 2224 4586 hic
2246 4534 2296 4585 L.
2329 4532 2386 4586 Si
2419 4547 2550 4584 vero
2584 4535 2786 4599 quater
2826 4529 3094 4582 eumdem
3128 4542 3432 4579 numerum
3460 4525 3725 4579 Kmulti-

2041 4621 2250 4690 plicare
2283 4619 2652 4683 voluerimus,
2695 4618 2834 4670 ﬁent
2863 4620 3058 4679 28612,
3088 4622 3145 4668 et
3174 4615 3246 4670 sit
3269 4617 3375 4667 hoc
3417 4615 3481 4668 N.
3546 4615 3726 4681 Igitur

2039 4709 2087 4762 M
2119 4711 2299 4777 major
2329 4709 2563 4778 quidem
2595 4714 2680 4760 est
2701 4707 2769 4758 ab
2813 4706 2884 4769 L;
2927 4705 3075 4757 idem
3107 4711 3298 4756 autem
3329 4704 3376 4756 Μ
3413 4705 3600 4755 minor
3642 4709 3726 4756 est

2039 4797 2113 4850 ab
2155 4798 2218 4849 N.
2252 4798 2357 4848 Sed
2395 4798 2432 4849 N
2459 4804 2659 4866 quater
2691 4801 2858 4847 aucto
2902 4801 3182 4846 commate
3215 4793 3524 4860 succrevit;
3557 4793 3595 4846 L
3627 4809 3724 4846 au-

2037 4891 2154 4938 tem
2185 4885 2374 4948 tertio,
2408 4885 2454 4936 Μ
2486 4900 2617 4936 vero
2639 4883 2926 4936 semitonii
2951 4881 3188 4934 minoris
3219 4881 3437 4934 obtinet
3465 4881 3728 4935 differen-

2037 4975 2196 5026 tiam.
2238 4974 2370 5025 Jure
2401 4973 2579 5040 igitur
2612 4973 2824 5024 dictum
2853 4977 2938 5024 est
2975 4972 3163 5024 minus
3195 4971 3562 5024 semitonium
3619 4970 3724 5023 mi-

2038 5079 2146 5116 nus
2182 5062 2412 5130 quidem
2445 5078 2565 5114 esse
2589 5077 2761 5130 quam
2785 5045 3367 5130 quatuor'co'mmata,
3396 5060 3577 5129 majus
3591 5075 3722 5112 vero

2037 5165 2213 5220 quam
2241 5149 2371 5202 tria.

1781 5597 1803 5622 ο
1849 5589 2086 5644 Necesse.
2163 5589 2187 5629 ἀ
2213 5587 2429 5641 Necesse
