4104 6176
215 302 358 355 1245

1650 305 1739 360 DE
1779 306 2035 363 MUSICA
2078 310 2211 367 LIB.
2259 311 2348 366 IV.

3601 313 3732 368 1246

209 445 388 500 supra
416 444 646 500 quoque
693 427 1007 499 descriptus
1052 434 1137 483 est
1182 433 1411 485 524288.
1446 434 1743 501 -Apotome
1775 451 1909 489 vero
1952 436 1999 491 Α
2027 454 2155 507 quae
2187 439 2260 492 sit
2307 440 2627 494 differentia
2674 438 2825 493 inter
2852 438 2891 491 C
2925 440 3095 508 atque
3132 440 3173 491 D
3209 454 3480 492 numeros
3510 441 3725 493 consti-

210 518 387 571 distat
434 519 504 571 ab
554 534 620 570 eo
653 518 807 588 quod
858 522 942 571 est
971 522 1034 572 Α.
1072 520 1121 571 Is
1158 526 1456 585 numerus,
1493 522 1591 591 qui
1624 522 1917 593 colligitur

210 607 529 661 unitatibus
576 608 808 671 531441,
862 612 918 660 et
970 608 1096 660 sitaL
1149 608 1255 661 hoc
1307 608 1366 662 Ο.
1422 610 1704 673 Quoniam
1738 611 1914 681 igitur

210 699 259 749 Α
305 697 341 748 Β
386 696 574 749 minus
614 695 1003 762 semitonium,
1038 699 1083 749 Α
1114 696 1152 750 C
1191 699 1395 767 majus,
1436 698 1761 753 differentia
1793 702 1914 770 ejus

213 786 370 856 quod
402 790 487 838 est
537 785 574 836 Β
601 784 671 838 ab
702 801 767 837 eo
800 784 955 854 quod
986 790 1071 837 est
1099 786 1138 839 C
1169 787 1554 856 perquirenda
1588 792 1692 842 est.
1722 790 1799 841 Ea
1835 794 1918 844 est

212 875 412 938 70153,
462 873 519 926 id
567 873 637 927 sit
688 875 750 926 D.
808 872 915 926 Sed
964 872 1057 925 hic
1100 888 1376 928 numerus
1424 876 1639 930 dudum
1692 894 1915 932 comma

214 962 610 1027 monstrabat;
645 961 795 1014 inter
826 961 1011 1031 majus
1029 961 1203 1032 igitur
1228 964 1599 1018 semitonium
1623 982 1685 1019 ac
1710 966 1901 1019 minus

211 1067 443 1104 comma
472 1050 854 1104 diti‘erentiam
888 1050 1038 1104 facit.

708 1421 902 1469 minus.
1026 1421 1075 1475 \/
1174 1428 1206 1475 D
1245 1424 1381 1474 7135i

581 1514 941 1583 l_7A__l
1040 1521 1071 1565 Β
1226 1515 1234 1567 l
1393 1521 1424 1567 c
1499 1515 1506 1574 I

581 1590 589 1641 l
650 1587 860 1638 497661
931 1576 1441 1641 Iessea—almam
1494 1588 1501 1641 ι

937 1721 1183 1780 apotome

604 1660 758 1828 \
937 1721 1159 1780 apotomi

219 2027 435 2081 Rursus
484 2022 998 2078 demonstrandum
1042 2037 1305 2093 propono
1337 2025 1542 2075 tonum
1570 2023 1798 2077 duobus
1829 2040 1917 2079 se-

221 2114 481 2170 mitoniis
511 2112 830 2167 minoribus
860 2113 980 2165 solo
1015 2114 1299 2165 commate
1330 2127 1450 2164 esse
1487 2112 1788 2181 majorem.
1837 2112 1920 2167 Sit

220 2208 268 2259 A
298 2220 572 2258 numerus
600 2204 832 2255 472392.
864 2201 949 2255 Α1)
974 2202 1080 2254 hoc
1125 2200 1456 2255 intendatur
1485 2205 1654 2254 tonus
1681 2202 1914 2267 531441,

223 2298 281 2348 et
321 2294 393 2347 sit
421 2294 530 2346 hoc
572 2293 613 2346 D
642 2292 712 2345 ab
744 2307 809 2345 eo
836 2306 971 2344 vero
1004 2290 1158 2360 quod
1194 2294 1275 2344 est
1306 2293 1353 2343 Α
1382 2290 1712 2343 intendatur
1742 2291 1919 2343 semi-

223 2383 451 2436 tonium
475 2381 684 2447 minus,
710 2380 863 2450 quod
888 2384 974 2433 est
1006 2380 1065 2443 Β,
1093 2395 1157 2431 ac
1175 2378 1247 2431 sit
1276 2381 1316 2432 Β
1342 2380 1570 2432 497664.
1598 2381 1738 2432 Item
1762 2380 1830 2432 ab
1852 2397 1917 2433 eo

223 2472 377 2543 quod
406 2475 490 2524 est
523 2472 561 2524 Β
593 2468 960 2523 semitonium
984 2468 1139 2521 aliud
1170 2467 1507 2521 intendatur
1527 2468 1737 2533 minus,
1762 2469 1919 2538 quod

225 2566 312 2614 est
341 2561 399 2623 C,
436 2564 492 2612 et
522 2559 594 2612 sit
626 2559 665 2613 C
696 2559 922 2612 524288.
962 2556 1242 2621 Quoniam
1275 2556 1447 2626 igitur
1476 2558 1523 2609 A
1551 2559 1593 2611 D
1624 2558 1791 2610 tonus
1814 2563 1918 2623 est,

224 2652 272 2704 A
294 2650 335 2702 C
361 2665 492 2702 vero
526 2649 638 2701 duo
670 2647 967 2701 continent
997 2647 1223 2699 minora
1253 2646 1593 2699 semitonia:
1629 2646 1921 2699 videamus

1352 1587 1441 1636 441
1481 1583 1501 1641 ⁷1
1533 1583 1913 1589 7——

1162 1692 1478 1899 3/

215 1583 544 1587 ——
581 1590 615 1668 ιι
650 1587 860 1638 497661
931 1583 939 1653 ι

2029 512 2311 565 tuta.'Est
2342 518 2532 565 autem
2577 513 2634 575 E,
2688 511 2901 563 scilicet
2939 510 3220 562 unitatem
3264 512 3422 564 7153.
3478 511 3727 564 Demon-

2026 589 2267 638 stratum
2300 588 2383 637 est
2422 583 2598 652 igitur
2639 588 2840 635 tonum
2873 581 3094 634 duobus
3140 580 3461 634 semitoniis
3490 581 3727 635 minori-

2027 656 2131 709 bus
2157 659 2439 710 commate
2480 670 2600 708 esse
2629 654 2927 724 majorem,

2730 928 2735 933 A
2994 910 3009 932 ί
3288 900 3531 1016 ίολγζυόι

2882 1180 2887 1185 η
3275 1082 3424 1179 Ε]
3440 1092 3609 1223 ι

2087 1231 2249 1271 a——-—-
3204 1270 3230 1277 _

2084 1286 2210 1387 LA.
2566 1290 2635 1365 Β
2849 1272 2855 1585 Ι
2976 1293 3111 1374 (1...
3232 1271 3659 1375 Πῖέ

2146 1459 2447 1577 C:7_:392
2549 1466 2824 1542 4.97664
2927 1288 3664 1612 ςιμῦῒῗᾙηή

2029 2292 2132 2346 Sed
2166 2294 2438 2368 quoniam
2468 2296 2661 2350 omnia
2705 2297 2826 2365 jam
2859 2313 2985 2367 quae
3031 2298 3327 2367 probanda
3357 2298 3728 2368 promisimus

2030 2365 2263 2439 propria
2297 2368 2513 2439 ratione
2545 2374 2862 2422 monstrata
2877 2365 3049 2435 sunt,
3081 2386 3233 2423 nunc
3287 2365 3438 2439 quod
3472 2376 3734 2439 superest

2033 2436 2264 2489 musicae
2295 2437 2680 2509 institutioni,
2728 2440 3010 2509 regularis
3053 2436 3429 2494 monocliordi
3470 2436 3733 2496 facienda

2031 2511 2113 2558 est
2158 2507 2412 2580 partitio.
2460 2510 2639 2573 Quam
2685 2507 2820 2564 rem
2854 2512 3128 2580 quoniam
3179 2512 3407 2577 longior
3450 2516 3727 2566 tractatus

2031 2577 2300 2653 extendit,
2348 2579 2405 2631 in
2446 2582 2785 2651 posterioris
2830 2577 3232 2635 commentarii
3274 2583 3726 2653 disputationem

2030 2650 2359 2703 censuimus
2390 2650 2861 2707 transferendam.

1425 2821 1795 2915 LIBER
1907 2822 2500 2935 QUARTUS.

1836 2972 2113 2985 ——_

798 2992 1024 3047 CAPUT
1064 2992 1353 3047 PRIMUM.

378 3085 583 3137 Vocum
622 3083 961 3151 differentias
1007 3084 1067 3135 in
1105 3084 1412 3151 quantitate
1470 3083 1773 3135 consistere.

299 3172 415 3226 Etsi
467 3172 660 3225 omnia
728 3188 855 3242 quae
906 3170 1355 3224 demonstranda
1391 3175 1555 3223 erant
1607 3169 1920 3239 superioris

226 3262 361 3315 libri
392 3262 731 3316 tractatione
759 3261 1120 3331 digessimus,
1150 3276 1264 3313 non
1295 3260 1536 3328 paenitet
1572 3264 1767 3313 tamen
1797 3275 1921 3312 rur-

226 3368 324 3404 sus
356 3351 555 3404 eadem
601 3350 850 3404 breviter
884 3349 1175 3402 memoriae
1208 3348 1596 3417 recolligenda
1648 3353 1920 3417 praestare

224 3456 359 3493 cum
404 3440 651 3510 quadam
683 3438 1009 3492 diversitate
1052 3442 1346 3503 tractatus,
1381 3443 1443 3490 ut
1483 3437 1569 3490 bis
1608 3453 1808 3491 rursus
1851 3439 1921 3491 ad

223 3529 566 3583 memoriam
614 3527 984 3582 redeuntibus
1034 3527 1105 3580 ad
1152 3526 1368 3597 regulae
1412 3526 1771 3592 divisionem,
1805 3543 1919 3597 quo

222 3624 345 3673 tota
375 3618 559 3672 tendit
604 3617 868 3679 intentio,
918 3616 1233 3670 veniamus.
1287 3615 1345 3669 Si
1394 3615 1541 3669 foret
1571 3631 1762 3668 rerum
1796 3632 1919 3669 om-

224 3709 388 3762 nium
423 3707 605 3778 quies,
659 3707 853 3761 nullus
885 3705 1148 3759 auditum
1181 3721 1353 3758 sonus
1394 3704 1609 3758 feriret.
1638 3705 1696 3758 Id
1729 3710 1917 3758 autem

222 3796 410 3861 ﬁeret,
453 3795 724 3867 quoniam
794 3794 1142 3848 cessantibus
1186 3794 1402 3847 cunctis
1452 3793 1699 3846 motibus
1744 3794 1920 3846 nulla

221 3885 375 3938 inter
406 3900 465 3938 se
514 3901 601 3937 res
629 3884 863 3954 pulsum
895 3884 1148 3937 cierent:
1176 3886 1239 3936 ut
1269 3882 1447 3951 igitur
1476 3882 1548 3934 sit
1581 3898 1709 3945 vox,
1753 3882 1919 3950 pulsu

224 3978 311 4025 est
336 3989 497 4041 opus.
540 3973 646 4026 Sed
680 3989 718 4026 u
746 3973 819 4025 sit
850 3972 1067 4042 pulsus,
1102 3976 1292 4025 motus
1321 3986 1548 4025 necesse
1573 3975 1658 4024 est
1689 3976 1917 4023 antece-

224 4062 341 4115 dat.
378 4063 447 4116 Ut
477 4078 611 4130 ergo
660 4062 733 4114 sit
778 4078 904 4127 vox,
954 4066 1182 4114 motum
1226 4078 1345 4113 esse
1386 4076 1614 4113 necesse
1658 4065 1761 4113 est.
1813 4059 1922 4113 Sed

224 4150 416 4204 omnis
441 4156 629 4203 motus
658 4151 829 4204 habet
856 4150 916 4203 in
938 4167 995 4202 se
1031 4154 1152 4203 tum
1175 4150 1556 4215 velocitatem,
1590 4154 1713 4202 tum
1748 4149 1921 4203 etiam

223 4238 572 4292 tarditatem.
610 4239 666 4293 Si
716 4239 892 4310 igitur
944 4239 1018 4293 sit
1070 4239 1265 4293 tardus
1326 4238 1388 4292 in
1415 4239 1685 4307 pellendo
1713 4243 1920 4306 motus,

222 4327 453 4397 gravior
509 4328 769 4381 redditur
817 4344 1008 4381 sonus.
1071 4328 1211 4380 Nam
1260 4331 1323 4380 ut
1374 4327 1607 4380 tarditas
1656 4327 1919 4396 proxima

221 4417 483 4471 stationis
514 4423 619 4483 est,
652 4418 732 4470 ita
749 4417 995 4487 gravitas
1017 4417 1286 4486 contigua
1306 4417 1705 4470 taciturnitati.
1744 4418 1918 4470 Velox

221 4523 357 4561 vero
390 4510 576 4560 motus
604 4512 829 4560 acutam
860 4507 1121 4559 voculam
1153 4511 1407 4576 praestat.
1441 4508 1744 4573 Praeterea,
1787 4523 1915 4577 qua:

220 4596 411 4667 gravis
470 4600 574 4662 est,
610 4596 931 4649 intensione
992 4595 1267 4649 decrescit
1316 4596 1389 4648 ad
1448 4596 1726 4651 medium.
1783 4596 1919 4659 Quae

219 4702 355 4739 vero
402 4690 589 4751 acuta,
632 4684 968 4738 remissione
1026 4685 1299 4738 decrescit
1338 4684 1409 4737 ad
1456 4684 1726 4737 medium.
1760 4685 1919 4738 Unde

216 4773 284 4828 ﬁt
314 4780 377 4827 ut
402 4774 590 4828 omnis
614 4790 788 4827 sonus
815 4774 977 4844 quasi
1010 4790 1076 4827 ex
1105 4773 1448 4845 quibusdam
1476 4773 1735 4843 partibus
1764 4790 1918 4826 com-

219 4864 447 4935 positus
479 4879 601 4917 esse
666 4863 941 4917 videatur.
992 4864 1189 4918 Omnis
1228 4867 1417 4917 autem
1468 4863 1721 4932 partium
1784 4878 1918 4916 con-

208 4953 434 5024 junctio
477 4952 725 5022 quadam
772 4953 1143 5022 proportione
1184 4951 1580 5005 committitur.
1633 4951 1919 5005 Sonorum

217 5043 395 5114 igitur
425 5041 753 5111 conjunctio
800 5040 1273 5111 proportionibus
1303 5042 1614 5095 constituta
1643 5045 1744 5095 est.
1780 5043 1919 5095 Pro-

215 5131 512 5201 portiones
543 5134 734 5184 autem
759 5130 1150 5200 principaliter
1180 5130 1239 5183 in
1269 5130 1526 5183 numeris
1548 5129 1920 5183 consideran-

215 5226 331 5283 tur,
366 5220 671 5290 proportio
707 5236 839 5273 vero
874 5220 1117 5289 simplex
1153 5235 1530 5273 numerorum
1564 5219 1651 5272 vel
1684 5218 1744 5271 in
1772 5217 1918 5270 mul-

217 5309 531 5380 tiplicibus,
583 5309 671 5362 vel
721 5309 782 5362 in
825 5309 1461 5380 superparticularibus,
1508 5308 1593 5360 vel
1624 5307 1685 5359 in
1716 5323 1918 5377 super-

216 5398 604 5467 partientibus
650 5398 960 5452 invenitur.
1011 5398 1339 5453 Secundum
1382 5414 1514 5451 vero
1574 5396 1922 5465 multiplices

216 5488 639 5557 proportiones,
706 5488 794 5541 vel
871 5487 1439 5559 superparticulares,
1520 5501 1778 5541 consonae
1831 5486 1921 5540 vel

294 5626 319 5651 ⁸
356 5619 478 5672 Hic.

1963 3048 2002 3103 C
2036 3047 2276 3102 dissonae
2333 3065 2495 3103 voces
2553 3050 2952 3104 exaudiuntur.
3006 3052 3280 3106 Consonae
3332 3052 3563 3122 quidem
3597 3057 3731 3106 sunt

2033 3154 2161 3207 quae
2221 3137 2392 3191 simul
2474 3140 2655 3208 pulsae
2741 3156 2974 3193 suavem
3022 3141 3371 3210 permixtum
3446 3141 3599 3194 inter
3671 3156 3729 3194 se

2030 3228 2388 3297 conjungunt
2432 3244 2677 3295 sonum;
2727 3229 2969 3283 dissonae
3002 3246 3134 3283 vero
3177 3246 3305 3300 quae
3346 3230 3518 3283 simul
3551 3231 3727 3300 pulsae

2030 3332 2147 3369 non
2186 3317 2428 3370 reddunt
2472 3333 2703 3371 suavem
2748 3334 2936 3389 neque
2988 3319 3335 3388 permixtum
3362 3335 3588 3372 sonum.
3633 3318 3728 3371 His

2031 3404 2207 3475 igitur
2221 3405 2298 3458 ita
2327 3405 2635 3475 praedictis,
2667 3407 2737 3460 de
2756 3408 3228 3476 proportionibus
3250 3424 3430 3479 pauca
3451 3407 3724 3462 dicamus.

2716 3530 2941 3586 CAPUT
2984 3531 3049 3583 ΙΙ.

2316 3659 2551 3708 Diversa:
2581 3654 2645 3707 de
2674 3656 2979 3709 intervallis
3017 3656 3438 3723 speculationes.

2100 3797 2155 3851 Si
2194 3796 2559 3851 intervallum
2601 3797 2904 3866 multiplex
2945 3796 3169 3850 binario
3204 3796 3638 3866 multiplicetur,
3674 3797 3728 3851 id

2033 3885 2187 3955 quod
2218 3885 2282 3937 111
2338 3902 2405 3937 ex
2463 3884 2567 3937 hac
2618 3885 3093 3954 multiplicatione
3148 3885 3538 3949 intervallum,
3574 3887 3722 3939 mul-

2029 3974 2204 4043 tiplex
2244 3977 2345 4025 est.
2397 3973 2480 4027 Sit
2516 3973 2812 4041 multiplex
2858 3973 3218 4026 intervallum
3253 3974 3291 4026 Β
3328 3974 3389 4040 C,
3427 3978 3481 4026 et
3513 3976 3551 4027 Β
3580 3975 3725 4026 mul-

2031 4062 2205 4133 tiplex
2239 4062 2360 4130 ejus
2402 4061 2553 4131 quod
2600 4067 2685 4114 est
2738 4061 2795 4127 C,
2854 4068 2909 4114 et
2952 4061 3051 4114 ﬁat
3084 4066 3146 4113 ut
3176 4066 3260 4114 est
3310 4062 3349 4114 C
3379 4061 3451 4113 ad
3488 4064 3545 4127 Β,
3577 4062 3655 4113 ita
3692 4061 3729 4113 Β

2032 4151 2103 4205 ad
2137 4153 2196 4204 Ι).
2229 4151 2507 4215 Quoniam
2532 4150 2704 4219 igitur
2730 4153 2769 4205 Β
2798 4150 3096 4219 multiplex
3114 4155 3216 4213 est,
3243 4150 3365 4218 ejus
3400 4150 3553 4219 quod
3578 4149 3723 4203 estC

2034 4241 2270 4296 metitur
2297 4240 2336 4293 C
2359 4240 2655 4304 terminus,
2688 4240 2744 4293 id
2770 4240 2925 4310 quod
2957 4243 3040 4292 est
3072 4240 3133 4304 Β,
3158 4239 3240 4292 vel
3275 4238 3381 4301 bis,
3420 4239 3506 4291 vel
3537 4238 3724 4303 tertio,

1960 4355 2001 4408 ι)
2033 4332 2121 4385 vel
2164 4330 2453 4399 deinceps,
2500 4334 2555 4382 et
2604 4334 2687 4382 est
2727 4334 2787 4381 ut
2817 4328 2856 4382 Ο
2891 4329 2962 4382 ad
3004 4330 3063 4395 Β,
3106 4328 3185 4381 ita
3220 4328 3256 4381 Β
3288 4328 3357 4380 ad
3388 4328 3454 4380 D.
3497 4327 3730 4380 Metitur

2032 4420 2209 4491 igitur
2258 4425 2295 4475 Β
2327 4417 2605 4472 terminus
2658 4416 2716 4470 id
2762 4418 2916 4487 quod
2970 4423 3055 4470 est
3084 4419 3148 4471 D.
3193 4416 3468 4480 Quocirca
3515 4415 3650 4485 quia
3681 4416 3721 4469 C

2029 4507 2308 4563 terminus
2354 4508 2413 4561 id
2454 4507 2611 4577 quod
2661 4512 2747 4560 est
2776 4508 2815 4560 Β
2848 4507 3102 4571 metitur,
3136 4506 3407 4560 metietur
3451 4504 3626 4558 etiam
3662 4505 3724 4558 D.

2028 4598 2320 4668 Multiplex
2377 4602 2459 4651 est
2508 4597 2682 4666 igitur
2713 4597 2755 4650 D
2808 4597 2930 4666 ejus
2973 4596 3125 4666 quod
3176 4595 3351 4660 estC,
3401 4598 3457 4647 et
3487 4598 3571 4646 est
3612 4594 3651 4647 C
3684 4595 3727 4647 D

2028 4687 2418 4751 intervallum,
2469 4686 2731 4739 effectum
2764 4701 2828 4739 ex
2860 4684 3175 4755 composito
3227 4684 3311 4737 bis
3342 4684 3726 4754 copulatoque

2030 4777 2259 4829 sibimet
2289 4780 2346 4828 et
2376 4791 2477 4843 per
2504 4774 2792 4827 binarium
2822 4771 3202 4841 multiplicato
3236 4772 3277 4825 Β
3325 4771 3364 4826 C
3396 4770 3717 4824 intervallo.

2031 4867 2094 4918 In
2129 4865 2386 4919 numeris
2419 4880 2645 4933 quoque
2688 4862 2838 4915 idem
2870 4861 3170 4931 probatur.
3210 4861 3294 4915 Sit
3319 4860 3475 4913 enim
3504 4862 3543 4914 Β
3583 4860 3655 4914 ad
3686 4860 3725 4917 C

2028 4955 2287 5024 duplum,
2319 4958 2383 5004 ut
2430 4951 2687 5004 binarius
2745 4952 2813 5005 ad
2846 4950 3141 5014 unitatem,
3178 4955 3233 5003 et
3264 4950 3362 5003 ﬁat
3395 4955 3456 5003 ut
3488 4950 3527 5004 C
3555 4949 3626 5001 ad
3658 4949 3719 5013 B,

2029 5043 2108 5097 ita
2149 5043 2188 5095 Β
2218 5046 2285 5095 ad
2319 5042 2382 5095 Ι).
2418 5040 2538 5094 Erit
2566 5041 2744 5110 igitur
2781 5042 2820 5093 Β
2857 5039 3276 5109 quaternarius.
3314 5038 3605 5107 Multiplex
3642 5039 3727 5089 est

2030 5138 2219 5186 autem
2256 5133 2291 5183 Β
2323 5131 2392 5184 ad
2426 5132 2484 5197 C,
2508 5130 2564 5183 id
2609 5135 2691 5183 est
2707 5129 2962 5182 binarius
3004 5128 3073 5181 ad
3100 5124 3725 5193 unitatem.-Multiplex

2031 5227 2114 5274 est
2145 5222 2185 5273 D
2219 5220 2289 5275 ad
2320 5221 2379 5274 B.
2434 5220 2488 5272 id
2517 5222 2602 5272 est
2633 5217 3032 5289 quaternarius
3078 5217 3148 5271 ab
3174 5216 3489 5270 binarium.
3548 5211 3729 5265 Multi-

2030 5311 2161 5380 plex
2191 5315 2276 5363 est
2301 5309 2479 5379 igitur
2512 5309 2553 5361 Ι)
2588 5307 2985 5377 quaternarius
3014 5306 3085 5359 ad
3105 5307 3144 5360 Ο
3169 5305 3470 5358 unitatem.
3503 5302 3594 5353 Est
3620 5316 3722 5351 au-

2030 5404 2147 5453 tem
2210 5399 2581 5469 quadruplus
2614 5396 3013 5468 quaternarius
3072 5393 3326 5458 unitatis,
3390 5395 3444 5444 et
3496 5388 3722 5443 binario

2032 5488 2409 5557 multiplicata
2439 5487 2714 5542 medietas
2743 5487 2899 5558 quod
2927 5490 3011 5539 est
3028 5482 3390 5537 intervallum
3422 5480 3459 5532 Β
3489 5480 3548 5534 C.
