4104 6176
432 293 452 343 1
464 290 565 345 247

787 435 1829 683 mm

755 654 787 683 ι

1019 562 1572 643 Mulﬂplcxmtemallii

787 522 970 654 /
1019 562 1572 643 Μαωριεκιτιιεγηιηῖι

859 825 885 880 1
1254 838 1303 886 ἲ
1642 845 1698 902 4

830 933 1006 1059 9h
1228 940 1307 1028 Β

668 1071 1719 1409 ΜΡῑιρῖεΧ

1324 1324 1501 1403 \

425 1464 481 1519 Si
516 1464 879 1518 intervallum
904 1464 1128 1515 binario
1162 1462 1629 1531 multiplicatum,
1668 1460 1959 1529 multiplex
1988 1462 2121 1512 etle-

424 1554 587 1618 cerit,
630 1553 994 1605 intervallum
1042 1554 1233 1620 ipsum
1265 1568 1495 1621 quoque
1529 1550 1827 1618 multiplex
1868 1554 1991 1601 erit.
2039 1548 2121 1601 Sit;

424 1641 790 1695 intervallum
850 1642 888 1693 Β
934 1642 993 1704 C,
1040 1646 1095 1692 et
1126 1641 1223 1691 tiat
1256 1646 1315 1692 ut
1372 1640 1410 1693 C
1450 1639 1520 1691 ad
1573 1641 1629 1703 Β,
1664 1646 1740 1690 Ita
1784 1639 1849 1690 ad
1888 1638 1951 1701 D,
1985 1643 2039 1690 et
2081 1638 2119 1690 D

423 1729 585 1782 sitad
608 1730 647 1782 C
681 1728 1001 1797 multiplex,
1035 1728 1167 1780 Dico
1200 1727 1333 1797 quia
1370 1730 1407 1780 Β
1449 1728 1571 1795 ejus
1612 1728 1764 1796 quod
1797 1733 1883 1779 est
1908 1728 1946 1780 tl
1980 1729 2121 1781 mul-

423 1817 598 1886 tiplex
620 1822 720 1870 est.
753 1816 1034 1879 Quoniam
1053 1816 1206 1869 enim
1240 1817 1279 1868 D
1306 1816 1424 1884 ejus
1449 1816 1599 1885 quod
1628 1822 1713 1868 est
1746 1816 1786 1868 D
1818 1816 2118 1885 multiplex

425 1912 530 1971 est,
563 1905 831 1958 metietur
861 1906 899 1958 C
931 1905 984 1957 id
1036 1906 1187 1975 quod
1228 1910 1311 1957 est
1347 1906 1407 1970 D,
1444 1906 1709 1957 metietur
1740 1910 1795 1957 et
1829 1907 1885 1959 Β.
1922 1907 2122 1960 Osten-

424 2010 553 2048 sum
580 2000 664 2047 est
692 2010 825 2047 vero
866 1993 1135 2063 quoniam
1162 2002 1186 2027 ⁸
1229 1993 1272 2045 si
1314 1994 1426 2045 sint
1458 1993 1689 2046 termini
1717 1996 2119 2064 proportione-

424 2082 553 2137 liter
577 2082 891 2147 constituti,
917 2099 1045 2135 cum
1068 2082 1286 2151 primus
1309 2082 1481 2135 fuerit
1505 2083 1705 2135 ultimo
1734 2088 2115 2151 comparatus,

422 2170 705 2241 siprimus
733 2171 996 2224 ultimum
1035 2172 1206 2224 fuerit
1225 2172 2114 2236 mensus,metieturetmedium.

422 2260 462 2315 C
492 2260 672 2329 igitur
702 2260 968 2315 metietur
997 2260 1052 2312 id
1088 2260 1241 2329 quod
1272 2266 1358 2313 est
1393 2262 1450 2313 Β.
1485 2260 1773 2329 Multiplex
1824 2266 1910 2314 est
1945 2260 2119 2329 igitur

425 2350 463 2403 Β
485 2349 607 2419 ejus
627 2349 778 2418 quod
813 2352 897 2401 est
927 2348 985 2400 C.
1021 2348 1081 2400 Id
1116 2364 1310 2400 rursus
1338 2365 1401 2401 ex
1434 2350 1705 2415 numeris,
1732 2349 1802 2402 sit
1831 2350 1870 2403 Ο
1905 2352 2113 2416 unitas,

428 2437 471 2489 D
502 2453 637 2489 vero
669 2452 737 2489 ex
784 2436 1071 2504 duplicata
1110 2437 1500 2505 proportione,
1559 2439 1594 2490 Β
1639 2438 1677 2491 C
1707 2438 1778 2490 sit
1808 2444 2114 2507 quaterna-

426 2523 568 2590 rius,
618 2529 674 2577 et
720 2530 803 2577 est
852 2524 1149 2594 multiplex
1202 2525 1325 2593 ejus
1382 2526 1535 2595 quod
1585 2532 1669 2579 est
1711 2526 1769 2580 C.
1822 2528 1914 2580 Est
1961 2528 2116 2580 enim

428 2613 801 2682 quadruplus.
837 2613 1119 2676 Quoniam
1160 2614 1334 2682 igitur
1365 2615 1718 2684 quadruplus
1745 2632 1807 2669 ex
1830 2617 2118 2687 duplicata

427 2700 471 2754 B
502 2702 541 2755 C
562 2702 933 2771 proportione
974 2709 1301 2769 generatur,
1348 2704 1383 2755 Β
1420 2706 1458 2757 C
1487 2706 1779 2773 preportio
1810 2705 2114 2759 dimidium

429 2790 551 2859 ejus
583 2790 709 2852 erit,
741 2790 919 2859 igitur
951 2792 987 2842 Β
1021 2791 1058 2843 C
1090 2794 1385 2861 proportio
1412 2793 1585 2863 dupla
1616 2799 1714 2846 est.
1742 2794 1847 2847 Sed
1873 2795 2113 2864 duplum

428 2878 725 2948 multiplex
756 2887 873 2932 est:
908 2879 1016 2932 erit
1050 2879 1227 2948 igitur
1264 2882 1300 2933 Β
1326 2882 1364 2935 C
1392 2883 1685 2951 proportio
1720 2884 2034 2954 multiplex.

1484 3046 1571 3080 χ

769 3016 1571 3246 multa

769 3046 1571 3246 Λώριεχιηῐιγηδὶῒῖι

820 3528 1007 3655 Ξ*
1226 3528 1308 3617 Β
1628 3521 1714 3600 D

600 3774 601 3777 η
656 3686 1729 3999 “Inpia/{Pupth

421 4030 431 4049 ἱ

426 4058 971 4129 Superparticularis
1018 4062 1305 4114 intervalli
1340 4062 1560 4116 medius
1598 4080 1894 4133 numerus,
1935 4084 2122 4138 neque.

425 4164 593 4213 unus,
617 4166 802 4219 neque
836 4151 1027 4218 plures
1067 4153 1568 4221 proportionaliter
1600 4154 2008 4210 intervenient.
2038 4157 2122 4211 Sit

426 4238 578 4290 enim
626 4239 664 4291 Β
707 4240 745 4291 C
777 4240 1073 4307 proportio
1135 4242 1686 4308 superparticularis,
1734 4248 1789 4295 et
1820 4244 1875 4296 in
1909 4246 2109 4297 eadem
2150 4263 2193 4316 ι)

424 4326 798 4394 proportione
824 4326 1048 4379 minimi
1070 4328 1181 4380 sint
1213 4328 1253 4379 D
1281 4330 1316 4381 ιε’
1348 4334 1404 4381 et
1435 4330 1495 4382 G.
1532 4330 1817 4392 Quoniam
1845 4334 1885 4385 D
1922 4334 1957 4385 [ε’
1995 4339 2050 4386 et
2076 4334 2119 4387 G

422 4412 649 4466 minimi
695 4419 825 4466 sunt
882 4414 939 4466 in
992 4417 1190 4468 eadem
1240 4418 1626 4485 proportione,
1680 4426 1813 4472 sunt
1862 4422 2118 4490 ejusdem

422 4502 810 4570 proportionis
848 4502 1043 4571 primi.
1091 4504 1251 4566 Quob
1273 4504 1421 4557 circa
1469 4522 1565 4558 eos
1599 4507 1785 4559 unitas
1817 4510 2105 4563 metietur.

423 4589 727 4642 Auferatur
770 4590 947 4658 igitur
993 4591 1035 4643 G
1079 4593 1149 4644 ab
1184 4594 1224 4645 Ι)
1258 4592 1295 4644 F
1335 4598 1391 4645 et
1424 4594 1781 4663 relinquatur
1815 4597 1874 4662 D,
1911 4597 2001 4650 hic
2029 4607 2114 4654 est

420 4677 597 4745 igitur
618 4682 996 4747 utrorumque
1020 4696 1284 4733 mensura
1302 4682 1650 4735 communis:
1677 4684 1985 4753 hmcigitur
2006 4689 2113 4741 erit

425 4764 629 4817 unitas.
675 4766 956 4834 Quocirca
998 4768 1188 4820 nullus
1237 4768 1386 4820 inter
1422 4769 1458 4821 F
1503 4770 1544 4821 D
1587 4778 1757 4840 atque
1805 4772 1845 4825 G
1898 4774 2113 4829 incidet

421 4867 714 4917 numerus,
750 4854 847 4922 qui
882 4854 953 4907 sit
1001 4855 1070 4907 ab
1107 4856 1143 4908 Ρ
1170 4857 1211 4908 D
1243 4856 1472 4925 quidem
1510 4859 1715 4917 minor,
1764 4862 1948 4929 major
1977 4879 2109 4915 vero

421 4939 493 4993 ab
542 4940 601 4994 G.
654 4940 784 4994 Sola
817 4942 970 4995 enim
1018 4942 1255 4996 interest
1296 4945 1503 5007 unitas,
1537 4948 1735 5015 quanti
1769 4965 1898 5001 vero
1925 4950 1983 5002 in
2018 4968 2110 5004 su-

420 5027 966 5096 perparticularibus
997 5032 1461 5100 proportionibus
1494 5037 2000 5103 proportionaliter
2024 5039 2110 5091 iu-

419 5122 507 5169 ter
535 5118 791 5186 ejusdem
844 5121 1232 5187 proportionis
1264 5124 1531 5175 minimos
1561 5135 1584 5163 ο
1635 5124 1995 5193 intercident,
2031 5132 2114 5180 tot

421 5206 594 5258 etiam
634 5206 787 5259 inter
830 5211 1061 5259 caeteros
1102 5208 1357 5277 ejusdem
1409 5212 1792 5279 proportionis
1837 5214 2107 5268 incident.

420 5293 527 5347 Sed
553 5297 743 5349 nullus
774 5295 923 5347 inter
955 5296 992 5348 F
1022 5296 1062 5347 Ι)
1087 5309 1259 5365 atque
1306 5300 1345 5351 (ἱ
1382 5301 1649 5353 minimos
1681 5302 1937 5370 ejusdem
1978 5321 2111 5372 pro-

420 5384 695 5451 portionis
727 5384 1070 5436 intervenire
1104 5389 1303 5453 potest.
1353 5390 1548 5441 Nullus
1587 5391 1761 5458 igitur
1786 5391 1934 5445 inter
1957 5394 1995 5445 Β
2027 5403 2111 5445 at-

422 5485 532 5538 que
555 5471 594 5525 C
621 5472 1133 5541 proportionaliter
1162 5474 1344 5539 cadet,
1375 5482 1431 5527 et
1466 5477 1524 5528 in
1557 5480 1811 5531 numeris
1848 5481 1921 5533 sit
1950 5498 2107 5551 qure-

1759 282 1874 334 AN.
1927 274 2142 330 MANL.
2182 272 2329 328 SEV.
2371 272 2599 329 BOETII

2155 398 2201 449 Α
2234 395 2374 449 libet
2418 393 2956 464 superparticularis
2991 393 3312 464 proportio,
3340 398 3403 446 ut
3428 392 3833 464 sesquialtera;
3868 395 3927 447 hi

3794 276 3929 329 1248

2228 500 2361 535 vero
2393 489 2526 536 sunt
2558 486 2622 535 10
2653 487 2707 535 et
2744 485 2824 546 15,
2851 482 2908 534 in
2928 482 3127 535 eadem
3147 497 3276 534 vero
3300 482 3675 551 proportione
3701 482 3927 535 minimi

2225 575 2258 625 2
2290 576 2346 625 et
2377 575 2430 637 3,
2466 571 2659 624 aufero
2685 571 2753 624 de
2785 574 2814 625 3
2850 570 3141 625 biuarium
3166 590 3181 635 ;
3202 570 3266 623 fit
3295 570 3514 639 reliqua
3536 571 3754 633 unitas,
3788 574 3811 613 ἀ
3838 588 3925 624 ea-

2229 662 2358 715 dem
2406 665 2679 730 utrosque
2716 660 2973 713 metitur-
3003 659 3199 713 Nullas
3228 659 3338 712 erit
3368 659 3542 729 igitur
3576 659 3734 712 inter
3767 659 3923 713 bina-

2230 748 2381 801 rium
2414 747 2843 819 ternariumque
2876 764 3167 811 numerus,
3203 748 3303 817 qui
3351 747 3421 800 sit
3457 748 3688 801 binario
3725 750 3920 818 major,

2231 837 2422 890 minor
2452 853 2583 889 vero
2607 838 2881 890 ternario.
2920 836 3191 905 Alioquin
3224 836 3409 888 unitas
3436 836 3752 901 dividetur,
3776 838 3921 908 quod

2230 932 2315 979 est
2344 926 2770 980 inconveniens.
2807 926 2990 990 Quare
3024 942 3096 978 ne
3134 926 3283 979 inter
3320 926 3381 978 10
3409 925 3641 995 quidem
3664 933 3842 996 atque
3866 932 3922 981 l5

2232 1015 2539 1086 quisquam
2582 1014 2909 1069 invenietur
2938 1030 3213 1068 numerus
3246 1013 3343 1084 qui
3374 1016 3547 1067 talem
3581 1016 3653 1068 ad
3697 1017 3761 1067 10
3790 1015 3921 1069 obti-

2231 1112 2363 1159 neat
2393 1105 2828 1176 proportionem
2859 1106 3087 1175 qualem
3117 1104 3184 1157 ad
3218 1120 3349 1158 eum
3378 1109 3577 1158 tenent
3610 1108 3696 1159 l5.

2839 1434 2994 1467 ποι-ΗΑ
3030 1434 3077 1467 in
3097 1437 3324 1467 mini-“£-

2724 1467 2799 1558 Α

2748 1354 2827 1467 /

2827 1370 3165 1429 sesquialtera
3214 1390 3327 1435 pro-
3358 1372 3441 1539 \

2827 1434 3326 1495 portioﬂnminimis
3421 1443 3427 1453 ’

2934 1495 3227 1539 diﬂ‘eremin

2825 1434 3012 1495 portio.
3030 1434 3079 1479 δη
3096 1434 3326 1486 minimis
3396 1434 3427 1495 \

2934 1495 3229 1549 diﬂ‘erentia

3438 1540 3443 1550 \

3282 1564 3406 1571 —__
3458 1566 3530 1572 —
3552 1566 3695 1574 -ηκ

2333 1556 3811 1639 :l0:|:2:|_1_|:_3-l—T3_l

3110 1635 3405 1653 _.—
3472 1640 3519 1645 Α-
3570 1642 3621 1645 -
3801 1635 3904 1653 ⁷.-

2461 1646 2493 1693 c
2588 1632 3688 1712 I’G_I_D—l—le—B
3797 1632 3808 1709 i

2229 2081 2284 2136 Si
2316 2082 2685 2136 intervallum
2713 2090 2733 2117 °
2756 2098 2866 2135 non
2899 2082 3205 2151 multiplex
3230 2080 3453 2136 binario
3478 2079 3914 2149 multiplicetur,

2227 2170 2283 2224 id
2318 2172 2470 2241 quod
2512 2172 2575 2224 ﬁt
2604 2186 2668 2224 ex
2717 2171 2821 2224 hac
2851 2171 3329 2241 multiplicatione
3374 2186 3476 2223 nec
3505 2168 3808 2239 multiplex
3841 2172 3918 2219 est

2226 2276 2330 2313 nec
2359 2260 2895 2330 superparticulare.
2930 2260 3012 2313 Sit
3042 2260 3196 2313 enim
3228 2260 3591 2313 intervallum
3627 2273 3749 2311 non
3776 2256 3915 2309 mul-

2227 2349 2400 2419 tiplex
2438 2350 2474 2401 Β
2505 2350 2564 2415 C,
2615 2354 2670 2401 et
2700 2348 2801 2402 ﬁat
2832 2353 2893 2401 ut
2931 2349 2970 2402 C
3000 2348 3073 2402 ad
3100 2350 3159 2413 Β,
3193 2349 3273 2403 sic
3320 2350 3359 2402 Β
3392 2348 3460 2402 ad
3491 2348 3554 2401 D.
3595 2346 3737 2400 Dico
3771 2362 3914 2416 quo-

2224 2438 2380 2491 niam
2413 2439 2452 2490 E
2480 2438 2603 2507 ejus
2634 2438 2786 2507 quod
2828 2442 2915 2491 est
2951 2438 3008 2505 C,
3043 2454 3230 2508 neque
3264 2437 3567 2507 multiplex
3592 2440 3699 2500 est,
3737 2450 3914 2505 neque

2226 2526 2777 2596 superparticularis.
2836 2526 2918 2581 Sit
2948 2526 3124 2591 enim,
3160 2527 3207 2579 si
3237 2526 3361 2579 ﬁeri
3409 2529 3612 2595 potest,
3666 2523 3913 2594 primum

2227 2616 2268 2668 D
2302 2616 2424 2683 ejus
2462 2615 2618 2684 quod
2658 2621 2741 2667 est
2787 2614 2827 2669 C
2875 2614 3192 2684 multiplex,
3227 2620 3283 2669 et
3310 2614 3583 2684 quoniam
3615 2614 3912 2683 cognitum

3698 1569 3903 1580 —_

2251 1625 2316 1634 —

2224 2709 2323 2757 est.
2354 2704 2410 2758 Si
2441 2704 2807 2756 intervallum
2837 2703 3062 2757 binario
3095 2704 3537 2773 multiplicatum
3564 2702 3663 2767 sit,
3696 2709 3753 2754 et
3777 2702 3914 2755 mul-

2224 2793 2394 2861 tiplex
2450 2792 2811 2845 intervallum
2856 2798 3134 2857 creatum,
3164 2792 3221 2845 id
3280 2791 3432 2862 quod
3468 2791 3911 2858 multiplicatum

2225 2887 2309 2935 est
2353 2882 2438 2935 bis
2465 2882 2849 2952 ,intervallum
2896 2897 3017 2934 esse
3067 2881 3389 2950 multiplex.
3440 2881 3552 2933 Erit
3598 2879 3780 2948 igitur
3812 2880 3848 2931 Β
3875 2878 3911 2931 C

2160 2977 2200 3031 C
2235 2970 2550 3040 multiplex,
2584 2970 2679 3023 sed
2730 2985 2847 3023 non
2895 2977 2979 3023 est
3027 2970 3302 3039 positum.
3360 2970 3479 3021 Non
3511 2968 3702 3037 igitur
3731 2968 3837 3020 erit
3871 2967 3909 3019 D

2231 3058 2353 3128 ejus
2383 3058 2535 3128 quod
2568 3058 2707 3111 estC
2740 3058 3058 3128 multiplex,
3089 3075 3195 3112 nec
3220 3075 3351 3111 vero
3380 3058 3907 3128 superparticulare.

2228 3148 2366 3201 Nam
2422 3146 2954 3216 superparticularis
2983 3148 3373 3217 proportionis
3422 3146 3645 3199 medius
3675 3161 3909 3215 propor-

2229 3233 2520 3288 tionaliter
2548 3234 2829 3287 terminus
2859 3235 3050 3287 nullus
3084 3233 3412 3287 intervenit.
3448 3234 3603 3286 Inter
3636 3234 3679 3285 D
3708 3248 3835 3283 vero
3860 3234 3912 3282 et

2230 3325 2270 3378 Β
2298 3328 2382 3377 est
2410 3322 2910 3393 proportionaliter
2948 3322 3228 3376 terminus
3257 3321 3620 3383 constitutus,
3655 3320 3715 3373 id
3744 3325 3827 3372 est
3855 3320 3906 3372 Β.

2232 3414 2373 3467 Nam
2396 3418 2461 3465 ut
2491 3416 2576 3465 est
2605 3410 2646 3464 C
2676 3412 2745 3464 ad
2771 3412 2827 3475 Β,
2859 3410 2940 3464 ita
2963 3412 3000 3463 Β
3024 3411 3093 3464 ad
3124 3413 3201 3475 D;
3231 3409 3581 3481 impossibile
3612 3409 3793 3479 igitur
3811 3410 3911 3460 erit

2234 3502 2274 3555 Β
2306 3501 2428 3570 ejus
2460 3499 2611 3570 quod
2655 3504 2741 3553 est
2788 3499 2849 3563 C,
2883 3500 2970 3552 vel
3004 3500 3381 3568 multiplicem
3416 3514 3556 3551 esse.
3601 3498 3691 3550 vel
3721 3512 3909 3566 snper-

2230 3590 2651 3659 particularem,
2705 3588 2857 3658 quod
2901 3588 3207 3657 Oportebat
3248 3586 3569 3640 ostendere.
3612 3585 3679 3638 Et
3720 3586 3775 3638 in
3806 3602 3907 3638 nu—

2229 3678 2400 3731 meris
2430 3676 2502 3731 sit
2527 3693 2643 3730 non
2664 3676 2966 3746 multiplex
2989 3676 3352 3729 intervallum
3377 3677 3407 3726 6
3436 3675 3506 3728 ad
3537 3678 3590 3739 6,
3620 3676 3832 3744 tiatque
3855 3680 3908 3725 ut

2230 3773 2361 3820 sunt
2406 3767 2439 3819 4
2470 3766 2541 3819 ad
2572 3768 2622 3831 6,
2658 3766 2735 3818 ita
2768 3781 2868 3819 sex
2919 3765 2988 3818 ad
3028 3764 3202 3818 alium
3238 3763 3556 3834 quemlibet
3590 3778 3905 3816 numerum.

2230 3856 2328 3909 Hic
2379 3855 2489 3908 erit
2542 3855 2717 3923 igitur
2776 3853 3138 3920 novenarius,
3188 3854 3287 3923 qui
3330 3852 3686 3922 quaternarii
3734 3867 3907 3921 neque

2231 3942 2530 4015 multiplex
2550 3958 2735 4013 neque
2763 3941 3299 4012 superparticularis
3329 3946 3433 3995 est.

2941 4136 3209 4156 F.—

2909 4152 2928 4163 ι
3215 4146 3271 4163 "Q

2856 4158 2927 4180 κ’
3250 4158 3319 4175 “\,

2570 4178 2865 4359 β*
3327 4178 3485 4261 \\

2596 4374 2696 4417 Non
2723 4369 2993 4417 multiplex.
3016 4383 3107 4417 nec
3128 4383 3277 4417 super
3300 4288 3653 4417 particular}.

2500 4368 2565 4455 /
2596 4374 2696 4422 Non
2723 4369 2993 4431 multiplex,
3016 4383 3107 4420 nec
3128 4383 3277 4430 super
3300 4371 3497 4427 particul

2640 4902 2667 4936 n
2695 4888 2810 4936 mult

3652 4420 3673 4449 \

3028 4616 3694 4766 Β

3084 4853 3157 4979 /
3200 4885 3305 4935 Non
3325 4887 3573 4950 multiplex
3607 4853 3688 4980 λ’

2566 4890 2635 4937 No

2534 4992 2777 5118 Κ

2223 5215 2279 5268 Si
2311 5212 2677 5267 intervallum
2722 5212 2946 5265 binario
2994 5210 3426 5280 multiplicetur,
3465 5215 3637 5280 atque
3668 5211 3726 5265 id
3767 5210 3899 5282 quod

2224 5320 2290 5356 ex
2338 5319 2403 5355 ea
2456 5300 2936 5370 multiplicatione
2982 5300 3270 5353 creabitur
3321 5301 3620 5367 multiplex
3676 5317 3790 5353 non
3828 5300 3897 5363 ﬁt,

2223 5392 2411 5460 ipsum
2447 5407 2677 5461 quoque
2707 5406 2820 5442 non
2852 5390 2960 5441 erit
2992 5388 3312 5457 multiplex'
3347 5388 3429 5441 Sit
3456 5387 3611 5440 enim
3645 5388 3895 5441 interval-

2222 5478 2341 5533 lum
2375 5481 2414 5533 Β
2440 5479 2499 5545 C,
2533 5478 2745 5547 ﬁatque
2788 5482 2851 5530 ut
2882 5476 2921 5530 C
2953 5477 3021 5530 ad
3052 5477 3112 5541 B,
3142 5477 3222 5530 ita
3255 5477 3293 5529 Β
3326 5478 3397 5529 ad
3432 5477 3495 5542 D,
3529 5482 3586 5528 et
3616 5492 3733 5528 non
3772 5477 3831 5528 tit
3856 5474 3891 5527 D

2818 4886 2949 4949 iplex

3084 4855 3157 4979 /
3200 4885 3305 4935 Non
3325 4887 3573 4950 multiplex
3604 4855 3687 4982 [χ’

3200 4885 3305 4935 Non
3325 4887 3573 4950 multiplex

3092 5007 3304 5103 \

492 5602 517 5627 ⁸
545 5595 605 5648 δέ
649 5600 760 5651 εἷπε
784 5602 1269 5667 ιονορονιίοηαιίιει·
1298 5605 1533 5657 numeri.
1564 5606 1590 5645 ι)
1619 5606 1764 5660 Sola.
1796 5618 1821 5647 ο
1849 5608 2109 5663 lncident.
2150 5608 2178 5652 ἅ
2206 5607 2410 5661 Eadem
2462 5621 2580 5674 qua
2632 5609 2905 5672 utrosque.
2965 5612 2987 5639 °
3015 5605 3091 5658 In
3139 5603 3555 5679 vetusto‘codice
3597 5620 3705 5658 non
3732 5608 3821 5657 est.
