4104 6176
209 288 353 341 1249
1628 288 1719 342 DE
1759 287 1914 345 MUSl

2052 287 2184 344 LIB.
2228 291 2318 344 IV.

204 415 340 485 ejus
364 416 515 487 quod
541 420 625 469 est
654 415 694 471 C
733 416 1052 487 multiplex.
1082 416 1218 472 Dico
1253 418 1528 489 quoniam
1558 434 1665 472 nec
1710 421 1748 473 Β
1786 420 1910 489 ejus
1948 424 1995 475 A

206 506 370 575 quod
403 510 488 559 est
512 505 552 559 C
582 506 690 559 erit
720 506 1039 576 multiplex.
1078 506 1134 561 Si
1159 506 1312 560 enim
1341 510 1426 559 est
1454 512 1510 561 et
1540 509 1583 561 D
1608 509 1732 578 ejus
1761 509 1914 579 quod

206 599 297 646 est
354 594 415 662 C,
449 598 533 647 est
557 595 875 664 multiplex.
926 598 999 648 At
1029 611 1148 649 non
1198 601 1301 662 est,
1351 611 1469 649 non
1517 596 1627 650 erit
1672 596 1914 667 igiturB

3582 304 3716 355 1250

206 683 337 754 ejus
362 683 518 754 quod
551 687 635 737 est
662 683 701 737 C
720 683 1043 753 multiplex.

732 866 1489 991 /”"‘\

506 969 731 1181 lx/
883 1086 989 1136 Non
1012 1074 1265 1139 multiplex

457 1410 469 1488 ξ
618 1383 681 1468 C
1023 1375 1106 1467 Β

459 1547 954 1843 Wunltiplex
1084 1695 1088 1699 ἑ
1206 1632 1309 1681 Non
1336 1633 1587 1695 multiplex

1108 1742 1312 1835 \\.

206 1988 434 2058 Duplex
466 1985 825 2040 intervallum
861 2000 927 2037 ex
976 1984 1196 2038 duobus
1247 1981 1510 2037 maximis
1558 1978 1911 2051 superparti-

208 2077 521 2137 cularibus,
584 2073 956 2144 coniungitur
1015 2073 1389 2143 sesquialtero
1427 2075 1483 2123 et
1520 2068 1905 2139 sesquitertio.

209 2169 298 2223 Sit
332 2168 484 2221 enim
514 2164 809 2235 Aquidem
837 2163 884 2232 ej
898 2179 959 2215 us
992 2162 1245 2232 quodest
1266 2163 1303 2214 Β
1324 2160 1685 2229 sesquialter,
1717 2160 1755 2212 Β
1775 2174 1908 2211 vero

210 2259 339 2326 ejus
364 2255 520 2327 quod
551 2259 632 2308 est
664 2254 704 2307 C
742 2252 1155 2322 sesquitertius.
1190 2251 1322 2303 Dico
1373 2249 1650 2320 quoniam
1699 2250 1744 2300 A
1787 2248 1911 2315 ejus

214 2345 371 2417 quod
405 2349 489 2398 est
519 2344 558 2397 C
590 2342 797 2413 duplex
830 2346 931 2395 est.
959 2341 1239 2403 Quoniam
1271 2339 1448 2408 igitur
1478 2338 1913 2407 sesquialterest

211 2437 404 2506 Aejus
437 2434 589 2504 quod
613 2438 697 2484 est
730 2433 789 2495 Β,
827 2430 1003 2500 igitur
1029 2432 1070 2484 A
1105 2429 1279 2482 habet
1303 2429 1362 2481 in
1395 2444 1452 2480 se
1484 2432 1668 2479 totum
1708 2426 1746 2479 B
1770 2426 1915 2494 ejus-

215 2541 331 2596 que
354 2522 677 2577 dimidium.
713 2522 835 2573 Duo
854 2519 1032 2588 igitur
1052 2521 1098 2571 A
1123 2517 1274 2587 aequi
1306 2522 1438 2569 sunt
1466 2516 1649 2569 tribus
1684 2516 1741 2568 Β.
1774 2515 1913 2567 Rur-

212 2631 311 2668 sus
340 2612 610 2683 quoniam
643 2611 682 2663 Β
712 2611 835 2677 ejus
866 2607 1020 2678 quod
1052 2611 1136 2660 est
1176 2607 1215 2660 C
1249 2604 1649 2676 sesquitertius
1678 2608 1784 2667 est,
1820 2612 1844 2635 ⁵
1874 2602 1915 2656 Β

214 2702 393 2771 igitur
418 2700 586 2753 habet
612 2699 672 2764 C,
699 2704 754 2751 et
788 2698 911 2767 ejus
935 2696 1164 2748 tertiam
1198 2700 1440 2764 partem.
1474 2694 1610 2745 Tres
1644 2692 1844 2760 :igitur
1877 2693 1916 2743 Β

211 2788 369 2858 αιᾳυὶ
401 2792 531 2840 sunt
560 2785 630 2839 ad
665 2789 913 2855 quatuor
960 2785 1018 2838 C.
1075 2783 1208 2836 Tres
1235 2789 1427 2835 autem
1464 2781 1504 2831 Β
1554 2780 1707 2849 requi
1753 2784 1915 2831 erant

210 2876 436 2930 duobus
452 2878 513 2928 Α.
560 2875 683 2928 Duo
704 2873 879 2942 igitur
896 2874 939 2924 A
956 2871 1111 2941 sequi
1138 2875 1271 2923 sunt
1292 2870 1361 2923 ad
1384 2874 1636 2939 quatuor
1663 2869 1735 2933 C;
1764 2882 1914 2920 unus

208 2965 393 3035 igitur
420 2966 465 3017 Α
497 2978 697 3033 aequus
759 2968 844 3013 est
884 2960 1109 3013 duobus
1149 2960 1207 3013 C.
1260 2958 1476 3028 Duplex
1507 2957 1612 3010 erit
1640 2956 1817 3025 igitur
1871 2956 1911 3008 A

212 3055 341 3124 ejus
394 3052 491 3123 qui
556 3051 724 3115 estC,
759 3054 815 3101 et
849 3048 910 3101 in
941 3047 1213 3101 numeris.
1253 3046 1335 3101 Sit
1365 3046 1520 3099 enim
1575 3044 1915 3113 sesquialter

216 3144 277 3192 12
303 3142 374 3192 ad
400 3142 452 3203 8,
476 3136 870 3208 sesquitertius
889 3153 1023 3190 vero
1056 3139 1087 3190 8
1118 3135 1192 3188 ad
1222 3138 1253 3188 6
1290 3151 1303 3187 :
1346 3149 1484 3201 ergo
1527 3134 1586 3185 12
1629 3132 1696 3185 ad
1729 3135 1759 3184 6
1809 3131 1914 3184 du-

212 3231 392 3298 plices
422 3234 570 3281 sunt.

484 3879 495 4022 Ι
675 3918 713 3963 Α
1050 3913 1086 3961 Β
1340 3988 1341 3991 η
1455 3915 1490 3963 (Σ

485 4040 564 4217 \
634 4103 965 4166 Sesquialter.
1273 4108 1551 4172 Sesquiter.
1631 4154 1671 4217 ί

675 3918 713 3963 Α
874 3915 883 3991 Ι
1050 3915 1086 3961 Β
1455 3915 1490 3963 (Σ

218 4434 300 4487 Ex
333 4434 871 4503 dupliciintervallo
908 4443 1080 4508 atque
1118 4436 1495 4508 sesquialtero
1546 4436 1755 4506 triplex
1813 4452 1919 4489 na-

218 4522 399 4575 scitur
419 4524 801 4580 intervallum.
828 4526 912 4579 Sit
942 4528 1095 4580 enim
1122 4527 1303 4596 Aejus
1324 4527 1475 4595 quod
1494 4530 1574 4579 est
1606 4528 1645 4578 B
1673 4526 1886 4595 duplex
1907 4567 1920 4593 ,

226 4612 269 4664 Β
311 4617 502 4666 autem
543 4615 664 4683 ejus
691 4616 840 4683 quod
868 4621 954 4669 est
982 4616 1021 4669 C
1043 4615 1400 4685 sesquialter.
1457 4616 1587 4668 Dico
1647 4616 1919 4685 quoniam

223 4706 270 4753 A
305 4703 429 4769 ejus
462 4703 611 4772 quod
644 4711 726 4756 est
759 4706 797 4756 (ἶ
826 4704 1034 4774 triplex
1067 4710 1169 4757 est.
1217 4706 1357 4757 Nam
1398 4704 1674 4774 quoniam
1713 4707 1757 4755 A
1798 4704 1921 4772 ejus

220 4789 377 4857 quod
422 4796 507 4843 est
542 4793 577 4844 Β
607 4794 811 4861 duplex
843 4798 946 4861 est,
980 4793 1216 4863 Aigitur
1247 4808 1447 4864 mquus
1479 4797 1563 4845 est
1601 4791 1824 4845 duobus
1856 4792 1914 4845 Β.

215 4877 438 4929 Rursus
470 4880 741 4948 quoniam
777 4882 814 4933 Β
873 4883 994 4951 ejus
1027 4883 1181 4952 quod
1226 4887 1311 4936 est
1358 4882 1397 4935 C
1423 4879 1761 4950 sesquialter
1815 4884 1917 4945 est,

214 4966 258 5019 Β
292 4966 466 5037 igitur
496 4967 737 5021 habetin
770 4986 827 5021 se
851 4974 1035 5024 totum
1057 4972 1095 5024 C
1125 4976 1180 5023 et
1200 4971 1323 5040 ejus
1346 4970 1645 5024 dimidiam
1670 4974 1916 5038 partem.

214 5057 343 5111 Duo
377 5057 555 5127 igitur
610 5061 649 5113 Β
678 5059 826 5130 aequi
872 5066 1003 5113 sunt
1039 5060 1222 5114 tribus
1256 5060 1315 5115 C.
1366 5061 1476 5114 Sed
1512 5062 1622 5115 duo
1670 5060 1709 5111 Β
1766 5058 1919 5129 aequi

214 5151 382 5200 erant
413 5148 514 5200 uni
543 5149 606 5215 A,
641 5153 697 5201 et
728 5165 875 5201 unus
904 5148 1085 5218 igitur
1105 5152 1364 5220 Aaequus
1399 5154 1484 5203 est
1507 5150 1743 5203 tribusC
1769 5165 1781 5213 ;
1808 5148 1915 5217 igi-

211 5239 312 5289 tur
342 5238 385 5288 A
416 5251 533 5289 uno
586 5237 846 5307 Ctriplex
892 5245 997 5292 est.
1051 5239 1117 5291 Et
1167 5239 1227 5291 in
1270 5238 1525 5291 numeris
1585 5238 1661 5290 sit
1706 5238 1915 5306 duplex

212 5324 454 5395 quidem
484 5327 744 5379 senarius
774 5329 1046 5390 ternario,
1082 5327 1417 5397 sesquialter
1448 5343 1581 5379 vero
1604 5326 1916 5393 ternarius,

212 5413 465 5469 binario.
497 5416 767 5469 Senarius
797 5417 977 5483 igitur
1019 5418 1226 5487 triplex
1253 5422 1337 5469 est
1364 5414 1610 5469 binario.

2637 444 3079 508 r‘“
3100 473 3209 513 ‘--\

2391 505 2636 678 /
2802 653 2998 714 Triplex
3218 516 3510 795 \

2141 934 2243 948 μ
2473 988 2511 1033 Α
2854 976 2889 1022 Β
3265 968 3299 1016 (Ζ

2282 1116 2711 1437 Qlex
3091 1175 3391 1237 Sesquialter

2762 1078 2878 1413 Β
2926 1316 3141 1410 \

2024 1502 2083 1556 Si
2139 1502 2514 1573 sesquialtero
2564 1502 2861 1557 intervallo
2918 1507 3343 1576 sesquitertium
3413 1508 3715 1579 demptum

2022 1590 2191 1644 fuerit
2232 1591 2617 1657 intervallum,
2649 1592 2756 1644 erit
2785 1594 2935 1662 quod
2968 1595 3316 1665 relinquitur
3361 1598 3713 1667 sesquiocta-

2021 1696 2176 1733 vum.
2212 1679 2292 1764 Sit
2311 1680 2465 1733 enim
2494 1682 2540 1732 A
2571 1681 2801 1749 quidem
2835 1682 2957 1750 ejus
2988 1684 3139 1752 quod
3174 1690 3256 1737 est
3280 1686 3318 1737 Β
3352 1686 3711 1756 sesquialter,

2022 1773 2081 1821 at
2110 1784 2245 1821 vero
2286 1768 2325 1822 C
2351 1768 2474 1837 ejus
2517 1768 2669 1837 quod
2710 1774 2795 1820 est
2820 1770 2859 1822 Β
2909 1771 3347 1839 sesquitertius:
3398 1773 3524 1826 dico
3570 1790 3722 1843 quo-

2020 1857 2177 1911 niam
2217 1860 2263 1911 A
2292 1858 2414 1926 ejus
2446 1858 2597 1927 quod
2631 1863 2715 1910 est
2745 1858 2784 1912 Ο
2815 1860 3241 1929 sesquioctavus
3270 1866 3373 1915 est.
3436 1863 3720 1926 Quoniam

2020 1947 2172 1999 enim
2200 1948 2242 1999 A
2274 1947 2397 2015 ejus
2421 1947 2568 2015 quod
2594 1952 2679 1999 est
2708 1947 2751 2001 B
2769 1948 3107 2018 sesquialter
3130 1955 3235 2017 est,
3266 1953 3313 2003 A
3344 1950 3528 2020 igitur
3551 1951 3725 2005 habet

2019 2034 2081 2087 in
2120 2052 2177 2088 se
2209 2036 2251 2089 B
2282 2040 2337 2088 et
2374 2036 2497 2105 ejus
2527 2035 2823 2089 dimidiam
2849 2041 3096 2105 partem.
3132 2038 3269 2092 Octo
3301 2038 3477 2108 igitur
3509 2039 3725 2110 Λαιᾳυὶ

2019 2127 2153 2175 sunt
2184 2123 2252 2175 ad
2280 2123 2576 2175 duodecim
2608 2124 2667 2177 Β.
2704 2124 2920 2177 Rursus
2964 2127 3239 2194 quoniam
3291 2126 3330 2179 C
3383 2128 3505 2195 ejus
3555 2129 3710 2198 quod

2020 2217 2106 2265 est
2134 2213 2174 2264 B
2196 2212 2589 2282 sesquitertius
2621 2217 2723 2278 est,
2755 2214 2793 2266 C
2821 2214 2996 2281 igitur
3026 2214 3199 2267 habet
3236 2214 3295 2267 in
3324 2232 3381 2269 se
3418 2218 3455 2269 Β
3506 2220 3561 2269 et
3600 2221 3711 2270 ter-

2020 2302 2161 2353 tiam
2191 2302 2314 2369 ejus
2344 2305 2587 2369 partem.
2627 2302 2835 2353 Novem
2867 2300 3042 2371 igitur
3072 2302 3111 2355 C
3142 2302 3291 2372 aequi
3320 2308 3453 2356 sunt
3487 2304 3554 2357 ad
3577 2303 3713 2357 duo-

2021 2390 2205 2444 decim
2242 2389 2301 2441 B.
2339 2388 2650 2441 Duodecim
2688 2390 2727 2441 Β
2755 2390 2904 2459 aequi
2936 2390 3203 2443 erantlad
3247 2396 3372 2443 octo
3396 2394 3475 2457 A;
3502 2396 3560 2445 et
3590 2397 3718 2446 octo

2022 2479 2197 2549 igitur
2229 2480 2273 2531 A
2296 2478 2446 2547 aequi
2469 2484 2601 2531 sunt
2630 2478 2697 2531 ad
2723 2494 2927 2531 novem
2958 2478 3021 2532 C.
3048 2478 3228 2549 igitur
3258 2481 3302 2531 Α
3333 2496 3530 2549 aequus
3555 2486 3641 2534 est
3666 2481 3719 2534 ei

2024 2567 2174 2639 quod
2208 2571 2290 2619 est
2334 2567 2398 2629 Ο,
2433 2571 2488 2619 et
2516 2572 2723 2620 octavm
2756 2567 2879 2634 ejus
2923 2567 3093 2636 parti.
3133 2570 3177 2620 A
3201 2567 3379 2637 igitur
3408 2568 3532 2637 ejus
3563 2570 3717 2639 quod

2026 2657 2167 2710 estC
2196 2657 2620 2725 sesquioctavus
2647 2661 2748 2709 est.
2784 2657 2847 2708 Et
2888 2656 2948 2709 in
2978 2657 3234 2710 numeris
3274 2659 3721 2727 sesquialterum

2026 2744 2259 2816 quidem
2293 2744 2657 2797 intervallum
2691 2745 2763 2797 sit
2798 2746 3145 2798 novenarius
3177 2747 3244 2798 ad
3267 2746 3578 2809 senarium,
3604 2763 3719 2799 ses-

2027 2833 2361 2904 quitertium
2382 2849 2514 2885 vero
2530 2833 2856 2885 octonarius
2870 2833 2942 2887 ad
2966 2833 3278 2886 senarium.
3302 2836 3522 2889 Novem
3544 2834 3725 2904 igitur

2026 2922 2097 2977 ad
2127 2926 2254 2974 octo
2286 2921 2678 2991 sesquioctava
2706 2922 3006 2991 proportio
3051 2928 3154 2976 est.

2473 3462 2485 3505 l

2268 3664 2312 3700 ιη
2344 3692 2429 3696 ,μ

2270 3706 2288 3794 κ.

2024 4084 2127 4138 Sex
2158 4082 2560 4153 proportiones
2591 4083 2997 4153 sesquioctavze
3022 4086 3269 4153 majores
3314 4090 3446 4139 sunt
3478 4103 3592 4139 uno
3622 4087 3727 4139 du-

2024 4172 2155 4243 plici
2180 4172 2502 4226 intervallo.
2540 4172 2797 4225 Sitenim
2840 4173 3072 4242 quidem
3113 4189 3391 4226 numerus
3440 4179 3506 4234 A,
3558 4176 3729 4244 hujus

3463 3677 3520 3848 7

1956 4292 2000 4345 Β
2031 4267 2224 4315 autem
2260 4262 2333 4315 sit
2368 4262 2793 4332 sesquioctavus
2828 4264 2889 4327 Β,
2920 4274 2949 4316 h
2973 4262 3142 4331 hujus
3192 4261 3616 4331 sesquioctaVus
3668 4264 3728 4329 C,

2037 4357 2093 4403 et
2119 4351 2290 4419 hujus
2324 4350 2748 4421 sesquioctavus
2792 4351 2856 4409 D.
2894 4354 2949 4403 et
2990 4350 3161 4418 hujus
3202 4350 3627 4419 sesquioctavus
3669 4352 3727 4417 F,

2034 4441 2271 4509 ejusque
2304 4440 2725 4509 sesquioctavus
2766 4441 2827 4499 (ἶ,
2863 4445 3035 4508 atque
3075 4439 3253 4507 hujus
3301 4439 3729 4508 sesquioctavus

2032 4529 2097 4581 K.
2132 4528 2190 4581 1d
2207 4534 2394 4581 autem
2421 4529 2520 4581 fiat
2544 4528 2855 4580 secundum
2887 4527 3235 4595 descriptum
3266 4525 3324 4579 in
3347 4528 3722 4580 Arithmetica

2033 4617 2288 4683 modum,
2349 4622 2405 4669 et
2443 4617 2551 4669 sint
2586 4616 2809 4668 numeri
2843 4618 2889 4669 A
2927 4616 3027 4669 BC
3065 4616 3105 4667 D
3160 4616 3197 4667 F
3239 4616 3279 4667 G
3330 4616 3395 4679 K,
3446 4620 3499 4667 et
3554 4616 3625 4667 sit
3687 4618 3733 4669 A

2030 4705 2454 4772 26214ἱ,1ιιῄυδ
2493 4710 2681 4755 autem
2718 4704 3143 4773 sesquioctavus
3173 4703 3271 4770 qui
3306 4708 3391 4755 est
3424 4704 3462 4755 Β
3495 4704 3727 4770 294912,

2033 4793 2204 4862 hujus
2244 4799 2433 4845 autem
2478 4792 2898 4861 sesquioctavus
2936 4792 3036 4861 qui
3076 4792 3231 4844 estC
3290 4793 3519 4851 331776.
3562 4792 3734 4863 hujus

2035 4887 2228 4935 autem
2262 4880 2686 4951 sesquioctavus
2721 4880 2818 4949 qui
2851 4886 2934 4931 est
2970 4882 3008 4931 D
3037 4880 3269 4944 373248,
3318 4879 3489 4948 hujus
3539 4888 3731 4935 autem

2033 4972 2458 5040 sesquioctavus
2490 4969 2587 5038 qui
2624 4974 2707 5020 est
2743 4968 2777 5020 F
2810 4968 3040 5031 “990's,
3083 4967 3256 5036 hujus
3282 4972 3475 5020 autem
3504 4968 3730 5038 sesqui-

2032 5063 2261 5111 octavus
2299 5057 2398 5128 qui
2422 5063 2504 5110 est
2531 5058 2570 5111 G
2603 5058 2834 5121 472392,
2867 5056 3036 5125 hujus
3072 5062 3263 5109 autem
3299 5056 3726 5127 sesquioctavus

2035 5147 2134 5217 qui
2164 5151 2246 5199 est
2286 5148 2329 5201 K
2384 5147 2613 5199 531441.
2669 5146 2738 5197 Et
2781 5151 2913 5198 sunt
2943 5147 3148 5199 531441
3210 5146 3359 5216 quod
3392 5152 3478 5198 est
3504 5146 3570 5209 K,
3600 5144 3730 5213 plus

2032 5252 2203 5306 quam
2238 5236 2532 5304 duplicest-
2564 5234 2633 5286 ad
2684 5234 2927 5287 ducenta
2964 5237 3029 5288 60
3060 5234 3173 5287 duo
3206 5234 3386 5287 millia
3423 5234 3520 5285 144
3576 5231 3731 5301 quod

2030 5330 2112 5378 est
2139 5328 2203 5378 A.
2237 5325 2341 5377 Sex
2366 5324 2543 5391 igitur
2566 5324 2967 5393 sesquioctavae
2989 5323 3390 5393 proportiones
3420 5320 3730 5389 ampliores

2030 5419 2163 5466 sunt
2184 5429 2299 5466 uno
2329 5412 2545 5483 duplici
2571 5412 2896 5466 intervallo.

287 5538 576 5610 ‘Brigitur
606 5539 763 5592 habet
788 5542 847 5593 in
869 5555 928 5594 se
957 5544 1145 5595 totum.
1220 5541 1248 5584 Β
1300 5540 1479 5610 Hujus
1510 5542 1709 5593 autem.
1788 5562 1813 5592 c
1861 5538 1909 5591 A
1946 5536 2186 5591 ducentis
2224 5537 2515 5604 sexaginta
2570 5535 2775 5590 duobus
2830 5534 3071 5590 millibus
3105 5534 3225 5587 144.
3288 5533 3394 5589 Sed
3428 5533 3537 5588 hac
3579 5534 3735 5589 lectio

209 5622 329 5663 nan
342 5609 523 5679 placet
549 5609 839 5667 Glareano.
