4104 6176
653 438 753 518 ὐίὶκ
784 418 1713 512 [ἀθεωρτοιυςῆεδιυιυωωτεᾶερξάῆὶο
1770 464 1847 527 ὅ*

422 553 1942 704 -..βιαιο

423 720 505 786 r
518 714 938 787 ὼααζΓιΙῖιαῖοᾶα
1032 718 1744 792 ὼεφβίςυίοειαηβωοᾶιίς
1768 718 1935 783 arma.

416 795 1692 888 nummis-
1845 883 1862 886 -,

415 883 1714 1021 sum
1790 918 1837 1010 θ

477 849 565 877 Α
695 849 757 876 υ

645 924 826 973 ‘9‘”?-

621 990 831 1021 λλἸ.ΙΑ-Δ-.“

762 1145 839 1176 ἠ’
858 1180 907 1213 κ.
1008 1138 1335 1221 Μίθαῖῗδλβίξῗ

839 889 1026 972 Ἐπί»
1049 889 1268 982 -
1280 889 1714 982 4.5—-

584 990 938 1062 ςιΝξιαηυξυεΛ
955 997 1425 1062 ιιειῆμιιπιίέιιιςῗιῐὶ
1439 997 1649 1062 9415“-
1694 1004 1703 1009 '

608 1052 1501 1136 ξίυδωΐπφῗεζξίνέδίσρδῖσνδεντὶὲ·

736 1118 839 1221 3“
858 1118 1335 1221 ὲδλίηυῖηιεέὶμῆῒ

989 1546 1214 1602 CAPUT
1235 1546 1333 1600 Ill.

323 1693 657 1747 Musicarum
698 1705 800 1759 per
853 1692 1069 1745 Graecas
1118 1706 1180 1743 ac
1218 1691 1447 1743 Latinas
1509 1689 1721 1743 litteras
1767 1692 2019 1743 notarum

996 1782 1352 1847 nuncupatio.

328 1925 526 1978 Restat
556 1922 831 1994 quoniam
866 1938 1065 1976 sumus
1101 1936 1340 1975 nervum
1376 1920 1686 1974 secundum
1728 1921 2025 1991 praedictas

328 2014 731 2068 consonantias
758 2028 860 2083 per
887 2012 1146 2081 regulam
1194 2010 1451 2076 divisuri,
1487 2010 1879 2080 quoniamque
1915 2026 2021 2064 ne-

326 2103 600 2161 cessarios
636 2119 802 2157 sonos
833 2102 1017 2156 tribus
1044 2100 1349 2172 generibus
1394 2100 1693 2154 cantilena:
1732 2099 2025 2153 exhibebit

328 2194 433 2247 ista
472 2193 721 2263 partitio,
758 2191 1002 2245 musicas
1029 2191 1259 2244 interim
1280 2195 1442 2242 notas
1472 2205 1784 2259 apponere,
1812 2194 1876 2243 ut
1892 2205 2020 2242 cum

329 2281 566 2335 divisam
616 2280 825 2334 lineam
876 2279 1079 2332 iisdem
1127 2277 1343 2332 notulis
1373 2277 1809 2347 signaverimus,
1869 2277 2022 2346 quod

336 2369 640 2439 unicuique
664 2369 732 2421 sit
762 2384 993 2432 nomen,
1023 2367 1291 2420 facillime
1312 2366 1488 2436 possit
1520 2364 1767 2436 agnosci.
1796 2366 2025 2418 Veteres

332 2457 484 2511 enim
530 2457 732 2509 musici
764 2462 1002 2526 propter
1031 2456 1434 2525 compendium
1459 2454 1818 2523 scriptionis,
1843 2470 1915 2507 ne
1944 2454 2028 2507 in-

332 2552 491 2616 tegra
518 2560 748 2613 semper
795 2544 1033 2597 nomina
1072 2560 1301 2597 necesse
1348 2549 1493 2596 esset
1522 2558 1836 2613 apponere,
1869 2559 2025 2596 exco-

248 2682 257 2691 .
334 2636 583 2704 gitavere
616 2633 840 2686 notulas
867 2633 1139 2703 quasdam
1172 2632 1382 2702 quibus
1406 2648 1713 2685 nervorum
1748 2632 2028 2685 vocabula

334 2727 692 2787 notarentur,
735 2738 943 2791 easque
974 2738 1076 2791 per
1125 2738 1335 2791 genera
1388 2722 1707 2791 modosque
1762 2720 2024 2788 divisere,

333 2808 503 2864 simul
547 2810 717 2863 etiam
764 2811 869 2863 hac
907 2810 1182 2863 brevitate
1232 2815 1543 2879 captantes,
1604 2815 1667 2862 ut
1714 2810 1761 2862 si
1802 2810 2028 2880 quando

336 2900 510 2951 melos
576 2899 807 2968 aliquod
864 2899 1114 2951 musicus
1166 2899 1435 2951 voluisset
1483 2898 1787 2965 ascribere,
1857 2914 2029 2967 super

335 3004 555 3041 versum
580 2986 899 3057 rhytlunica
919 2988 1086 3040 metri
1118 2988 1527 3057 compositione
1561 2988 1893 3053 distentum,
1924 2987 2027 3040 has

334 3093 601 3130 sonorum
627 3078 852 3129 notulas
886 3076 1211 3144 ascriberet,
1234 3076 1310 3130 ita
1344 3076 1489 3130 miro
1523 3077 1693 3130 modo
1727 3076 2023 3146 reperien-

337 3172 433 3231 tes,
468 3174 529 3220 ut
567 3182 681 3218 non
711 3171 934 3219 tantum
968 3166 1288 3218 carminum
1322 3166 1515 3233 verba,
1546 3182 1675 3235 quas
1702 3166 1904 3218 litteris
1932 3182 2025 3218 ex.

338 3255 701 3323 plicarentur,
735 3254 831 3307 sed
855 3256 1033 3307 melos
1059 3271 1289 3324 quoque
1312 3254 1523 3323 ipsum,
1559 3254 1707 3323 quod
1740 3254 1829 3307 his
1862 3258 2025 3306 notu-

339 3343 400 3394 lis
422 3343 766 3411 signaretur,
784 3343 842 3396 in
870 3344 1207 3396 memoriam
1232 3343 1740 3413 posteritatemque
1772 3343 2023 3397 duraret.

338 3434 443 3486 Sed
485 3450 550 3487 ex
594 3434 681 3487 his
728 3435 995 3487 omnibus
1037 3436 1220 3487 modis
1262 3451 1441 3487 unum
1492 3434 1722 3487 interim
1788 3435 2027 3505 Lydium

339 3523 576 3594 ejusque
614 3524 841 3575 notulas
863 3539 966 3592 per
993 3523 1103 3575 tria
1134 3539 1346 3592 genera
1385 3524 1774 3592 disponamus,
1810 3524 1867 3575 in
1896 3523 2031 3576 reli-

338 3611 465 3680 quis
490 3612 674 3664 modis
714 3611 865 3664 idem
898 3612 1081 3664 facere
1116 3612 1176 3664 in
1207 3617 1432 3681 tempus
1477 3612 1634 3665 aliud
1681 3612 2025 3665 diti‘erentes.

336 3701 478 3752 flane
519 3700 566 3752 si
616 3700 843 3770 quando
889 3700 1323 3770 dispositionem
1375 3708 1638 3755 notarum
1705 3700 2029 3754 Graecarum

339 3789 659 3843 litterarum
719 3791 1147 3859 nuncupatione
1197 3789 1570 3859 descripsero,
1639 3790 1816 3842 lector
1874 3791 2032 3843 nulla

342 3877 590 3932 novitate
640 3879 923 3932 turbetur.
976 3880 1182 3933 Grmcis
1240 3878 1390 3931 enim
1458 3879 1707 3932 litterisb
1774 3880 1915 3932 ﬁunt
1970 3880 2033 3932 in

342 3967 656 4037 quamlibet
694 3976 915 4037 partem
964 3968 1301 4035 imminutis,
1356 3984 1508 4021 nunc
1560 3969 1731 4022 etiam
1787 3967 2030 4036 inﬂexis,

346 4061 458 4110 tota
488 4056 608 4111 hazc
640 4062 906 4111 notarum
940 4057 1246 4128 descriptio
1286 4058 1592 4111 constituta
1623 4063 1726 4111 est.
1760 4058 1867 4111 Nos
1898 4074 2032 4111 vero

344 4162 606 4200 cavemus
628 4147 849 4217 aliquid
883 4146 951 4200 ab
985 4146 1341 4217 antiquitatis
1376 4146 1716 4200 auctoritate
1748 4152 2036 4199 transver-

342 4241 479 4290 tere.
529 4236 707 4290 Erunt
730 4237 907 4307 igitur
958 4236 1181 4307 priores
1222 4253 1284 4289 ac
1323 4236 1645 4305 superiores
1684 4236 1894 4289 notulze
1956 4236 2036 4289 di-

338 4325 560 4391 ctionis,
592 4326 645 4379 id
680 4332 765 4379 est
791 4326 1117 4394 verborum,
1167 4327 1429 4379 secunda:
1474 4341 1605 4378 vero
1656 4330 1826 4395 atque
1885 4324 2029 4378 infe-
2068 4339 2111 4393 1)

345 4414 520 4467 riores
550 4414 953 4484 percussionis.
983 4414 1599 4468 Proslambanomenos
1650 4414 1749 4484 qui
1780 4414 2034 4484 acquisi—

345 4509 433 4555 tus
473 4503 583 4557 dici
608 4508 815 4573 potest,
846 4504 889 4562 Ζι
924 4520 1037 4557 non
1064 4504 1353 4573 integrum
1388 4509 1443 4556 et
1475 4508 1569 4557 tau
1594 4503 1789 4572 jacens
1826 4530 1898 4570 ,.].
1928 4504 2035 4573 Hy-

342 4596 469 4659 pate
508 4591 784 4661 hypaton,
826 4608 955 4662 qua:
1003 4597 1089 4645 est
1146 4591 1478 4662 principalis
1526 4591 1951 4661 principalium,
1998 4592 2037 4645 L

340 4705 677 4742 conversum
722 4695 780 4743 et
815 4695 852 4740 Γ
898 4694 1118 4744 rectum
1288 4689 1608 4758 Parhypate
1648 4688 1920 4759 hypaton,
1978 4688 2037 4742 id

341 4791 424 4839 cst
460 4785 900 4856 subprincipalis
930 4785 1361 4857 principalium,
1407 4788 1446 4840 Β
1484 4803 1597 4839 non
1630 4787 1941 4857 integrum,
1985 4792 2040 4840 et

344 4881 376 4925 ι’
433 4875 706 4943 supinum
750 4878 819 4944 i1}.
894 4878 1154 4946 llypaton
1220 4876 1661 4943 enharmonios,
1747 4892 1876 4945 quas
1957 4880 2040 4929 est.

340 4977 360 5004 ο
393 4964 801 5034 principalium
825 4964 1255 5029 enharmonios,
1288 4966 1328 5016 V
1352 4964 1639 5034 supinum,
1667 4968 1777 5017 etI‘
1809 4980 2040 5019 conver-

420 5593 444 5617 ⁸
518 5587 840 5651 Descriptio.
922 5586 1089 5645 bNon
1138 5583 1385 5637 habetur.

1662 264 1771 318 AN.
1814 262 2024 316 MANL.
2070 259 2219 313 SEV.
2266 256 2488 313 BOETll

3702 239 3834 292 1°25?

2055 389 2103 442 Α
2129 383 2299 460 sum:
2331 397 2486 447 retro
2550 388 3108 459 habens‘rvirgulam,‘
3140 394 3196 465 ᾳ-
3229 433 3241 446 .
3294 390 3510 461 Hypata
3566 388 3830 442 chroma-

2126 484 2275 550 ticaz,
2303 499 2431 554 qua:
2463 486 2545 537 est
2571 479 2979 551 principalium
3020 483 3251 533 extenta
3281 519 3293 543 ,
3327 490 3373 540 γ
3406 470 3679 542 supinum
3734 467 3834 519 ha-

2124 573 2264 626 bens
2295 573 2505 626 lineam
2557 575 2612 625 et
2641 576 2678 622 Γ
2725 586 3064 623 conversum
3092 570 3232 623 duas
3262 564 3479 620 habens
3516 560 3698 614 lineas
3741 556 3782 639 ᾼ
3810 604 3824 615 .

2125 682 2383 750 Ilypaton
2441 678 2720 743 diatonos,
2775 693 2902 747 qua;
2954 680 3037 729 est
3093 669 3495 746 principalium
3573 668 3824 721 extenta,

2126 775 2164 820 Φ
2198 770 2454 824 Graecum
2482 773 2537 822 et
2558 769 2891 837 digammon
2920 771 3020 819 ΦΕ.
3072 766 3288 835 Hypate
3328 774 3550 824 meson,
3582 772 3709 826 quae
3743 758 3829 806 est.

2124 877 2456 948 principalis
2488 876 2828 942 mediarum,
2860 876 2899 929 C
2932 879 2989 928 et
3017 872 3057 928 C
3218 868 3541 937 Parhypate
3594 877 3824 926 meson,

2126 993 2253 1046 quin
2286 981 2372 1029 est
2423 974 2862 1045 subprincipalis
2921 972 3261 1033 mediarum,
3302 969 3339 1020 P
3371 965 3493 1019 etC
3547 960 3819 1030 supinum

2144 1086 2224 1160 ξ’.
2272 1083 2461 1136 Meson
2518 1082 2940 1147 enharmonios,
2979 1095 3107 1150 qum
3143 1082 3226 1130 est
3258 1072 3580 1127 mediarum
3613 1067 3821 1121 enhar-

2124 1190 2438 1257 monios,11
2463 1192 2720 1246 Graacum
2745 1191 2782 1245 C
2803 1190 2908 1245 etC
2929 1205 3265 1247 conversum
3342 1190 3390 1268 15
3428 1189 3617 1243 Meson
3655 1183 3822 1237 chro~

2128 1297 2371 1367 maticze,
2405 1315 2530 1369 qua:
2588 1304 2670 1353 est
2718 1300 3037 1355 mediarum
3067 1302 3436 1365 chromatica,
3472 1304 3513 1349 II
3568 1296 3827 1349 Gnaeum

2128 1386 2343 1440 habens
2384 1388 2809 1457 virgulam,etC
2834 1406 3173 1444 conversum
3204 1407 3309 1461 per
3337 1387 3592 1443 medium
3606 1383 3832 1437 habens

2128 1476 2409 1546 virgulam
2475 1477 2535 1533 C.
2596 1478 2783 1532 Meson
2842 1480 3121 1549 diatonos,
3175 1497 3303 1551 quae
3352 1482 3437 1533 est
3499 1474 3829 1530 mediarum

2133 1588 2377 1649 extenta,
2403 1585 2449 1638 Μ
2478 1585 2735 1639 Grtecum
2768 1592 2811 1637 Π
2832 1588 2878 1641 ΙΙ
2914 1588 3171 1641 Graecum
3203 1587 3495 1641 diductum
3550 1573 3591 1658 ΡΞ
3653 1580 3832 1643 Μθεθν

2136 1697 2263 1751 quae
2294 1687 2378 1736 est
2406 1683 2618 1737 media.
2653 1686 2753 1738 let
2780 1687 2824 1737 A
2850 1685 3047 1755 jacens
3096 1699 3143 1767 I<
3166 1686 3348 1741 .Trite
3380 1694 3829 1755 synemmenon,

2136 1806 2264 1860 quas
2298 1794 2379 1843 est
2408 1792 2577 1845 tertia
2607 1793 3065 1863 conjunctarum,
3096 1799 3206 1849 Φθι
3227 1800 3273 1847 Λ
3296 1793 3568 1864 supinum
3682 1826 3694 1838 -
3730 1782 3837 1854 δῖ’

2137 1894 2489 1933 nemmenon
2520 1882 2947 1949 enharmonios,
2982 1900 3111 1954 qum
3144 1890 3230 1938 est
3255 1885 3695 1955 conjunctarum
3754 1896 3838 1934 en

2134 1968 2490 2034 harmonios,
2540 1971 2582 2023 Η
2626 1972 2881 2025 Graecum
2928 1978 2985 2026 et
3023 1979 3067 2025 A
3119 1975 3314 2043 jacens
3354 1990 3686 2028 conversum
3726 1987 3842 2044 per

2135 2057 2392 2111 medium
2450 2058 2666 2111 habens
2716 2060 2995 2131 virgulam
3205 2062 3626 2133 Synemmenon
3658 2064 3837 2116 chro-

3088 2126 3119 2145 χ

2136 2155 2376 2221 ωδίὶοίυ,
2420 2171 2562 2224 quas,
2596 2160 2677 2209 est
2716 2157 3151 2227 conjunctarum
3193 2161 3537 2216 chromatica
3580 2164 3620 2217 Η
3669 2162 3841 2215 Grae—

2136 2260 2263 2297 cum
2307 2244 2522 2298 habens
2570 2245 2877 2315 virgulam,
2912 2254 3397 2305 etAconversum
3445 2252 3656 2305 habens
3704 2251 3836 2302 vir-

2136 2333 2329 2402 gulam
2462 2373 2474 2386 .
2497 2334 2926 2405 Syuemmenon
2942 2339 3225 2410 diatonos,
3247 2359 3373 2413 quin
3394 2347 3481 2395 est
3506 2340 3844 2409 conjuncta-

2136 2478 2264 2515 rum
2292 2469 2521 2519 extenta
2557 2466 2592 2519 ι,
2638 2474 2693 2522 et
2720 2470 2762 2522 Ν
2908 2511 2919 2525 .
2958 2473 3096 2525 Nete
3130 2485 3563 2541 synemmenon,
3586 2485 3715 2539 quae
3738 2471 3836 2521 est

2139 2581 2340 2634 ultima
2361 2584 2821 2653 conjunctarum,
2848 2588 2891 2641 Μ
2918 2588 3264 2658 quadratum
3288 2587 3556 2657 supinum
3589 2589 3697 2639 etZ
3740 2584 3779 2654 2
3820 2636 3837 2649 ,

2138 2670 2456 2736 Paramese,
2486 2690 2613 2743 quae
2649 2680 2733 2729 est
2768 2677 2881 2729 ‘sub
2910 2677 3117 2744 modia,
3170 2678 3205 2729 Ζ
3254 2681 3308 2729 et
3352 2677 3400 2729 II
3449 2676 3703 2729 Graecum
3746 2677 3843 2746 ja-

2139 2775 2271 2813 cens
2320 2765 2368 2836 εζ
2398 2800 2410 2813 .
2438 2762 2591 2817 Trite
2636 2764 3111 2836 diezeugmenon,
3169 2782 3294 2836 quae
3326 2765 3497 2818 tertia
3519 2764 3838 2818 divisurum

2318 2808 2368 2849 Γ

2142 2881 2246 2943 est,
2306 2879 2711 2949 Equadratum
2763 2887 2819 2935 et
2878 2883 2923 2935 II
2970 2882 3227 2935 Graecum
3258 2880 3527 2952 supinum
3637 2894 3668 2933 ι.
3703 2881 3841 2935 Die-

2138 2999 2496 3054 zeugmenon
2522 2988 2947 3056 enharmonios,
2980 3006 3109 3059 qua!
3142 2994 3225 3043 est
3257 2989 3565 3043 divisarum
3628 2987 3839 3041 enhar-

2138 3092 2379 3154 monios,
2425 3099 2459 3143 Δ
2488 3097 2543 3146 et
2573 3108 2614 3147 II
2644 3095 2900 3148 Graecum
2930 3095 3126 3165 jacens
3166 3112 3505 3150 conversum
3710 3098 3841 3152 Die-

2137 3196 2493 3250 zeugmenou
2530 3184 2917 3251 chromaticae,
2951 3201 3080 3253 quas
3110 3190 3191 3239 est
3217 3185 3532 3241 divisarum
3570 3189 3837 3242 chroma-

2136 3268 2267 3336 tica,
2302 3276 2336 3320 Δ
2374 3271 2596 3325 habens
2641 3272 2925 3342 virgulam
2971 3276 3026 3325 et
3070 3279 3111 3323 Π
3162 3274 3419 3327 Graecum
3467 3294 3663 3346 Jacens
3705 3291 3841 3328 cono

2139 3407 2387 3459 versum,
2432 3392 2646 3446 habens
2679 3394 2892 3448 lineam
2924 3396 3278 3465 angularem.
3319 3387 3431 3492 ᾗ
3472 3399 3842 3468 Diezeugme—

2142 3534 2259 3573 non
2297 3517 2578 3582 diatonos,
2609 3534 2735 3587 qum
2761 3522 2845 3571 est
2875 3517 3185 3571 divisarum
3212 3519 3496 3589 diatonos,
3518 3526 3565 3570 Ω
3590 3517 3838 3589 quadra-

2141 3642 2238 3679 um
2269 3624 2539 3694 supinum
2563 3629 2618 3678 et
2671 3635 2711 3706 lg
2743 3665 2755 3677 .
2793 3625 2931 3679 Nete
2959 3625 3432 3697 diezeugmenon,
3468 3643 3594 3697 quae
3628 3632 3715 3678 est
3747 3624 3840 3679 ul—

2144 3742 2283 3795 tima
2314 3740 2644 3807 divisarum,
2680 3742 2929 3811 d'jacens
2960 3747 3015 3797 et
3047 3748 3091 3794 N
3117 3742 3408 3796 inversum
3439 3743 3738 3797 diductum
3784 3740 3830 3813 ,δ

2140 3850 2291 3902 Trite
2309 3848 2722 3918 hyperboleon,
2741 3865 2871 3918 qua:
2890 3855 2975 3903 est
2991 3850 3159 3903 tertia
3185 3851 3607 3917 excellentium,
3630 3856 3668 3902 Γ
3690 3851 3847 3904 deor-

2144 3954 2269 3991 sum
2300 3938 2611 4007 respiciens
2639 3938 2901 3991 dextrum
2938 3944 2995 3992 et
3024 3940 3168 3992 semi
3194 3945 3228 3989 Δ
3270 3940 3566 3992 sinistrum
3615 3956 3843 3992 sursum

2144 4052 2455 4123 respiciens
2599 4053 2995 4123 Iiyperholeon
3028 4054 3456 4122 enharmonios,
3477 4071 3605 4124 qua:
3635 4060 3723 4107 est
3752 4070 3844 4107 ex-

2145 4160 2476 4214 cellentium
2518 4160 2929 4215 enharmonios
2973 4168 3013 4212 T
3043 4163 3316 4232 supinum
3339 4167 3394 4216 et
3430 4162 3571 4215 semi
3613 4165 3654 4215 A
3713 4161 3847 4215 dex-

2145 4271 2297 4320 trum
2325 4267 2597 4337 supinum
2744 4269 3146 4339 Ilyperboleon
3178 4269 3559 4336 chromaticm,
3596 4285 3731 4339 quas
3765 4273 3847 4321 est

2145 4374 2547 4428 excellentium
2578 4374 2941 4441 chromatica,
2996 4382 3036 4427 T
3075 4376 3347 4446 supinum
3376 4376 3591 4429 habens
3636 4376 3848 4430 lineam

2146 4467 2202 4516 et
2240 4463 2387 4515 semi
2449 4468 2489 4513 A
2541 4462 2805 4517 dextrum
2857 4464 3131 4535 supinum
3180 4466 3395 4519 habens
3433 4471 3587 4518 retro
3638 4466 3849 4519 lineam

2162 4582 2218 4653 θ’
2254 4614 2266 4626 .
2326 4580 2731 4650 Hyperboleon
2784 4580 3065 4650 diatonos,
3117 4598 3244 4653 qua:
3320 4587 3401 4635 est
3444 4581 3845 4636 excellentium

2150 4702 2397 4765 extenta,
2436 4702 2487 4747 M
2530 4697 2790 4751 Graecum
2830 4697 3047 4754 habens
3083 4704 3306 4753 acutam
3351 4704 3407 4751 et
3438 4698 3485 4751 II
3551 4697 3849 4751 diductum

2149 4805 2366 4859 habens
2414 4808 2638 4859 acutam
2895 4806 3033 4859 Nete
3081 4804 3503 4876 hyperboleon,
3556 4808 3576 4854 Ι
3636 4804 3851 4858 habens

2150 4916 2398 4979 acutam,
2442 4916 2499 4965 et
2526 4913 2573 4965 A
2598 4912 2795 4982 jacens
2825 4910 3043 4966 habens
3074 4916 3298 4966 auctam
3362 4933 3403 4981 ξ

3374 4952 3403 4981 ς
3446 4952 3460 4967 ο

1521 5582 1865 5652 Principulis
1920 5584 2343 5654 principalium.
