4104 6176
134 308 283 361 1253

464 534 478 829 Ι

1568 308 1653 360 DE
1698 306 1954 363 MUSICA
2002 310 2128 361 LlB.
2172 308 2259 361 ιν.

3516 308 3649 361 1954

336 571 381 624 74
464 550 476 656 Ι
514 558 1041 609 Prusiamlianomenos.
1327 550 1339 656 Ι
1430 572 1470 656 in.
1560 550 1572 656 Ι
1623 556 1869 619 Lychanos
1891 569 2057 605 meson
2075 556 2311 605 diatonos.
2443 550 2454 656 Ι
2532 572 2579 656 ἑ
2672 550 2681 656 Ι
2730 550 3381 656 Ρίιῆἓιιὲὶιῶιῖὶἱξῑρυεηιθηοη
3408 562 3497 598 υ.)-

2830 626 2837 636 ¹
2869 626 2878 636 “
3014 630 3037 656 (,›
3072 648 3081 656 .

1458 616 1470 641 ¹
1562 613 1570 659 l
1661 613 1675 619 '
2443 613 2452 659 Ι
2532 615 2579 657 ,Ξ
2672 613 2680 659 Ι
2795 613 3081 659 liarmouics.

343 689 366 741 Ῑ
470 689 950 829 ΙΠέἸιθωΙιέὭθῖοηο
1329 689 1340 863 Ι
1415 738 1461 797 ξ(
1562 689 1757 863 ΙΜύδε
2443 689 2452 863 Ι
2544 744 2575 783 Δ
2671 689 3512 863 lParanetediezeugmenouchro-

472 839 479 863 Ι
1451 795 1462 806 ‘
2493 788 2606 863 Ξ
2794 798 2992 844 mattea).

2794 805 2992 844 mattea).

518 871 1038 933 Parliypuleliypalon.
1331 871 1341 954 Ι
1438 876 1479 954 ἐἴ
1565 871 1759 954 I'l‘rite
1781 902 1986 953 synemu

2009 901 2144 950 βηοηο
2443 871 2451 954 Ι
2672 871 2767 954 Ι..
2923 940 3116 954 κν

2542 962 2582 1001 ρρ
2673 939 2683 1001 Ι
2732 940 3377 1001 Paranetediczeugmeunn
3397 939 3497 987 dia-

336 1046 385 1093 α·
472 993 479 1093 Ι
520 1031 761 1089 valianns
793 1033 996 1093 hypaton
1032 1032 1287 1081 enlnarmo-
1334 993 1342 1093 Ι
1438 1024 1497 1089 12
1567 993 1575 1093 Ι
1628 1014 1986 1093 raff‘f'flffy“

2009 1026 2255 1061 emmenou
2303 993 2452 1093 en-l
2546 993 2580 1035 Ζ
2672 993 2681 1093 Ι
2797 1011 2933 1050 tonos

337 1078 371 1113 γ
472 1078 479 1139 Ι
556 1084 699 1139 ἰιιι)δ,
920 1078 953 1081 Γ
1042 1078 1051 1079 7
1134 1078 1153 1080 Γ
1186 1078 1255 1081 ﬁ"
1335 1078 1342 1139 Ι
1438 1078 1497 1113 ’.τί
1568 1078 1575 1139 Ι
1690 1078 1977 1123 ΙΙἎΙΊΗΟΠΙΟδ.

582 1116 699 1139 imm.
820 1136 829 1141 ,
1690 1116 1977 1123 ..ην---.ην

342 1214 375 1249 ν
472 1116 480 1267 Ι
522 1197 764 1247 1εννῖιθιιοδ
809 1200 1014 1261 livPaton
1068 1200 1259 1248 chroma
1334 1116 1342 1291 Ι
1567 1116 1576 1291 Ι
1627 1172 1863 1244 “range
1890 1183 2233 1234 syncmme‘m"
2258 1170 2393 1218 Chm‘
2445 1116 2455 1291 Ι
2536 1125 2579 1200 ﬁ
2672 1116 2682 1291 Ι
2731 1145 2859 1195 Nam
2884 1148 3284 1207 diezeugmenon'

343 1252 380 1291 ιλ
474 1270 480 1291 ι
558 1254 688 1291 ’.ευ-ι.
844 1258 851 1261 ⁷
1460 1248 1461 1251 ‘
1690 1245 1897 1283 matteae.

357 1274 380 1279 “
474 1270 481 1309 l
584 1269 708 1309 ιιςεθ.
1334 1269 1341 1309 ι
1448 1269 1455 1275 -
1566 1269 1575 1309 Ι
1690 1269 1897 1283 ηψπ-ιν...

1334 1309 1341 1403 |
1441 1354 1475 1403 iv
1567 1309 1986 1403 Irarauomsyn

2009 1352 2251 1387 suimeuon
2292 1337 2392 1384 dia-
2446 1309 2455 1403 Ι
2547 1309 2587 1392 ’θ
2675 1309 2683 1403 Ι
2733 1320 3232 1384 Triteliyperholeon.

326 1384 400 1427 ΦΕ
475 1382 483 1450 Ι
525 1382 1239 1446 l._\‘el|.:|:oslij'pntoniliatouos
1334 1382 1341 1450 I
1441 1382 1472 1440 i‘
1567 1382 1575 1450 Ι

2546 1476 2575 1536 ές
2678 1463 3352 1536 |Damnata-hyperbolcon
3415 1475 3495 1513 en'

343 1528 377 1611 ἓ
477 1513 919 1619 Ιυδνδῖθωθδθη·
1336 1513 1344 1619 Ι
1440 1540 1472 1619 ς
1569 1554 1750 1619 [Nete
1778 1568 2121 1617 synemmenon
2147 1561 2371 1602 extensa.
2446 1513 2455 1619 Ι
2542 1513 2575 1555 ν
2678 1513 2685 1619 Ι
2796 1528 3082 1575 harmonios'

2554 1667 2602 1699 ,ιι-
2678 1647 2686 1711 Ι
2738 1650 2979 1697 Parancte
3004 1648 3336 1711 hyperlioleon
3362 1647 3502 1697 chro—

346 1693 379 1764 l:
479 1693 486 1781 Ι
528 1695 796 1754 I‘urlaypute
822 1710 1002 1743 meson.
1339 1693 1348 1781 Ι
1571 1693 1578 1781 Ι
1629 1712 1755 1762 Nete
1778 1726 1986 1773 synemm

2009 1712 2331 1761 enonullima.
2448 1693 2456 1781 Ι
2540 1693 2583 1755 ᾖ
2678 1693 2687 1781 Ι
2801 1724 2875 1757 ma
2900 1714 3004 1760 iraa.

352 1854 397 1927 ἓξ)
480 1833 771 1947 Ιίμδιιξμᾷιιιυδ
817 1854 983 1887 uieson
1036 1849 1267 1889 euharmo
1339 1833 1347 1947 Ι
1438 1856 1483 1944 ἐ
1573 1833 1580 1947 Ι
1635 1871 1891 1920 paramese

2448 1833 2456 1947 Ι
2680 1833 2688 1947 Ι
2743 1852 3330 1916 Parmaetehyperholecn
3358 1853 3501 1901 ᾔεις)

670 1922 707 1947 δ.
1340 1922 1346 1965 Ι
1438 1923 1465 1944 ι-
1573 1922 1581 1965 Ι

2448 1922 2456 1965 I
2554 1922 2603 1945 ἰ’
2681 1922 2688 1965 l
2805 1929 2907 1965 nos.

369 1908 397 1927 ι’
590 1916 707 1947 mos.
1438 1908 1483 1944 Γ
1635 1908 1649 1918 ⁸
1671 1908 1891 1920 “unum
2554 1908 2612 1945 Ψ
2805 1929 2907 1965 Ποδ·
3034 1908 3048 1915 ⁷
3068 1908 3080 1916 ⁸

344 2014 397 2089 ες
480 1908 493 2183 Ι
531 2022 1288 2082 Lyrlwuosmesonchromaticaa.
1338 1908 1349 2177 Ι
1434 2035 1490 2098 Lf-
1573 1908 1583 2179 Ι
1632 2054 1766 2104 Tme
1792 2056 2193 2113 diezewrrwmm,‘
2448 1908 2460 2183 Ι
2679 1908 2691 2167 Ι
2739 2053 3241 2117 Neiehyperboleon.

392 2144 418 2179 ς

392 2144 418 2179 ἢ

850 2361 1073 2415 CAPUT
1112 2363 1198 2415 ιν.

240 2504 593 2557 Monochordi
639 2505 908 2572 regularis
958 2507 1191 2574 partitio
1238 2505 1297 2557 in
1335 2518 1525 2570 genere
1576 2504 1869 2557 diatonico.

246 2627 361 2681 Sed
386 2629 506 2698 jam
548 2632 776 2697 tempus
809 2634 892 2681 est
921 2628 991 2682 ad
1023 2627 1303 2698 regularis
1330 2628 1706 2681 mouochordi
1738 2628 1875 2681 divi-

170 2716 401 2769 sionem
436 2718 647 2770 venire.
676 2717 752 2769 De
776 2733 888 2787 qua
918 2717 1138 2770 reillud
1159 2721 1240 2770 est
1257 2716 1877 2786 praedicendum,quod

170 2805 296 2857 sive
334 2805 391 2857 in
432 2821 701 2859 mensura
731 2805 912 2871 nervi,
945 2806 1060 2859 sive
1085 2805 1144 2859 in
1177 2804 1451 2871 numeris,
1483 2809 1652 2874 atque
1695 2804 1754 2857 in
1780 2819 1877 2856 eo-

170 2911 309 2947 rum
348 2896 718 2965 proportione
750 2900 1034 2948 statuatur
1057 2894 1669 2959 describendadivisio,
1692 2894 1879 2963 majus

171 2984 432 3053 spatium
474 2985 703 3037 chordae
750 2990 806 3037 et
850 2985 1032 3053 major
1091 2984 1318 3036 numeri
1371 2983 1678 3035 multitudo
1715 2998 1880 3035 sonos

172 3074 472 3144 graviores
503 3074 731 3126 efﬁciet.
766 3076 837 3127 At
867 3073 913 3125 si
934 3073 1108 3126 fuerit
1140 3074 1299 3127 nervi
1330 3073 1630 3142 longitudo
1663 3076 1883 3125 contra-

172 3162 347 3229 ctior,
382 3168 437 3215 et
467 3163 526 3215 in
560 3164 815 3216 numeris
855 3180 1018 3233 aaque
1047 3179 1162 3217 non
1196 3162 1376 3215 multa
1398 3162 1714 3231 pluralitas,
1751 3178 1882 3213 acu-

175 3254 358 3305 tiores
396 3268 561 3305 voces
619 3252 712 3305 edi
741 3269 965 3305 necesse
991 3258 1091 3305 est.
1142 3255 1326 3322 Atque
1358 3267 1422 3303 ex
1454 3252 1559 3304 hac
1590 3266 1884 3319 compara-

176 3342 365 3407 tione,
418 3346 698 3411 quantum
760 3358 1124 3411 unaquaeque
1176 3340 1351 3394 fuerit
1392 3340 1478 3393 vel
1524 3339 1753 3409 longior
1800 3339 1887 3391 vel

176 3432 443 3501 plurium
466 3448 862 3495 numerorum,
898 3430 1123 3501 aliaque
1147 3430 1234 3483 vel
1259 3430 1620 3495 contractior,
1648 3429 1731 3481 vel
1751 3444 1888 3497 pau-

178 3520 438 3574 cioribus
488 3521 712 3590 signata
742 3521 1020 3584 numeris,
1055 3525 1215 3573 tanto
1247 3518 1334 3573 vel
1370 3518 1600 3587 gravior
1636 3519 1720 3571 vel
1752 3534 1887 3570 acu-

178 3612 299 3663 tior
334 3610 643 3663 invenitur.
696 3612 806 3664 Nec
834 3612 1103 3664 lectorem
1136 3625 1225 3663 res
1258 3608 1353 3661 illa
1384 3609 1701 3670 conturbet,
1738 3605 1889 3679 quod

3496 2146 3523 2175 ἢ

1906 2364 1953 2413 Α
1978 2358 2141 2425 sima,
2194 2360 2254 2414 id
2295 2364 2379 2413 est
2420 2361 3051 2430 proslambanomenos,
3109 2364 3150 2415 Ι)
3199 2364 3237 2415 Β
3270 2367 3463 2415 autem
3498 2375 3672 2415 mese.

1985 2450 2077 2501 Est
2109 2450 2265 2502 cnim
2298 2450 2534 2503 dimidia
2581 2451 2779 2515 totius,
2820 2456 2875 2504 et
2914 2453 3059 2504 sicut
3094 2456 3140 2504 Α
3176 2454 3213 2505 Β
3241 2452 3310 2504 ab
3339 2469 3405 2505 ea
3434 2468 3563 2522 quze
3596 2454 3680 2503 est

1984 2538 2024 2590 Β
2066 2539 2107 2591 D
2148 2538 2326 2608 dupla
2359 2544 2443 2592 est
2491 2540 2696 2609 spatio,
2743 2541 2821 2593 ita
2856 2541 2893 2593 Β
2946 2542 2987 2594 D
3033 2541 3101 2593 ab
3134 2558 3200 2593 ea
3231 2558 3361 2611 quas
3411 2548 3495 2593 est
3542 2545 3583 2594 A
3618 2541 3677 2605 Β,

1986 2628 2163 2697 dupla
2194 2614 2286 2682 est
2341 2629 2622 2683 acumine.
2685 2631 2846 2694 Nam,
2903 2635 2967 2683 ut
3018 2631 3277 2701 superius
3326 2630 3540 2683 dictum
3576 2634 3679 2695 est,

1988 2717 2153 2786 spatii
2186 2722 2241 2770 et
2297 2717 2575 2771 acuminis
2629 2734 2855 2788 semper
2892 2718 3031 2771 ordo
3060 2735 3365 2772 conversus
3399 2723 3501 2771 est.
3541 2718 3681 2770 Nam

1988 2811 2147 2859 tanto
2194 2812 2278 2859 est
2324 2808 2532 2860 chorda
2581 2808 2764 2875 major
2812 2808 2870 2859 iu
2902 2808 3188 2875 acumine,
3254 2813 3473 2877 quanto
3507 2806 3682 2859 fuerit

1990 2896 2179 2949 minor
2223 2897 2282 2949 in
2323 2898 2525 2966 spatio,
2559 2897 2825 2966 quocirca
2871 2898 2975 2949 erit
3008 2902 3062 2950 et
3095 2899 3132 2949 E
3174 2900 3211 2951 Β
3240 2902 3368 2950 nete
3400 2897 3681 2967 hyperbo-

1990 2984 2122 3037 leon
2148 2984 2419 3055 quoniam
2464 2986 2499 3037 E
2535 2986 2573 3037 Β
2601 2987 2721 3054 ejus
2754 3002 2881 3055 quas
2913 2992 2997 3038 est
3027 2987 3069 3038 D
3098 2988 3156 3054 Β,
3188 2987 3422 3039 dimidia
3453 2986 3686 3056 quidem

1993 3074 2052 3126 in
2075 3074 2413 3143 quantitate,
2446 3075 2619 3144 dupla
2636 3091 2765 3127 vero
2787 3076 2845 3127 in
2868 3092 2965 3127 acu
2978 3076 3146 3128 mine.
3176 3076 3389 3128 Rursus
3413 3075 3688 3145 quoniam

1995 3164 2194 3216 eadem
2229 3165 2271 3218 Ε
2306 3165 2344 3215 Β
2377 3165 2499 3232 ejus
2526 3181 2649 3233 quae
2676 3169 2818 3217 estA
2844 3166 2882 3217 Β
2906 3170 3109 3234 quarta
3125 3181 3253 3233 pars
3284 3168 3368 3217 est
3392 3164 3450 3216 in
3481 3163 3686 3232 spatio,

1996 3252 2319 3322 quadrupla
2364 3253 2471 3305 erit
2520 3253 2589 3305 ab
2621 3253 2819 3305 eadem
2855 3253 2911 3305 in
2939 3254 3220 3306 acumine.
3256 3254 3373 3305 Erit
3404 3252 3581 3321 igitur
3608 3252 3691 3321 (ut

1998 3342 2211 3395 dictum
2247 3342 2350 3413 est)
2375 3348 2502 3395 nete
2535 3343 2926 3413 hyperboleon
2951 3343 3123 3413 dupla
3146 3343 3204 3396 in
3237 3343 3499 3396 acumine
3533 3342 3602 3394 ab
3626 3352 3691 3393 era

2000 3448 2128 3501 quae
2159 3436 2243 3484 est
2286 3448 2458 3485 mese.
2514 3432 2658 3484 Mese
2708 3437 2897 3484 autem
2946 3431 3121 3500 dupla
3152 3432 3211 3483 in
3241 3432 3502 3484 acumine
3525 3431 3594 3483 ab
3627 3446 3693 3483 ea

2000 3536 2129 3589 quae
2162 3525 2247 3573 est
2275 3520 2905 3589 proslambanomenos.
2956 3520 3093 3573 Nete
3135 3536 3267 3573 vero
3303 3521 3694 3590 hyperboleou

2002 3609 2326 3678 quadrupla
2376 3610 2435 3661 in
2467 3609 2729 3661 acumine
2762 3608 2831 3660 ab
2877 3624 2941 3661 ea
2975 3624 3102 3677 qua:
3135 3613 3216 3661 est
3258 3610 3696 3677 proslambano-

182 3699 556 3752 intendentes
577 3716 725 3769 saepe
744 3701 925 3769 spatia
948 3698 1386 3769 proportionum
1408 3714 1650 3751 numero
1675 3697 1891 3765 majore
1932 3714 1974 3767 Β
2007 3716 2204 3752 menos
2223 3698 2585 3764 ;consonabit
2602 3698 2776 3765 igitur
2795 3698 3401 3767 proslambanomenos
3416 3699 3483 3751 ad
3505 3715 3699 3752 mesen

186 3789 569 3858 signavimus,
603 3788 958 3842 remittentes
998 3804 1131 3841 vero
1185 3787 1426 3849 minore,
1480 3803 1609 3838 cum
1648 3786 1894 3838 iutensio

188 3895 437 3931 acumen
486 3878 671 3945 faciat,
710 3879 966 3932 remissio
1000 3878 1356 3948 gravitatem.
1400 3875 1521 3930 Illic
1566 3874 1719 3927 enim
1768 3880 1897 3926 tan-

190 3974 321 4022 tum
368 3968 810 4037 proportionum
842 3968 1025 4038 spatia
1068 3966 1456 4036 signabamus,
1495 3964 1636 4016 nihil
1665 3964 1733 4016 de
1765 3979 1899 4032 gra-

191 4058 389 4111 vitatis
407 4062 504 4109 aut
523 4058 805 4111 acuminis
831 4057 1184 4128 proprietate
1213 4056 1556 4120 laborantes,
1580 4057 1752 4123 atque
1776 4053 1901 4106 ideo

206 4154 266 4200 et
296 4146 359 4200 in
392 4163 634 4199 acumen
674 4147 988 4217 majoribus
1018 4146 1277 4200 numeris
1308 4144 1683 4210 intendimus,
1713 4147 1769 4195 et
1802 4143 1904 4195 mi-

205 4237 453 4291 noribus
494 4237 555 4290 in
586 4239 921 4307 gravitatem
952 4255 1102 4307 saepe
1136 4238 1479 4291 remisimus.
1512 4237 1611 4290 Hic
1641 4251 1774 4288 vero
1805 4232 1904 4287 ubi

205 4328 559 4382 chordarum
608 4329 790 4398 spatia
834 4344 1115 4399 sonosque
1155 4326 1478 4393 metiemur,
1518 4330 1780 4379 naturam
1813 4340 1903 4376 re-

208 4434 341 4471 rum
374 4418 536 4489 sequi
571 4434 797 4473 necesse
824 4424 927 4485 est,
961 4417 1279 4488 majorique
1302 4414 1653 4485 longitudini
1675 4413 1908 4466 chorda-

210 4524 343 4561 rum
378 4524 442 4561 ex
502 4525 613 4579 qua
647 4509 891 4578 gravitas
940 4508 1144 4573 existit,
1174 4506 1499 4576 ampliores,
1536 4502 1747 4557 minori
1778 4518 1909 4555 vero

210 4614 282 4651 ex
333 4614 450 4668 qua
496 4598 649 4651 vocis
699 4614 935 4651 acumen
988 4597 1258 4663 nascitur,
1311 4596 1446 4649 dare
1478 4594 1785 4648 breviores.
1829 4592 1912 4646 Sit

210 4688 433 4740 chorda
454 4688 678 4741 intensa
700 4690 744 4741 Α
777 4688 833 4753 Β,
867 4687 1000 4741 huic
1031 4702 1195 4757 aequa
1218 4685 1287 4739 sit
1313 4686 1510 4755 regula
1539 4700 1666 4754 quae
1699 4698 1909 4753 propo—

212 4777 339 4829 sitis
372 4776 778 4845 partitionibus
813 4778 1116 4844 dividatur,
1139 4780 1221 4840 ut,
1254 4792 1319 4829 ea
1348 4774 1548 4843 regula
1577 4772 1788 4825 chorda
1811 4788 1912 4840 ap-

214 4866 423 4937 posita,
452 4867 669 4920 eaedem
701 4866 1008 4920 divisiones
1030 4865 1088 4918 in
1119 4864 1279 4918 nervi
1297 4862 1659 4933 longitudine
1686 4860 1915 4929 signen-

213 4961 312 5010 tur
341 4972 485 5026 quas
527 4962 657 5009 ante
704 4956 1194 5026 assignaveramus
1227 4954 1287 5007 in
1336 4953 1556 5023 regula.
1610 4950 1720 5004 Nos
1783 4964 1915 5001 vero

2008 3790 2301 3857 diapason,
2338 3804 2491 3840 mese
2513 3787 2580 3839 ad
2606 3792 2774 3838 neten
2806 3786 3192 3855 hyperboleon
3218 3787 3512 3856 diapason,
3543 3805 3699 3858 pros-

2008 3876 2477 3928 lambanomenos
2516 3875 2586 3927 ad
2628 3879 2818 3927 netem
2865 3876 3258 3945 hyperboleon
3286 3876 3370 3929 bis
3402 3877 3696 3947 diapason.

2010 3965 2225 4017 Rursus
2248 3964 2520 4033 quoniam
2542 3980 2724 4034 (equae
2748 3969 2879 4015 sunt
2906 3969 3095 4032 partes
3114 3968 3156 4018 A
3184 3965 3244 4030 C,
3272 3968 3310 4019 (ὲ
3333 3967 3394 4029 D,
3425 3968 3466 4018 D
3494 3968 3549 4032 E,
3576 3968 3615 4021 E
3640 3968 3698 4021 Β.

2015 4054 2108 4107 Est
2136 4058 2329 4105 autem
2356 4055 2402 4105 Α
2435 4052 2473 4105 Β
2509 4058 2757 4122 quatuor
2787 4052 3120 4105 earumdem
3154 4054 3426 4121 partium,
3461 4054 3500 4107 C
3527 4056 3564 4106 Β
3606 4071 3703 4107 au-

2014 4148 2129 4195 tem
2168 4142 2364 4209 trium,
2416 4144 2460 4195 Α
2498 4143 2539 4195 Β
2582 4141 2946 4213 sesquitertia
2977 4146 3059 4194 est
3090 4142 3161 4195 ab
3200 4158 3265 4195 ea
3296 4159 3425 4211 quas
3456 4148 3539 4195 est
3571 4144 3609 4197 C
3644 4144 3700 4197 Β.

2016 4232 2229 4285 Rursus
2261 4232 2396 4302 quia
2438 4231 2612 4284 trium
2659 4236 2741 4284 est
2775 4231 3086 4301 aequalium
3132 4231 3384 4301 partium
3434 4233 3473 4287 C
3516 4234 3573 4296 Β,
3608 4230 3707 4284 sed

2018 4322 2060 4375 D
2097 4322 2132 4373 B
2194 4320 2459 4386 duarum,
2503 4320 2612 4373 erit
2652 4320 2829 4389 igitur
2857 4320 2896 4373 C
2926 4322 2965 4373 B
3020 4320 3394 4391 sesquialtera
3425 4319 3547 4390 ejus
3578 4336 3704 4389 quae

2019 4416 2105 4464 est
2162 4412 2203 4464 Ι)
2241 4412 2298 4463 Β.
2361 4411 2576 4464 Rursus
2626 4410 2899 4479 quoniam
2960 4412 3065 4464 CB
3106 4415 3191 4463 est
3243 4409 3418 4463 trium
3458 4409 3707 4479 partium

2021 4500 2348 4570 aequalium,
2403 4498 2588 4569 qualis
2636 4502 2719 4550 est
2766 4514 2879 4551 una
2909 4498 2949 4551 E
2988 4498 3042 4561 Β,
3076 4498 3245 4567 tripla
3284 4497 3459 4567 igitur
3486 4503 3571 4551 est
3602 4498 3641 4551 C
3673 4500 3711 4552 Β

2024 4592 2092 4644 ab
2126 4607 2191 4643 ea
2218 4607 2342 4661 qua:
2376 4593 2459 4641 est
2492 4588 2527 4639 Ε
2563 4588 2636 4653 Β;
2671 4587 2779 4640 erit
2809 4586 2986 4655 igitur
3017 4585 3055 4638 C
3088 4586 3126 4637 Β
3159 4585 3427 4655 lychanos
3458 4586 3712 4655 hypaton

2024 4680 2303 4745 diatonos,
2354 4676 2804 4746 consonabitque
2846 4674 3450 4745 proslambanomenos
3481 4676 3714 4743 quidem

2024 4770 2092 4822 ad
2126 4769 2405 4838 lychanon
2436 4766 2690 4835 hypaton
2722 4765 3001 4817 diatonon
3017 4762 3369 4816 diatessaron
3400 4780 3718 4819 consonan-

2024 4858 2181 4911 tiam.
2215 4856 2422 4909 Eadem
2452 4870 2585 4907 vero
2626 4852 2896 4923 lychanos
2925 4852 3183 4922 hypaton
3225 4850 3487 4906 diatonos
3525 4870 3722 4908 conso-

2027 4947 2188 5001 nabit
2213 4945 2285 4999 ad
2315 4960 2513 4997 mesen
2559 4941 2993 4997 consonantiam
3044 4940 3329 5012 diapente.
3394 4942 3720 5013 Eademque

218 5062 376 5099 nunc
407 5045 714 5099 dividimus
744 5046 842 5111 ita,
874 5046 1041 5117 quasi
1087 5046 1268 5116 ipsam
1295 5043 1568 5097 chordam
1599 5046 1655 5094 et
1684 5055 1801 5093 non
1830 5054 1916 5091 re—
1959 5064 1999 5119 ρ
2036 5036 2307 5107 lychanos
2347 5034 2607 5087 diatonos
2644 5030 2977 5085 consonabit
3007 5031 3077 5085 ad
3109 5036 3279 5085 neten
3308 5031 3720 5102 hyberboleon,

218 5136 421 5206 gulam
470 5135 805 5205 partiamur.
860 5134 1155 5188 Dividatur
1202 5133 1379 5203 igitur
1428 5134 1475 5185 A
1524 5132 1562 5183 Β
1592 5131 1650 5183 in
1676 5134 1922 5200 quatuor

220 5230 438 5294 partes,
479 5241 585 5294 per
613 5226 722 5278 tria
762 5230 975 5295 puncta
1008 5241 1137 5295 qua;
1167 5228 1301 5278 sunt
1332 5223 1371 5275 C
1421 5222 1463 5274 D
1495 5222 1552 5275 E.
1604 5219 1724 5272 Erit
1752 5216 1929 5287 igitur

221 5316 349 5367 tota
381 5314 619 5384 quidem
651 5317 696 5367 A
728 5315 769 5368 Β
802 5316 975 5383 dupla
1004 5314 1073 5367 ab
1094 5315 1183 5367 his
1204 5330 1332 5384 quae
1355 5317 1486 5365 sunt
1527 5312 1568 5364 D
1601 5309 1660 5374 B,
1691 5310 1738 5361 Α
1759 5308 1832 5371 D;
1856 5306 1929 5358 si-

226 5403 473 5473 gillatim
517 5420 649 5457 vero
680 5405 727 5458 A
774 5406 837 5469 D,
872 5406 915 5457 D
952 5404 992 5458 Β
1025 5404 1214 5474 duplae
1269 5407 1403 5456 sunt
1430 5400 1498 5454 ab
1528 5399 1615 5453 his
1646 5413 1775 5468 quae
1802 5398 1935 5448 sunt

228 5494 278 5548 A
332 5493 394 5561 C,
428 5493 467 5546 C
500 5494 563 5561 D,
599 5494 642 5547 D
676 5494 736 5560 E,
770 5495 810 5548 Ε
842 5496 899 5548 Β.
936 5494 1054 5547 Erit
1081 5493 1259 5564 igitur
1286 5494 1334 5545 Α
1366 5492 1405 5544 Β
1456 5489 1689 5561 quidem
1723 5484 1933 5556 gravis-

304 5638 331 5663 ⁸
369 5632 575 5698 Figura
612 5630 836 5685 Henrici
867 5630 1160 5685 Glaream’.

2040 5126 2316 5194 diapason
2360 5128 2417 5177 et
2450 5123 2737 5192 diapente.
2771 5120 2987 5173 Rursus
3026 5119 3070 5172 si
3109 5120 3177 5174 de
3206 5126 3325 5175 tota
3369 5124 3416 5175 Α
3446 5122 3485 5174 Β
3512 5135 3725 5173 nonam

2038 5222 2262 5287 partem
2288 5213 2562 5280 auferam,
2597 5227 2723 5264 eam
2769 5226 2896 5280 quae
2924 5214 3008 5262 est
3034 5212 3079 5263 A
3111 5211 3169 5278 F,
3199 5215 3367 5265 erunt
3392 5215 3581 5279 partes
3605 5213 3726 5262 octo

2042 5307 2079 5359 F
2108 5306 2165 5358 Β.
2200 5303 2320 5356 Erit
2348 5302 2523 5372 igitur
2564 5302 2601 5355 F
2639 5302 2676 5353 Β
2709 5300 2917 5371 hypate
2961 5299 3236 5370 hypaton,
3286 5299 3354 5352 ad
3386 5306 3569 5368 quam‘
3606 5314 3731 5350 ses-

2042 5390 2401 5462 quioctavam
2428 5388 2719 5441 contineat
2738 5388 3172 5456 proportionem
3202 5389 3248 5439 A
3271 5386 3328 5453 Β,
3362 5384 3415 5439 id
3452 5390 3537 5439 est
3571 5401 3732 5456 pros-

2043 5481 2535 5545 lambanomenos,
2564 5477 2621 5530 in
2652 5477 2871 5532 musica
2902 5493 3033 5530 vero
3068 5480 3286 5529 tonum.
