4104 6176
399 231 529 284 1255

695 409 829 496 /
845 338 1559 519 48m

1273 472 1356 526 οη,

585 567 633 631 /,'
665 604 676 629 ;
716 536 1032 633 ,Θωρῐὸπ
1573 534 1592 556 ⁸

516 679 556 772 ,ίι
623 709 838 769 Dialia”.
1118 691 1645 935 Πιθορό

1101 829 1798 1082 ωδ
1908 1023 1971 1081 ς,

503 1094 592 1214 ξ
1075 1112 1134 1162 ον
1425 1104 1510 1177 π(
1753 1136 1781 1203 -
1845 1205 1848 1208 _

561 1223 599 1240 η
842 1204 891 1247 τι
1791 1201 1902 1259 ..ην

713 1365 1130 1534 We,
1245 1385 1479 1488 φάβιιοτ.

1129 1500 1540 1547 _____/

471 1622 548 1686 ,Δ
828 1634 1285 1684 "maliﬁcae:
1607 1625 1654 1677 Ζ

469 1692 474 1704 ’
618 1769 694 1825 νς
791 1844 798 1847 _
849 1719 1063 1818 1hr“-
1103 1719 1292 1813 δγριίοτ·
1597 1751 1638 1818 ξ’

683 1871 812 1964 εἴη*
861 1980 866 1987 ⁵
1075 1869 1418 1956 ιδείιιτιοςςίκγμ
1435 1900 1576 1952 amp-t9
1598 1860 1873 2005 F182
1950 1870 1999 1980 Ξ

864 1982 1012 2104 glas.
1057 2039 1204 2208 DQ“
1305 1981 1999 2232 MNcrhypw’i'Bg'Qé

393 2399 614 2462 Quanto
638 2400 884 2469 spatium
915 2402 1102 2467 majus
1128 2401 1255 2464 erit,
1281 2403 1439 2454 tanta
1471 2397 1655 2465 major
1677 2391 1920 2464 gravitas
1946 2405 1960 2453 ἶ
1989 2383 2092 2439 “bi

394 2502 527 2539 vero
556 2487 763 2553 minus,
792 2489 868 2540 ibi
904 2489 1089 2558 major
1105 2489 1340 2540 acuties.
1365 2489 1509 2540 Dum
1543 2500 1678 2553 ergo
1709 2484 1755 2534 A
1784 2481 1823 2532 Β
1850 2479 1910 2531 in
1954 2490 2090 2546 qua-

395 2573 599 2643 dIuplo
640 2576 827 2644 spatio
859 2577 1080 2629 excedit
1110 2577 1150 2629 E
1190 2578 1251 2640 Β,
1286 2576 1394 2628 erit
1442 2577 1594 2627 recte
1649 2566 2087 2640 proslambano-

394 2678 594 2716 menos
627 2662 683 2716 in
717 2664 1038 2734 quadruplo
1071 2665 1317 2733 gravior,
1356 2667 1410 2716 et
1441 2663 1480 2716 C
1516 2663 1555 2715 Β
1588 2659 1808 2713 acutior
1849 2654 1907 2708 in
1941 2669 2088 2723 qua—

396 2749 622 2819 druplo,
656 2756 712 2803 et
737 2753 930 2805 eadem
955 2752 1164 2806 chorda
1194 2754 1237 2804 Α
1265 2752 1303 2804 Β
1329 2751 1398 2804 ad
1442 2751 1479 2803 F
1511 2751 1548 2803 Β
1579 2752 1661 2802 est
1697 2743 2089 2814 sesquioctava

393 2838 598 2907 spatio,
633 2856 808 2909 quare
842 2845 974 2894 tono
1007 2841 1077 2894 ab
1109 2842 1148 2894 F
1180 2841 1220 2894 Β
1253 2839 1530 2903 vincitur;
1567 2837 1672 2889 erit
1708 2850 1845 2903 ergo
1877 2832 2088 2901 hypate

393 2925 666 2995 hypaton.
692 2928 897 2981 Eadem
930 2945 1126 2982 rursus
1149 2929 1216 2981 ad
1239 2929 1277 2982 C
1312 2929 1348 2980 Β
1372 2925 1732 2996 sesquitcrtia
1763 2927 1846 2975 est
1879 2919 2082 2989 spatio,
2125 2971 2162 2996 ρ

395 3015 504 3067 erit
533 3032 669 3085 ergo
711 3017 750 3071 Ο
781 3019 821 3070 Β
861 3018 1130 3087 lychanos
1163 3018 1416 3085 hypaton
1460 3015 1739 3067 diatonos.
1771 3011 2082 3077 Vincetque

395 3103 435 3156 C
477 3104 515 3155 Β
552 3103 610 3156 in
644 3105 906 3158 acumine
939 3105 1125 3175 ipsum
1160 3109 1204 3158 A
1232 3106 1270 3158 Β
1301 3101 1672 3157 consonantia
1703 3099 2081 3153 diatessaron.

395 3192 806 3261 lnsuperidem
841 3197 881 3246 A
915 3195 954 3246 Β
984 3193 1166 3264 spatio
1197 3193 1438 3262 duplum
1471 3195 1554 3244 est
1581 3190 1649 3243 ad
1683 3191 1724 3242 Ι)
1759 3190 1835 3253 Β;
1867 3185 1972 3238 erit
2005 3183 2085 3236 id-

327 3279 336 3282 ’
394 3279 542 3333 circo
573 3282 832 3335 acumine
864 3283 1102 3351 duplum
1136 3283 1324 3351 ipsum
1357 3283 1398 3334 D
1430 3282 1470 3334 Β
1504 3280 1572 3333 ad
1603 3282 1648 3331 Α
1676 3278 1736 3330 Β.
1768 3277 1838 3332 Et
1864 3275 1943 3327 sic
1973 3273 2012 3326 C
2046 3273 2084 3325 Β

394 3375 564 3422 neten
596 3369 870 3439 hyperbol
903 3371 1229 3435 constituet,
1279 3370 1434 3439 quod
1468 3369 1667 3422 doctus
1715 3367 1892 3420 lector
1922 3360 2084 3416 facile

394 3457 704 3525 conspiciet
737 3458 870 3509 dum
904 3459 1123 3509 acutius
1143 3457 1584 3525 contemplatur.

334 3611 339 3620 ι
463 3544 733 3613 Superior
762 3561 894 3596 vero
938 3545 1244 3614 descriptio
1277 3543 1552 3596 inferiora
1594 3542 1758 3611 signa
1789 3556 1916 3610 quae
1948 3554 2085 3592 con-

392 3632 556 3697 tinet,
609 3633 730 3701 ejus
771 3639 902 3685 sunt
958 3633 1374 3703 descriptionis,
1435 3632 1533 3686 ubi
1577 3631 1804 3686 chordis
1862 3629 2087 3683 notulas

393 3721 783 3790 apposuimus,
836 3722 1107 3792 quoniam
1158 3737 1356 3774 earum
1417 3719 1653 3774 nomina
1691 3720 1928 3788 longum
1981 3715 2089 3770 fuit

393 3810 695 3864 ascribere.
729 3811 871 3864 Item
897 3811 941 3863 si
973 3813 1018 3864 Α
1048 3813 1087 3865 Β
1116 3810 1299 3865 tribus
1336 3809 1714 3863 incisionibus
1743 3807 2085 3878 partiamur,

393 3899 500 3951 erit
521 3915 652 3968 pars
679 3899 845 3951 tertia
876 3903 921 3952 Α
943 3900 1005 3953 G.
1039 3909 1063 3932 ³
1094 3901 1230 3952 Duas
1255 3900 1432 3969 igitur
1458 3898 1715 3967 ejusdem
1748 3900 1912 3950 erunt
1948 3896 1989 3949 G
2024 3895 2082 3947 Β.

392 3987 738 4040 Consonabit
785 3987 961 4055 igitur
1005 3987 1119 4041 AB
1182 3987 1791 4056 proslambanomenos
1846 3983 1912 4036 ad
1948 3983 1988 4037 G
2023 3984 2084 4046 Β,

391 4091 520 4144 qua!
561 4082 644 4128 est
693 4073 904 4145 hypate
963 4091 1181 4140 meson,
1215 4075 1482 4144 diapente
1537 4071 1968 4126 consonantiam
2026 4070 2086 4122 in

389 4163 762 4233 prOportione
798 4164 1169 4234 sesquialtera
1202 4163 1569 4217 constitutam
1602 4178 1614 4227 ;
1662 4164 1700 4217 C
1727 4163 1766 4214 B
1797 4167 1986 4213 autem
2020 4159 2086 4213 ad

1726 235 1852 295 AN.
1896 237 2105 293 MANL.
2146 239 2297 301 SEV.
2341 246 2569 303 BOETII

3759 267 3776 315 I
3789 265 3895 320 256

2194 383 2444 453 hypaten
2476 400 2673 438 meson
2704 393 3053 457 comparata,
3086 389 3142 444 id
3173 395 3260 446 est
3289 393 3333 446 G
3361 394 3424 460 Β,
3464 394 3701 451 distabit
3726 403 3888 453 tono.

2194 472 2252 526 Si
2280 477 2471 526 autem
2490 473 2614 542 ejus
2633 491 2760 544 qua:
2790 481 2876 529 est
2899 477 2938 530 C
2973 478 3012 530 Β
3043 486 3305 548 quartam
3323 489 3542 552 partem
3564 502 3890 557 sumpsero,

2195 561 2303 615 erit
2333 562 2372 616 C
2403 563 2468 616 K.
2510 563 2691 633 Igitur
2721 564 2760 619 C
2795 565 2837 619 B
2885 566 2955 620 ad
2999 567 3046 620 Κ
3078 570 3117 623 Β
3146 577 3166 602 ε
3213 569 3433 625 obtinet
3461 575 3891 644 sesquitertiam

2195 651 2650 721 proportionem,
2764 656 2804 708 Β
2837 659 3028 709 autem
3065 656 3136 712 ab
3159 674 3225 712 ea
3257 675 3389 730 quae
3412 668 3499 716 est
3532 663 3575 716 D
3600 665 3639 718 Β
3663 667 3886 737 sesqui-

2195 743 2390 793 octava
2431 740 2803 811 proportione
2851 743 3102 800 distabit.
3151 747 3267 801 Erit
3305 748 3484 819 igitur
3510 753 3553 805 K
3586 755 3626 807 Β
3651 756 3883 824 quidem

2196 828 2463 898 lychanos
2489 829 2750 884 diatonos
2773 847 2994 900 meson,
3029 839 3086 888 et
3115 835 3224 890 erit
3251 837 3291 890 (ἶ
3323 839 3383 904 Β,
3415 839 3469 893 id
3504 846 3589 894 est
3617 843 3889 912 lychanos

2194 917 2449 988 hypaton
2479 919 2762 988 diatonos,
2810 922 2880 976 ad
2930 922 2975 974 Κ
3024 923 3084 988 Β,
3112 925 3169 978 id
3205 932 3288 980 est
3311 927 3582 997 chhanos
3611 932 3888 988 diatonon

2196 1023 2398 1060 meson
2440 1008 2789 1063 diatessaron
2830 1013 3263 1068 consonantiam
3316 1022 3634 1074 continens.
3673 1023 3889 1076 Rursus

2195 1095 2238 1148 si
2272 1097 2394 1164 ejus
2441 1113 2572 1166 quas
2620 1104 2707 1152 est
2737 1099 2780 1152 D
2824 1101 2864 1152 Β
2905 1116 3119 1155 nouam
3149 1109 3372 1172 partem
3429 1123 3752 1179 sumpsero,
3781 1112 3888 1165 erit

2194 1183 2339 1237 mihi
2369 1185 2412 1239 Β
2460 1185 2519 1239 L.
2561 1185 2740 1256 Igitur
2781 1187 2819 1240 L
2850 1189 2889 1242 Β
2941 1190 3048 1242 erit
3077 1206 3390 1260 paramese.
3441 1195 3497 1250 Si
3542 1204 3737 1251 autem
3765 1199 3888 1269 ejus

2195 1289 2324 1343 quae
2355 1278 2438 1327 est
2496 1274 2607 1328 DB
2641 1280 2900 1346 quartam
2943 1283 3165 1346 partem
3211 1297 3525 1353 sumpsero,
3575 1287 3687 1340 erit
3738 1289 3782 1342 D
3826 1288 3891 1344 Ν.

2196 1362 2377 1430 Igitur
2406 1363 2447 1416 N
2483 1363 2522 1416 Β
2545 1363 2653 1417 erit
2673 1369 2803 1417 nete
2833 1381 3273 1434 synemmenon.
3305 1370 3361 1425 Si
3383 1379 3579 1427 autem
3609 1376 3734 1444 ejus
3754 1393 3891 1447 qua

2197 1456 2282 1504 est
2309 1452 2352 1505 D
2375 1451 2659 1505 Btertiam
2689 1459 2910 1522 partem
2932 1471 3252 1526 sumpsero,
3284 1460 3394 1514 erit
3413 1463 3454 1516 D
3487 1463 3550 1516 N.
3579 1465 3760 1534 Igitur
3781 1467 3829 1520 N
3851 1468 3890 1521 Β

2197 1540 2305 1593 εήι
2332 1544 2462 1594 nete
2493 1539 2968 1610 diezeugmenon.
3001 1544 3057 1598 Si
3086 1550 3278 1601 autem
3301 1549 3348 1602 Κ
3373 1551 3414 1604 Β
3443 1549 3501 1603 in
3533 1552 3676 1606 duas
3698 1559 3895 1624 partes

2127 1672 2168 1724 Β
2199 1646 2392 1700 aequas
2437 1629 2611 1682 fuerit
2663 1629 2866 1698 divisa,
2918 1633 3026 1686 erit
3054 1634 3100 1688 K
3127 1635 3186 1703 Χ,
3229 1637 3449 1708 eritque
3481 1640 3520 1692 Χ
3554 1642 3894 1712 Bparanete

2194 1717 2607 1789 hyperboleon.

2746 1867 3178 1984 Γ.οςίιιτττὶνδιτ*⁰’“’Μ’ις

2523 1935 2674 2111 -/
2810 2102 2890 2145 ,ως
2903 2045 3110 2129 st“
3129 2005 3266 2068 mm

2305 2055 2519 2457 /
2672 2104 2804 2183 MD
2870 2180 3038 2266 “vr”
3057 2147 3190 2212 νεώ
3728 2253 3757 2304 \

2294 2391 2470 2572 (oft/
2539 2477 2637 2574 _-_/
2918 2497 2978 2569 Α
3046 2367 3723 2573 ὣ

2747 2588 2792 2647 κ
2913 2592 2950 2637 ο
3052 2574 3813 2766 υῊ

2278 2775 2382 2860 te.
2429 2766 2449 2770 “
2504 2766 2572 2860 ἕ
2689 2763 2736 2771 “
2801 2796 2904 2842 πω
2988 2777 3145 2860 κει-πελ
3669 2813 3779 2850 με..

2462 2997 2539 3044 δ’·
2709 2999 2916 3107 3w

2195 3164 3530 3234 W‘
3049 3164 3899 3241 |LIMINIXEE
3784 3180 3817 3225 Β

2197 3247 3898 3326 -Ιε-Ιζ-ΙΣ-Ιέ-ΙῌΙᾳιὲρειὶιᾉιξιῳ

2877 3381 3102 3435 CAPUT
3139 3382 3201 3434 V.

2252 3470 2598 3526 Monochordi
2639 3474 2890 3524 netarum
2943 3470 3311 3594 .hypfrboleon
3359 3486 3462 3539 per
3521 3472 3633 3523 tria
3693 3485 3894 3536 genera

2913 3557 3019 3594 nar
3047 3558 3063 3592 ι
3095 3557 3164 3594 ιο.

2955 3557 3164 3594 armw.

2907 3557 3164 3610 parum.

2266 3629 2426 3683 Nunc
2463 3629 2640 3700 igitur
2663 3629 2938 3684 diatonici
2965 3630 3189 3700 generis
3210 3630 3513 3701 descriptio
3548 3631 3696 3684 facta
3722 3631 3891 3685 estin

2195 3735 2262 3772 eo
2296 3718 2509 3774 scilicet
2532 3719 2701 3773 modo
2732 3719 2936 3789 quiest
2965 3719 3282 3789 simplicior
3313 3737 3376 3773 ac
3405 3720 3694 3789 princeps,
3715 3736 3890 3790 quem

2197 3807 2434 3876 Lydium
2468 3823 2886 3878 nuncupamus.
2939 3808 3015 3861 De
3061 3808 3270 3877 quibus
3308 3807 3498 3862 modis
3530 3825 3683 3862 nunc
3716 3809 3896 3863 disse-
3981 3841 3992 3846 -

2195 3897 2433 3951 rendum
2459 3913 2578 3950 non
2600 3903 2685 3951 est
2712 3916 2728 3963 ;
2751 3903 2810 3950 ut
2833 3912 2964 3950 vero
2987 3913 3089 3967 per
3119 3897 3228 3950 tria
3263 3913 3473 3967 genera
3503 3899 3899 3950 curratmixta

2195 3985 2518 4056 descriptio,
2542 3992 2598 4040 et
2628 3987 2896 4040 omnibus
2916 3986 3151 4057 prOpria
3189 4002 3562 4039 numerorum
3589 3987 3899 4056 pluralitas

2196 4081 2519 4146 apponatur
2557 4076 2628 4130 ad
2669 4075 3082 4129 conservandas
3107 4076 3317 4129 scilicet
3353 4077 3782 4146 proportiones,
3808 4075 3896 4128 vel

2194 4168 2463 4217 tonorum
2503 4169 2676 4234 atque
2703 4163 2956 4232 dieseou,
2992 4164 3342 4234 excogitatus
3371 4169 3456 4216 est
3484 4179 3760 4216 numerus
3795 4164 3899 4233 qui

390 4252 431 4305 G
461 4251 500 4304 Β
529 4252 637 4305 erit
667 4255 691 4294 b
719 4253 1128 4322 sesquioctava,
1165 4257 1220 4304 et
1272 4250 1590 4304 continebit
1643 4256 1866 4315 tonum,
1914 4249 2085 4318 idque
2127 4250 2168 4302 D
2196 4252 2316 4306 haec
2355 4253 2549 4306 omnia
2596 4258 2790 4323 posset
2845 4255 3093 4323 explere,
3139 4258 3203 4306 ut
3240 4254 3521 4306 maximus
3545 4252 3781 4322 quidem
3818 4253 3894 4305 ad

389 4341 586 4394 ordine
617 4341 782 4394 cadit.
817 4342 957 4394 Nam
1018 4341 1286 4411 lychanos
1317 4340 1571 4410 hypaton
1603 4338 1887 4395 diatonos.
1912 4337 1966 4391 id
1999 4343 2085 4390 est

389 4429 428 4486 C
461 4431 520 4493 Β,
544 4431 608 4483 ad
643 4447 766 4482 eam
799 4447 926 4500 qua:
961 4435 1044 4483 est
1081 4431 1290 4499 hypate
1324 4445 1543 4492 meson,
1582 4428 1635 4481 id
1667 4433 1749 4480 est
1780 4429 1819 4481 G
1857 4428 1918 4491 Β,
1956 4443 2084 4479 con-

389 4518 535 4571 tinet
566 4526 788 4573 tonum.
825 4519 1038 4572 Rursus
1059 4523 1103 4572 A
1137 4520 1175 4572 Β
1204 4519 1435 4588 quidem
1475 4517 2082 4586 proslambanomenos

390 4608 461 4660 ad
491 4610 528 4662 C
547 4608 582 4660 Β
603 4609 881 4678 lychanon
904 4609 1154 4677 hypaton
1175 4608 1435 4659 diatonos
1453 4605 1888 4658 consonantiam
1915 4603 2085 4656 habet

391 4695 760 4763 diatessaron,
793 4700 838 4749 A
882 4697 919 4748 B
975 4700 1162 4747 autem
1219 4693 1832 4763 proslambanomenos
1867 4692 1934 4745 ad
1969 4692 2006 4745 G
2045 4692 2082 4743 Β

389 4781 596 4852 hypate
621 4799 813 4835 meson
837 4783 1006 4835 habet
1033 4782 1464 4834 consonantiam
1484 4782 1770 4847 diapente.
1802 4781 1942 4833 Item
1971 4781 2010 4832 C
2043 4779 2083 4832 Β

390 4870 458 4924 ad
491 4871 532 4923 D
571 4872 627 4936 Β,
661 4871 717 4923 id
751 4876 832 4923 est
865 4871 1133 4939 lychanos
1180 4870 1431 4940 hypaton
1480 4868 1739 4921 diatonos
1770 4867 1836 4920 ad
1888 4883 2083 4919 mesen

391 4959 562 5013 habet
591 4960 1026 5012 consonantiam
1073 4959 1360 5027 diapente,
1396 4958 1434 5011 G
1471 4957 1509 5008 Β
1540 4961 1728 5009 autem
1763 4956 1830 5008 ad
1863 4956 1904 5008 D
1936 4957 1992 5021 Β,
2027 4955 2080 5007 id

389 5053 474 5102 est
505 5048 712 5118 hypate
734 5063 927 5100 meson
958 5047 1026 5100 ad
1051 5063 1268 5105 mesen,
1303 5045 1473 5098 habet
1493 5045 1925 5096 consonantiam
1961 5043 2081 5095 dia-

389 5142 666 5190 tessaron.
723 5136 1012 5206 Lychanos
1058 5142 1247 5187 autem
1307 5135 1578 5205 hypaton,
1631 5132 1682 5185 id
1721 5138 1804 5184 est
1843 5131 1884 5184 (ἶ.
1918 5133 1976 5195 Β,
2011 5131 2081 5183 ad

389 5226 564 5279 totius
596 5225 822 5279 chordae.
852 5225 1087 5278 modum
1119 5224 1188 5276 ab
1221 5242 1287 5276 eo
1321 5223 1474 5293 quod
1517 5227 1598 5274 est.
1627 5225 1673 5274 A
1714 5236 1892 5291 usque
1915 5221 1984 5273 ad
2025 5220 2079 5273 id

391 5315 543 5383 quod
599 5320 682 5367 est
739 5315 842 5378 LL,
904 5313 1070 5374 hanc,
1131 5311 1180 5364 id
1217 5318 1300 5363 est
1338 5316 1404 5376 A,
1461 5311 2083 5380 proslamhenomenon

393 5404 529 5455 9216
561 5402 769 5470 divido,
821 5401 1118 5454 dimidiam
1149 5399 1219 5452 ad
1251 5401 1316 5468 Ο,
1369 5403 1429 5451 nt
1461 5400 1533 5452 sit
1581 5405 1700 5452 tota
1730 5403 1776 5451 Α
1807 5398 1981 5467 dupla
2011 5397 2080 5450 ad

463 5535 487 5560 α
519 5527 663 5590 Quae.
715 5531 739 5570 ι)
797 5528 1255 5596 Sesquioctavum.
1304 5534 1324 5559 °
1381 5525 1671 5580 Obtinebit.
1703 5526 1731 5568 ἀ
1773 5527 2077 5595 Appositis.

2194 4341 2817 4411 proslambanomenon
2855 4341 3230 4406 describatur,
3263 4341 3362 4411 qui
3392 4342 3462 4394 sit
3504 4340 3639 4394 9216
3666 4357 3678 4403 ;
3707 4341 3897 4394 mini-

2194 4446 2320 4482 mus
2367 4445 2501 4483 vero
2549 4431 2706 4484 2304.
2747 4429 3120 4499 Reliquorum
3156 4445 3289 4483 vero
3325 4445 3601 4482 sonorum
3646 4445 3899 4498 propor-

2192 4519 2379 4571 tiones
2414 4518 2473 4570 in
2508 4518 2713 4572 horum
2763 4517 3066 4571 medietate
3123 4523 3405 4572 texentur.
3447 4520 3589 4572 Sane
3637 4519 3706 4570 ab
3743 4518 3897 4571 inie-

2193 4607 2344 4660 riore
2367 4607 2728 4676 procedimus
2751 4608 3126 4677 omniumque
3150 4608 3385 4662 nomina
3406 4609 3742 4661 chordarum
3771 4623 3897 4660 non

2193 4696 2378 4749 solum
2421 4696 2770 4750 nominibus.
2811 4712 3010 4750 verum
3063 4697 3235 4750 etiam
3285 4699 3310 4740 ἀ
3351 4698 3630 4767 oppositis
3678 4698 3898 4750 litteris

2193 4784 2674 4838 demonstrainus.
2715 4784 2821 4838 Sed
2863 4785 2940 4837 ita
2984 4789 3046 4838 ut
3083 4785 3353 4856 quoniam
3389 4787 3562 4839 trium
3605 4801 3894 4855 generum

2193 4879 2274 4927 est
2305 4873 2559 4927 facienda
2602 4873 2852 4944 partitio,
2885 4890 3310 4944 nervorumque
3333 4876 3536 4928 modus
3561 4875 3892 4928 litterarum

2192 4962 2412 5015 excedit
2442 4979 2769 5030 numerum,
2813 4962 2913 5016 ubi
2938 4962 3246 5016 defecerint
3273 4963 3497 5030 litteraz,
3523 4963 3746 5017 easdem
3788 4980 3892 5032 ge-

2193 5047 2482 5102 mineinus
2512 5066 2708 5103 rursus
2752 5049 2858 5104 hoc
2909 5051 3098 5117 modo,
3141 5056 3204 5104 ut
3242 5053 3471 5121 quando
3511 5051 3579 5105 ad
3627 5053 3665 5105 Ζ
3710 5051 3896 5106 fuerit

2195 5152 2375 5207 usque
2421 5143 2780 5208 perventum,
2811 5139 2890 5192 ita
2937 5139 3323 5192 describamus
3366 5137 3616 5210 reliquos
3637 5156 3890 5194 nervos:

2191 5225 2276 5278 bis
2305 5229 2351 5278 A
2381 5226 2437 5280 id
2460 5232 2545 5280 est
2576 5230 2688 5293 ΑΔ,
2727 5233 2784 5280 et
2834 5227 2921 5280 bis
2951 5228 3011 5295 Β,
3054 5226 3104 5283 id
3141 5234 3226 5282 est
3258 5229 3361 5295 ΒΒ,
3400 5235 3454 5282 et
3495 5229 3579 5283 bis
3621 5230 3681 5295 C,
3715 5229 3766 5283 id
3806 5236 3894 5283 est

2191 5315 2292 5368 CC.
2327 5315 2410 5370 Sit
2448 5316 2622 5386 igitur
2656 5315 2877 5385 primus
2907 5316 3145 5387 quidem
3171 5334 3445 5371 numerus
3479 5318 3885 5388 maximusque

2191 5405 2290 5474 qui
2318 5406 2939 5475 proslambanomenon
2983 5405 3241 5461 obtineat
3263 5407 3450 5461 locum
3483 5409 3640 5460 9216.
3672 5406 3878 5476 Sitque
