4104 6176
220 237 357 288 1257

1616 240 1705 293 DE
1743 239 1997 297 MUSICA
2039 241 2169 296 LIB.
2213 242 2301 298 IV.

3578 256 3711 309 1258

216 384 452 452 caun
481 370 565 423 est
607 368 677 452 VO.
718 369 858 452 Item
889 369 931 424 Ο
979 368 1051 423 sit
1083 368 1252 452 dupla
1288 369 1359 424 ab
1398 386 1465 426 ea
1496 386 1625 442 quas
1665 376 1749 427 est
1802 372 1902 441 LL,
1948 373 2184 436 Atonis,
2219 375 2267 429 si
2296 375 2624 432 distantiam
2660 382 2963 450 paranetes
3020 380 3412 452 hyperboleon
3461 388 3516 439 et
3553 390 3714 441 netes

220 450 338 503 Erit
376 449 556 518 igitur
587 451 629 502 A
666 449 899 519 quidem
948 450 1577 519 proslambanomenos,
1615 453 1657 506 Ο
1721 458 1913 507 autem

219 546 395 596 mese,
434 536 489 584 et
518 532 598 585 LL
628 536 757 583 nete
790 530 1210 601 hyperboleon;
1245 531 1482 585 habebit
1515 531 1689 601 igitur
1709 536 1755 587 Α
1786 534 1913 604 qui-

218 611 351 664 dem
386 612 541 677 9216,
577 611 620 665 Ο
650 625 783 665 vero
815 611 1023 665 horum
1055 610 1378 679 dimidium,
1412 612 1468 666 id
1512 618 1597 667 est
1635 614 1796 681 4608,
1851 617 1914 668 ut

220 708 372 745 mese
417 692 485 745 ad
527 691 1147 762 proslambanomenon
1209 692 1482 763 diapason
1539 693 1912 748 consonantia

219 772 536 827 conveniat.
576 774 648 826 Ea
677 789 812 827 vero
843 790 973 844 quae
1005 778 1090 827 est
1149 772 1229 827 LL
1260 773 1562 827 dimidium
1593 779 1677 828 est
1703 791 1911 842 meses,

221 861 284 908 ut
304 855 379 908 sit
398 852 1003 924 proslambanomenos
1026 852 1096 906 ab
1130 868 1194 907 ea
1227 868 1355 923 quin
1394 857 1477 907 est
1520 858 1650 908 nete
1698 854 1912 925 hyper-

222 938 431 991 boleon
453 936 797 1006 quadrupla,
828 941 885 989 et
912 935 998 989 bis
1038 934 1316 1004 diapason
1347 934 1417 987 ad
1458 950 1585 988 eam
1642 939 1915 990 consonet

220 1018 649 1089 symphoniam,
682 1018 868 1085 sitque
903 1015 985 1069 LL
1015 1015 1175 1067 2304.
1213 1013 1269 1067 Si
1300 1012 1478 1083 igitur
1508 1030 1575 1068 ex
1606 1015 1747 1069 2304
1768 1021 1915 1069 octa-

223 1117 350 1153 vam
389 1108 414 1133 ⁸
435 1099 721 1153 abstulero
757 1103 998 1168 partem,
1032 1097 1087 1149 id
1120 1101 1203 1148 est
1223 1096 1348 1157 288,
1381 1095 1712 1167 eisdemque
1755 1096 1912 1166 adje-

221 1196 369 1242 cero,
406 1179 545 1231 ﬁent
576 1178 717 1231 mihi
749 1176 908 1243 2592,
944 1174 1165 1246 eritque
1213 1174 1306 1228 NN
1339 1176 1477 1228 2592
1508 1191 1635 1244 qum
1687 1176 1761 1229 sit
1816 1193 1913 1246 pa-

222 1264 417 1311 ranete
448 1258 839 1327 hyperboleon
884 1256 955 1309 ad
990 1261 1160 1307 neten
1200 1254 1591 1325 hyperboleon
1644 1255 1912 1310 obtinens

219 1338 549 1391 distantiam
584 1343 805 1389 tonum.
844 1337 1059 1389 Rursus
1089 1334 1211 1404 ejus
1259 1350 1386 1403 qua:
1420 1338 1504 1387 est
1563 1335 1679 1398 NN,
1722 1334 1779 1389 id
1828 1340 1914 1390 est

218 1421 381 1485 2592,
424 1420 619 1472 aufero
651 1422 906 1471 octavam
939 1432 1068 1487 quae
1114 1418 1197 1467 est
1228 1416 1352 1479 324,
1394 1430 1635 1485 eamque
1660 1414 1740 1469 eis
1763 1431 1913 1487 quo-

218 1514 347 1552 rum
370 1503 453 1552 est
494 1505 688 1553 octava
731 1497 1036 1567 subjungo,
1081 1500 1248 1550 erunt
1297 1495 1457 1561 2916,
1509 1495 1722 1566 lietque
1770 1496 1912 1550 mihi

220 1580 302 1633 FF
358 1579 491 1633 trite
538 1579 931 1649 hyperboleon
965 1577 1226 1630 diatonos
1246 1576 1305 1628 in
1369 1574 1655 1628 diatonico
1701 1574 1915 1629 scilicet

2021 454 2410 538 hyperboleon
2438 460 2711 514 diatonici
2743 461 2972 532 generis
2999 464 3437 533 sumpserimus,
3473 464 3713 538 ejusque

2023 536 2327 592 dimidium
2372 545 2643 609 paranete
2674 541 3087 611 hyperboleon,
3139 559 3268 613 qua:
3298 548 3384 598 est
3439 536 3712 601 diatonici

2021 617 2269 687 generis,
2302 634 2682 688 apponamus,
2702 620 3047 676 habebimus
3072 638 3382 677 numerum
3408 624 3593 679 tribus
3622 642 3708 681 se-

2022 695 2279 750 mitoniis
2296 698 2367 752 ab
2398 700 2786 769 hyperboleon
2811 707 2937 756 nete
2969 700 3297 769 distantem,
3322 707 3380 756 et
3430 704 3537 758 erit
3591 704 3715 759 haec

2020 775 2083 830 in
2120 777 2471 834 chromatico
2504 796 2715 850 genere
2746 784 3018 851 paranete
3039 781 3447 853 hyperboleon.
3498 784 3713 839 Aufero

2020 856 2199 927 igitur
2218 858 2285 912 de
2315 860 2473 927 2592,
2507 860 2565 913 id
2597 864 2680 914 est
2723 860 2791 914 de
2822 866 3093 931 paranete
3150 860 3539 932 hyperboleon
3592 863 3712 918 dia-

2022 938 2199 991 tonici
2254 940 2480 1009 generis
2512 940 2670 1007 2304,
2709 940 2767 994 id
2813 945 2897 994 est
2926 947 3054 994 nete
3082 941 3495 1012 hyperboleon,
3541 945 3715 998 relin-

2022 1024 2280 1087 quuutur
2300 1020 2442 1072 mihi
2474 1020 2597 1087 288,
2640 1021 2741 1073 hos
2772 1020 2985 1087 divido,
3020 1026 3189 1073 erunt
3223 1021 3367 1074 mihi
3416 1023 3534 1090 144,
3592 1038 3714 1079 eos-

2021 1097 2151 1151 dem
2177 1099 2440 1169 adjiciam
2472 1102 2631 1166 2592,
2667 1100 2719 1155 id
2752 1106 2835 1153 est
2858 1105 3127 1169 paranete
3159 1100 3551 1170 hyperboleon
3588 1092 3741 1157 dia?

2022 1178 2198 1231 tonici
2225 1180 2472 1248 generis,
2507 1187 2563 1233 et
2594 1185 2762 1234 erunt
2792 1180 2934 1233 mihi
2974 1181 3114 1233 2736
3154 1196 3166 1234 :
3228 1180 3352 1234 haec
3394 1182 3503 1235 erit
3554 1199 3718 1252 para-

2021 1264 2149 1312 nete
2181 1260 2574 1329 hyperboleon
2596 1261 2961 1314 chromatica.
3005 1260 3221 1313 Rursus
3264 1261 3541 1331 quoniam
3582 1263 3713 1318 trite

2022 1339 2435 1409 hyperboleon,
2457 1342 2545 1395 vel
2578 1341 2886 1405 diatonica,
2917 1340 3005 1395 vel
3036 1340 3402 1409 chromatica,
3438 1342 3580 1396 duos
3620 1347 3716 1397 to-

2020 1434 2124 1472 nos
2174 1418 2345 1473 distat
2391 1436 2423 1473 a
2476 1425 2605 1474 nete
2654 1420 3067 1491 hyperboleon,
3126 1425 3181 1474 et
3222 1419 3281 1473 in
3334 1419 3713 1476 enharmonio

2020 1514 2231 1569 genere
2257 1506 2530 1569 paranete
2562 1501 2953 1571 hyperboleon
2986 1500 3208 1555 duobus
3261 1502 3414 1555 tonis
3450 1502 3619 1556 distat
3643 1502 3713 1557 ab

2021 1594 2088 1631 ea
2117 1594 2244 1649 quae
2265 1584 2349 1633 est
2392 1585 2523 1634 nete
2553 1580 2973 1650 hyperboleond
3015 1580 3218 1634 eadem
3263 1582 3373 1635 erit
3422 1581 3481 1635 in
3512 1581 3715 1636 enhar-

218 1675 430 1726 genere
484 1635 631 1712 291⁸6³
650 1662 834 1712 totum
875 1657 1108 1728 quidem
1142 1656 1356 1711 distans
1415 1655 1486 1709 ab
1532 1671 1599 1709 ea
1649 1672 1779 1726 quas
1827 1659 1914 1709 est
1950 1635 1993 1689 Β
2022 1635 2248 1713 monico
2298 1675 2509 1730 genere
2565 1635 2839 1729 paranete
2896 1660 3312 1731 hyperboleon,
3359 1677 3489 1732 quas
3527 1635 3616 1715 est
3652 1661 3714 1716 in

219 1745 491 1809 paranete
543 1738 954 1809 hyperboleon,
990 1740 1013 1780 ιι
1042 1737 1345 1791 diatonum
1376 1750 1509 1788 vero
1562 1735 1632 1790 ab
1666 1752 1732 1789 ea
1785 1751 1909 1806 quae

219 1824 303 1872 est
340 1825 469 1872 nete
504 1818 918 1888 hyperboleon,
952 1816 1152 1870 eadem
1206 1830 1339 1869 vero
1375 1814 1455 1867 FF
1479 1814 1586 1867 erit
1646 1812 1705 1868 in
1743 1814 1910 1867 chro-

220 1900 429 1954 matico
467 1916 675 1971 genere
705 1899 836 1954 trite
860 1898 1251 1969 hyperboleon
1284 1894 1653 1949 chromatica.
1692 1895 1756 1949 In
1805 1911 1912 1950 en--

216 1980 522 2034 harmouio
558 1996 692 2033 vero
732 1982 1001 2049 paranete
1048 1975 1443 2047 hyperboleon
1486 1974 1910 2042 enharmonios,

220 2061 373 2131 quod
408 2059 628 2113 facilius
661 2062 1003 2129 agnoscetur
1027 2072 1128 2110 cur
1156 2055 1400 2117 eveniat,
1434 2070 1564 2109 cum
1597 2055 1771 2108 trium
1806 2070 1910 2125 ge-

220 2156 422 2193 nerum
476 2139 585 2192 tria
625 2140 812 2209 prima
855 2135 1217 2191 tetrachorda
1258 2150 1291 2187 a
1323 2138 1451 2187 uete
1514 2134 1911 2205 hyperboleon

220 2220 551 2273 inchoantia
598 2218 1087 2288 descripserimus.
1144 2213 1427 2278 Quoniam
1460 2229 1595 2267 vero
1629 2214 1673 2267 si
1714 2218 1760 2269 A
1803 2232 1914 2269 ses-

218 2300 490 2371 quitertia
532 2298 903 2369 proportione
938 2297 1077 2351 duas
1131 2294 1550 2366 sesquioctavas
1601 2294 1909 2362 abstulero,

218 2379 566 2449 relinquitur
606 2378 750 2431 mihi
789 2377 1160 2431 semitonium
1209 2374 1421 2440 minus,
1476 2390 1641 2429 sumo
1684 2377 1909 2429 tertiam

216 2461 342 2530 ejus
374 2476 500 2527 quas
527 2464 612 2512 est
656 2458 755 2525 LL,
789 2458 847 2512 id
879 2464 963 2512 est
993 2462 1193 2511 neten
1222 2456 1636 2528 hyperboleon,
1685 2462 1740 2511 et
1779 2461 1914 2511 sunt

215 2542 341 2594 768.
379 2540 487 2593 Hos
536 2538 751 2591 eisdem
799 2537 1030 2608 adjicio,
1060 2537 1202 2591 ﬁent
1249 2538 1393 2591 mihi
1442 2539 1598 2592 3072.
1652 2536 1909 2600 Quorum

215 2626 303 2674 est
352 2622 442 2675 DD
483 2626 613 2674 nete
642 2619 1098 2689 diezeugmenon
1133 2619 1431 2673 continens
1462 2619 1530 2672 ad
1580 2617 1755 2671 triten
1812 2617 1913 2687 hy-

216 2701 531 2772 perboleon
574 2699 945 2754 semitonium
988 2699 1195 2753 minus.
1249 2699 1390 2753 Nam
1439 2696 1715 2769 quoniam
1782 2700 1911 2749 nete

214 2781 673 2853 diezeugmenon
725 2779 797 2834 ad
873 2785 1048 2834 neten
1105 2779 1497 2850 hyperboleon
1556 2777 1911 2831 diatessaron

213 2864 469 2918 continet
484 2863 935 2930 consonantiam,
973 2861 1103 2916 trite
1134 2865 1326 2915 autem
1357 2859 1745 2931 hyperboleon
1797 2858 1913 2913 dia—

215 2951 385 2997 tonos
417 2952 437 2977 °
488 2942 556 2996 ab
607 2959 673 2996 ea
711 2941 971 2997 ditonum
1014 2942 1207 3002 distat,
1258 2939 1608 3011 relinquitur
1662 2936 1912 3008 spatium

214 3024 373 3097 quod
401 3028 486 3078 est
515 3023 666 3078 inter
685 3028 858 3078 neten
888 3021 1348 3093 diezeugmenon
1388 3025 1445 3075 et
1478 3020 1655 3076 triten
1708 3019 1914 3091 hyper-

215 3106 432 3160 boleon
456 3101 753 3160 semitonii
781 3102 1045 3157 minoris.

886 3330 1325 3437 Βίιθῐωρατ

1639 3542 1858 3848 \

826 3677 1086 3936 1
1304 3512 1852 3953 ὦ

292 3926 1814 4081 m

290 4055 1807 4321 ιιι-εμπ.

389 4381 438 4426 β

289 4296 1784 4836 λ

790 4641 918 4735 διε,
1507 4649 1602 4734 at

217 4912 511 4999 Quoniam
542 4913 719 4987 igitur
745 4920 1175 4979 tetrachordum
1205 4924 1599 4996 hyperboleon
1652 4927 1923 4984 diatonici

218 5002 454 5071 generis
485 5006 857 5076 explevimus,
889 5026 1043 5065 nunc
1073 5013 1407 5069 chromatici
1447 5020 1502 5069 et
1553 5016 1917 5073 enharmonii

219 5090 591 5146 tetrachorda
654 5098 975 5167 supplenda
1029 5107 1163 5155 sunt
1207 5102 1313 5158 hoc
1370 5105 1541 5160 modo
1585 5120 1598 5160 :
1650 5108 1925 5177 quoniam

220 5178 383 5232 enim
422 5188 695 5250 paranete
715 5185 1107 5256 hyperboleon
1156 5192 1229 5246 ad
1259 5197 1425 5248 neten
1450 5196 1841 5266 hyperboleon
1873 5198 1930 5252 in

222 5268 518 5323 diatonico
550 5273 784 5343 quidem
810 5293 1023 5347 genere
1054 5283 1191 5334 tono
1222 5281 1412 5348 distat,
1454 5283 1515 5337 in
1574 5285 1927 5342 chromatico

222 5371 366 5410 vero
390 5357 573 5414 tribus
605 5363 946 5434 semitoniis,
974 5366 1036 5421 in
1091 5369 1468 5425 enharmouio
1511 5387 1645 5427 vero
1704 5373 1929 5431 duobus

2022 1738 2305 1792 diatonico
2336 1740 2421 1793 vel
2446 1739 2795 1793 chromatico
2821 1738 2950 1792 trite
2975 1740 3380 1809 hyperboleon.
3418 1740 3528 1794 Sed
3571 1756 3714 1811 quo-

2019 1818 2176 1872 niam
2208 1818 2339 1873 trite
2380 1818 2770 1889 hyperboleou
2794 1817 3066 1872 diatonici
3102 1818 3330 1888 generis
3349 1823 3406 1873 et
3451 1820 3712 1874 chroma-

2020 1897 2113 1951 tici
2165 1898 2233 1953 ad
2268 1902 2397 1953 nete
2441 1898 2894 1969 diezeugmenon
2926 1898 3119 1953 minus
3170 1898 3538 1953 semitonium
3597 1915 3715 1955 ser-

2020 1983 2171 2045 vant,
2214 1981 2433 2031 constat
2463 1982 2654 2031 autem
2682 1977 3111 2031 tetrachordum
3143 1977 3505 2032 enharmonii
3537 1993 3713 2048 gene-

2020 2056 2097 2109 ris
2129 2073 2192 2110 ex
2241 2057 2462 2111 duobus
2496 2057 2731 2127 integris
2792 2058 2962 2118 tonis,
2997 2062 3055 2111 et
3088 2057 3253 2123 diesi,
3284 2074 3347 2111 ac
3374 2058 3539 2126 diesi,
3582 2074 3711 2129 quae

2020 2142 2152 2190 sunt
2198 2137 2438 2191 dimidia
2507 2138 2689 2208 spatia
2731 2137 3014 2189 semitonii
3058 2136 3318 2203 minoris,
3380 2137 3713 2191 distantiam

2020 2231 2147 2270 eam
2170 2232 2297 2286 quae
2326 2222 2409 2270 est
2439 2216 2585 2270 inter
2616 2221 2786 2269 neten
2825 2216 3277 2286 diezeugmenon
3298 2221 3355 2270 et
3378 2222 3713 2285 parauetem

2020 2296 2411 2368 hyperboleon
2440 2296 2883 2351 enharmouium
2916 2312 3110 2366 sumo;
3136 2297 3233 2351 sed
3261 2298 3534 2367 quoniam
3582 2301 3711 2351 nete

2020 2377 2472 2447 diezeugmenon
2493 2386 2577 2429 est
2609 2378 2768 2441 3072,
2803 2382 3076 2445 paranete
3104 2389 3293 2430 autem
3322 2377 3713 2447 hyperboleon

2022 2457 2432 2511 enharmonios
2461 2459 2622 2522 2916,
2658 2457 2863 2510 horum
2883 2456 3152 2510 distantia
3183 2456 3291 2510 erit
3334 2459 3452 2521 156,
3508 2458 3714 2511 horum

2022 2554 2187 2591 sumo
2220 2538 2515 2591 dimidiam
2536 2544 2780 2606 partem,
2806 2536 2906 2604 qui
2937 2544 3070 2589 sunt
3089 2539 3173 2590 78.
3206 2538 3316 2589 Hos
3335 2536 3712 2607 adjicio2916,

2022 2618 2162 2673 ﬁent
2189 2619 2351 2685 2994,
2384 2619 2503 2672 haec
2525 2618 2635 2671 erit
2664 2618 2702 2672 Ε
2747 2618 2786 2671 Ε
2818 2619 2948 2671 trite
2987 2618 3378 2688 hyperboleon
3420 2617 3715 2671 enharmo-

2021 2700 2148 2753 nios
2170 2718 2184 2764 ;
2205 2697 2549 2769 descriptum
2580 2704 2663 2752 est
2690 2698 2869 2768 igitur
2898 2698 3215 2751 secundum
3242 2696 3351 2751 tria
3381 2713 3595 2768 genera
3630 2701 3713 2751 te-

2020 2778 2383 2832 trachordum
2429 2778 2585 2848 quod
2637 2783 2723 2832 est
2768 2776 3182 2849 hyperboleon,
3233 2777 3397 2847 cujus
3463 2776 3711 2831 formam

2023 2858 2219 2915 subter
2252 2856 2585 2928 adjecimus.

2216 3044 2746 3279 ώὲθπλπν
2772 3044 3069 3189 191³εῆ

2415 3423 2539 3520 ἓν
2559 3365 2931 3457 want“:an
3037 3426 3069 3454 χ

2127 3567 2488 3749 Vatia...

2164 4000 2173 4027 ι
2251 3990 2327 4027 απ(
2356 3999 2481 4025 mus
2503 3995 2520 4027 1
2586 3998 2701 4025 ιηιιικ
2724 3981 2782 4023 is
2810 3999 2833 4027 ε
2871 3986 3034 4027 t’l'onu
3074 3980 3169 4027 hic

2404 3980 3034 4082 "")\'-EH‘.““‘,I&E‘A”.;‘£‘:
3069 3980 3171 4082 {:21

2194 3991 2239 4025 ιι
2251 3991 2481 4029 animum»
2542 3991 2575 4027 Ἰ
2586 3998 2696 4024 enm

2179 4057 2213 4107 χ
2461 3995 2661 4107 Nn.

2200 4107 2792 4170 \./\—/

2934 4044 3027 4111 kosh
3069 4047 3187 4111 "or.

2405 4322 2680 4435 ww
2706 4303 2862 4381 λαῇεσι

2394 4414 2427 4446 ⁸
2487 4460 2514 4472 ρ
2543 4412 2724 4491 uttbe

2232 4565 2286 4626 /’
2310 4554 2738 4725 μνῆμ’
3240 4477 3368 4584 3,4)
3386 4542 3484 4675 ﬁt,

2187 4857 2557 4921 ﬁliuni-alim
2855 4840 3019 4922 I'W'W-
3231 4943 3246 4948 ν

2265 4959 2316 5023 θ
2416 4955 3316 5123 ᾗ·-

2180 5048 2335 5112 DD
2503 5047 2649 5113 FF

2107 5144 2377 5263 ’ξω
2414 5127 2709 5273 ιω·

301 5531 329 5557 ι
366 5524 650 5583 Extulero.
692 5529 852 5585 bNon
872 5532 1145 5602 leguntur.
1178 5559 1199 5587 c
1227 5533 1321 5590 Ad
1366 5540 1521 5593 neten
1573 5538 1952 5608 hyperboleon-
1996 5544 2169 5617 ςΝοη
2198 5541 2448 5598 habetur.

596 5626 873 5695 PATROL.
925 5633 1147 5701 LXIII.
