  <div class='ocr_page' id='page_1' title='image "/cluster/home/n/w/nwhite01/storage/ocr_20150623/63/hvd.32044073498800/636.png"; bbox 0 0 4104 6176; ppageno 0'>
   <div class='ocr_carea' id='block_1_1' title="bbox 153 260 285 312">
    <p class='ocr_par' dir='ltr' id='par_1_1' title="bbox 153 260 285 312">
     <span class='ocr_line' id='line_1_1' title="bbox 153 260 285 312; baseline 0.015 -2"><span class='ocrx_word' id='word_1_1' title='bbox 153 260 285 312; x_wconf 70' lang='grc'>1261</span> 
     </span>
    </p>
   </div>
   <div class='ocr_carea' id='block_1_2' title="bbox 1567 255 2250 314">
    <p class='ocr_par' dir='ltr' id='par_1_2' title="bbox 1567 255 2250 314">
     <span class='ocr_line' id='line_1_2' title="bbox 1567 255 2250 314; baseline 0 -3"><span class='ocrx_word' id='word_1_2' title='bbox 1567 255 1656 311; x_wconf 89' lang='lat' dir='ltr'><strong>DE</strong></span> <span class='ocrx_word' id='word_1_3' title='bbox 1692 257 1947 314; x_wconf 82' lang='lat' dir='ltr'>MUSICA</span> <span class='ocrx_word' id='word_1_4' title='bbox 1987 258 2119 313; x_wconf 84' lang='lat' dir='ltr'>LIB.</span> <span class='ocrx_word' id='word_1_5' title='bbox 2162 260 2250 313; x_wconf 83' lang='lat' dir='ltr'>IV.</span> 
     </span>
    </p>
   </div>
   <div class='ocr_carea' id='block_1_3' title="bbox 3514 265 3648 317">
    <p class='ocr_par' dir='ltr' id='par_1_3' title="bbox 3514 265 3648 317">
     <span class='ocr_line' id='line_1_3' title="bbox 3514 265 3648 317; baseline 0 0"><span class='ocrx_word' id='word_1_6' title='bbox 3514 265 3648 317; x_wconf 73' lang='lat'>1262</span> 
     </span>
    </p>
   </div>
   <div class='ocr_carea' id='block_1_4' title="bbox 146 387 3653 459">
    <p class='ocr_par' dir='ltr' id='par_1_4' title="bbox 146 387 3653 459">
     <span class='ocr_line' id='line_1_4' title="bbox 146 387 3653 459; baseline 0.001 -15"><span class='ocrx_word' id='word_1_7' title='bbox 146 396 292 455; x_wconf 86' lang='lat' dir='ltr'>tem,</span> <span class='ocrx_word' id='word_1_8' title='bbox 327 390 384 443; x_wconf 90' lang='lat' dir='ltr'>id</span> <span class='ocrx_word' id='word_1_9' title='bbox 416 392 502 443; x_wconf 92' lang='lat' dir='ltr'>est</span> <span class='ocrx_word' id='word_1_10' title='bbox 529 389 651 449; x_wconf 70' lang='grc'>384,</span> <span class='ocrx_word' id='word_1_11' title='bbox 695 387 892 458; x_wconf 87' lang='lat' dir='ltr'>eisque</span> <span class='ocrx_word' id='word_1_12' title='bbox 926 387 1212 458; x_wconf 86' lang='lat' dir='ltr'>adjiciam,</span> <span class='ocrx_word' id='word_1_13' title='bbox 1242 388 1383 442; x_wconf 87' lang='lat' dir='ltr'>ﬁent</span> <span class='ocrx_word' id='word_1_14' title='bbox 1416 389 1575 453; x_wconf 69' lang='lat'>3456,</span> <span class='ocrx_word' id='word_1_15' title='bbox 1620 389 1843 459; x_wconf 86' lang='lat' dir='ltr'>eritque</span> <span class='ocrx_word' id='word_1_16' title='bbox 1882 392 1928 445; x_wconf 89' lang='lat' dir='ltr'>A</span> <span class='ocrx_word' id='word_1_17' title='bbox 1958 405 2090 443; x_wconf 84' lang='lat' dir='ltr'>vero</span> <span class='ocrx_word' id='word_1_18' title='bbox 2152 391 2580 459; x_wconf 89' lang='lat' dir='ltr'>chromaticam,</span> <span class='ocrx_word' id='word_1_19' title='bbox 2642 390 2699 445; x_wconf 91' lang='lat' dir='ltr'>id</span> <span class='ocrx_word' id='word_1_20' title='bbox 2758 393 2843 444; x_wconf 91' lang='lat' dir='ltr'>est</span> <span class='ocrx_word' id='word_1_21' title='bbox 2896 393 3052 458; x_wconf 82' lang='lat'>5888,</span> <span class='ocrx_word' id='word_1_22' title='bbox 3103 390 3470 446; x_wconf 86' lang='lat' dir='ltr'>semitonium</span> <span class='ocrx_word' id='word_1_23' title='bbox 3524 393 3653 447; x_wconf 90' lang='lat' dir='ltr'>reli-</span> 
     </span>
    </p>
   </div>
   <div class='ocr_carea' id='block_1_5' title="bbox 146 478 1846 549">
    <p class='ocr_par' dir='ltr' id='par_1_5' title="bbox 146 478 1846 549">
     <span class='ocr_line' id='line_1_5' title="bbox 146 478 1846 549; baseline -0.001 -17"><span class='ocrx_word' id='word_1_24' title='bbox 146 484 428 549; x_wconf 86' lang='lat' dir='ltr'>paranete</span> <span class='ocrx_word' id='word_1_25' title='bbox 476 478 977 543; x_wconf 73' lang='lat' dir='ltr'>diezeugmenona</span> <span class='ocrx_word' id='word_1_26' title='bbox 1025 478 1307 545; x_wconf 81' lang='lat' dir='ltr'>diatonos,</span> <span class='ocrx_word' id='word_1_27' title='bbox 1343 478 1424 532; x_wconf 86' lang='lat' dir='ltr'><strong>CC</strong></span> <span class='ocrx_word' id='word_1_28' title='bbox 1466 478 1669 531; x_wconf 83' lang='lat' dir='ltr'>litteris</span> <span class='ocrx_word' id='word_1_29' title='bbox 1718 494 1846 549; x_wconf 90' lang='lat' dir='ltr'>per-</span> 
     </span>
    </p>
   </div>
   <div class='ocr_carea' id='block_1_6' title="bbox 147 567 1847 637">
    <p class='ocr_par' dir='ltr' id='par_1_6' title="bbox 147 567 1847 637">
     <span class='ocr_line' id='line_1_6' title="bbox 147 567 1847 637; baseline -0.001 -15"><span class='ocrx_word' id='word_1_30' title='bbox 147 577 369 634; x_wconf 87' lang='lat' dir='ltr'>notata,</span> <span class='ocrx_word' id='word_1_31' title='bbox 411 568 480 622; x_wconf 90' lang='lat' dir='ltr'>ad</span> <span class='ocrx_word' id='word_1_32' title='bbox 514 574 683 620; x_wconf 90' lang='lat' dir='ltr'>neten</span> <span class='ocrx_word' id='word_1_33' title='bbox 722 567 1180 637; x_wconf 84' lang='lat' dir='ltr'>diezeugmenon</span> <span class='ocrx_word' id='word_1_34' title='bbox 1212 568 1479 621; x_wconf 83' lang='lat' dir='ltr'>obtinens</span> <span class='ocrx_word' id='word_1_35' title='bbox 1502 573 1725 621; x_wconf 92' lang='lat' dir='ltr'>tonum.</span> <span class='ocrx_word' id='word_1_36' title='bbox 1763 568 1847 621; x_wconf 88' lang='lat' dir='ltr'>Ab</span> 
     </span>
    </p>
   </div>
   <div class='ocr_carea' id='block_1_7' title="bbox 146 656 1845 726">
    <p class='ocr_par' dir='ltr' id='par_1_7' title="bbox 146 656 1845 726">
     <span class='ocr_line' id='line_1_7' title="bbox 146 656 1845 726; baseline -0.001 -15"><span class='ocrx_word' id='word_1_37' title='bbox 146 658 254 712; x_wconf 80' lang='lat' dir='ltr'>hac</span> <span class='ocrx_word' id='word_1_38' title='bbox 286 674 419 711; x_wconf 84' lang='lat' dir='ltr'>vero</span> <span class='ocrx_word' id='word_1_39' title='bbox 448 657 494 710; x_wconf 90' lang='lat' dir='ltr'>si</span> <span class='ocrx_word' id='word_1_40' title='bbox 525 660 782 710; x_wconf 80' lang='lat' dir='ltr'>octavam</span> <span class='ocrx_word' id='word_1_41' title='bbox 815 656 1071 710; x_wconf 82' lang='lat' dir='ltr'>auferam</span> <span class='ocrx_word' id='word_1_42' title='bbox 1103 662 1347 726; x_wconf 90' lang='lat' dir='ltr'>partem,</span> <span class='ocrx_word' id='word_1_43' title='bbox 1382 656 1437 711; x_wconf 91' lang='lat' dir='ltr'>id</span> <span class='ocrx_word' id='word_1_44' title='bbox 1477 661 1558 710; x_wconf 88' lang='lat' dir='ltr'>est</span> <span class='ocrx_word' id='word_1_45' title='bbox 1589 657 1658 711; x_wconf 93' lang='lat' dir='ltr'>de</span> <span class='ocrx_word' id='word_1_46' title='bbox 1686 659 1845 725; x_wconf 76' lang='grc'>3456,</span> 
     </span>
    </p>
   </div>
   <div class='ocr_carea' id='block_1_8' title="bbox 146 745 1844 817">
    <p class='ocr_par' dir='ltr' id='par_1_8' title="bbox 146 745 1844 817">
     <span class='ocr_line' id='line_1_8' title="bbox 146 745 1844 817; baseline -0.002 -17"><span class='ocrx_word' id='word_1_47' title='bbox 146 762 282 817; x_wconf 72' lang='lat' dir='ltr'>qua:</span> <span class='ocrx_word' id='word_1_48' title='bbox 310 751 395 800; x_wconf 88' lang='lat' dir='ltr'>est</span> <span class='ocrx_word' id='word_1_49' title='bbox 438 747 561 811; x_wconf 70' lang='grc'>432,</span> <span class='ocrx_word' id='word_1_50' title='bbox 610 761 823 816; x_wconf 91' lang='lat' dir='ltr'>eosque</span> <span class='ocrx_word' id='word_1_51' title='bbox 870 745 1058 799; x_wconf 91' lang='lat' dir='ltr'>eidem</span> <span class='ocrx_word' id='word_1_52' title='bbox 1100 745 1433 815; x_wconf 89' lang='lat' dir='ltr'>adjungam,</span> <span class='ocrx_word' id='word_1_53' title='bbox 1471 750 1641 799; x_wconf 89' lang='lat' dir='ltr'>erunt</span> <span class='ocrx_word' id='word_1_54' title='bbox 1688 747 1844 800; x_wconf 93' lang='lat'>3888.</span> 
     </span>
    </p>
   </div>
   <div class='ocr_carea' id='block_1_9' title="bbox 144 833 1847 906">
    <p class='ocr_par' dir='ltr' id='par_1_9' title="bbox 144 833 1847 906">
     <span class='ocr_line' id='line_1_9' title="bbox 144 833 1847 906; baseline -0.001 -18"><span class='ocrx_word' id='word_1_55' title='bbox 144 836 383 906; x_wconf 87' lang='lat' dir='ltr'>Eritque</span> <span class='ocrx_word' id='word_1_56' title='bbox 416 852 481 889; x_wconf 89' lang='lat' dir='ltr'>ea</span> <span class='ocrx_word' id='word_1_57' title='bbox 513 836 553 888; x_wconf 68' lang='grc' dir='ltr'><strong>Υ</strong></span> <span class='ocrx_word' id='word_1_58' title='bbox 582 834 716 888; x_wconf 82' lang='lat' dir='ltr'>trite</span> <span class='ocrx_word' id='word_1_59' title='bbox 752 834 1209 904; x_wconf 87' lang='lat' dir='ltr'>diezeugmenon</span> <span class='ocrx_word' id='word_1_60' title='bbox 1254 833 1534 888; x_wconf 89' lang='lat' dir='ltr'>diatonos.</span> <span class='ocrx_word' id='word_1_61' title='bbox 1568 833 1674 889; x_wconf 87' lang='lat' dir='ltr'>Sed</span> <span class='ocrx_word' id='word_1_62' title='bbox 1707 850 1847 905; x_wconf 86' lang='lat' dir='ltr'>quo-</span> 
     </span>
    </p>
   </div>
   <div class='ocr_carea' id='block_1_10' title="bbox 144 923 1846 995">
    <p class='ocr_par' dir='ltr' id='par_1_10' title="bbox 144 923 1846 995">
     <span class='ocr_line' id='line_1_10' title="bbox 144 923 1846 995; baseline -0.001 -17"><span class='ocrx_word' id='word_1_63' title='bbox 144 925 306 978; x_wconf 87' lang='lat' dir='ltr'>niam</span> <span class='ocrx_word' id='word_1_64' title='bbox 363 930 493 979; x_wconf 87' lang='lat' dir='ltr'>nete</span> <span class='ocrx_word' id='word_1_65' title='bbox 547 925 965 995; x_wconf 89' lang='lat' dir='ltr'>dizeugmenon</span> <span class='ocrx_word' id='word_1_66' title='bbox 1015 925 1085 978; x_wconf 90' lang='lat' dir='ltr'>ad</span> <span class='ocrx_word' id='word_1_67' title='bbox 1137 940 1476 994; x_wconf 84' lang='lat' dir='ltr'>paramesen</span> <span class='ocrx_word' id='word_1_68' title='bbox 1538 923 1846 994; x_wconf 89' lang='lat' dir='ltr'>sesquiter-</span> 
     </span>
    </p>
   </div>
   <div class='ocr_carea' id='block_1_11' title="bbox 144 1012 1848 1085">
    <p class='ocr_par' dir='ltr' id='par_1_11' title="bbox 144 1012 1848 1085">
     <span class='ocr_line' id='line_1_11' title="bbox 144 1012 1848 1085; baseline -0.001 -18"><span class='ocrx_word' id='word_1_69' title='bbox 144 1015 293 1068; x_wconf 89' lang='lat' dir='ltr'>tiam</span> <span class='ocrx_word' id='word_1_70' title='bbox 350 1013 651 1069; x_wconf 80' lang='lat' dir='ltr'>obtinebat</span> <span class='ocrx_word' id='word_1_71' title='bbox 704 1013 1160 1085; x_wconf 86' lang='lat' dir='ltr'>proportionem,</span> <span class='ocrx_word' id='word_1_72' title='bbox 1196 1014 1328 1067; x_wconf 89' lang='lat' dir='ltr'>trite</span> <span class='ocrx_word' id='word_1_73' title='bbox 1381 1017 1573 1067; x_wconf 90' lang='lat' dir='ltr'>autem</span> <span class='ocrx_word' id='word_1_74' title='bbox 1626 1012 1848 1067; x_wconf 82' lang='lat' dir='ltr'>diezeu-</span> 
     </span>
    </p>
   </div>
   <div class='ocr_carea' id='block_1_12' title="bbox 144 1102 1848 1175">
    <p class='ocr_par' dir='ltr' id='par_1_12' title="bbox 144 1102 1848 1175">
     <span class='ocr_line' id='line_1_12' title="bbox 144 1102 1848 1175; baseline -0.002 -17"><span class='ocrx_word' id='word_1_75' title='bbox 144 1120 400 1175; x_wconf 91' lang='lat' dir='ltr'>gmenon</span> <span class='ocrx_word' id='word_1_76' title='bbox 454 1104 718 1158; x_wconf 90' lang='lat' dir='ltr'>diatonos</span> <span class='ocrx_word' id='word_1_77' title='bbox 769 1119 801 1157; x_wconf 91' lang='lat' dir='ltr'>a</span> <span class='ocrx_word' id='word_1_78' title='bbox 844 1108 973 1157; x_wconf 91' lang='lat' dir='ltr'>nete</span> <span class='ocrx_word' id='word_1_79' title='bbox 1020 1103 1439 1172; x_wconf 84' lang='lat' dir='ltr'>dizeugmenon</span> <span class='ocrx_word' id='word_1_80' title='bbox 1498 1102 1641 1155; x_wconf 92' lang='lat' dir='ltr'>duos</span> <span class='ocrx_word' id='word_1_81' title='bbox 1681 1105 1848 1155; x_wconf 90' lang='lat' dir='ltr'>tonos</span> 
     </span>
    </p>
   </div>
   <div class='ocr_carea' id='block_1_13' title="bbox 144 1191 1851 1262">
    <p class='ocr_par' dir='ltr' id='par_1_13' title="bbox 144 1191 1851 1262">
     <span class='ocr_line' id='line_1_13' title="bbox 144 1191 1851 1262; baseline -0.001 -16"><span class='ocrx_word' id='word_1_82' title='bbox 144 1194 333 1260; x_wconf 89' lang='lat' dir='ltr'>abest,</span> <span class='ocrx_word' id='word_1_83' title='bbox 365 1192 752 1247; x_wconf 90' lang='lat' dir='ltr'>continebitur</span> <span class='ocrx_word' id='word_1_84' title='bbox 783 1192 933 1247; x_wconf 91' lang='lat' dir='ltr'>inter</span> <span class='ocrx_word' id='word_1_85' title='bbox 964 1192 1137 1246; x_wconf 90' lang='lat' dir='ltr'>triten</span> <span class='ocrx_word' id='word_1_86' title='bbox 1170 1191 1624 1262; x_wconf 83' lang='lat' dir='ltr'>diezeugmenon</span> <span class='ocrx_word' id='word_1_87' title='bbox 1665 1193 1723 1245; x_wconf 91' lang='lat' dir='ltr'>et</span> <span class='ocrx_word' id='word_1_88' title='bbox 1750 1206 1851 1261; x_wconf 90' lang='lat' dir='ltr'>pa-</span> 
     </span>
    </p>
   </div>
   <div class='ocr_carea' id='block_1_14' title="bbox 142 1280 1849 1351">
    <p class='ocr_par' dir='ltr' id='par_1_14' title="bbox 142 1280 1849 1351">
     <span class='ocr_line' id='line_1_14' title="bbox 142 1280 1849 1351; baseline -0.002 -14"><span class='ocrx_word' id='word_1_89' title='bbox 142 1300 413 1338; x_wconf 85' lang='lat' dir='ltr'>ramesen</span> <span class='ocrx_word' id='word_1_90' title='bbox 447 1282 816 1336; x_wconf 89' lang='lat' dir='ltr'>semitonium</span> <span class='ocrx_word' id='word_1_91' title='bbox 860 1281 1074 1336; x_wconf 89' lang='lat' dir='ltr'>minus.</span> <span class='ocrx_word' id='word_1_92' title='bbox 1117 1281 1480 1335; x_wconf 89' lang='lat' dir='ltr'>Diatonicum</span> <span class='ocrx_word' id='word_1_93' title='bbox 1528 1280 1705 1350; x_wconf 79' lang='lat' dir='ltr'>igitur</span> <span class='ocrx_word' id='word_1_94' title='bbox 1745 1296 1849 1351; x_wconf 90' lang='lat' dir='ltr'>ge-</span> 
     </span>
    </p>
   </div>
   <div class='ocr_carea' id='block_1_15' title="bbox 144 1367 1851 1443">
    <p class='ocr_par' dir='ltr' id='par_1_15' title="bbox 144 1367 1851 1443">
     <span class='ocr_line' id='line_1_15' title="bbox 144 1367 1851 1443; baseline -0.004 -16"><span class='ocrx_word' id='word_1_95' title='bbox 144 1388 281 1439; x_wconf 91' lang='lat' dir='ltr'>nus,</span> <span class='ocrx_word' id='word_1_96' title='bbox 316 1374 374 1426; x_wconf 89' lang='lat' dir='ltr'>in</span> <span class='ocrx_word' id='word_1_97' title='bbox 414 1372 523 1427; x_wconf 91' lang='lat' dir='ltr'>hoc</span> <span class='ocrx_word' id='word_1_98' title='bbox 555 1387 782 1443; x_wconf 91' lang='lat' dir='ltr'>quoque</span> <span class='ocrx_word' id='word_1_99' title='bbox 830 1370 1191 1425; x_wconf 88' lang='lat' dir='ltr'>tetrachordo</span> <span class='ocrx_word' id='word_1_100' title='bbox 1241 1386 1306 1424; x_wconf 89' lang='lat' dir='ltr'>ac</span> <span class='ocrx_word' id='word_1_101' title='bbox 1352 1369 1741 1440; x_wconf 89' lang='lat' dir='ltr'>pentachordo</span> <span class='ocrx_word' id='word_1_102' title='bbox 1770 1367 1851 1421; x_wconf 90' lang='lat' dir='ltr'>ita</span> 
     </span>
    </p>
   </div>
   <div class='ocr_carea' id='block_1_16' title="bbox 144 1457 1849 1533">
    <p class='ocr_par' dir='ltr' id='par_1_16' title="bbox 144 1457 1849 1533">
     <span class='ocr_line' id='line_1_16' title="bbox 144 1457 1849 1533; baseline -0.004 -17"><span class='ocrx_word' id='word_1_103' title='bbox 144 1463 441 1533; x_wconf 76' lang='lat' dir='ltr'>expletum</span> <span class='ocrx_word' id='word_1_104' title='bbox 503 1467 607 1529; x_wconf 91' lang='lat' dir='ltr'>est,</span> <span class='ocrx_word' id='word_1_105' title='bbox 672 1466 733 1515; x_wconf 91' lang='lat' dir='ltr'>ut</span> <span class='ocrx_word' id='word_1_106' title='bbox 788 1460 1138 1515; x_wconf 84' lang='lat' dir='ltr'>tetrachordi</span> <span class='ocrx_word' id='word_1_107' title='bbox 1199 1459 1432 1530; x_wconf 91' lang='lat' dir='ltr'>quidem</span> <span class='ocrx_word' id='word_1_108' title='bbox 1489 1459 1634 1528; x_wconf 87' lang='lat' dir='ltr'>ejus,</span> <span class='ocrx_word' id='word_1_109' title='bbox 1694 1457 1849 1528; x_wconf 91' lang='lat' dir='ltr'>quod</span> 
     </span>
    </p>
   </div>
   <div class='ocr_carea' id='block_1_17' title="bbox 146 1547 1850 1621">
    <p class='ocr_par' dir='ltr' id='par_1_17' title="bbox 146 1547 1850 1621">
     <span class='ocr_line' id='line_1_17' title="bbox 146 1547 1850 1621; baseline -0.004 -17"><span class='ocrx_word' id='word_1_110' title='bbox 146 1559 234 1605; x_wconf 90' lang='lat' dir='ltr'>est</span> <span class='ocrx_word' id='word_1_111' title='bbox 279 1558 443 1605; x_wconf 89' lang='lat' dir='ltr'>netes</span> <span class='ocrx_word' id='word_1_112' title='bbox 491 1552 944 1621; x_wconf 81' lang='lat' dir='ltr'>diezeugmenon</span> <span class='ocrx_word' id='word_1_113' title='bbox 992 1550 1059 1604; x_wconf 90' lang='lat' dir='ltr'>ad</span> <span class='ocrx_word' id='word_1_114' title='bbox 1106 1564 1461 1619; x_wconf 87' lang='lat' dir='ltr'>paramesen,</span> <span class='ocrx_word' id='word_1_115' title='bbox 1499 1547 1850 1601; x_wconf 86' lang='lat' dir='ltr'>diatessaron</span> 
     </span>
    </p>
   </div>
   <div class='ocr_carea' id='block_1_18' title="bbox 144 1637 1931 1731">
    <p class='ocr_par' dir='ltr' id='par_1_18' title="bbox 144 1637 1931 1731">
     <span class='ocr_line' id='line_1_18' title="bbox 144 1637 1931 1731; baseline -0.004 -36"><span class='ocrx_word' id='word_1_116' title='bbox 144 1642 524 1695; x_wconf 87' lang='lat' dir='ltr'>consonantia</span> <span class='ocrx_word' id='word_1_117' title='bbox 557 1641 645 1694; x_wconf 85' lang='lat' dir='ltr'>sit.</span> <span class='ocrx_word' id='word_1_118' title='bbox 688 1639 1066 1695; x_wconf 89' lang='lat' dir='ltr'>Pentachordi</span> <span class='ocrx_word' id='word_1_119' title='bbox 1097 1654 1231 1691; x_wconf 90' lang='lat' dir='ltr'>vero</span> <span class='ocrx_word' id='word_1_120' title='bbox 1276 1637 1397 1707; x_wconf 91' lang='lat' dir='ltr'>ejus</span> <span class='ocrx_word' id='word_1_121' title='bbox 1438 1637 1588 1707; x_wconf 91' lang='lat' dir='ltr'>quod</span> <span class='ocrx_word' id='word_1_122' title='bbox 1630 1642 1716 1690; x_wconf 90' lang='lat' dir='ltr'>est</span> <span class='ocrx_word' id='word_1_123' title='bbox 1759 1651 1853 1688; x_wconf 91' lang='lat' dir='ltr'>ne-</span> <span class='ocrx_word' id='word_1_124' title='bbox 1891 1677 1931 1731; x_wconf 76' lang='grc' dir='ltr'>Β</span> 
     </span>
    </p>
   </div>
   <div class='ocr_carea' id='block_1_19' title="bbox 145 1724 1847 1801">
    <p class='ocr_par' dir='ltr' id='par_1_19' title="bbox 145 1724 1847 1801">
     <span class='ocr_line' id='line_1_19' title="bbox 145 1724 1847 1801; baseline -0.004 -17"><span class='ocrx_word' id='word_1_125' title='bbox 145 1736 228 1785; x_wconf 87' lang='lat' dir='ltr'>tes</span> <span class='ocrx_word' id='word_1_126' title='bbox 280 1730 739 1801; x_wconf 88' lang='lat' dir='ltr'>diezeugmenon</span> <span class='ocrx_word' id='word_1_127' title='bbox 788 1728 858 1783; x_wconf 90' lang='lat' dir='ltr'>ad</span> <span class='ocrx_word' id='word_1_128' title='bbox 916 1744 1132 1796; x_wconf 89' lang='lat' dir='ltr'>mesen,</span> <span class='ocrx_word' id='word_1_129' title='bbox 1187 1727 1453 1798; x_wconf 90' lang='lat' dir='ltr'>diapente</span> <span class='ocrx_word' id='word_1_130' title='bbox 1512 1724 1586 1780; x_wconf 90' lang='lat' dir='ltr'>sit</span> <span class='ocrx_word' id='word_1_131' title='bbox 1644 1741 1847 1779; x_wconf 88' lang='lat' dir='ltr'>conso-</span> 
     </span>
    </p>
   </div>
   <div class='ocr_carea' id='block_1_20' title="bbox 145 1822 368 1875">
    <p class='ocr_par' dir='ltr' id='par_1_20' title="bbox 145 1822 368 1875">
     <span class='ocr_line' id='line_1_20' title="bbox 145 1822 368 1875; baseline 0.004 -1"><span class='ocrx_word' id='word_1_132' title='bbox 145 1822 368 1875; x_wconf 83' lang='lat' dir='ltr'>nantia.</span> 
     </span>
    </p>
   </div>
   <div class='ocr_carea' id='block_1_21' title="bbox 319 2485 1662 3949">
    <p class='ocr_par' dir='ltr' id='par_1_21' title="bbox 320 2555 1628 3939">
     <span class='ocr_line' id='line_1_21' title="bbox 699 2555 1155 2595; baseline 0.033 -15"><span class='ocrx_word' id='word_1_133' title='bbox 699 2555 736 2589; x_wconf 64' lang='grc' dir='ltr'>..ι</span> <span class='ocrx_word' id='word_1_134' title='bbox 808 2574 1035 2592; x_wconf 44' lang='grc' dir='ltr'>,ρ-χ</span> <span class='ocrx_word' id='word_1_135' title='bbox 1079 2556 1155 2595; x_wconf 65' lang='grc' dir='ltr'>⁸⁸η.</span> 
     </span>
     <span class='ocr_line' id='line_1_22' title="bbox 537 2588 1238 2713; baseline -0.061 0"><span class='ocrx_word' id='word_1_136' title='bbox 537 2588 792 2713; x_wconf 81' lang='lat'><em>/</em></span> <span class='ocrx_word' id='word_1_137' title='bbox 870 2598 993 2652; x_wconf 60' lang='lat' dir='ltr'>wh</span> <span class='ocrx_word' id='word_1_138' title='bbox 1039 2590 1088 2607; x_wconf 34' lang='grc' dir='ltr'>Χ</span> <span class='ocrx_word' id='word_1_139' title='bbox 1133 2588 1238 2647; x_wconf 44' lang='grc' dir='ltr'>(Ἢ</span> 
     </span>
     <span class='ocr_line' id='line_1_23' title="bbox 360 2561 1535 2857; baseline -0.036 -18"><span class='ocrx_word' id='word_1_140' title='bbox 360 2561 629 2857; x_wconf 47' lang='grc' dir='ltr'><em>ί</em></span> <span class='ocrx_word' id='word_1_141' title='bbox 887 2695 1139 2785; x_wconf 45' lang='lat' dir='ltr'>vitm“</span> <span class='ocrx_word' id='word_1_142' title='bbox 1494 2731 1535 2788; x_wconf 66' lang='grc' dir='ltr'><em>ε</em></span> 
     </span>
     <span class='ocr_line' id='line_1_24' title="bbox 343 2762 1602 2949; baseline 0.009 -51"><span class='ocrx_word' id='word_1_143' title='bbox 343 2813 443 2900; x_wconf 70' lang='lat' dir='ltr'>i/</span> <span class='ocrx_word' id='word_1_144' title='bbox 1084 2762 1438 2949; x_wconf 31' lang='grc' dir='ltr'>Ν</span> <span class='ocrx_word' id='word_1_145' title='bbox 1516 2790 1602 2902; x_wconf 42' lang='lat' dir='ltr'>se;</span> 
     </span>
     <span class='ocr_line' id='line_1_25' title="bbox 330 2768 1628 3095; baseline 0.022 -144"><span class='ocrx_word' id='word_1_146' title='bbox 330 2914 349 2953; x_wconf 85' lang='lat'>.&#39;</span> <span class='ocrx_word' id='word_1_147' title='bbox 381 2906 399 2946; x_wconf 78' lang='grc' dir='ltr'>ι’</span> <span class='ocrx_word' id='word_1_148' title='bbox 785 2768 1086 3095; x_wconf 44' lang='lat' dir='ltr'>ﬂ“.</span> <span class='ocrx_word' id='word_1_149' title='bbox 1172 2950 1307 2998; x_wconf 49' lang='lat' dir='ltr'>“ML</span> 
     </span>
     <span class='ocr_line' id='line_1_26' title="bbox 362 2948 1617 3081; baseline 0.028 -59"><span class='ocrx_word' id='word_1_150' title='bbox 362 2948 385 3081; x_wconf 47' lang='grc' dir='ltr'><em>ί</em></span> <span class='ocrx_word' id='word_1_151' title='bbox 892 3001 939 3036; x_wconf 60' lang='lat'>1.&quot;</span> <span class='ocrx_word' id='word_1_152' title='bbox 1120 3023 1371 3069; x_wconf 53' lang='lat' dir='ltr'>“uenia”</span> <span class='ocrx_word' id='word_1_153' title='bbox 1583 2984 1617 3056; x_wconf 51' lang='lat' dir='ltr'>Iv</span> 
     </span>
     <span class='ocr_line' id='line_1_27' title="bbox 320 2958 1457 3274; baseline -0.033 0"><span class='ocrx_word' id='word_1_154' title='bbox 320 2958 501 3274; x_wconf 21' lang='grc' dir='ltr'>μ’</span> <span class='ocrx_word' id='word_1_155' title='bbox 594 3185 677 3219; x_wconf 62' lang='grc' dir='ltr'>ιω</span> <span class='ocrx_word' id='word_1_156' title='bbox 767 3125 949 3221; x_wconf 49' lang='grc' dir='ltr'>⁴“ἷὲἶ</span> <span class='ocrx_word' id='word_1_157' title='bbox 1059 3138 1106 3205; x_wconf 55' lang='grc' dir='ltr'>’ς</span> <span class='ocrx_word' id='word_1_158' title='bbox 1201 3113 1457 3199; x_wconf 48' lang='grc' dir='ltr'>*ᾗ</span> 
     </span>
     <span class='ocr_line' id='line_1_28' title="bbox 332 3196 1374 3313; baseline 0.031 -18"><span class='ocrx_word' id='word_1_159' title='bbox 332 3196 945 3313; x_wconf 48' lang='grc' dir='ltr'>,ζζέ-Ἷζῖῌτο</span> 
     </span>
     <span class='ocr_line' id='line_1_29' title="bbox 326 3300 1549 3445; baseline 0.026 -96"><span class='ocrx_word' id='word_1_160' title='bbox 326 3300 345 3445; x_wconf 64' lang='lat'><strong>\</strong></span> <span class='ocrx_word' id='word_1_161' title='bbox 649 3308 902 3370; x_wconf 14' lang='lat' dir='ltr'>\honitomr‘u</span> <span class='ocrx_word' id='word_1_162' title='bbox 934 3331 1073 3369; x_wconf 65' lang='lat' dir='ltr'>To&#39;u:</span> <span class='ocrx_word' id='word_1_163' title='bbox 1176 3333 1326 3378; x_wconf 63' lang='lat' dir='ltr'>Tantis</span> <span class='ocrx_word' id='word_1_164' title='bbox 1536 3305 1549 3333; x_wconf 42' lang='grc' dir='ltr'>ι</span> 
     </span>
     <span class='ocr_line' id='line_1_30' title="bbox 660 3371 935 3505; baseline 0.018 -42"><span class='ocrx_word' id='word_1_165' title='bbox 660 3371 732 3505; x_wconf 72' lang='lat'>\</span> <span class='ocrx_word' id='word_1_166' title='bbox 780 3424 935 3468; x_wconf 65' lang='lat' dir='ltr'>[animi</span> 
     </span>
     <span class='ocr_line' id='line_1_31' title="bbox 339 3449 1189 3595; baseline 0.026 -49"><span class='ocrx_word' id='word_1_167' title='bbox 339 3449 381 3579; x_wconf 75' lang='lat'><strong>\</strong></span> <span class='ocrx_word' id='word_1_168' title='bbox 521 3506 619 3564; x_wconf 61' lang='grc' dir='ltr'>ξδίι</span> <span class='ocrx_word' id='word_1_169' title='bbox 733 3506 1043 3595; x_wconf 49' lang='lat' dir='ltr'>\ﬁmrml‘o</span> <span class='ocrx_word' id='word_1_170' title='bbox 1082 3518 1189 3570; x_wconf 56' lang='lat' dir='ltr'>aut“</span> 
     </span>
     <span class='ocr_line' id='line_1_32' title="bbox 379 3586 1281 3739; baseline 0.024 -142"><span class='ocrx_word' id='word_1_171' title='bbox 379 3586 480 3739; x_wconf 85' lang='lat'><strong>\</strong></span> <span class='ocrx_word' id='word_1_172' title='bbox 836 3586 1073 3685; x_wconf 29' lang='grc' dir='ltr'>,Ἢ-</span> <span class='ocrx_word' id='word_1_173' title='bbox 1102 3588 1240 3621; x_wconf 62' lang='lat' dir='ltr'>tamen</span> <span class='ocrx_word' id='word_1_174' title='bbox 1269 3588 1281 3599; x_wconf 88' lang='lat'>&#39;</span> 
     </span>
     <span class='ocr_line' id='line_1_33' title="bbox 483 3654 1343 3833; baseline -0.043 -1"><span class='ocrx_word' id='word_1_175' title='bbox 483 3745 583 3833; x_wconf 50' lang='grc' dir='ltr'>’Χ</span> <span class='ocrx_word' id='word_1_176' title='bbox 1090 3654 1343 3793; x_wconf 49' lang='grc' dir='ltr'>’κητνθβ</span> 
     </span>
     <span class='ocr_line' id='line_1_34' title="bbox 590 3792 1111 3939; baseline 0.058 -71"><span class='ocrx_word' id='word_1_177' title='bbox 590 3792 909 3939; x_wconf 30' lang='lat' dir='ltr'>VS)th</span> <span class='ocrx_word' id='word_1_178' title='bbox 1106 3896 1111 3897; x_wconf 60' lang='lat'>,</span> 
     </span>
    </p>
   </div>
   <div class='ocr_carea' id='block_1_22' title="bbox 143 4583 1857 4659">
    <p class='ocr_par' dir='ltr' id='par_1_22' title="bbox 143 4583 1857 4659">
     <span class='ocr_line' id='line_1_35' title="bbox 143 4583 1857 4659; baseline 0.004 -21"><span class='ocrx_word' id='word_1_179' title='bbox 143 4583 611 4639; x_wconf 83' lang='lat' dir='ltr'>Enharmonium</span> <span class='ocrx_word' id='word_1_180' title='bbox 647 4600 783 4639; x_wconf 87' lang='lat' dir='ltr'>vero</span> <span class='ocrx_word' id='word_1_181' title='bbox 837 4588 1009 4657; x_wconf 88' lang='lat' dir='ltr'>atque</span> <span class='ocrx_word' id='word_1_182' title='bbox 1058 4586 1471 4642; x_wconf 89' lang='lat' dir='ltr'>chromaticum</span> <span class='ocrx_word' id='word_1_183' title='bbox 1524 4603 1704 4659; x_wconf 90' lang='lat' dir='ltr'>genus</span> <span class='ocrx_word' id='word_1_184' title='bbox 1750 4589 1857 4645; x_wconf 91' lang='lat' dir='ltr'>hac</span> 
     </span>
    </p>
   </div>
   <div class='ocr_carea' id='block_1_23' title="bbox 142 4673 1855 4749">
    <p class='ocr_par' dir='ltr' id='par_1_23' title="bbox 142 4673 1855 4749">
     <span class='ocr_line' id='line_1_36' title="bbox 142 4673 1855 4749; baseline 0.004 -22"><span class='ocrx_word' id='word_1_185' title='bbox 142 4673 380 4727; x_wconf 87' lang='lat' dir='ltr'>ratione</span> <span class='ocrx_word' id='word_1_186' title='bbox 432 4679 739 4729; x_wconf 82' lang='lat' dir='ltr'>texemns:</span> <span class='ocrx_word' id='word_1_187' title='bbox 787 4674 960 4729; x_wconf 91' lang='lat' dir='ltr'>Sumo</span> <span class='ocrx_word' id='word_1_188' title='bbox 1004 4676 1332 4732; x_wconf 86' lang='lat' dir='ltr'>distantiam</span> <span class='ocrx_word' id='word_1_189' title='bbox 1380 4682 1539 4732; x_wconf 89' lang='lat' dir='ltr'>netes</span> <span class='ocrx_word' id='word_1_190' title='bbox 1586 4682 1642 4732; x_wconf 90' lang='lat' dir='ltr'>et</span> <span class='ocrx_word' id='word_1_191' title='bbox 1688 4694 1855 4749; x_wconf 87' lang='lat' dir='ltr'>para-</span> 
     </span>
    </p>
   </div>
   <div class='ocr_carea' id='block_1_24' title="bbox 142 4762 1859 4835">
    <p class='ocr_par' dir='ltr' id='par_1_24' title="bbox 142 4762 1859 4835">
     <span class='ocr_line' id='line_1_37' title="bbox 142 4762 1859 4835; baseline 0.003 -19"><span class='ocrx_word' id='word_1_192' title='bbox 142 4768 315 4816; x_wconf 88' lang='lat' dir='ltr'>netes</span> <span class='ocrx_word' id='word_1_193' title='bbox 352 4762 803 4833; x_wconf 89' lang='lat' dir='ltr'>diezeugmenon</span> <span class='ocrx_word' id='word_1_194' title='bbox 834 4766 1074 4834; x_wconf 90' lang='lat' dir='ltr'>diatoni,</span> <span class='ocrx_word' id='word_1_195' title='bbox 1108 4767 1165 4822; x_wconf 91' lang='lat' dir='ltr'>id</span> <span class='ocrx_word' id='word_1_196' title='bbox 1205 4772 1291 4821; x_wconf 89' lang='lat' dir='ltr'>est</span> <span class='ocrx_word' id='word_1_197' title='bbox 1330 4769 1467 4822; x_wconf 80' lang='lat'><strong>3072</strong></span> <span class='ocrx_word' id='word_1_198' title='bbox 1498 4771 1556 4821; x_wconf 92' lang='lat' dir='ltr'>et</span> <span class='ocrx_word' id='word_1_199' title='bbox 1584 4768 1741 4835; x_wconf 81' lang='grc'>3456,</span> <span class='ocrx_word' id='word_1_200' title='bbox 1776 4770 1859 4821; x_wconf 89' lang='lat' dir='ltr'>est</span> 
     </span>
    </p>
   </div>
   <div class='ocr_carea' id='block_1_25' title="bbox 142 4851 1859 4924">
    <p class='ocr_par' dir='ltr' id='par_1_25' title="bbox 142 4851 1859 4924">
     <span class='ocr_line' id='line_1_38' title="bbox 142 4851 1859 4924; baseline 0.002 -17"><span class='ocrx_word' id='word_1_201' title='bbox 142 4868 360 4907; x_wconf 88' lang='lat' dir='ltr'>eorum</span> <span class='ocrx_word' id='word_1_202' title='bbox 393 4851 718 4907; x_wconf 72' lang='lat' dir='ltr'>differentia</span> <span class='ocrx_word' id='word_1_203' title='bbox 747 4855 889 4924; x_wconf 66' lang='lat'>384;</span> <span class='ocrx_word' id='word_1_204' title='bbox 924 4855 1069 4909; x_wconf 89' lang='lat' dir='ltr'>hanc</span> <span class='ocrx_word' id='word_1_205' title='bbox 1098 4855 1311 4924; x_wconf 90' lang='lat' dir='ltr'>divido,</span> <span class='ocrx_word' id='word_1_206' title='bbox 1344 4861 1512 4910; x_wconf 90' lang='lat' dir='ltr'>erunt</span> <span class='ocrx_word' id='word_1_207' title='bbox 1552 4858 1679 4923; x_wconf 78' lang='lat' dir='ltr'><strong>l92;</strong></span> <span class='ocrx_word' id='word_1_208' title='bbox 1710 4855 1859 4910; x_wconf 90' lang='lat' dir='ltr'>hanc</span> 
     </span>
    </p>
   </div>
   <div class='ocr_carea' id='block_1_26' title="bbox 141 4942 1859 5015">
    <p class='ocr_par' dir='ltr' id='par_1_26' title="bbox 141 4942 1859 5015">
     <span class='ocr_line' id='line_1_39' title="bbox 141 4942 1859 5015; baseline 0.003 -21"><span class='ocrx_word' id='word_1_209' title='bbox 141 4942 190 4994; x_wconf 91' lang='lat' dir='ltr'>si</span> <span class='ocrx_word' id='word_1_210' title='bbox 221 4956 456 4994; x_wconf 88' lang='lat' dir='ltr'>sumam</span> <span class='ocrx_word' id='word_1_211' title='bbox 491 4947 543 4995; x_wconf 91' lang='lat' dir='ltr'>et</span> <span class='ocrx_word' id='word_1_212' title='bbox 576 4942 627 4995; x_wconf 92' lang='lat' dir='ltr'>ei</span> <span class='ocrx_word' id='word_1_213' title='bbox 659 4959 788 5013; x_wconf 62' lang='lat' dir='ltr'>qua</span> <span class='ocrx_word' id='word_1_214' title='bbox 834 4948 917 4997; x_wconf 90' lang='lat' dir='ltr'>est</span> <span class='ocrx_word' id='word_1_215' title='bbox 954 4950 1226 5014; x_wconf 80' lang='lat' dir='ltr'>paranete</span> <span class='ocrx_word' id='word_1_216' title='bbox 1259 4944 1713 5015; x_wconf 89' lang='lat' dir='ltr'>diezeugmenon</span> <span class='ocrx_word' id='word_1_217' title='bbox 1743 4945 1859 4999; x_wconf 90' lang='lat' dir='ltr'>dia-</span> 
     </span>
    </p>
   </div>
   <div class='ocr_carea' id='block_1_27' title="bbox 141 5031 1861 5102">
    <p class='ocr_par' dir='ltr' id='par_1_27' title="bbox 141 5031 1861 5102">
     <span class='ocr_line' id='line_1_40' title="bbox 141 5031 1861 5102; baseline 0.001 -17"><span class='ocrx_word' id='word_1_218' title='bbox 141 5036 323 5085; x_wconf 87' lang='lat' dir='ltr'>tonos</span> <span class='ocrx_word' id='word_1_219' title='bbox 375 5031 707 5102; x_wconf 88' lang='lat' dir='ltr'>adjungam,</span> <span class='ocrx_word' id='word_1_220' title='bbox 759 5032 818 5086; x_wconf 93' lang='lat' dir='ltr'>id</span> <span class='ocrx_word' id='word_1_221' title='bbox 860 5038 942 5087; x_wconf 90' lang='lat' dir='ltr'>est</span> <span class='ocrx_word' id='word_1_222' title='bbox 1001 5035 1160 5096; x_wconf 82' lang='grc'>3456,</span> <span class='ocrx_word' id='word_1_223' title='bbox 1212 5034 1351 5088; x_wconf 80' lang='lat' dir='ltr'>fient</span> <span class='ocrx_word' id='word_1_224' title='bbox 1384 5035 1543 5101; x_wconf 79' lang='grc'>3648,</span> <span class='ocrx_word' id='word_1_225' title='bbox 1588 5034 1707 5088; x_wconf 71' lang='lat' dir='ltr'>haec</span> <span class='ocrx_word' id='word_1_226' title='bbox 1751 5034 1861 5088; x_wconf 88' lang='lat' dir='ltr'>erit</span> 
     </span>
    </p>
   </div>
   <div class='ocr_carea' id='block_1_28' title="bbox 141 5120 1859 5193">
    <p class='ocr_par' dir='ltr' id='par_1_28' title="bbox 141 5120 1859 5193">
     <span class='ocr_line' id='line_1_41' title="bbox 141 5120 1859 5193; baseline 0.001 -18"><span class='ocrx_word' id='word_1_227' title='bbox 141 5124 435 5191; x_wconf 87' lang='lat' dir='ltr'>paranete</span> <span class='ocrx_word' id='word_1_228' title='bbox 491 5120 917 5190; x_wconf 91' lang='lat' dir='ltr'>dizeugmenon</span> <span class='ocrx_word' id='word_1_229' title='bbox 976 5122 1339 5189; x_wconf 90' lang='lat' dir='ltr'>chromatica,</span> <span class='ocrx_word' id='word_1_230' title='bbox 1402 5124 1486 5178; x_wconf 89' lang='lat' dir='ltr'>BB</span> <span class='ocrx_word' id='word_1_231' title='bbox 1550 5122 1859 5193; x_wconf 89' lang='lat' dir='ltr'>geminatis</span> 
     </span>
    </p>
   </div>
   <div class='ocr_carea' id='block_1_29' title="bbox 142 5209 1862 5283">
    <p class='ocr_par' dir='ltr' id='par_1_29' title="bbox 142 5209 1862 5283">
     <span class='ocr_line' id='line_1_42' title="bbox 142 5209 1862 5283; baseline 0.001 -18"><span class='ocrx_word' id='word_1_232' title='bbox 142 5209 362 5265; x_wconf 85' lang='lat' dir='ltr'>litteris</span> <span class='ocrx_word' id='word_1_233' title='bbox 392 5210 664 5264; x_wconf 85' lang='lat' dir='ltr'>adnotata</span> <span class='ocrx_word' id='word_1_234' title='bbox 692 5213 722 5256; x_wconf 83' lang='lat' dir='ltr'>b</span> <span class='ocrx_word' id='word_1_235' title='bbox 750 5210 966 5265; x_wconf 86' lang='lat' dir='ltr'>distans</span> <span class='ocrx_word' id='word_1_236' title='bbox 992 5216 1120 5267; x_wconf 91' lang='lat' dir='ltr'>nete</span> <span class='ocrx_word' id='word_1_237' title='bbox 1142 5211 1599 5283; x_wconf 85' lang='lat' dir='ltr'>diezeugmenon</span> <span class='ocrx_word' id='word_1_238' title='bbox 1634 5218 1772 5267; x_wconf 93' lang='lat' dir='ltr'>tono</span> <span class='ocrx_word' id='word_1_239' title='bbox 1805 5216 1862 5267; x_wconf 91' lang='lat' dir='ltr'>et</span> 
     </span>
    </p>
   </div>
   <div class='ocr_carea' id='block_1_30' title="bbox 142 5298 1863 5370">
    <p class='ocr_par' dir='ltr' id='par_1_30' title="bbox 142 5298 1863 5370">
     <span class='ocr_line' id='line_1_43' title="bbox 142 5298 1863 5370; baseline 0.002 -17"><span class='ocrx_word' id='word_1_240' title='bbox 142 5298 486 5365; x_wconf 86' lang='lat' dir='ltr'>semitonio,</span> <span class='ocrx_word' id='word_1_241' title='bbox 517 5299 575 5353; x_wconf 93' lang='lat' dir='ltr'>id</span> <span class='ocrx_word' id='word_1_242' title='bbox 604 5303 689 5353; x_wconf 88' lang='lat' dir='ltr'>est</span> <span class='ocrx_word' id='word_1_243' title='bbox 719 5299 903 5355; x_wconf 89' lang='lat' dir='ltr'>tribus</span> <span class='ocrx_word' id='word_1_244' title='bbox 954 5302 1293 5370; x_wconf 90' lang='lat' dir='ltr'>semitoniis,</span> <span class='ocrx_word' id='word_1_245' title='bbox 1327 5301 1627 5356; x_wconf 91' lang='lat' dir='ltr'>continens</span> <span class='ocrx_word' id='word_1_246' title='bbox 1657 5302 1726 5357; x_wconf 91' lang='lat' dir='ltr'>ad</span> <span class='ocrx_word' id='word_1_247' title='bbox 1765 5302 1863 5357; x_wconf 89' lang='lat' dir='ltr'>tri-</span> 
     </span>
    </p>
   </div>
   <div class='ocr_carea' id='block_1_31' title="bbox 141 5388 1859 5464">
    <p class='ocr_par' dir='ltr' id='par_1_31' title="bbox 141 5388 1859 5464">
     <span class='ocr_line' id='line_1_44' title="bbox 141 5388 1859 5464; baseline -0.001 -17"><span class='ocrx_word' id='word_1_248' title='bbox 141 5395 247 5447; x_wconf 85' lang='lat' dir='ltr'>ten</span> <span class='ocrx_word' id='word_1_249' title='bbox 278 5388 745 5460; x_wconf 85' lang='lat' dir='ltr'>diezeugmenon</span> <span class='ocrx_word' id='word_1_250' title='bbox 784 5391 1005 5447; x_wconf 88' lang='lat' dir='ltr'>dudum</span> <span class='ocrx_word' id='word_1_251' title='bbox 1036 5392 1271 5464; x_wconf 88' lang='lat' dir='ltr'>quidem</span> <span class='ocrx_word' id='word_1_252' title='bbox 1299 5390 1664 5448; x_wconf 90' lang='lat' dir='ltr'>diatonicam.</span> <span class='ocrx_word' id='word_1_253' title='bbox 1695 5392 1859 5448; x_wconf 87' lang='lat' dir='ltr'>Nunc</span> 
     </span>
    </p>
   </div>
   <div class='ocr_carea' id='block_1_32' title="bbox 219 5566 1723 5629">
    <p class='ocr_par' dir='ltr' id='par_1_32' title="bbox 219 5566 1723 5629">
     <span class='ocr_line' id='line_1_45' title="bbox 219 5566 1723 5629; baseline 0.003 -8"><span class='ocrx_word' id='word_1_254' title='bbox 219 5575 248 5601; x_wconf 75' lang='grc' dir='ltr'>ι</span> <span class='ocrx_word' id='word_1_255' title='bbox 284 5566 542 5623; x_wconf 78' lang='lat' dir='ltr'>Diatonos</span> <span class='ocrx_word' id='word_1_256' title='bbox 572 5566 789 5625; x_wconf 79' lang='lat' dir='ltr'>duabus</span> <span class='ocrx_word' id='word_1_257' title='bbox 815 5569 897 5627; x_wconf 86' lang='lat' dir='ltr'>CC</span> <span class='ocrx_word' id='word_1_258' title='bbox 924 5569 1145 5626; x_wconf 76' lang='lat' dir='ltr'>litteris.</span> <span class='ocrx_word' id='word_1_259' title='bbox 1222 5572 1252 5618; x_wconf 80' lang='grc' dir='ltr'>ι)</span> <span class='ocrx_word' id='word_1_260' title='bbox 1275 5572 1496 5629; x_wconf 72' lang='lat' dir='ltr'>Distans</span> <span class='ocrx_word' id='word_1_261' title='bbox 1525 5586 1563 5628; x_wconf 88' lang='grc' dir='ltr'><strong><em>α</em></strong></span> <span class='ocrx_word' id='word_1_262' title='bbox 1587 5575 1723 5629; x_wconf 80' lang='lat' dir='ltr'>nete.</span> 
     </span>
    </p>
   </div>
   <div class='ocr_carea' id='block_1_33' title="bbox 1963 480 3654 551">
    <p class='ocr_par' dir='ltr' id='par_1_33' title="bbox 1963 480 3654 551">
     <span class='ocr_line' id='line_1_46' title="bbox 1963 480 3654 551; baseline 0.002 -19"><span class='ocrx_word' id='word_1_263' title='bbox 1963 496 2141 550; x_wconf 81' lang='lat' dir='ltr'>quum</span> <span class='ocrx_word' id='word_1_264' title='bbox 2174 481 2243 533; x_wconf 91' lang='lat' dir='ltr'>ab</span> <span class='ocrx_word' id='word_1_265' title='bbox 2275 495 2343 534; x_wconf 87' lang='lat' dir='ltr'>eo</span> <span class='ocrx_word' id='word_1_266' title='bbox 2371 486 2524 545; x_wconf 90' lang='lat' dir='ltr'>tono,</span> <span class='ocrx_word' id='word_1_267' title='bbox 2563 480 2712 551; x_wconf 91' lang='lat' dir='ltr'>quod</span> <span class='ocrx_word' id='word_1_268' title='bbox 2749 480 2994 534; x_wconf 88' lang='lat' dir='ltr'>divisum</span> <span class='ocrx_word' id='word_1_269' title='bbox 3035 485 3117 534; x_wconf 89' lang='lat' dir='ltr'>est</span> <span class='ocrx_word' id='word_1_270' title='bbox 3150 480 3299 534; x_wconf 89' lang='lat' dir='ltr'>inter</span> <span class='ocrx_word' id='word_1_271' title='bbox 3338 486 3654 550; x_wconf 85' lang='lat' dir='ltr'>paraneten</span> 
     </span>
    </p>
   </div>
   <div class='ocr_carea' id='block_1_34' title="bbox 1961 569 3651 640">
    <p class='ocr_par' dir='ltr' id='par_1_34' title="bbox 1961 569 3651 640">
     <span class='ocr_line' id='line_1_47' title="bbox 1961 569 3651 640; baseline 0.002 -18"><span class='ocrx_word' id='word_1_272' title='bbox 1961 569 2235 622; x_wconf 89' lang='lat' dir='ltr'>diatonon</span> <span class='ocrx_word' id='word_1_273' title='bbox 2279 569 2754 640; x_wconf 84' lang='lat' dir='ltr'>diezeugmenon,</span> <span class='ocrx_word' id='word_1_274' title='bbox 2800 575 2855 623; x_wconf 90' lang='lat' dir='ltr'>et</span> <span class='ocrx_word' id='word_1_275' title='bbox 2903 570 3073 623; x_wconf 90' lang='lat' dir='ltr'>triten</span> <span class='ocrx_word' id='word_1_276' title='bbox 3122 570 3395 623; x_wconf 86' lang='lat' dir='ltr'>diatonon</span> <span class='ocrx_word' id='word_1_277' title='bbox 3427 570 3651 625; x_wconf 89' lang='lat' dir='ltr'>diezeu-</span> 
     </span>
    </p>
   </div>
   <div class='ocr_carea' id='block_1_35' title="bbox 1958 657 3655 728">
    <p class='ocr_par' dir='ltr' id='par_1_35' title="bbox 1958 657 3655 728">
     <span class='ocr_line' id='line_1_48' title="bbox 1958 657 3655 728; baseline 0.001 -17"><span class='ocrx_word' id='word_1_278' title='bbox 1958 673 2230 727; x_wconf 85' lang='lat' dir='ltr'>gmenon,</span> <span class='ocrx_word' id='word_1_279' title='bbox 2266 663 2322 711; x_wconf 94' lang='lat' dir='ltr'>et</span> <span class='ocrx_word' id='word_1_280' title='bbox 2364 658 2436 711; x_wconf 92' lang='lat' dir='ltr'>sit</span> <span class='ocrx_word' id='word_1_281' title='bbox 2464 658 2755 728; x_wconf 87' lang='lat' dir='ltr'>reliquum</span> <span class='ocrx_word' id='word_1_282' title='bbox 2796 657 2949 711; x_wconf 89' lang='lat' dir='ltr'>aliud</span> <span class='ocrx_word' id='word_1_283' title='bbox 2983 675 3048 712; x_wconf 85' lang='lat' dir='ltr'>ex</span> <span class='ocrx_word' id='word_1_284' title='bbox 3081 658 3446 713; x_wconf 87' lang='lat' dir='ltr'>tetrachordo</span> <span class='ocrx_word' id='word_1_285' title='bbox 3488 657 3655 712; x_wconf 88' lang='lat' dir='ltr'>semi-</span> 
     </span>
    </p>
   </div>
   <div class='ocr_carea' id='block_1_36' title="bbox 1956 746 3656 817">
    <p class='ocr_par' dir='ltr' id='par_1_36' title="bbox 1956 746 3656 817">
     <span class='ocr_line' id='line_1_49' title="bbox 1956 746 3656 817; baseline 0.001 -18"><span class='ocrx_word' id='word_1_286' title='bbox 1956 746 2181 801; x_wconf 89' lang='lat' dir='ltr'>tonium</span> <span class='ocrx_word' id='word_1_287' title='bbox 2230 748 2380 800; x_wconf 92' lang='lat' dir='ltr'>inter</span> <span class='ocrx_word' id='word_1_288' title='bbox 2417 747 2589 800; x_wconf 90' lang='lat' dir='ltr'>triten</span> <span class='ocrx_word' id='word_1_289' title='bbox 2640 747 3093 817; x_wconf 90' lang='lat' dir='ltr'>diezeugmenon</span> <span class='ocrx_word' id='word_1_290' title='bbox 3148 747 3556 801; x_wconf 90' lang='lat' dir='ltr'>chromaticam</span> <span class='ocrx_word' id='word_1_291' title='bbox 3598 750 3656 800; x_wconf 88' lang='lat' dir='ltr'>et</span> 
     </span>
    </p>
   </div>
   <div class='ocr_carea' id='block_1_37' title="bbox 1958 835 3656 906">
    <p class='ocr_par' dir='ltr' id='par_1_37' title="bbox 1958 835 3656 906">
     <span class='ocr_line' id='line_1_50' title="bbox 1958 835 3656 906; baseline 0.001 -18"><span class='ocrx_word' id='word_1_292' title='bbox 1958 851 2319 906; x_wconf 89' lang='lat' dir='ltr'>paramesen,</span> <span class='ocrx_word' id='word_1_293' title='bbox 2351 835 2504 906; x_wconf 90' lang='lat' dir='ltr'>quod</span> <span class='ocrx_word' id='word_1_294' title='bbox 2536 835 2748 889; x_wconf 90' lang='lat' dir='ltr'>scilicet</span> <span class='ocrx_word' id='word_1_295' title='bbox 2788 852 2854 889; x_wconf 84' lang='lat' dir='ltr'>ex</span> <span class='ocrx_word' id='word_1_296' title='bbox 2885 836 3237 890; x_wconf 88' lang='lat' dir='ltr'>diatessaron</span> <span class='ocrx_word' id='word_1_297' title='bbox 3278 835 3656 890; x_wconf 89' lang='lat' dir='ltr'>consonantia</span> 
     </span>
    </p>
   </div>
   <div class='ocr_carea' id='block_1_38' title="bbox 1957 924 3657 996">
    <p class='ocr_par' dir='ltr' id='par_1_38' title="bbox 1957 924 3657 996">
     <span class='ocr_line' id='line_1_51' title="bbox 1957 924 3657 996; baseline 0.001 -19"><span class='ocrx_word' id='word_1_298' title='bbox 1957 925 2321 995; x_wconf 88' lang='lat' dir='ltr'>relinquitur,</span> <span class='ocrx_word' id='word_1_299' title='bbox 2355 941 2420 978; x_wconf 90' lang='lat' dir='ltr'>ea</span> <span class='ocrx_word' id='word_1_300' title='bbox 2451 941 2578 995; x_wconf 66' lang='lat' dir='ltr'>qua:</span> <span class='ocrx_word' id='word_1_301' title='bbox 2619 930 2704 978; x_wconf 90' lang='lat' dir='ltr'>est</span> <span class='ocrx_word' id='word_1_302' title='bbox 2734 925 2885 979; x_wconf 88' lang='lat' dir='ltr'>inter</span> <span class='ocrx_word' id='word_1_303' title='bbox 2915 930 3086 979; x_wconf 92' lang='lat' dir='ltr'>neten</span> <span class='ocrx_word' id='word_1_304' title='bbox 3116 924 3570 996; x_wconf 88' lang='lat' dir='ltr'>diezeugmenon</span> <span class='ocrx_word' id='word_1_305' title='bbox 3600 930 3657 980; x_wconf 91' lang='lat' dir='ltr'>et</span> 
     </span>
    </p>
   </div>
   <div class='ocr_carea' id='block_1_39' title="bbox 1956 1014 3655 1085">
    <p class='ocr_par' dir='ltr' id='par_1_39' title="bbox 1956 1014 3655 1085">
     <span class='ocr_line' id='line_1_52' title="bbox 1956 1014 3655 1085; baseline 0.001 -19"><span class='ocrx_word' id='word_1_306' title='bbox 1956 1029 2293 1084; x_wconf 89' lang='lat' dir='ltr'>paramesen</span> <span class='ocrx_word' id='word_1_307' title='bbox 2314 1014 2617 1067; x_wconf 87' lang='lat' dir='ltr'>subtractis</span> <span class='ocrx_word' id='word_1_308' title='bbox 2640 1014 2863 1069; x_wconf 90' lang='lat' dir='ltr'>duobus</span> <span class='ocrx_word' id='word_1_309' title='bbox 2888 1014 3061 1081; x_wconf 89' lang='lat' dir='ltr'>tonis,</span> <span class='ocrx_word' id='word_1_310' title='bbox 3086 1014 3237 1085; x_wconf 91' lang='lat' dir='ltr'>quod</span> <span class='ocrx_word' id='word_1_311' title='bbox 3263 1020 3394 1069; x_wconf 92' lang='lat' dir='ltr'>nete</span> <span class='ocrx_word' id='word_1_312' title='bbox 3430 1014 3655 1069; x_wconf 89' lang='lat' dir='ltr'>diezeu-</span> 
     </span>
    </p>
   </div>
   <div class='ocr_carea' id='block_1_40' title="bbox 1957 1103 3653 1175">
    <p class='ocr_par' dir='ltr' id='par_1_40' title="bbox 1957 1103 3653 1175">
     <span class='ocr_line' id='line_1_53' title="bbox 1957 1103 3653 1175; baseline 0 -18"><span class='ocrx_word' id='word_1_313' title='bbox 1957 1118 2206 1173; x_wconf 89' lang='lat' dir='ltr'>gmenon</span> <span class='ocrx_word' id='word_1_314' title='bbox 2239 1103 2610 1172; x_wconf 83' lang='lat' dir='ltr'>chromatica,</span> <span class='ocrx_word' id='word_1_315' title='bbox 2640 1108 2696 1159; x_wconf 90' lang='lat' dir='ltr'>et</span> <span class='ocrx_word' id='word_1_316' title='bbox 2723 1103 2854 1158; x_wconf 89' lang='lat' dir='ltr'>trite</span> <span class='ocrx_word' id='word_1_317' title='bbox 2888 1104 3340 1175; x_wconf 88' lang='lat' dir='ltr'>diezeugmenon</span> <span class='ocrx_word' id='word_1_318' title='bbox 3381 1103 3653 1158; x_wconf 89' lang='lat' dir='ltr'>chroma-</span> 
     </span>
    </p>
   </div>
   <div class='ocr_carea' id='block_1_41' title="bbox 1957 1192 3655 1263">
    <p class='ocr_par' dir='ltr' id='par_1_41' title="bbox 1957 1192 3655 1263">
     <span class='ocr_line' id='line_1_54' title="bbox 1957 1192 3655 1263; baseline 0.001 -17"><span class='ocrx_word' id='word_1_319' title='bbox 1957 1193 2068 1247; x_wconf 90' lang='lat' dir='ltr'>tica</span> <span class='ocrx_word' id='word_1_320' title='bbox 2126 1192 2514 1247; x_wconf 88' lang='lat' dir='ltr'>continebant.</span> <span class='ocrx_word' id='word_1_321' title='bbox 2578 1192 2716 1257; x_wconf 65' lang='lat' dir='ltr'>Quae</span> <span class='ocrx_word' id='word_1_322' title='bbox 2764 1198 2955 1247; x_wconf 89' lang='lat' dir='ltr'>autem</span> <span class='ocrx_word' id='word_1_323' title='bbox 3006 1192 3063 1247; x_wconf 91' lang='lat' dir='ltr'>in</span> <span class='ocrx_word' id='word_1_324' title='bbox 3116 1193 3401 1248; x_wconf 91' lang='lat' dir='ltr'>diatonico</span> <span class='ocrx_word' id='word_1_325' title='bbox 3446 1208 3655 1263; x_wconf 88' lang='lat' dir='ltr'>genere</span> 
     </span>
    </p>
   </div>
   <div class='ocr_carea' id='block_1_42' title="bbox 1957 1281 3655 1352">
    <p class='ocr_par' dir='ltr' id='par_1_42' title="bbox 1957 1281 3655 1352">
     <span class='ocr_line' id='line_1_55' title="bbox 1957 1281 3655 1352; baseline 0.001 -17"><span class='ocrx_word' id='word_1_326' title='bbox 1957 1281 2091 1336; x_wconf 84' lang='lat' dir='ltr'>trite</span> <span class='ocrx_word' id='word_1_327' title='bbox 2132 1281 2585 1352; x_wconf 79' lang='lat' dir='ltr'>diezeugmenon</span> <span class='ocrx_word' id='word_1_328' title='bbox 2621 1282 2907 1336; x_wconf 88' lang='lat' dir='ltr'>diatonica</span> <span class='ocrx_word' id='word_1_329' title='bbox 2939 1286 3045 1336; x_wconf 92' lang='lat' dir='ltr'>est.</span> <span class='ocrx_word' id='word_1_330' title='bbox 3080 1282 3146 1337; x_wconf 94' lang='lat' dir='ltr'>In</span> <span class='ocrx_word' id='word_1_331' title='bbox 3175 1282 3525 1336; x_wconf 89' lang='lat' dir='ltr'>chromatico</span> <span class='ocrx_word' id='word_1_332' title='bbox 3555 1299 3655 1337; x_wconf 88' lang='lat' dir='ltr'>au-</span> 
     </span>
    </p>
   </div>
   <div class='ocr_carea' id='block_1_43' title="bbox 1956 1369 3655 1440">
    <p class='ocr_par' dir='ltr' id='par_1_43' title="bbox 1956 1369 3655 1440">
     <span class='ocr_line' id='line_1_56' title="bbox 1956 1369 3655 1440; baseline 0.001 -17"><span class='ocrx_word' id='word_1_333' title='bbox 1956 1374 2075 1424; x_wconf 90' lang='lat' dir='ltr'>tem</span> <span class='ocrx_word' id='word_1_334' title='bbox 2136 1369 2590 1440; x_wconf 85' lang='lat' dir='ltr'>diezeugmenon</span> <span class='ocrx_word' id='word_1_335' title='bbox 2639 1370 3006 1439; x_wconf 90' lang='lat' dir='ltr'>chromatica,</span> <span class='ocrx_word' id='word_1_336' title='bbox 3059 1388 3125 1425; x_wconf 92' lang='lat' dir='ltr'>ea</span> <span class='ocrx_word' id='word_1_337' title='bbox 3167 1371 3227 1425; x_wconf 94' lang='lat' dir='ltr'>in</span> <span class='ocrx_word' id='word_1_338' title='bbox 3276 1370 3655 1426; x_wconf 88' lang='lat' dir='ltr'>enharmonio</span> 
     </span>
    </p>
   </div>
   <div class='ocr_carea' id='block_1_44' title="bbox 1957 1459 3656 1529">
    <p class='ocr_par' dir='ltr' id='par_1_44' title="bbox 1957 1459 3656 1529">
     <span class='ocr_line' id='line_1_57' title="bbox 1957 1459 3656 1529; baseline 0.002 -18"><span class='ocrx_word' id='word_1_339' title='bbox 1957 1474 2166 1528; x_wconf 88' lang='lat' dir='ltr'>genere</span> <span class='ocrx_word' id='word_1_340' title='bbox 2190 1464 2461 1529; x_wconf 88' lang='lat' dir='ltr'>paranete</span> <span class='ocrx_word' id='word_1_341' title='bbox 2492 1459 2944 1529; x_wconf 89' lang='lat' dir='ltr'>diezeugmenon</span> <span class='ocrx_word' id='word_1_342' title='bbox 2984 1460 3393 1513; x_wconf 89' lang='lat' dir='ltr'>enharmonios</span> <span class='ocrx_word' id='word_1_343' title='bbox 3428 1459 3656 1529; x_wconf 87' lang='lat' dir='ltr'>dicitur,</span> 
     </span>
    </p>
   </div>
   <div class='ocr_carea' id='block_1_45' title="bbox 1959 1548 3656 1619">
    <p class='ocr_par' dir='ltr' id='par_1_45' title="bbox 1959 1548 3656 1619">
     <span class='ocr_line' id='line_1_58' title="bbox 1959 1548 3656 1619; baseline 0.002 -19"><span class='ocrx_word' id='word_1_344' title='bbox 1959 1548 2213 1615; x_wconf 89' lang='lat' dir='ltr'>integros</span> <span class='ocrx_word' id='word_1_345' title='bbox 2242 1548 2395 1601; x_wconf 90' lang='lat' dir='ltr'>enim</span> <span class='ocrx_word' id='word_1_346' title='bbox 2430 1548 2571 1601; x_wconf 92' lang='lat' dir='ltr'>duos</span> <span class='ocrx_word' id='word_1_347' title='bbox 2601 1553 2765 1601; x_wconf 88' lang='lat' dir='ltr'>tonos</span> <span class='ocrx_word' id='word_1_348' title='bbox 2798 1548 2969 1604; x_wconf 92' lang='lat' dir='ltr'>distat</span> <span class='ocrx_word' id='word_1_349' title='bbox 3006 1548 3075 1603; x_wconf 87' lang='lat' dir='ltr'>ab</span> <span class='ocrx_word' id='word_1_350' title='bbox 3118 1565 3184 1602; x_wconf 90' lang='lat' dir='ltr'>ea</span> <span class='ocrx_word' id='word_1_351' title='bbox 3231 1566 3357 1619; x_wconf 80' lang='lat' dir='ltr'>quae</span> <span class='ocrx_word' id='word_1_352' title='bbox 3400 1554 3486 1603; x_wconf 88' lang='lat' dir='ltr'>est</span> <span class='ocrx_word' id='word_1_353' title='bbox 3528 1553 3656 1603; x_wconf 90' lang='lat' dir='ltr'>nete</span> 
     </span>
    </p>
   </div>
   <div class='ocr_carea' id='block_1_46' title="bbox 1958 1637 3657 1708">
    <p class='ocr_par' dir='ltr' id='par_1_46' title="bbox 1958 1637 3657 1708">
     <span class='ocr_line' id='line_1_59' title="bbox 1958 1637 3657 1708; baseline 0.001 -17"><span class='ocrx_word' id='word_1_354' title='bbox 1958 1637 2416 1708; x_wconf 87' lang='lat' dir='ltr'>diezeugmenon</span> <span class='ocrx_word' id='word_1_355' title='bbox 2448 1640 2504 1691; x_wconf 89' lang='lat' dir='ltr'>et</span> <span class='ocrx_word' id='word_1_356' title='bbox 2532 1642 2761 1691; x_wconf 89' lang='lat' dir='ltr'>notetur</span> <span class='ocrx_word' id='word_1_357' title='bbox 2790 1640 2904 1691; x_wconf 87' lang='lat' dir='ltr'><strong>AA.</strong></span> <span class='ocrx_word' id='word_1_358' title='bbox 2946 1638 3013 1692; x_wconf 90' lang='lat' dir='ltr'>Et</span> <span class='ocrx_word' id='word_1_359' title='bbox 3042 1637 3192 1691; x_wconf 88' lang='lat' dir='ltr'>inter</span> <span class='ocrx_word' id='word_1_360' title='bbox 3224 1643 3396 1693; x_wconf 92' lang='lat' dir='ltr'>neten</span> <span class='ocrx_word' id='word_1_361' title='bbox 3430 1638 3657 1692; x_wconf 90' lang='lat' dir='ltr'>diezeu-</span> 
     </span>
    </p>
   </div>
   <div class='ocr_carea' id='block_1_47' title="bbox 1959 1726 3658 1798">
    <p class='ocr_par' dir='ltr' id='par_1_47' title="bbox 1959 1726 3658 1798">
     <span class='ocr_line' id='line_1_60' title="bbox 1959 1726 3658 1798; baseline 0.001 -18"><span class='ocrx_word' id='word_1_362' title='bbox 1959 1743 2212 1798; x_wconf 91' lang='lat' dir='ltr'>gmenon</span> <span class='ocrx_word' id='word_1_363' title='bbox 2263 1731 2320 1780; x_wconf 92' lang='lat' dir='ltr'>et</span> <span class='ocrx_word' id='word_1_364' title='bbox 2366 1731 2678 1797; x_wconf 89' lang='lat' dir='ltr'>paraneten</span> <span class='ocrx_word' id='word_1_365' title='bbox 2728 1726 3146 1781; x_wconf 89' lang='lat' dir='ltr'>enharmonion</span> <span class='ocrx_word' id='word_1_366' title='bbox 3197 1727 3658 1797; x_wconf 88' lang='lat' dir='ltr'>diezeugmenon</span> 
     </span>
    </p>
   </div>
   <div class='ocr_carea' id='block_1_48' title="bbox 1959 1815 3656 1886">
    <p class='ocr_par' dir='ltr' id='par_1_48' title="bbox 1959 1815 3656 1886">
     <span class='ocr_line' id='line_1_61' title="bbox 1959 1815 3656 1886; baseline -0.001 -15"><span class='ocrx_word' id='word_1_367' title='bbox 1959 1817 2118 1871; x_wconf 92' lang='lat' dir='ltr'>nulla</span> <span class='ocrx_word' id='word_1_368' title='bbox 2148 1816 2385 1869; x_wconf 88' lang='lat' dir='ltr'>interest</span> <span class='ocrx_word' id='word_1_369' title='bbox 2414 1815 2647 1882; x_wconf 88' lang='lat' dir='ltr'>chorda,</span> <span class='ocrx_word' id='word_1_370' title='bbox 2680 1819 2853 1886; x_wconf 89' lang='lat' dir='ltr'>atque</span> <span class='ocrx_word' id='word_1_371' title='bbox 2876 1815 3004 1869; x_wconf 91' lang='lat' dir='ltr'>ideo</span> <span class='ocrx_word' id='word_1_372' title='bbox 3050 1821 3354 1885; x_wconf 89' lang='lat' dir='ltr'>paranetes</span> <span class='ocrx_word' id='word_1_373' title='bbox 3381 1816 3656 1871; x_wconf 87' lang='lat' dir='ltr'>vocabulo</span> 
     </span>
    </p>
   </div>
   <div class='ocr_carea' id='block_1_49' title="bbox 1958 1903 3654 1976">
    <p class='ocr_par' dir='ltr' id='par_1_49' title="bbox 1958 1903 3654 1976">
     <span class='ocr_line' id='line_1_62' title="bbox 1958 1903 3654 1976; baseline -0.001 -16"><span class='ocrx_word' id='word_1_374' title='bbox 1958 1910 2343 1976; x_wconf 90' lang='lat' dir='ltr'>nuncupatur.</span> <span class='ocrx_word' id='word_1_375' title='bbox 2388 1904 2773 1959; x_wconf 90' lang='lat' dir='ltr'>Semitonium</span> <span class='ocrx_word' id='word_1_376' title='bbox 2818 1920 2951 1957; x_wconf 86' lang='lat' dir='ltr'>vero</span> <span class='ocrx_word' id='word_1_377' title='bbox 2997 1903 3153 1975; x_wconf 89' lang='lat' dir='ltr'>quod</span> <span class='ocrx_word' id='word_1_378' title='bbox 3184 1909 3268 1959; x_wconf 92' lang='lat' dir='ltr'>est</span> <span class='ocrx_word' id='word_1_379' title='bbox 3309 1904 3462 1959; x_wconf 91' lang='lat' dir='ltr'>inter</span> <span class='ocrx_word' id='word_1_380' title='bbox 3490 1919 3654 1976; x_wconf 88' lang='lat' dir='ltr'>para-</span> 
     </span>
    </p>
   </div>
   <div class='ocr_carea' id='block_1_50' title="bbox 1958 1991 3656 2063">
    <p class='ocr_par' dir='ltr' id='par_1_50' title="bbox 1958 1991 3656 2063">
     <span class='ocr_line' id='line_1_63' title="bbox 1958 1991 3656 2063; baseline 0.003 -21"><span class='ocrx_word' id='word_1_381' title='bbox 1958 1994 2134 2044; x_wconf 89' lang='lat' dir='ltr'>neten</span> <span class='ocrx_word' id='word_1_382' title='bbox 2164 1991 2583 2047; x_wconf 91' lang='lat' dir='ltr'>enharmonion</span> <span class='ocrx_word' id='word_1_383' title='bbox 2616 1992 3069 2063; x_wconf 89' lang='lat' dir='ltr'>diezeugmenon</span> <span class='ocrx_word' id='word_1_384' title='bbox 3107 1998 3163 2047; x_wconf 90' lang='lat' dir='ltr'>et</span> <span class='ocrx_word' id='word_1_385' title='bbox 3204 2009 3562 2063; x_wconf 89' lang='lat' dir='ltr'>paramesen,</span> <span class='ocrx_word' id='word_1_386' title='bbox 3598 1992 3656 2047; x_wconf 94' lang='lat' dir='ltr'>id</span> 
     </span>
    </p>
   </div>
   <div class='ocr_carea' id='block_1_51' title="bbox 1959 2080 3655 2152">
    <p class='ocr_par' dir='ltr' id='par_1_51' title="bbox 1959 2080 3655 2152">
     <span class='ocr_line' id='line_1_64' title="bbox 1959 2080 3655 2152; baseline 0.003 -20"><span class='ocrx_word' id='word_1_387' title='bbox 1959 2082 2043 2134; x_wconf 89' lang='lat' dir='ltr'>est</span> <span class='ocrx_word' id='word_1_388' title='bbox 2072 2080 2220 2134; x_wconf 91' lang='lat' dir='ltr'>inter</span> <span class='ocrx_word' id='word_1_389' title='bbox 2248 2084 2340 2135; x_wconf 89' lang='lat' dir='ltr'>AA</span> <span class='ocrx_word' id='word_1_390' title='bbox 2385 2086 2441 2135; x_wconf 90' lang='lat' dir='ltr'>et</span> <span class='ocrx_word' id='word_1_391' title='bbox 2468 2083 2509 2136; x_wconf 86' lang='lat' dir='ltr'><strong>X</strong></span> <span class='ocrx_word' id='word_1_392' title='bbox 2552 2082 2657 2135; x_wconf 89' lang='lat' dir='ltr'>hac</span> <span class='ocrx_word' id='word_1_393' title='bbox 2688 2082 2906 2136; x_wconf 86' lang='lat' dir='ltr'>ratione</span> <span class='ocrx_word' id='word_1_394' title='bbox 2936 2082 3238 2152; x_wconf 88' lang='lat' dir='ltr'>partimur,</span> <span class='ocrx_word' id='word_1_395' title='bbox 3269 2087 3333 2136; x_wconf 92' lang='lat' dir='ltr'>ut</span> <span class='ocrx_word' id='word_1_396' title='bbox 3354 2083 3496 2137; x_wconf 87' lang='lat' dir='ltr'>fiant</span> <span class='ocrx_word' id='word_1_397' title='bbox 3526 2082 3655 2137; x_wconf 64' lang='lat' dir='ltr'>duae</span> 
     </span>
    </p>
   </div>
   <div class='ocr_carea' id='block_1_52' title="bbox 1961 2166 3657 2240">
    <p class='ocr_par' dir='ltr' id='par_1_52' title="bbox 1961 2166 3657 2240">
     <span class='ocr_line' id='line_1_65' title="bbox 1961 2166 3657 2240; baseline 0.003 -20"><span class='ocrx_word' id='word_1_398' title='bbox 1961 2166 2165 2224; x_wconf 91' lang='lat' dir='ltr'>dieses.</span> <span class='ocrx_word' id='word_1_399' title='bbox 2204 2169 2380 2223; x_wconf 92' lang='lat' dir='ltr'>Sumo</span> <span class='ocrx_word' id='word_1_400' title='bbox 2413 2170 2799 2223; x_wconf 78' lang='lat' dir='ltr'>differentiam</span> <span class='ocrx_word' id='word_1_401' title='bbox 2825 2176 3123 2240; x_wconf 87' lang='lat' dir='ltr'>paranetes</span> <span class='ocrx_word' id='word_1_402' title='bbox 3146 2169 3509 2224; x_wconf 89' lang='lat' dir='ltr'>enharmonii</span> <span class='ocrx_word' id='word_1_403' title='bbox 3540 2170 3657 2225; x_wconf 85' lang='lat' dir='ltr'>die-</span> 
     </span>
    </p>
   </div>
   <div class='ocr_carea' id='block_1_53' title="bbox 1960 2259 3656 2330">
    <p class='ocr_par' dir='ltr' id='par_1_53' title="bbox 1960 2259 3656 2330">
     <span class='ocr_line' id='line_1_66' title="bbox 1960 2259 3656 2330; baseline 0.002 -20"><span class='ocrx_word' id='word_1_404' title='bbox 1960 2272 2319 2328; x_wconf 90' lang='lat' dir='ltr'>zeugmenon</span> <span class='ocrx_word' id='word_1_405' title='bbox 2352 2264 2407 2313; x_wconf 92' lang='lat' dir='ltr'>et</span> <span class='ocrx_word' id='word_1_406' title='bbox 2436 2275 2779 2330; x_wconf 90' lang='lat' dir='ltr'>parameses,</span> <span class='ocrx_word' id='word_1_407' title='bbox 2812 2259 2870 2313; x_wconf 92' lang='lat' dir='ltr'>id</span> <span class='ocrx_word' id='word_1_408' title='bbox 2910 2264 2995 2313; x_wconf 93' lang='lat' dir='ltr'>est</span> <span class='ocrx_word' id='word_1_409' title='bbox 3024 2262 3161 2314; x_wconf 89' lang='lat'>3888</span> <span class='ocrx_word' id='word_1_410' title='bbox 3191 2264 3246 2313; x_wconf 90' lang='lat' dir='ltr'>et</span> <span class='ocrx_word' id='word_1_411' title='bbox 3280 2260 3440 2324; x_wconf 81' lang='grc'>4096,</span> <span class='ocrx_word' id='word_1_412' title='bbox 3474 2274 3541 2312; x_wconf 88' lang='lat' dir='ltr'>ea</span> <span class='ocrx_word' id='word_1_413' title='bbox 3570 2263 3656 2313; x_wconf 88' lang='lat' dir='ltr'>est</span> 
     </span>
    </p>
   </div>
   <div class='ocr_carea' id='block_1_54' title="bbox 1959 2347 3655 2419">
    <p class='ocr_par' dir='ltr' id='par_1_54' title="bbox 1959 2347 3655 2419">
     <span class='ocr_line' id='line_1_67' title="bbox 1959 2347 3655 2419; baseline 0.002 -20"><span class='ocrx_word' id='word_1_414' title='bbox 1959 2348 2083 2414; x_wconf 84' lang='lat'>208,</span> <span class='ocrx_word' id='word_1_415' title='bbox 2117 2347 2262 2401; x_wconf 92' lang='lat' dir='ltr'>hanc</span> <span class='ocrx_word' id='word_1_416' title='bbox 2292 2348 2506 2415; x_wconf 82' lang='lat' dir='ltr'>divido,</span> <span class='ocrx_word' id='word_1_417' title='bbox 2536 2349 2676 2402; x_wconf 84' lang='lat' dir='ltr'>ﬁent</span> <span class='ocrx_word' id='word_1_418' title='bbox 2726 2350 2844 2417; x_wconf 77' lang='grc'>104,</span> <span class='ocrx_word' id='word_1_419' title='bbox 2894 2349 3000 2402; x_wconf 93' lang='lat' dir='ltr'>hos</span> <span class='ocrx_word' id='word_1_420' title='bbox 3044 2365 3269 2419; x_wconf 90' lang='lat' dir='ltr'>appono</span> <span class='ocrx_word' id='word_1_421' title='bbox 3319 2350 3478 2415; x_wconf 91' lang='lat'>3888,</span> <span class='ocrx_word' id='word_1_422' title='bbox 3511 2348 3655 2402; x_wconf 88' lang='lat' dir='ltr'>ﬁent</span> 
     </span>
    </p>
   </div>
   <div class='ocr_carea' id='block_1_55' title="bbox 1961 2436 3652 2507">
    <p class='ocr_par' dir='ltr' id='par_1_55' title="bbox 1961 2436 3652 2507">
     <span class='ocr_line' id='line_1_68' title="bbox 1961 2436 3652 2507; baseline 0.001 -18"><span class='ocrx_word' id='word_1_423' title='bbox 1961 2436 2118 2489; x_wconf 69' lang='lat'>3992.</span> <span class='ocrx_word' id='word_1_424' title='bbox 2157 2437 2231 2489; x_wconf 85' lang='lat' dir='ltr'>Ea</span> <span class='ocrx_word' id='word_1_425' title='bbox 2260 2436 2371 2489; x_wconf 92' lang='lat' dir='ltr'>erit</span> <span class='ocrx_word' id='word_1_426' title='bbox 2397 2436 2528 2490; x_wconf 87' lang='lat' dir='ltr'>trite</span> <span class='ocrx_word' id='word_1_427' title='bbox 2560 2437 3018 2507; x_wconf 89' lang='lat' dir='ltr'>diezeugmenon</span> <span class='ocrx_word' id='word_1_428' title='bbox 3048 2437 3454 2490; x_wconf 89' lang='lat' dir='ltr'>enharmonios</span> <span class='ocrx_word' id='word_1_429' title='bbox 3493 2438 3529 2490; x_wconf 94' lang='grc' dir='ltr'>Ζ</span> <span class='ocrx_word' id='word_1_430' title='bbox 3560 2436 3652 2490; x_wconf 86' lang='lat' dir='ltr'>lit-</span> 
     </span>
    </p>
   </div>
   <div class='ocr_carea' id='block_1_56' title="bbox 1960 2524 3656 2596">
    <p class='ocr_par' dir='ltr' id='par_1_56' title="bbox 1960 2524 3656 2596">
     <span class='ocr_line' id='line_1_69' title="bbox 1960 2524 3656 2596; baseline 0.001 -18"><span class='ocrx_word' id='word_1_431' title='bbox 1960 2530 2084 2578; x_wconf 88' lang='lat' dir='ltr'>tera</span> <span class='ocrx_word' id='word_1_432' title='bbox 2130 2531 2452 2595; x_wconf 87' lang='lat' dir='ltr'>pernotata.</span> <span class='ocrx_word' id='word_1_433' title='bbox 2503 2526 2680 2591; x_wconf 85' lang='lat' dir='ltr'>Hujus</span> <span class='ocrx_word' id='word_1_434' title='bbox 2710 2525 2888 2596; x_wconf 91' lang='lat' dir='ltr'>igitur</span> <span class='ocrx_word' id='word_1_435' title='bbox 2916 2525 3265 2579; x_wconf 87' lang='lat' dir='ltr'>tetrachordi</span> <span class='ocrx_word' id='word_1_436' title='bbox 3296 2541 3401 2595; x_wconf 88' lang='lat' dir='ltr'>per</span> <span class='ocrx_word' id='word_1_437' title='bbox 3429 2524 3539 2579; x_wconf 91' lang='lat' dir='ltr'>tria</span> <span class='ocrx_word' id='word_1_438' title='bbox 3562 2541 3656 2595; x_wconf 90' lang='lat' dir='ltr'>ge-</span> 
     </span>
    </p>
   </div>
   <div class='ocr_carea' id='block_1_57' title="bbox 1960 2614 3655 2686">
    <p class='ocr_par' dir='ltr' id='par_1_57' title="bbox 1960 2614 3655 2686">
     <span class='ocr_line' id='line_1_70' title="bbox 1960 2614 3655 2686; baseline 0.001 -19"><span class='ocrx_word' id='word_1_439' title='bbox 1960 2629 2099 2669; x_wconf 90' lang='lat' dir='ltr'>nera</span> <span class='ocrx_word' id='word_1_440' title='bbox 2143 2614 2584 2685; x_wconf 90' lang='lat' dir='ltr'>descriptionem</span> <span class='ocrx_word' id='word_1_441' title='bbox 2626 2614 2822 2669; x_wconf 91' lang='lat' dir='ltr'>subter</span> <span class='ocrx_word' id='word_1_442' title='bbox 2870 2614 3069 2685; x_wconf 89' lang='lat' dir='ltr'>adjeci,</span> <span class='ocrx_word' id='word_1_443' title='bbox 3122 2614 3500 2686; x_wconf 90' lang='lat' dir='ltr'>superiusque</span> <span class='ocrx_word' id='word_1_444' title='bbox 3547 2615 3655 2669; x_wconf 91' lang='lat' dir='ltr'>dis-</span> 
     </span>
    </p>
   </div>
   <div class='ocr_carea' id='block_1_58' title="bbox 1960 2703 3657 2775">
    <p class='ocr_par' dir='ltr' id='par_1_58' title="bbox 1960 2703 3657 2775">
     <span class='ocr_line' id='line_1_71' title="bbox 1960 2703 3657 2775; baseline 0.001 -18"><span class='ocrx_word' id='word_1_445' title='bbox 1960 2705 2210 2775; x_wconf 89' lang='lat' dir='ltr'>positum</span> <span class='ocrx_word' id='word_1_446' title='bbox 2266 2704 2660 2775; x_wconf 87' lang='lat' dir='ltr'>hyperboleon</span> <span class='ocrx_word' id='word_1_447' title='bbox 2711 2703 3139 2759; x_wconf 87' lang='lat' dir='ltr'>tetrachordum</span> <span class='ocrx_word' id='word_1_448' title='bbox 3200 2704 3526 2775; x_wconf 86' lang='lat' dir='ltr'>aggregavi,</span> <span class='ocrx_word' id='word_1_449' title='bbox 3572 2704 3657 2759; x_wconf 90' lang='lat' dir='ltr'>uti</span> 
     </span>
    </p>
   </div>
   <div class='ocr_carea' id='block_1_59' title="bbox 1961 2792 3656 2865">
    <p class='ocr_par' dir='ltr' id='par_1_59' title="bbox 1961 2792 3656 2865">
     <span class='ocr_line' id='line_1_72' title="bbox 1961 2792 3656 2865; baseline 0 -18"><span class='ocrx_word' id='word_1_450' title='bbox 1961 2798 2111 2848; x_wconf 87' lang='lat' dir='ltr'>esset</span> <span class='ocrx_word' id='word_1_451' title='bbox 2142 2799 2521 2865; x_wconf 90' lang='lat' dir='ltr'>utrorumque</span> <span class='ocrx_word' id='word_1_452' title='bbox 2559 2810 2677 2848; x_wconf 88' lang='lat' dir='ltr'>una</span> <span class='ocrx_word' id='word_1_453' title='bbox 2705 2793 3029 2863; x_wconf 89' lang='lat' dir='ltr'>descriptio,</span> <span class='ocrx_word' id='word_1_454' title='bbox 3065 2798 3122 2848; x_wconf 92' lang='lat' dir='ltr'>et</span> <span class='ocrx_word' id='word_1_455' title='bbox 3148 2793 3429 2864; x_wconf 85' lang='lat' dir='ltr'>paulatim</span> <span class='ocrx_word' id='word_1_456' title='bbox 3456 2792 3656 2863; x_wconf 86' lang='lat' dir='ltr'>juncta</span> 
     </span>
    </p>
   </div>
   <div class='ocr_carea' id='block_1_60' title="bbox 1962 2882 3200 2954">
    <p class='ocr_par' dir='ltr' id='par_1_60' title="bbox 1962 2882 3200 2954">
     <span class='ocr_line' id='line_1_73' title="bbox 1962 2882 3200 2954; baseline 0 -17"><span class='ocrx_word' id='word_1_457' title='bbox 1962 2882 2356 2954; x_wconf 90' lang='lat' dir='ltr'>dispositionis</span> <span class='ocrx_word' id='word_1_458' title='bbox 2386 2884 2565 2939; x_wconf 91' lang='lat' dir='ltr'>totius</span> <span class='ocrx_word' id='word_1_459' title='bbox 2587 2882 2774 2938; x_wconf 90' lang='lat' dir='ltr'>forma</span> <span class='ocrx_word' id='word_1_460' title='bbox 2811 2886 3200 2953; x_wconf 88' lang='lat' dir='ltr'>consurgeret.</span> 
     </span>
    </p>
   </div>
   <div class='ocr_carea' id='block_1_61' title="bbox 2106 3360 2156 3676">
    <p class='ocr_par' dir='ltr' id='par_1_61' title="bbox 2107 3360 2156 3676">
     <span class='ocr_line' id='line_1_74' title="bbox 2119 3360 2155 3500; baseline 0 -2"><span class='ocrx_word' id='word_1_461' title='bbox 2119 3360 2155 3500; x_wconf 69' lang='grc' dir='ltr'>ἓ</span> 
     </span>
     <span class='ocr_line' id='line_1_75' title="bbox 2120 3508 2155 3540; baseline 0 0"><span class='ocrx_word' id='word_1_462' title='bbox 2120 3508 2155 3540; x_wconf 71' lang='grc' dir='ltr'><strong>Ω</strong></span> 
     </span>
     <span class='ocr_line' id='line_1_76' title="bbox 2112 3559 2155 3613; baseline 0 -36"><span class='ocrx_word' id='word_1_463' title='bbox 2112 3559 2155 3613; x_wconf 55' lang='grc' dir='ltr'><strong>ς</strong></span> 
     </span>
     <span class='ocr_line' id='line_1_77' title="bbox 2107 3618 2156 3676; baseline 0 -47"><span class='ocrx_word' id='word_1_464' title='bbox 2107 3618 2156 3676; x_wconf 71' lang='grc' dir='ltr'>Ξ</span> 
     </span>
    </p>
   </div>
   <div class='ocr_carea' id='block_1_62' title="bbox 1984 3702 2049 4510">
    <p class='ocr_par' dir='ltr' id='par_1_62' title="bbox 1984 3702 2035 3891">
     <span class='ocr_line' id='line_1_78' title="bbox 1997 3702 2032 3737; baseline 0 0"><span class='ocrx_word' id='word_1_465' title='bbox 1997 3702 2032 3737; x_wconf 71' lang='lat'><strong>:1</strong></span> 
     </span>
     <span class='ocr_line' id='line_1_79' title="bbox 1984 3741 2033 3821; baseline 0 0"><span class='ocrx_word' id='word_1_466' title='bbox 1984 3741 2033 3821; x_wconf 69' lang='grc' dir='ltr'>ἕ</span> 
     </span>
     <span class='ocr_line' id='line_1_80' title="bbox 1985 3827 2035 3891; baseline 0 -2"><span class='ocrx_word' id='word_1_467' title='bbox 1985 3827 2035 3891; x_wconf 77' lang='lat'>.8</span> 
     </span>
    </p>

    <p class='ocr_par' dir='ltr' id='par_1_63' title="bbox 1999 3895 2034 3950">
     <span class='ocr_line' id='line_1_81' title="bbox 1999 3895 2034 3950; baseline 0 0"><span class='ocrx_word' id='word_1_468' title='bbox 1999 3895 2034 3950; x_wconf 67' lang='grc' dir='ltr'>’ἐς</span> 
     </span>
    </p>

    <p class='ocr_par' dir='ltr' id='par_1_64' title="bbox 1984 3953 2049 4221">
     <span class='ocr_line' id='line_1_82' title="bbox 2000 3953 2048 3984; baseline 0 -2"><span class='ocrx_word' id='word_1_469' title='bbox 2000 3953 2048 3984; x_wconf 77' lang='grc' dir='ltr'>Ω..</span> 
     </span>
     <span class='ocr_line' id='line_1_83' title="bbox 1984 3989 2049 4062; baseline 0 0"><span class='ocrx_word' id='word_1_470' title='bbox 1984 3989 2049 4062; x_wconf 74' lang='lat' dir='ltr'>.‘E’</span> 
     </span>
     <span class='ocr_line' id='line_1_84' title="bbox 1985 4095 2035 4221; baseline 0 0"><span class='ocrx_word' id='word_1_471' title='bbox 1985 4095 2035 4221; x_wconf 73' lang='grc' dir='ltr'><em>ἓ</em></span> 
     </span>
    </p>

    <p class='ocr_par' dir='ltr' id='par_1_65' title="bbox 1986 4225 2035 4324">
     <span class='ocr_line' id='line_1_85' title="bbox 2000 4225 2034 4250; baseline 0 0"><span class='ocrx_word' id='word_1_472' title='bbox 2000 4225 2034 4250; x_wconf 69' lang='grc' dir='ltr'>ς..</span> 
     </span>
     <span class='ocr_line' id='line_1_86' title="bbox 1986 4255 2035 4324; baseline 0 0"><span class='ocrx_word' id='word_1_473' title='bbox 1986 4255 2035 4324; x_wconf 77' lang='grc' dir='ltr'>,ἓ</span> 
     </span>
    </p>

    <p class='ocr_par' dir='ltr' id='par_1_66' title="bbox 1988 4327 2037 4510">
     <span class='ocr_line' id='line_1_87' title="bbox 2001 4327 2036 4387; baseline 0 0"><span class='ocrx_word' id='word_1_474' title='bbox 2001 4327 2036 4387; x_wconf 71' lang='lat'>8</span> 
     </span>
     <span class='ocr_line' id='line_1_88' title="bbox 1988 4389 2037 4510; baseline 0 0"><span class='ocrx_word' id='word_1_475' title='bbox 1988 4389 2037 4510; x_wconf 69' lang='grc' dir='ltr'>Ξ</span> 
     </span>
    </p>
   </div>
   <div class='ocr_carea' id='block_1_63' title="bbox 2112 3910 2158 4298">
    <p class='ocr_par' dir='ltr' id='par_1_67' title="bbox 2112 3910 2158 4298">
     <span class='ocr_line' id='line_1_89' title="bbox 2126 3910 2156 3957; baseline 0 0"><span class='ocrx_word' id='word_1_476' title='bbox 2126 3910 2156 3957; x_wconf 80' lang='grc' dir='ltr'>Ξ</span> 
     </span>
     <span class='ocr_line' id='line_1_90' title="bbox 2112 3967 2156 4047; baseline 0.023 -1"><span class='ocrx_word' id='word_1_477' title='bbox 2112 3967 2156 4047; x_wconf 71' lang='grc' dir='ltr'>,Ξ</span> 
     </span>
     <span class='ocr_line' id='line_1_91' title="bbox 2122 4074 2157 4157; baseline 0 0"><span class='ocrx_word' id='word_1_478' title='bbox 2122 4074 2157 4157; x_wconf 75' lang='grc' dir='ltr'><strong>ἒ</strong></span> 
     </span>
     <span class='ocr_line' id='line_1_92' title="bbox 2124 4163 2158 4193; baseline 0 0"><span class='ocrx_word' id='word_1_479' title='bbox 2124 4163 2158 4193; x_wconf 76' lang='grc' dir='ltr'>ο</span> 
     </span>
     <span class='ocr_line' id='line_1_93' title="bbox 2112 4195 2157 4298; baseline 0 0"><span class='ocrx_word' id='word_1_480' title='bbox 2112 4195 2157 4298; x_wconf 70' lang='grc' dir='ltr'>Ξ</span> 
     </span>
    </p>
   </div>
   <div class='ocr_carea' id='block_1_64' title="bbox 2110 4463 2159 4882">
    <p class='ocr_par' dir='ltr' id='par_1_68' title="bbox 2110 4463 2159 4882">
     <span class='ocr_line' id='line_1_94' title="bbox 2123 4463 2158 4551; baseline 0 -2"><span class='ocrx_word' id='word_1_481' title='bbox 2123 4463 2158 4551; x_wconf 75' lang='grc' dir='ltr'>Ξ</span> 
     </span>
     <span class='ocr_line' id='line_1_95' title="bbox 2111 4558 2159 4645; baseline 0 0"><span class='ocrx_word' id='word_1_482' title='bbox 2111 4558 2159 4645; x_wconf 71' lang='grc' dir='ltr'>’ἕ</span> 
     </span>
     <span class='ocr_line' id='line_1_96' title="bbox 2124 4651 2159 4702; baseline 0 0"><span class='ocrx_word' id='word_1_483' title='bbox 2124 4651 2159 4702; x_wconf 81' lang='lat' dir='ltr'>e</span> 
     </span>
     <span class='ocr_line' id='line_1_97' title="bbox 2111 4703 2159 4800; baseline 0 -3"><span class='ocrx_word' id='word_1_484' title='bbox 2111 4703 2159 4800; x_wconf 72' lang='grc' dir='ltr'>ἓ</span> 
     </span>
     <span class='ocr_line' id='line_1_98' title="bbox 2110 4807 2159 4882; baseline 0 -5"><span class='ocrx_word' id='word_1_485' title='bbox 2110 4807 2159 4882; x_wconf 71' lang='grc' dir='ltr'>ξι</span> 
     </span>
    </p>
   </div>
   <div class='ocr_carea' id='block_1_65' title="bbox 2168 3211 3310 5021">
    <p class='ocr_par' dir='ltr' id='par_1_69' title="bbox 2174 3252 3302 4120">
     <span class='ocr_line' id='line_1_99' title="bbox 2180 3252 3233 3463; baseline -0.013 -77"><span class='ocrx_word' id='word_1_486' title='bbox 2180 3276 2410 3427; x_wconf 46' lang='lat' dir='ltr'>ﬁexa</span> <span class='ocrx_word' id='word_1_487' title='bbox 2473 3252 2685 3407; x_wconf 51' lang='grc' dir='ltr'>ίςςίέξιὲι</span> <span class='ocrx_word' id='word_1_488' title='bbox 2767 3276 3233 3463; x_wconf 53' lang='grc' dir='ltr'>ᾳῖβῖείίεὶςρξρτιῑοέα</span> 
     </span>
     <span class='ocr_line' id='line_1_100' title="bbox 2182 3567 3302 3671; baseline -0.011 -14"><span class='ocrx_word' id='word_1_489' title='bbox 2182 3567 2401 3657; x_wconf 53' lang='grc' dir='ltr'>Γῗξσκ.</span> <span class='ocrx_word' id='word_1_490' title='bbox 2442 3664 2471 3671; x_wconf 33' lang='grc' dir='ltr'>θ</span> <span class='ocrx_word' id='word_1_491' title='bbox 2515 3572 2674 3653; x_wconf 56' lang='grc' dir='ltr'>ιξλσ</span> <span class='ocrx_word' id='word_1_492' title='bbox 2818 3612 2957 3655; x_wconf 65' lang='lat'>5-22.</span> <span class='ocrx_word' id='word_1_493' title='bbox 3062 3608 3302 3658; x_wconf 41' lang='lat' dir='ltr'>2.30s;</span> 
     </span>
     <span class='ocr_line' id='line_1_101' title="bbox 2184 3661 3302 3805; baseline 0 -92"><span class='ocrx_word' id='word_1_494' title='bbox 2184 3661 2844 3805; x_wconf 56' lang='lat' dir='ltr'>W11“</span> <span class='ocrx_word' id='word_1_495' title='bbox 2959 3674 3123 3719; x_wconf 64' lang='lat' dir='ltr'>Clima:</span> <span class='ocrx_word' id='word_1_496' title='bbox 3150 3767 3154 3771; x_wconf 24' lang='lat'><em>‘</em></span> <span class='ocrx_word' id='word_1_497' title='bbox 3297 3707 3302 3713; x_wconf 93' lang='lat'>.</span> 
     </span>
     <span class='ocr_line' id='line_1_102' title="bbox 2174 3870 3251 4031; baseline -0.007 -34"><span class='ocrx_word' id='word_1_498' title='bbox 2174 3900 2415 4023; x_wconf 49' lang='lat' dir='ltr'>iga?“</span> <span class='ocrx_word' id='word_1_499' title='bbox 2486 3878 2693 4031; x_wconf 53' lang='lat' dir='ltr'>ima</span> <span class='ocrx_word' id='word_1_500' title='bbox 2757 3901 3022 4023; x_wconf 51' lang='lat' dir='ltr'>{mai</span> <span class='ocrx_word' id='word_1_501' title='bbox 3037 3870 3251 4019; x_wconf 60' lang='grc' dir='ltr'>ῖιξιὲῖ</span> 
     </span>
     <span class='ocr_line' id='line_1_103' title="bbox 2183 4020 3213 4120; baseline -0.012 0"><span class='ocrx_word' id='word_1_502' title='bbox 2183 4046 2839 4120; x_wconf 62' lang='lat' dir='ltr'>ivi-la</span> <span class='ocrx_word' id='word_1_503' title='bbox 2881 4020 3161 4112; x_wconf 67' lang='lat' dir='ltr'>r-n</span> <span class='ocrx_word' id='word_1_504' title='bbox 3208 4050 3213 4053; x_wconf 72' lang='lat'><strong><em>&#39;</em></strong></span> 
     </span>
    </p>

    <p class='ocr_par' dir='ltr' id='par_1_70' title="bbox 2180 4134 3309 5017">
     <span class='ocr_line' id='line_1_104' title="bbox 2292 4134 3168 4200; baseline -0.014 -27"><span class='ocrx_word' id='word_1_505' title='bbox 2292 4140 2325 4173; x_wconf 61' lang='grc' dir='ltr'>τ</span> <span class='ocrx_word' id='word_1_506' title='bbox 2464 4134 2473 4174; x_wconf 91' lang='grc'><strong>1</strong></span> <span class='ocrx_word' id='word_1_507' title='bbox 2579 4136 2611 4174; x_wconf 75' lang='lat'><strong><em>\</em></strong></span> <span class='ocrx_word' id='word_1_508' title='bbox 2757 4188 2763 4195; x_wconf 33' lang='lat'><strong><em>.</em></strong></span> <span class='ocrx_word' id='word_1_509' title='bbox 2836 4134 2877 4165; x_wconf 59' lang='grc' dir='ltr'>τ</span> <span class='ocrx_word' id='word_1_510' title='bbox 3159 4189 3168 4200; x_wconf 44' lang='lat'><em>.</em></span> 
     </span>
     <span class='ocr_line' id='line_1_105' title="bbox 2234 4291 3305 4351; baseline -0.012 -23"><span class='ocrx_word' id='word_1_511' title='bbox 2234 4291 2408 4327; x_wconf 52' lang='grc' dir='ltr'>’πνοι-ετ</span> <span class='ocrx_word' id='word_1_512' title='bbox 2659 4294 2812 4321; x_wconf 63' lang='lat' dir='ltr'>unum</span> <span class='ocrx_word' id='word_1_513' title='bbox 2958 4297 3027 4319; x_wconf 71' lang='lat' dir='ltr'>un</span> <span class='ocrx_word' id='word_1_514' title='bbox 3194 4304 3257 4351; x_wconf 26' lang='grc' dir='ltr'>ἰν</span> <span class='ocrx_word' id='word_1_515' title='bbox 3284 4342 3305 4351; x_wconf 20' lang='grc' dir='ltr'><em>Γ</em></span> 
     </span>
     <span class='ocr_line' id='line_1_106' title="bbox 2203 4437 3275 4598; baseline -0.023 -19"><span class='ocrx_word' id='word_1_516' title='bbox 2203 4458 2415 4593; x_wconf 53' lang='lat' dir='ltr'>sagati</span> <span class='ocrx_word' id='word_1_517' title='bbox 2472 4439 2703 4598; x_wconf 57' lang='grc' dir='ltr'>ῥέῑειὶν</span> <span class='ocrx_word' id='word_1_518' title='bbox 2755 4437 3275 4593; x_wconf 43' lang='lat' dir='ltr'>grassante</span> 
     </span>
     <span class='ocr_line' id='line_1_107' title="bbox 2242 4614 2945 4717; baseline -0.004 -19"><span class='ocrx_word' id='word_1_519' title='bbox 2242 4614 2464 4698; x_wconf 61' lang='grc' dir='ltr'>ω</span> <span class='ocrx_word' id='word_1_520' title='bbox 2808 4644 2809 4647; x_wconf 60' lang='lat'>‘</span> <span class='ocrx_word' id='word_1_521' title='bbox 2874 4654 2945 4695; x_wconf 52' lang='grc' dir='ltr'>ιη</span> 
     </span>
     <span class='ocr_line' id='line_1_108' title="bbox 2180 4632 3309 5017; baseline -0.004 -24"><span class='ocrx_word' id='word_1_522' title='bbox 2180 4632 3296 5017; x_wconf 92' lang='grc'><strong>·</strong></span> 
     </span>
    </p>
   </div>
   <div class='ocr_carea' id='block_1_66' title="bbox 2278 5036 3227 5105">
    <p class='ocr_par' dir='ltr' id='par_1_71' title="bbox 2278 5036 3227 5105">
     <span class='ocr_line' id='line_1_109' title="bbox 2278 5036 3227 5105; baseline 0.006 -19"><span class='ocrx_word' id='word_1_523' title='bbox 2278 5036 2611 5089; x_wconf 88' lang='lat' dir='ltr'>Diatessaron</span> <span class='ocrx_word' id='word_1_524' title='bbox 2641 5040 2697 5089; x_wconf 90' lang='lat' dir='ltr'>in</span> <span class='ocrx_word' id='word_1_525' title='bbox 2721 5040 2894 5089; x_wconf 88' lang='lat' dir='ltr'>tribus</span> <span class='ocrx_word' id='word_1_526' title='bbox 2926 5041 3227 5105; x_wconf 86' lang='lat' dir='ltr'>generibus.</span> 
     </span>
    </p>
   </div>
  </div>
