4152 6184
211 318 356 371 1273

1718 494 1727 631 l

456 496 1055 627 &/}:§.
1093 496 1103 627 l
1135 537 1412 627 ξατδωεεε
1718 496 1854 627 lim

1098 601 1104 697 I
1133 625 1270 672 Trite
1306 601 1855 697 diezeugmenoni3888

394 662 467 697 κεν
755 662 805 686 εδ
1009 662 1055 697 κ
1143 662 1270 672 ι’·υν
1308 662 1718 687 “·ν“νυθι“υ“υ“
1736 662 1855 676 υυνυ

1005 708 1057 775 L3:
1099 662 1105 775 ι
1138 713 1387 760 Paranete
1418 680 1855 775 diezeugm.‘;3t$6

415 990 562 1098 ιὲσέ

412 1090 567 1193 se

407 1355 561 1448 .ἕὲ

1005 752 1067 783 α
1138 752 1154 760 -
1177 752 1386 760 um..-“
1420 752 1855 775 ωυ-νμοωωωυ

1003 794 1067 835 ἃ
1100 752 1105 865 i
1136 802 1262 850 Nete
1284 802 1696 865 diezeugmenon
1724 766 1856 865 {3072

1138 1002 1410 1050 Paramcse
1724 942 1859 1101 14096

1134 1090 1271 1139 Trite
1309 1090 1857 1153 diezeugmenonl3888

1138 1180 1387 1230 Paranete
1431 1180 1857 1245 diezeugm.}3658

1133 1272 1258 1319 Nete
1284 1270 1696 1334 diezeugmenon
1725 1270 1858 1334 [3072

505 496 1055 686 §/"§=~§s

737 688 809 748 -ε

760 754 819 822 e
924 752 1062 837 na

520 1007 562 1090 σέ
714 1008 811 1109 ..τιὲ
914 1002 1058 1073 ’ἐξ

716 1200 791 1294 (ς)
917 1203 1062 1255 ς)ιί

519 1301 562 1361 ἓ

521 1362 561 1448 ἓ
698 1415 797 1481 ξ
920 1430 1049 1495 ea

716 1488 774 1583 -Ξ

401 1477 499 1592 \

433 845 499 896 ab

436 903 486 987 ἒ

412 990 476 1162 ἒξ

436 1168 476 1219 ἐ

410 1223 475 1305 ῖὲ

411 1305 473 1351 .2:

407 1355 473 1433 ἰξῖ

501 1027 567 1180 Ξ

526 1196 565 1231 ε

521 1362 561 1448 ἓ

198 892 253 967 ,ἑ

203 969 253 990 ..ὁ

215 993 252 1053 2

199 1081 251 1150 Ξ

213 1156 249 1181 ι.

202 1186 249 1233 3

198 1239 266 1327 ’Ξη

216 1332 249 1355 ω

202 1360 252 1422 J3

1034 1430 1049 1495 Ξ
1095 1385 1101 1505 Ι
1134 1414 1409 1462 Paramese
1724 1385 1858 1505 34096

1006 1449 1041 1475 ι.

1093 1479 1101 1567 Ι
1131 1501 1269 1549 Trite
1302 1479 1857 1567 diezeugmenonT3992

1132 1590 1385 1637 Paranete
1415 1562 1705 1653 diezeugm.
1724 1562 1857 1683 :3888

1128 1678 1254 1725 Nete
1285 1677 1700 1740 diezeugmenon
1723 1677 1856 1740 13072

897 1893 1124 1947 CAPUT
1153 1894 1238 1945 Xl.

465 2005 625 2059 Ratio
674 2004 925 2072 superius
962 2001 1242 2070 dispositae
1264 2000 1662 2070 descriptionis.

284 2111 350 2163 In
382 2110 679 2181 superiore
720 2109 896 2179 igitur
941 2108 1127 2160 forma
1158 2106 1374 2161 obtinet
1424 2107 1655 2178 quidem
1708 2124 1915 2162 conso-

208 2198 472 2251 nantiam
497 2198 769 2269 diapason
790 2195 1395 2267 proslambanomenos
1418 2197 1486 2249 ad
1523 2212 1734 2265 mesen,
1762 2214 1915 2253 mese

210 2291 409 2341 autem
458 2287 529 2340 ad
579 2292 748 2341 neten
794 2284 1206 2356 hyperboleon.
1261 2284 1350 2337 Bis
1395 2285 1672 2355 diapason
1723 2292 1915 2340 autem

210 2375 832 2445 proslambanomenos
855 2375 923 2427 ad
962 2378 1132 2427 neten
1165 2373 1578 2443 hyperboleon.
1632 2374 1912 2429 Diatessa-

211 2481 319 2518 ron
348 2470 542 2518 autem
574 2464 1008 2518 consonantiam
1039 2466 1226 2515 servat
1276 2463 1487 2533 hypate
1530 2463 1785 2535 hypaton
1846 2466 1915 2519 ad

212 2553 472 2623 hypaten
504 2571 717 2607 meson.
765 2554 981 2623 Hypate
1038 2567 1236 2604 meson
1262 2551 1332 2605 ad
1374 2568 1567 2605 mesen
1617 2569 1791 2619 mese,
1844 2554 1913 2607 ad

215 2647 391 2695 neten
424 2658 863 2712 synemmenon,
898 2656 1196 2710 paramese
1232 2640 1298 2693 ad
1336 2645 1504 2693 neten
1548 2641 1914 2712 diezeugme-

216 2747 353 2795 non,
389 2737 519 2784 nete
553 2732 1010 2800 diezeugmenon
1038 2729 1107 2781 ad
1152 2734 1323 2781 neten
1356 2730 1770 2799 hyperboleon.
1819 2736 1913 2785 At-

214 2834 329 2889 que
362 2818 474 2871 hoc
508 2819 579 2871 ita
605 2827 629 2851 δ
658 2818 743 2883 ﬁt,
777 2824 841 2871 ut
890 2818 977 2870 his
1016 2817 1401 2870 consonantiis
1461 2817 1687 2888 integra
1746 2825 1914 2873 tetra-

213 2907 434 2960 chorda
466 2922 857 2959 numeremus.
904 2908 1088 2975 Atque
1118 2912 1183 2959 ut
1212 2906 1417 2958 clarius
1465 2908 1653 2959 omnis
1704 2907 1762 2960 in
1812 2908 1915 2961 hac

212 2995 452 3048 formab
495 2995 831 3065 respiciatur
892 2994 1032 3047 ordo
1088 3011 1419 3063 nervorum,
1468 2996 1777 3049 secundum
1807 2996 1915 3050 tria

214 3099 433 3152 genera
455 3086 483 3134 ὅ
516 3088 736 3136 tantum
773 3086 1046 3136 notantur
1076 3100 1198 3137 esse
1230 3084 1608 3139 tetrachorda.
1656 3085 1912 3139 Primum

215 3177 392 3241 atque
424 3172 827 3240 gravissimum
877 3172 1154 3242 hypaton,
1201 3172 1363 3241 cujus
1396 3178 1478 3225 est
1509 3173 1774 3243 princeps
1806 3174 1908 3243 hy-

215 3265 346 3330 pate
398 3260 670 3330 hypaton,
707 3256 908 3313 ultima
948 3267 1141 3313 autem
1171 3261 1383 3330 hypate
1423 3276 1642 3327 meson,
1709 3278 1911 3315 secun-

219 3348 357 3400 dum
391 3364 524 3401 vero
564 3364 758 3401 meson
805 3350 966 3416 cujus
999 3354 1081 3402 est
1112 3350 1378 3418 princeps
1430 3349 1638 3419 hypate
1692 3366 1909 3419 meson,

219 3445 478 3492 extrema
509 3452 641 3490 vero
666 3453 845 3489 mese.
890 3437 1142 3491 Tertium
1177 3453 1612 3508 synemmenon,
1646 3439 1807 3508 cujus
1830 3443 1914 3492 est

219 3525 487 3594 princeps
520 3540 691 3591 mese,
726 3524 913 3579 ﬁnalis
950 3531 1077 3579 nete
1133 3543 1569 3597 synemmenon.
1633 3528 1911 3591 Quartum

220 3612 699 3681 diezeugmenon,
735 3613 895 3682 cujus
925 3620 1012 3667 est
1040 3622 1059 3647 ε
1080 3614 1269 3685 prima
1297 3630 1613 3684 paramese,
1651 3620 1777 3668 nete
1819 3632 1911 3668 ve-

216 3717 282 3754 ro
317 3702 771 3771 diezeugmenon
796 3710 1065 3757 extrema.
1101 3704 1371 3767 Quintum
1405 3720 1539 3758 vero
1564 3708 1647 3758 est
1700 3704 1910 3775 hyper-

217 3789 432 3843 boleon
455 3792 615 3860 cujus
636 3796 721 3844 est
752 3791 987 3861 quidem
1011 3792 1276 3861 princeps
1290 3797 1419 3845 nete
1434 3792 1908 3862 diezeugmenon,

217 3878 291 3933 ad
319 3884 493 3933 neten
523 3895 654 3934 vero
686 3880 1077 3951 hyperboleon
1106 3880 1446 3934 terminatur
1477 3886 1749 3937 extrema.

878 3988 1100 4042 CAPUT
1131 3989 1246 4042 XII.

545 4096 618 4147 De
645 4095 921 4149 stantibus
960 4099 1009 4149 et
1031 4094 1320 4149 mobilibus
1349 4096 1588 4150 vocibus.

288 4200 503 4254 Harum
561 4216 695 4254 vero
746 4202 1007 4255 omnium
1042 4217 1246 4255 vocum
1294 4202 1505 4271 partim
1537 4206 1670 4257 sunt
1722 4203 1781 4257 in
1824 4207 1911 4257 to-

212 4293 341 4343 tum
372 4289 719 4355 immobiles,
744 4290 953 4359 partim
977 4290 1035 4344 in
1071 4295 1256 4344 totum
1281 4291 1539 4356 mobiles,
1574 4292 1786 4361 partim
1814 4309 1911 4346 ve-

219 4394 282 4430 ro
312 4393 417 4430 nec
466 4378 524 4431 in
548 4383 732 4433 totum
796 4379 1137 4444 immobiles,
1173 4396 1277 4432 nec
1301 4381 1360 4432 in
1391 4383 1577 4433 totum
1646 4381 1905 4433 mobiles.

218 4466 287 4519 In
310 4471 495 4520 totum
536 4467 859 4522 immobiles
891 4472 1020 4522 sunt
1050 4469 1680 4538 proslambanomenos,
1703 4469 1912 4538 hypate

218 4552 499 4620 hypaton,
536 4554 742 4623 hypate
801 4571 1021 4620 meson,
1054 4572 1227 4625 mese,
1288 4560 1417 4610 nete
1476 4572 1910 4627 synemmenon,

216 4654 539 4708 paramese,
577 4648 704 4696 nete
736 4643 1209 4714 diezeugmenon,
1243 4650 1372 4698 nete
1401 4644 1806 4715 hyperboleon.
1838 4644 1916 4698 ld-

218 4727 371 4782 circo
398 4731 669 4800 quoniam
726 4733 786 4786 in
837 4734 1103 4787 omnibus
1130 4734 1312 4788 tribus
1343 4733 1647 4803 generibus
1697 4734 1914 4787 eaedem

220 4822 376 4882 sunt,
411 4835 516 4873 nec
547 4821 784 4874 nomina
814 4838 918 4886 nec
948 4823 1070 4876 loca
1094 4828 1508 4893 permittentes,
1567 4822 1679 4875 sive
1723 4827 1916 4892 penta-

220 4905 458 4973 chorda,
520 4910 634 4963 sive
693 4912 1053 4965 tetrachorda
1110 4912 1456 4966 contineant.
1519 4913 1915 4966 Pentachorda

219 4994 459 5062 quidem
512 5002 576 5050 ut
618 5000 1228 5067 proslambanomenos
1270 5001 1339 5054 ad
1397 5001 1647 5071 hypaten
1694 5016 1910 5067 meson,

220 5088 279 5134 et
310 5098 464 5137 mese
492 5085 566 5138 ad
612 5092 784 5141 neten
824 5087 1299 5159 diezeugmenon.
1350 5089 1729 5143 Tetrachorda
1783 5105 1912 5142 vero

220 5172 286 5221 ut
314 5169 527 5240 hypate
558 5172 813 5243 hypaton
861 5176 933 5229 ad
964 5176 1217 5247 hypaten
1272 5193 1489 5243 meson,
1532 5179 1739 5248 hypate
1792 5194 1915 5231 me-

220 5272 327 5310 son
360 5259 430 5313 ad
460 5276 675 5316 mesen.
712 5263 944 5319 Mobiles
975 5281 1104 5318 vero
1131 5271 1261 5320 sunt
1292 5282 1422 5337 quae
1452 5268 1767 5321 secundum
1798 5268 1911 5320 sin-

1644 323 1734 377 DE
1771 323 2029 380 MUSICA
2068 325 2200 379 LIB.
2241 327 2328 380 IV.

3578 332 3709 385 1274

1946 461 1993 516 Α
2022 476 2156 548 guia
2186 492 2395 547 genera
2424 479 2822 549 permutantur
2841 476 2949 533 hoc
2976 478 3146 533 modo
3191 481 3251 533 ut
3274 483 3543 551 paranete
3570 485 3625 537 et
3647 482 3711 536 li-

2022 566 2234 620 chanos
2263 566 2534 621 diatonici
2563 572 2618 621 et
2649 567 2999 634 chromatici,
3038 568 3167 622 trite
3191 574 3246 622 et
3272 570 3588 640 parhypate
3612 588 3711 625 en-

2021 656 2361 709 harmonici.
2390 658 2516 709 Alia
2548 660 2631 709 est
2651 656 2805 709 enim
2837 662 3106 726 paranete
3148 658 3539 728 hyperboleon
3589 660 3712 713 dia-

2022 751 2205 811 tonos,
2268 746 2380 798 alia
2428 751 2702 816 paranete
2752 746 3145 817 hyperboleon
3168 748 3537 814 chromatice,
3601 749 3713 803 alia

2020 836 2046 876 ἀ
2072 835 2201 888 trite
2226 835 2650 889 enharmonios.
2674 836 2920 891 Diversze
2950 842 3082 891 sunt
3101 837 3272 890 etiam
3291 844 3565 907 paranete
3593 838 3715 892 die-

2022 940 2380 993 zeugmenon
2414 925 2692 991 diatonos,
2726 930 2894 996 atque
2926 927 3289 980 chromatica.
3334 927 3441 980 Nec
3488 932 3572 980 est
3616 943 3711 981 ea-

2024 1013 2151 1066 dem
2168 1030 2294 1084 quae
2311 1014 2367 1068 in
2390 1014 2695 1085 generibus
2723 1015 2942 1068 caeteris
2970 1016 3099 1069 trite
3135 1017 3593 1086 diezeugmenon
3613 1033 3711 1070 en-

2018 1102 2369 1169 harmonios,
2408 1119 2593 1173 neque
2622 1104 2836 1157 eaedem
2870 1108 3000 1158 sunt
3046 1110 3315 1174 paranete
3384 1120 3709 1175 synemme-

2025 1207 2141 1245 non
2172 1192 2433 1247 diatonos
2467 1198 2522 1247 et
2551 1194 2897 1247 chromatica
2929 1203 2948 1228 °
2997 1198 3052 1247 et
3109 1195 3237 1247 trite
3297 1211 3713 1264 synemmenon

2024 1282 2451 1347 enharmonios,
2522 1281 2610 1335 his
2671 1280 2769 1353 qui
2824 1286 2957 1335 sunt
3010 1282 3070 1335 in
3114 1284 3349 1352 reliquis
3404 1284 3712 1354 generibus

2024 1371 2176 1422 trite.
2212 1371 2432 1424 Distant
2467 1370 2914 1425 etiamlichanos
2952 1388 3147 1425 meson
3195 1372 3461 1425 diatonos
3515 1376 3572 1425 et
3636 1372 3707 1425 li-

2025 1458 2233 1511 chanos
2254 1475 2452 1512 meson
2478 1460 2840 1524 chromatice,
2886 1458 2905 1497 τ
2932 1466 2985 1514 et
3015 1462 3330 1532 parhypate
3365 1478 3563 1516 meson
3609 1478 3709 1515 en-

2025 1547 2356 1600 harmonios
2398 1549 2541 1601 nulli
2573 1550 2815 1602 aliorum
2850 1566 3128 1619 generum
3159 1551 3472 1622 parhypate
3506 1550 3710 1604 similis

2025 1635 2330 1689 invenitur.
2364 1639 2472 1690 Nec
2502 1638 2731 1691 eosdem
2764 1638 2914 1690 locos
2955 1654 3016 1691 ac
3046 1654 3319 1693 numeros
3361 1646 3590 1692 servant
3636 1638 3713 1692 li—

1958 1748 1998 1801 B
2023 1724 2231 1777 chanos
2263 1725 2517 1794 hypaton
2570 1725 2832 1779 diatonos
2865 1731 2919 1778 et
2949 1727 3202 1779 lichanos
3251 1728 3504 1796 hypaton
3554 1729 3714 1781 chro-

2003 1813 2246 1874 matice.
2278 1824 2303 1858 ε
2334 1815 2475 1867 Nam
2509 1815 2823 1884 parhypate
2850 1816 3105 1885 hypaton
3127 1816 3535 1869 enharmonios
3573 1816 3715 1869 alio-

2024 1918 2150 1954 rum
2209 1919 2486 1970 generum
2533 1904 2863 1974 parhypatis
2912 1904 3198 1974 reperitur
3245 1920 3365 1958 esse
3398 1904 3712 1959 dissimilis.

2025 1991 2148 2044 Non
2182 1991 2239 2044 in
2261 1996 2441 2046 totum
2474 2009 2605 2046 vero
2637 1993 2958 2047 immobiles
2990 1999 3088 2046 aut
3119 1994 3357 2048 mobiles
3389 2000 3541 2061 sunt,
3586 2009 3716 2063 qua:

2024 2079 2084 2132 in
2140 2080 2361 2134 duobus
2419 2080 2651 2150 quidem
2684 2082 2987 2152 generibus
3041 2089 3296 2148 manent,
3333 2083 3386 2135 id
3432 2086 3514 2135 est
3546 2082 3717 2135 chro-

2025 2169 2231 2221 matico
2262 2172 2318 2222 et
2350 2168 2656 2234 diatonico,
2696 2171 2795 2223 sed
2848 2170 2907 2222 in
2957 2170 3332 2223 enharmonio
3382 2174 3715 2240 permutan-

2026 2258 2133 2310 tur.
2188 2257 2242 2310 ld
2296 2262 2487 2310 autem
2548 2258 2624 2310 sic
2667 2258 3060 2311 consideratur
3120 2258 3250 2311 trite
3290 2258 3709 2329 hyperboleon,

2026 2344 2308 2412 diatonos,
2343 2350 2399 2399 et
2418 2344 2545 2399 trite
2592 2346 2979 2415 hyperboleon
3015 2346 3359 2399 chromatice
3399 2346 3599 2400 eadem
3654 2346 3714 2400 in

2024 2433 2307 2503 superiori
2361 2434 2544 2488 forma
2597 2434 2881 2504 descripta
2924 2439 3028 2502 est,
3087 2437 3116 2477 ιι
3171 2435 3398 2488 hisdem
3458 2434 3714 2488 numeris

2023 2522 2180 2575 2829.
2224 2522 2297 2576 At
2328 2538 2461 2576 vero
2491 2538 2618 2575 cum
2664 2522 3107 2575 enharmonium
3165 2539 3345 2592 genus
3408 2523 3715 2593 aspicimus

2025 2611 2195 2663 triten
2240 2611 2411 2664 aliam
2457 2612 2797 2681 reperimus,
2822 2612 2877 2665 id
2911 2617 2993 2665 est
3012 2614 3171 2666 29l6.
3207 2612 3343 2675 Quae
3373 2612 3552 2680 igitur
3606 2628 3711 2665 vox

2026 2699 2243 2751 duobus
2290 2699 2398 2752 fuit
2437 2701 2748 2769 generibus
2779 2702 3125 2767 communis,
3158 2702 3356 2754 eadem
3416 2700 3475 2753 in
3545 2702 3713 2753 tertio

2023 2793 2349 2858 permutata
2378 2793 2477 2841 est.
2498 2790 2649 2842 Idem
2671 2794 2825 2842 estet
2855 2790 2912 2842 in
2934 2789 3385 2859 diezeugmenon
3409 2790 3717 2842 tetrachor-

2024 2876 2116 2928 do.
2151 2877 2288 2928 Nam
2341 2877 2470 2931 trite
2526 2878 2975 2947 diezeugmenon
3004 2878 3277 2930 'diatonos
3321 2883 3377 2930 et
3420 2877 3550 2930 trite
3592 2876 3711 2930 die-

2026 2979 2384 3033 zeugmenon
2444 2966 2785 3018 chromatice
2837 2967 3052 3020 eaedem
3100 2970 3253 3028 sunt,
3298 2966 3521 3034 sibique
3573 2980 3714 3018 con-

1952 3051 1991 3105 C
2024 3054 2298 3118 sentiunt,
2334 3053 2462 3107 trite
2502 3060 2695 3108 autem
2722 3054 3180 3123 diezeugmenon
3225 3052 3630 3107 enharmonios
3678 3068 3711 3105 a

2024 3141 2319 3209 superiore
2370 3143 2563 3209 distat,
2611 3144 2672 3199 in
2728 3144 3114 3213 synemmenis
3164 3144 3337 3196 etiam
3400 3142 3553 3195 idem
3608 3146 3711 3195 est.

2022 3230 2174 3283 Trite
2206 3230 2360 3283 enim
2384 3248 2797 3301 synemmenon
2818 3231 3081 3285 diatonos
3121 3237 3176 3284 et
3207 3232 3341 3284 trite
3391 3245 3713 3301 synemme-

2022 3333 2139 3372 non
2170 3319 2512 3374 chromatice
2544 3322 2759 3375 ezedem
2801 3325 2951 3375 sunt.
2984 3321 3099 3375 Ted
3129 3321 3257 3374 trite
3303 3334 3715 3390 synemmenon

2025 3408 2431 3461 enharmonios
2464 3415 2548 3462 est
2582 3409 2820 3463 diversa.
2861 3411 3001 3465 Item
3037 3411 3350 3480 parhypate
3384 3424 3577 3461 meson
3600 3407 3715 3461 dia-

2022 3500 2206 3562 tonos,
2252 3502 2307 3550 et
2356 3498 2669 3568 parhypate
2728 3515 2924 3551 meson
2956 3499 3306 3552 chromatice.
3344 3497 3556 3550 eaedem
3609 3511 3715 3548 no—

2021 3588 2236 3638 tantur.
2270 3586 2375 3640 Sed
2398 3586 2457 3639 in
2489 3588 2870 3641 enharmonio
2886 3604 3094 3658 genere
3126 3588 3273 3641 sicut
3294 3585 3558 3656 superius
3584 3584 3715 3638 trite

2022 3672 2100 3725 ita
2131 3674 2223 3727 hic
2253 3675 2565 3746 parhypate
2590 3678 2795 3745 juxtaj
2833 3678 3069 3746 hypates
3110 3692 3307 3729 meson
3354 3675 3589 3744 quidem
3631 3672 3715 3725 in-

2021 3762 2351 3828 veniuntur,
2398 3763 2450 3816 vi
2500 3772 2692 3817 autem
2722 3781 2785 3817 ac
2838 3765 2963 3817 soni
2993 3762 3255 3817 acumine
3294 3763 3527 3816 diversae
3584 3764 3717 3814 sunt

2023 3851 2257 3904 cmteris.
2294 3851 2509 3904 Rursus
2536 3853 2852 3922 parhypate
2878 3853 3129 3922 hypaton
3185 3850 3445 3905 diatonos
3480 3855 3537 3904 et
3590 3865 3715 3919 par-

2021 3938 2230 4008 hypate
2261 3939 2512 4009 hypaton
2538 3940 2885 3993 chromatica
2928 3941 3131 3993 eadem
3162 3945 3266 3993 est.
3303 3939 3409 3993 Sed
3450 3954 3569 3992 non
3628 3954 3715 3990 ea-

2024 4027 2154 4080 dem
2186 4032 2268 4080 est
2298 4044 2429 4081 cum
2460 4029 2520 4081 in
2549 4028 2928 4081 enharmonio
2949 4044 3155 4099 genere
3175 4028 3468 4098 quaeritur.
3506 4026 3615 4079 Sed
3652 4030 3715 4078 ut

2024 4116 2050 4150 κ
2074 4116 2277 4168 harum
2302 4132 2415 4169 non
2444 4117 2614 4186 plena
2636 4117 2987 4170 mutabilitas
3005 4116 3214 4170 clarius
3244 4115 3613 4185 colliquescat
3641 4112 3711 4166 ad

2022 4203 2414 4274 hyperboleon
2441 4205 2883 4260 ‘tetrachordum
2914 4206 3238 4269 redeamus,
3270 4204 3329 4256 in
3359 4204 3465 4255 hoc
3536 4202 3715 4272 igitur

2023 4308 2151 4363 quae
2191 4293 2251 4346 in
2306 4294 2591 4348 diatonico
2620 4300 2790 4364 atque
2834 4296 2891 4347 in
2939 4293 3286 4348 chromatico
3333 4306 3542 4361 genere
3585 4291 3714 4343 trite

1950 4367 1992 4419 D
2023 4381 2415 4452 hyperboleon
2446 4388 2549 4444 est,
2585 4383 2785 4437 eadem
2827 4388 3081 4437 mutatur
3114 4383 3172 4435 in
3199 4379 3598 4446 enharmonio,
3662 4383 3717 4431 et

2024 4470 2086 4522 ﬁt
2116 4476 2402 4539 paranete.
2439 4473 2578 4525 Item
2612 4489 2739 4543 qua:
2776 4474 2905 4526 trite
2936 4473 3387 4539 diezeugmenon
3423 4469 3481 4521 in
3533 4467 3714 4521 diato—

2026 4557 2152 4610 nico
2206 4560 2291 4612 vel
2323 4560 2670 4614 chromatico
2723 4578 2932 4631 genere
2962 4559 3296 4623 vocabatur,
3332 4560 3604 4628 paranete
3656 4559 3713 4609 in

2026 4647 2402 4702 enharmonio
2426 4650 2634 4703 dicitur
2650 4667 2777 4721 quae
2802 4650 2933 4704 trite
2953 4648 3434 4719 synemmenoniu
3454 4646 3713 4699 chroma-

2028 4736 2135 4789 tico
2176 4738 2262 4790 vel
2292 4738 2581 4792 diatonico
2612 4739 2740 4804 fuit,
2776 4739 2834 4792 in
2871 4737 3249 4792 enharmonio
3299 4737 3357 4789 in
3402 4742 3716 4806 paraneten

2024 4826 2247 4879 transit.
2308 4827 2444 4890 Quae
2484 4844 2616 4881 vero
2656 4830 2972 4898 parhypate
3014 4844 3212 4881 meson
3255 4827 3315 4879 in
3367 4824 3717 4879 chromatico

2024 4914 2113 4967 vel
2160 4914 2446 4969 diatonico
2511 4917 2832 4982 videbatur,
2865 4918 3064 4970 eadem
3102 4914 3356 4969 lichanos
3396 4930 3599 4968 meson
3658 4913 3717 4965 in

2028 5002 2402 5057 enharmonio
2434 5005 2738 5074 reperitur.
2777 5006 2915 5067 Quae
2951 5009 3144 5057 autem
3175 5002 3490 5073 parhypate
3538 5003 3715 5071 hypa-

2024 5095 2147 5158 ton,
2202 5094 2287 5145 vel
2335 5094 2393 5145 in
2433 5093 2721 5147 diatonico
2786 5096 2873 5146 vel
2908 5094 2967 5145 in
2996 5094 3347 5147 chromatico
3398 5091 3713 5153 dicebatur,

2025 5179 2279 5235 lichanos
2329 5182 2582 5252 hypaton
2619 5182 2678 5234 in
2711 5181 3088 5235 enharmonio
3142 5186 3527 5251 nuncupatur.
3574 5178 3717 5231 Sunt

2026 5268 2204 5338 igitur
2225 5270 2454 5340 quidem
2488 5270 2832 5337 immobiles,
2863 5268 3716 5341 proslambanomenos,hypate

298 5438 745 5517 ‘Nonﬁabetur.
806 5469 829 5503 ι)
873 5444 1263 5511 Conspiciatur,
1329 5448 1651 5517 °Princeps.
1727 5448 2043 5502 dParanete
2084 5449 2439 5517 hyperboleon
2496 5450 2890 5512 mharmonios,
2955 5452 3071 5503 alia
3150 5452 3275 5503 trite
3349 5449 3616 5513 diatonos,
3667 5454 3717 5505 et

221 5507 572 5574 chromatice,
605 5514 737 5565 alia.

224 5580 518 5634 hEisdem.
562 5582 574 5616 ι
616 5583 1021 5652 Superioribus.
1057 5598 1076 5652 j
1119 5588 1388 5655 Hypaten.
1430 5585 1621 5644 l‘llam.

810 5523 829 5588 ὲ
867 5518 937 5588 Et
980 5518 1373 5570 enharmonios.
1431 5516 1471 5588 _‘
1498 5521 1569 5572 Et
1617 5518 1856 5573 lichanos
1913 5536 2090 5574 meson
2128 5516 2531 5576 enharmonios.
2590 5530 2615 5563 8
2676 5524 2745 5575 Et
2798 5524 3036 5575 lichanos
3081 5521 3280 5588 hypate
3316 5522 3711 5578 enharmonios.
