4152 6184
441 316 570 369 1273

1767 312 1880 367 AN.
1924 311 2134 367 MANL.
2178 311 2323 367 SEV.
2369 310 2596 367 BOETII

3794 312 3927 363 1276

435 444 711 517 hypaton,
748 444 955 514 hypate
1001 458 1225 510 meson,
1271 458 1445 511 mese,
1512 447 1640 497 nete
1690 460 2125 516 synemmenon,
2168 448 2214 500 A
2244 448 2328 499 est
2354 444 2479 499 Lad
2513 445 2596 511 D;
2632 443 2833 515 quinta
2864 442 2933 497 ab
2962 458 3029 496 eo
3061 443 3212 513 quod
3240 446 3323 496 est
3352 443 3396 495 K
3421 443 3491 496 ad
3546 442 3616 509 C;
3651 448 3807 497 sexta
3854 442 3923 495 ab

436 552 752 605 paramese,
799 539 925 586 nete
983 534 1460 601 diezeugmenon,
1518 540 1646 588 nete
1706 536 2118 606 hyperboleon,

438 625 678 677 mobiles
709 640 840 676 vero
877 640 1016 693 quas
1046 624 1336 693 lychauos,
1394 625 1479 676 vel
1514 632 1836 693 paranetas,
1871 626 1953 677 vel
2005 626 2120 678 dia-

435 711 670 778 tonicas,
701 711 787 763 vel
834 710 1226 775 chromaticas,
1269 712 1354 764 vel
1405 712 1838 765 enharmonicas
1869 722 1894 747 ι
1949 712 2123 765 nomi-

437 817 658 854 namus.
698 802 820 854 Non
876 801 932 853 in
962 807 1143 853 totum
1180 801 1415 853 mobiles
1465 808 1561 854 aut
1594 801 1940 867 immobiles,
1979 818 2120 872 quas

433 891 777 960 parliypatas
826 890 984 941 tritas
1028 890 1083 942 in
1116 890 1402 943 diatouico
1465 892 1886 953 velchromate,
1946 891 2118 944 licha-

435 995 539 1031 nos
564 982 753 1032 autem
779 980 865 1032 vel
906 985 1202 1048 paranetas
1234 979 1294 1032 in
1340 979 1746 1033 enharmonico
1776 996 1984 1048 genere
2039 980 2121 1033 di-

433 1083 631 1121 ClmUS.

1069 1176 1290 1229 CAPUI‘
1322 1175 1460 1228 ΧΙΙΙ.

818 1304 891 1356 De
919 1304 1394 1356 consonantiarum
1433 1301 1723 1369 speciebus.

498 1427 655 1479 Nunc
680 1428 748 1479 de
788 1428 1082 1496 speciebus
1117 1427 1431 1495 primarum
1480 1426 1981 1479 consonantiaruni
2007 1431 2118 1477 tra-

431 1518 700 1569 ctandum
744 1524 858 1581 est;
898 1520 1097 1585 primas
1130 1525 1320 1569 autem
1378 1518 1769 1568 consonantia:
1826 1521 1959 1567 sunt
2008 1516 2120 1567 dia-

428 1616 629 1669 pason,
663 1601 949 1670 diapente,
985 1602 1354 1654 diatessaron.
1393 1600 1620 1669 Species
1643 1607 1832 1653 autem
1854 1605 1935 1651 est
1967 1616 2119 1669 quaa-

428 1690 559 1743 dam
605 1690 810 1759 positio
867 1691 1154 1759 propriam
1229 1690 1445 1743 habens
1491 1689 1733 1742 formam
1802 1689 2116 1742 secundum

426 1793 608 1831 unum
644 1780 914 1848 quodque
942 1795 1123 1847 genus
1150 1778 1209 1830 in
1240 1778 1690 1848 uniuscujusque
1723 1776 2111 1846 proportionis

426 1870 857 1921 consonantiam
890 1868 1144 1921 facientis
1176 1868 1434 1921 terminis
1461 1869 1789 1931 constituta,
1824 1872 1886 1919 ut
1917 1866 1974 1918 in
1997 1866 2116 1919 dia-

428 1958 617 2010 tonico
669 1973 893 2026 genere.
927 1959 1067 2011 Nam
1100 1957 1146 2011 si
1194 1957 1646 2027 diezeugmenon
1695 1956 2117 2009 tetracliordum

426 2046 576 2099 inter
608 2046 993 2116 hyperboleon
1040 2047 1463 2101 tetrachordum
1498 2073 1520 2106 ι,
1565 2062 1873 2115 mesenque
1937 2061 2115 2113 pona-

427 2151 574 2201 mus,
648 2135 933 2188 subtracto
992 2135 1203 2188 scilicet
1260 2150 1672 2205 synemmenon
1732 2135 2113 2200 tetrachordo,

426 2228 594 2277 erunt
652 2227 711 2276 15
739 2224 917 2279 nervi.
946 2226 1016 2277 At
1047 2224 1090 2276 si
1122 2224 1191 2276 ab
1238 2224 1323 2276 his
1375 2223 1985 2292 proslambanomenos
2018 2223 2115 2275 de-

424 2314 704 2378 trahatur,
736 2318 905 2366 erunt
954 2313 1403 2382 quatuordecim.
1469 2312 1532 2365 lli
1568 2328 1704 2379 ergo
1736 2312 2118 2381 disponantur

425 2401 532 2454 hoc
557 2402 743 2453 modo.
788 2400 869 2453 Sit
899 2404 942 2453 Α
965 2401 1171 2470 hypate
1200 2400 1475 2469 hypaton,
1510 2400 1549 2453 Β
1580 2402 1892 2470 parhypate
1942 2400 2117 2469 hypa-

423 2495 542 2553 ton,
602 2490 641 2542 C
681 2489 886 2558 hypate
915 2490 1186 2550 ilchanos,
1230 2490 1271 2542 D
1307 2490 1513 2557 hypate
1548 2506 1766 2555 meson,
1826 2490 1865 2541 E
1908 2490 2115 2558 parhy-
2166 2544 2169 2547 _

423 2583 551 2647 pate
594 2594 810 2641 meson,
844 2578 880 2630 F
913 2577 1165 2630 lichanos
1224 2579 1503 2643 meson,G
1548 2594 1718 2643 mese,
1777 2580 1816 2631 ll
1864 2594 2120 2647 parame-

426 2683 504 2733 se,
543 2669 562 2722 Ι
597 2667 726 2719 trite
747 2666 1217 2735 diezeugmenon.
1249 2667 1293 2719 Κ
1338 2674 1609 2735 paranete
1637 2668 2113 2735 diezeugmenon,

428 2756 466 2809 L
500 2762 627 2808 nete
658 2755 1130 2821 diezeugmenon,
1156 2756 1203 2808 M
1239 2758 1368 2809 trite
1411 2756 1821 2825 hyperboleon,
1859 2756 1899 2808 N
1961 2770 2120 2823 para-

428 2848 556 2897 nete
595 2844 1004 2914 hyperboleon,
1065 2845 1107 2898 Ο
1149 2850 1276 2898 nete
1333 2845 1742 2915 hyperboleon.
1780 2844 1862 2897 Ab
1910 2844 2119 2914 hypate

426 2932 602 3001 igitur
626 2933 694 2985 ad
717 2949 1053 3003 paramesen
1088 2933 1359 3001 diapason
1392 2933 1764 2986 consonantia
1804 2939 1906 2985 est.
1942 2936 1985 2985 Α
2009 2948 2120 2985 me-

2230 552 2297 588 eo
2325 535 2473 605 quod
2506 540 2588 587 est
2616 535 2633 587 I
2662 534 2727 587 ad
2762 536 2833 597 B;
2869 533 3109 603 septima
3132 534 3199 585 ab
3250 550 3317 585 eo
3349 526 3497 601 quod
3520 543 3605 585 est
3638 535 3679 585 H
3726 534 3797 585 ad
3853 537 3918 585 Α.

2229 625 2431 695 Liquet
2464 624 2639 693 igitur
2668 639 2733 676 ex
2767 623 2853 675 his
2885 638 3012 692 quae
3049 623 3197 675 dicta
3230 628 3383 685 sunt,
3419 624 3768 675 diatessaron
3790 639 3919 675 con-

2230 714 2549 767 sonantiam
2584 714 2757 765 semel
2784 718 3005 767 tantum
3058 713 3113 764 in
3154 712 3542 763 immobilibus
3576 729 3637 763 ac
3696 712 3921 763 statutis

2228 804 2456 857 vocibus
2485 803 2784 855 contineri.
2820 803 2958 855 Nam
3008 802 3054 853 si
3104 801 3172 853 ab
3232 800 3437 869 hypate
3490 801 3744 870 hypaton
3789 801 3923 851 inci-

2229 894 2403 963 piam,
2438 892 2543 945 erit
2587 895 2632 945 Α
2668 892 2729 956 D,
2784 891 2841 943 id
2876 896 2957 943 est
2987 890 3057 942 ab
3093 890 3300 959 hypate
3333 890 3585 959 hypaton
3618 890 3677 942 in
3728 905 3920 941 meson

2228 982 2478 1051 hypaten
2507 997 2570 1033 ea
2610 997 2732 1050 quae
2778 985 2861 1032 est
2890 980 2947 1032 in
2999 979 3197 1031 ordine
3240 981 3446 1047 prima.
3502 979 3638 1030 Nam
3705 986 3919 1030 caeterze

2227 1087 2343 1123 non
2375 1071 2600 1123 statutis
2622 1069 2855 1122 vocibus
2894 1068 3292 1129 terminantur,
3328 1072 3387 1120 ut
3432 1067 3470 1118 Β
3504 1067 3540 1119 Ε
3577 1065 3616 1118 C
3662 1066 3721 1118 F.
3786 1066 3920 1119 Nam

2228 1161 2585 1228 fparhypate
2641 1158 2899 1228 hypaton
2940 1162 2995 1209 et
3039 1156 3351 1226 parhypate
3387 1170 3606 1215 meson,
3669 1153 3922 1206 lichanos

2227 1248 2482 1317 hypaton
2512 1254 2569 1300 et
2610 1247 2864 1300 lichanos
2909 1263 3103 1299 meson
3138 1245 3369 1298 mobiles
3422 1260 3540 1296 esse
3592 1250 3919 1295 monstratae

2228 1336 2566 1399 sunt.Qiiod
2598 1337 2641 1388 si
2685 1352 2881 1388 rursus
2939 1338 3008 1389 ab
3067 1335 3273 1405 hypate
3332 1350 3527 1386 meson
3569 1334 3917 1385 diatessaron

2228 1426 2655 1479 consonantiam
2710 1424 3064 1488 inchoemus,
3128 1424 3237 1476 erit
3294 1424 3505 1492 species
3569 1421 3920 1473 diatessaron

2229 1514 2448 1567 statutis
2500 1514 2731 1566 vocibus
2770 1514 3076 1566 terminata
3125 1512 3165 1565 (ἓ
3201 1512 3265 1575 D,
3308 1527 3373 1564 ea
3408 1526 3534 1580 quae
3570 1515 3653 1562 est
3718 1510 3919 1578 prima,

2229 1604 2286 1657 id
2318 1608 2403 1656 est
2433 1602 2501 1655 ab
2534 1603 2741 1672 hypate
2774 1618 2971 1654 meson
3005 1602 3062 1653 in
3097 1616 3309 1654 mesen.
3371 1600 3628 1669 Reliquas
3659 1599 3917 1661 minime,

2233 1697 2296 1745 ut
2340 1694 2379 1745 E
2413 1692 2454 1744 H
2508 1698 2563 1745 et
2597 1693 2633 1745 F
2668 1693 2710 1743 l.
2746 1692 2885 1744 Nam
2928 1690 3243 1761 parhypate
3297 1704 3495 1741 meson
3554 1695 3609 1740 et
3666 1688 3921 1740 lichanos

2228 1798 2424 1835 meson
2456 1785 2511 1834 et
2536 1780 2663 1833 trite
2691 1779 3142 1850 diezeugmenon
3177 1795 3292 1832 non
3341 1778 3666 1847 probantur
3712 1776 3922 1829 immo-

2226 1871 2387 1924 biles.
2420 1871 2635 1924 Rursus
2667 1870 2711 1921 si
2744 1870 3003 1922 eamdem
3028 1868 3381 1921 diatessaron
3411 1882 3709 1936 paramese
3744 1863 3925 1919 [susci-

2226 1959 2344 2028 piat
2382 1958 2740 2023 ordiendam,
2788 1958 2895 2009 erit
2936 1966 2960 1999 8
3010 1972 3241 2026 quoque
3300 1971 3429 2025 quae
3486 1954 3717 2008 statutis
3767 1969 3921 2006 coer-

2226 2052 2418 2101 ceatur
2452 2047 2627 2111 sonis,
2654 2047 3006 2099 diatessaron
3041 2044 3253 2116 species
3300 2045 3340 2097 Η
3374 2044 3436 2108 L,
3461 2043 3518 2097 id
3568 2048 3651 2096 est
3688 2059 3722 2095 a
3767 2058 3924 2113 para-

2227 2152 2378 2189 mese
2423 2135 2483 2189 in
2514 2142 2645 2189 nete
2690 2136 3168 2204 diezeugmenon,
3219 2150 3346 2203 quas
3378 2137 3461 2186 est
3518 2132 3725 2202 prima.
3778 2132 3921 2184 Nam

2225 2232 2444 2278 czeteras
2487 2242 2615 2295 qua:
2647 2231 2779 2277 sunt
2808 2226 2827 2276 Ι
2862 2226 2907 2277 Μ
2940 2230 2995 2277 et
3027 2225 3069 2277 Κ
3104 2224 3147 2276 Ν
3177 2224 3483 2276 mobilibus
3532 2222 3921 2275 terminantur

2226 2315 2401 2366 sonis.
2430 2314 2568 2365 Nam
2600 2314 2771 2365 triten
2806 2313 3285 2383 diezeugmenon,
3318 2319 3373 2365 et
3430 2316 3743 2381 paraneten
3798 2310 3921 2363 die-

2226 2419 2607 2470 zeugmenon,
2637 2407 2691 2454 et
2712 2402 2881 2454 triten
2915 2402 3325 2471 hyperboleon,
3369 2407 3423 2454 et
3456 2407 3766 2470 paraneten
3827 2400 3927 2468 hy-

2227 2492 2537 2561 perboleon
2570 2491 2805 2543 mobiles
2839 2506 3001 2543 voces
3034 2507 3152 2543 esse
3186 2490 3573 2559 praediximus.
3623 2489 3761 2541 Item
3808 2488 3927 2541 dia-

2227 2585 2397 2649 ponte
2430 2581 2802 2631 consonantia
2834 2578 2973 2631 duas
3025 2578 3417 2631 tantummodo
3476 2582 3691 2646 species
3744 2584 3922 2639 tenet,

2227 2684 2355 2737 quae
2400 2668 2622 2720 statutis
2666 2667 2893 2719 vocibus
2922 2666 3311 2720 includuntur.
3376 2666 3442 2718 Ut
3488 2667 3535 2717 si
3578 2666 3648 2717 ab
3710 2665 3922 2733 hypate

2231 2773 2425 2811 meson
2461 2756 2771 2822 ordiamur,
2812 2772 2923 2808 una
2955 2756 3187 2825 quidem
3208 2762 3291 2808 est
3322 2756 3362 2807 D
3395 2756 3459 2820 ll,
3498 2755 3551 2806 id
3582 2759 3665 2805 est
3709 2754 3778 2805 ab
3824 2754 3925 2821 hy-

2229 2853 2355 2916 pate
2381 2862 2579 2898 meson
2616 2847 2670 2897 in
2698 2861 3054 2913 paramesen,
3090 2860 3156 2896 ea
3192 2860 3321 2914 quae
3359 2850 3440 2895 est
3472 2844 3679 2912 prima.
3724 2844 3925 2896 Altera

2231 2952 2361 2987 vero
2398 2936 2435 2989 G
2465 2936 2521 3000 L,
2548 2934 2601 2987 id
2626 2942 2711 2987 est
2733 2952 2763 2986 a
2804 2950 2955 2987 mese
2984 2934 3042 2986 in
3078 2940 3247 2985 neten
3275 2934 3743 3001 diezeugmenon,
3802 2930 3923 2981 hmo

425 3036 483 3074 se
536 3038 669 3073 vero
728 3022 797 3074 ad
825 3022 1074 3092 hypaten
1134 3038 1331 3075 meson
1378 3023 1750 3089 diatessaron,
1806 3022 1875 3074 ab
1918 3022 2114 3075 eadem
2153 3042 2191 3096 ρ
2228 3040 2362 3077 vero
2395 3030 2477 3077 est
2509 3030 2731 3094 quarta.
2766 3024 3018 3094 Reliquae
3049 3039 3202 3088 vero,
3238 3022 3293 3074 id
3317 3028 3401 3074 est
3429 3021 3467 3073 E
3501 3021 3517 3072 l
3555 3026 3609 3072 et
3658 3020 3693 3072 μ
3720 3018 3789 3082 Κ,
3825 3018 3930 3069 mi-

424 3126 555 3162 vero
580 3126 731 3163 mese
779 3111 846 3163 ad
880 3112 1143 3164 liclianon
1198 3112 1449 3181 hypaton
1506 3112 1788 3182 diapente.
1851 3111 1965 3164 Erit
2008 3110 2112 3178 igi-

422 3202 516 3251 tur
542 3199 816 3268 diapason
855 3200 1088 3269 quidem
1141 3206 1265 3253 octo
1328 3200 1691 3253 chordarum.
1754 3200 2115 3253 Diatessaron

423 3304 555 3340 vero
585 3296 854 3357 quatuor,
894 3288 1162 3357 diapente
1207 3294 1399 3342 autem
1432 3289 1707 3360 quinque.
1760 3292 1837 3343 Ac
1864 3305 1966 3359 per
2008 3290 2115 3343 hoc

422 3377 657 3430 habebit
696 3378 1046 3430 diatessaron
1095 3378 1327 3447 quidem
1377 3378 1593 3447 species
1650 3383 1784 3443 tres,
1845 3378 2114 3447 diapente

422 3472 614 3517 autem
638 3466 851 3532 species
878 3471 1146 3534 quatuor,
1183 3467 1456 3534 diapason
1476 3483 1608 3519 vero
1633 3467 1845 3535 species
1874 3473 2111 3536 septem.

425 3553 775 3621 Semperque
810 3569 922 3606 una
957 3554 1145 3606 minus
1183 3555 1398 3623 species
1432 3555 1539 3607 erit
1572 3572 1743 3625 quam
1769 3556 1982 3608 fuerint
2016 3570 2117 3607 vo-

424 3654 533 3705 ces,
566 3644 625 3692 ut
647 3644 801 3692 enim
845 3656 877 3692 a
906 3656 1059 3694 mese
1111 3647 1341 3695 cmteras
1392 3655 1414 3683 ο
1456 3644 1789 3695 ordinamus
1849 3644 2116 3695 diatessa-

423 3744 528 3781 ron
561 3729 945 3783 consonantize
996 3730 1209 3800 species
1242 3736 1356 3784 tres
1379 3737 1531 3795 sunt,
1579 3733 1686 3785 hoc
1737 3732 1947 3786 modo:
2002 3746 2118 3784 una

425 3818 657 3888 quidem
704 3819 916 3888 species
950 3822 1057 3872 erit
1099 3820 1165 3872 ab
1200 3820 1333 3874 Gad
1379 3821 1451 3886 D;
1498 3820 1744 3874 secunda
1774 3837 1905 3875 vero
1956 3820 2025 3873 ab
2079 3821 2117 3875 F

426 3906 496 3959 ad
527 3910 597 3972 C;
628 3908 793 3960 tertia
822 3924 950 3960 vero
982 3908 1050 3961 ab
1086 3909 1123 3961 E
1155 3909 1221 3963 ad
1264 3910 1322 3974 Β,
1352 3915 1407 3962 et
1464 3909 1573 3963 huc
1623 3926 1801 3980 usque
1840 3896 2114 3963 diatessaQ

425 4011 533 4049 ron
563 3997 776 4065 species
825 3998 1290 4066 progrediuntur.
1334 3998 1546 4052 Idcirco
1583 3998 1718 4068 quia
1774 3999 1884 4052 huc
1930 4014 2109 4068 usque

425 4084 644 4154 species
664 4085 832 4139 binos
875 4086 1130 4140 continet
1169 4103 1373 4141 nervos
1414 4088 1671 4157 ejusdem
1731 4087 2110 4155 diatessaron,

425 4176 490 4225 ut
524 4173 564 4226 G
598 4174 640 4226 Ι)
672 4174 902 4243 quidem
936 4191 1029 4227 eos
1053 4176 1151 4244 qui
1180 4180 1310 4228 sunt
1330 4176 1368 4228 E
1397 4175 1487 4244 [τεά
1517 4176 1832 4240 continent,
1864 4177 1900 4229 F
1928 4177 1967 4231 C
2013 4192 2103 4229 eos

428 4261 528 4331 qui
557 4267 692 4315 sunt
726 4264 765 4315 E
811 4264 873 4327 D,
906 4268 961 4316 et
990 4264 1029 4315 E
1064 4265 1103 4318 Β
1143 4280 1239 4317 eos
1262 4273 1283 4298 θ
1311 4264 1604 4318 continent
1650 4264 1747 4335 qui
1790 4270 1924 4319 sunt
1954 4266 1992 4320 C
2043 4266 2179 4350 D;D

368 4386 373 4389 -
441 4350 489 4403 si
530 4367 661 4403 vero
694 4350 782 4403 his
828 4352 1087 4421 adjecero
1144 4353 1496 4406 diatessaron
1539 4355 1582 4407 D
1629 4356 1692 4418 A,
1728 4354 1948 4408 diversa
2007 4369 2126 4407 non

441 4439 550 4493 erit
579 4440 647 4493 ab
677 4455 743 4493 ea
770 4456 898 4509 quas
930 4440 1068 4493 estG
1104 4443 1164 4501 D,
1196 4458 1373 4495 unum
1405 4442 1557 4495 enim
1587 4443 1769 4495 solum
1802 4443 1841 4497 G
1893 4444 1934 4495 ι)
1985 4459 2119 4495 con-

426 4530 701 4582 sonantiae
736 4545 971 4583 nervum
1011 4531 1349 4595 continebit,
1374 4531 1429 4583 id
1463 4536 1547 4583 est
1587 4532 1628 4584 Ι)
1661 4532 1867 4585 solum.
1927 4532 2122 4584 Exces-

433 4617 505 4669 sit
534 4618 713 4688 igitur
746 4618 788 4672 G
822 4619 863 4670 Ι)
895 4622 1349 4687 consonantiam,
1394 4625 1563 4689 atque
1594 4620 1723 4673 ideo
1766 4620 2119 4673 diatessaron

427 4710 542 4759 tres
565 4707 779 4776 species
802 4707 1011 4761 habere
1041 4709 1391 4778 perhibetur.
1425 4710 1493 4763 Et
1519 4708 1576 4761 in
1627 4711 1846 4763 caeteris
1885 4709 2119 4781 quidem

434 4795 821 4848 consonantiis
851 4796 1003 4849 idem
1037 4802 1137 4850 est.
1176 4798 1451 4866 Diapente
1492 4803 1684 4851 autem
1716 4802 1883 4851 erunt
1903 4797 2119 4867 species

431 4888 681 4953 quatuor
714 4883 823 4936 hoc
862 4885 1031 4937 modo
1067 4900 1079 4938 :
1115 4886 1237 4939 Una
1266 4886 1501 4955 quidem
1551 4891 1635 4939 est
1687 4886 1728 4938 Η
1768 4886 1839 4939 ad
1878 4888 1955 4952 Ι);
2008 4885 2121 4939 alia

428 4990 566 5028 vero
594 4974 663 5027 ab
695 4989 761 5027 eo
816 4975 965 5045 quod
995 4980 1079 5029 est
1107 4977 1146 5031 G
1180 4977 1249 5030 ad
1297 4976 1368 5042 C;
1400 4977 1510 5029 alia
1554 4978 1706 5031 abeo
1752 4978 1905 5047 quod
1940 4982 2024 5031 est
2081 4978 2119 5031 F

435 5064 503 5118 ad
531 5063 603 5129 B;
637 5063 745 5116 alia
779 5069 968 5118 autem
998 5066 1070 5119 ab
1119 5082 1186 5119 eo
1217 5065 1371 5137 quod
1402 5069 1486 5119 est
1515 5066 1554 5118 E
1592 5066 1662 5119 ad
1712 5068 1774 5119 A.
1827 5068 2119 5135 Diapason

427 5170 563 5207 vero
595 5154 979 5207 consonantiae
1011 5158 1041 5206 7
1071 5159 1239 5207 erunt
1264 5155 1498 5224 species,
1532 5154 1637 5208 hoc
1670 5154 1875 5208 modo:
1931 5154 2121 5223 prima

429 5241 501 5295 ab
530 5257 597 5295 eo
621 5241 776 5311 quod
828 5247 912 5295 est
950 5241 992 5295 Ο
1015 5241 1080 5294 ad
1116 5242 1156 5295 G
1189 5244 1435 5297 secunda
1467 5244 1535 5297 ab
1568 5260 1635 5297 eo
1672 5242 1826 5313 quod
1860 5246 1945 5294 est
1978 5242 2019 5294 N
2048 5241 2120 5295 ad

431 5331 500 5396 F;
537 5329 704 5384 tertia
731 5330 800 5383 ab
824 5346 890 5384 eo
930 5331 1080 5400 quod
1114 5336 1199 5383 est
1235 5331 1282 5385 Μ
1310 5332 1380 5385 ad
1415 5333 1490 5397 E;
1526 5338 1729 5401 quarta
1760 5331 1831 5384 ab
1864 5346 1931 5383 eo
1966 5330 2120 5400 quod

501 5583 526 5649 ξ
563 5578 843 5649 Vocamus.
918 5580 942 5621 ι)
980 5578 1285 5649 Mesonque.

429 5646 457 5687 ιι
488 5647 570 5701 1η.
648 5647 1006 5704 ‘Distlnctio.
1083 5664 1102 5717 j
1152 5646 1269 5708 Non
1301 5652 1515 5718 legitur.

1365 5580 1727 5635 °0rdiamur.
1805 5580 1832 5615 εί
1888 5584 2008 5638 Non
2053 5582 2298 5638 habetur.
2374 5593 2393 5618 ο
2442 5586 2557 5643 Non
2616 5585 2862 5639 habetur.

1594 5652 1621 5686 κ
1651 5654 1832 5708 Faciet
1862 5668 1971 5707 esse
1999 5656 2276 5708 notiorem.

2225 3116 2379 3170 nime
2402 3114 2626 3168 statutis
2654 3115 2887 3168 vocibus
2940 3116 3146 3167 clausas
3199 3118 3349 3165 sunt.
3392 3113 3530 3165 Nam
3583 3111 3924 3179 parhypate,

2227 3206 2579 3265 etlichanos,
2632 3208 2687 3256 et
2738 3204 2890 3269 trite,
2940 3210 2996 3256 et
3048 3208 3317 3272 paranete
3363 3200 3653 3253 instabiles
3708 3214 3925 3267 appro-

2230 3295 2458 3347 bantur.
2494 3292 2708 3348 Similis
2735 3302 2929 3345 autem
2955 3294 3102 3345 ratio
3136 3290 3301 3345 eritsi
3336 3306 3368 3343 a
3397 3296 3527 3343 nete
3577 3288 3931 3355 diezeugmeo

2227 3383 2432 3436 nonin
2469 3383 2791 3453 graviorem
2826 3387 3069 3452 partem,
3122 3380 3177 3432 id
3210 3386 3294 3432 est
3320 3380 3390 3432 ad
3450 3393 3665 3439 mesen,
3720 3391 3924 3428 conso-

2228 3473 2440 3525 nantiae
2495 3471 2664 3540 hujus
2710 3474 2923 3541 species
2991 3469 3437 3531 considerentur,
3491 3465 3706 3518 eisdem
3772 3465 3925 3515 enim

2228 3558 2627 3611 immobilibus
2658 3556 2909 3621 vocibus,
2946 3572 3074 3626 quae
3099 3556 3362 3625 superius
3411 3554 3574 3608 dicta:
3602 3559 3755 3619 sunt,
3792 3568 3927 3605 con-

2231 3648 2589 3701 tinebuntur.
2632 3648 2757 3701 Sive
2788 3652 2981 3699 autem
3007 3646 3304 3715 abhypate
3338 3660 3557 3708 meson,
3589 3660 3687 3695 seu
3744 3659 3776 3693 a
3811 3658 3926 3694 me-

2227 3752 2307 3800 se,
2340 3752 2439 3789 seu
2472 3753 2503 3788 a
2549 3749 2865 3806 paramese,
2908 3735 3024 3787 sive
3056 3734 3226 3787 etiam
3261 3750 3293 3785 a
3340 3740 3466 3786 nete
3523 3730 3926 3801 hyperboleon

2227 3825 2628 3878 consonantiae
2659 3838 2681 3876 b
2721 3824 2787 3877 ad
2816 3823 3135 3893 graviorem
3169 3829 3387 3892 partem
3429 3821 3722 3874 ducamus.
3785 3819 3930 3871 Dua-

2230 3929 2357 3967 rum
2390 3930 2517 3984 qum
2553 3912 2777 3965 statutis
2822 3912 3055 3965 vocibus
3114 3917 3501 3976 coerceantur,
3556 3926 3667 3961 non
3710 3909 3926 3978 poterit

2228 4019 2348 4056 esse
2382 4002 2742 4055 ‘destructio.
2777 4002 3064 4070 Diapason
3096 4016 3226 4053 vero
3260 3998 3646 4052 consonantiae
3694 3998 3814 4050 sive
3855 3997 3927 4050 ab

2228 4091 2438 4161 hypate
2464 4092 2715 4161 hypaton
2745 4090 2804 4142 in
2838 4105 3196 4160 paramesen,
3231 4090 3348 4142 sive
3380 4104 3413 4140 a
3459 4091 3587 4140 nete
3639 4086 3931 4155 hyperbo-

2229 4180 2361 4232 leon
2388 4180 2448 4232 in
2478 4195 2673 4232 mesen
2708 4178 2849 4232 ordo
2871 4184 3151 4243 sumatur,
3186 4184 3298 4231 tres
3346 4176 3743 4230 tantummodo
3798 4192 3931 4246 spe-

2234 4268 2346 4321 cies
2370 4267 2667 4334 obtinebit,
2701 4284 2829 4338 quas
2852 4266 3249 4321 immobilibus
3281 4266 3509 4319 vocibus
3529 4270 3928 4319 coerceantur.

2234 4358 2374 4411 Nam
2406 4358 2475 4410 ab
2508 4357 2759 4426 hypaten
2786 4356 3041 4426 hypaton
3059 4355 3414 4409 ordientihus
3441 4370 3553 4407 una
3587 4360 3669 4407 est
3701 4358 3741 4406 Α
3766 4355 3831 4417 B,
3865 4370 3932 4406 ea

2233 4461 2360 4515 quas
2388 4450 2472 4499 est
2488 4446 2676 4515 prima
2699 4446 2767 4497 ab
2789 4445 2999 4515 hypate
3027 4446 3278 4515 hypaton
3303 4444 3359 4496 in
3382 4458 3695 4512 paramese.
3726 4444 3931 4494 Altera

2232 4535 2273 4586 Ι)
2310 4535 2346 4587 L
2380 4550 2446 4586 ea
2501 4550 2629 4603 quae
2680 4541 2881 4604 quarta
2931 4534 2999 4586 ab
3034 4535 3242 4603 hypate
3276 4548 3469 4585 meson
3518 4531 3577 4585 in
3629 4537 3755 4584 nete
3801 4531 3925 4583 die-

2230 4637 2607 4691 zeugmenon.
2652 4621 2865 4675 Dehinc
2910 4622 2951 4676 G
2979 4622 3020 4675 Ο
3072 4622 3192 4675 hinc
3234 4621 3474 4691 septima
3496 4625 3599 4685 est,
3642 4619 3699 4671 id
3752 4622 3848 4671 est
3896 4636 3929 4673 a

2230 4725 2385 4764 mese
2415 4711 2474 4763 in
2525 4714 2696 4763 neten
2741 4709 3155 4780 hyperboleon.
3204 4710 3577 4779 Reliquarum
3619 4723 3746 4760 vero
3797 4724 3931 4777 spe-

2235 4800 2453 4853 cierum
2480 4814 2637 4852 voces
2660 4799 2888 4852 extima:
2922 4800 3077 4853 nullo
3126 4800 3330 4865 modoj
3378 4797 3763 4851 immobilibus
3820 4814 3929 4849 vo—

2235 4888 2396 4942 cibus
2414 4887 2729 4942 constituta?
2770 4893 2917 4941 sunt.
2956 4888 3096 4941 Nam
3146 4888 3481 4957 parhypate,
3536 4892 3593 4938 et
3633 4883 3924 4948 lichanos,

2233 4981 2288 5029 et
2335 4976 2486 5043 trite,
2532 4982 2803 5045 paranete
2849 4976 2933 5046 (ut
2995 4992 3168 5043 supra
3226 4975 3497 5045 quodque
3555 4973 3768 5026 dictum
3821 4976 3930 5038 est)

2233 5065 2559 5118 immobiles
2592 5080 2708 5118 non
2730 5070 2881 5118 sunt.
2916 5065 3193 5119 Similiter
3224 5076 3415 5117 autem
3444 5068 3500 5116 et
3530 5078 3634 5133 per
3694 5061 3932 5115 easdem

2233 5168 2396 5205 voces
2424 5152 2471 5204 si
2498 5152 2567 5205 ab
2622 5152 3011 5223 hyperboleon
3058 5159 3189 5207 nete
3240 5153 3557 5212 ordiamur,
3598 5150 3930 5220 specierum

2231 5242 2369 5296 ordo
2422 5242 2762 5309 contexitur,
2838 5258 3087 5313 quorum
3148 5241 3411 5296 omnium
3481 5239 3931 5308 intelligentiam

2231 5330 2482 5401 subjecta
2514 5330 2821 5401 descriptio
2848 5344 2878 5385 ις
2901 5332 3077 5385 docet.

2943 5586 2964 5627 ί
2996 5587 3111 5641 Non
3153 5586 3368 5651 legitur.
3444 5592 3470 5627 ε
3512 5584 3628 5638 Non
3700 5582 3926 5648 legitur.
