  <div class='ocr_page' id='page_1' title='image "/cluster/home/n/w/nwhite01/storage/ocr_20150623/63/hvd.32044073498800/644.png"; bbox 0 0 4152 6184; ppageno 0'>
   <div class='ocr_carea' id='block_1_1' title="bbox 296 339 436 394">
    <p class='ocr_par' dir='ltr' id='par_1_1' title="bbox 296 339 436 394">
     <span class='ocr_line' id='line_1_1' title="bbox 296 339 436 394; baseline 0.021 -3"><span class='ocrx_word' id='word_1_1' title='bbox 296 339 436 394; x_wconf 68' lang='lat'><strong>{277</strong></span> 
     </span>
    </p>
   </div>
   <div class='ocr_carea' id='block_1_2' title="bbox 373 660 857 718">
    <p class='ocr_par' dir='ltr' id='par_1_2' title="bbox 373 660 857 718">
     <span class='ocr_line' id='line_1_2' title="bbox 373 660 857 718; baseline 0 -10"><span class='ocrx_word' id='word_1_2' title='bbox 373 660 595 708; x_wconf 87' lang='lat' dir='ltr'>Stabiles</span> <span class='ocrx_word' id='word_1_3' title='bbox 686 661 695 718; x_wconf 98' lang='lat'><strong><em>|</em></strong></span> <span class='ocrx_word' id='word_1_4' title='bbox 816 662 857 708; x_wconf 85' lang='lat' dir='ltr'><strong>A</strong></span> 
     </span>
    </p>
   </div>
   <div class='ocr_carea' id='block_1_3' title="bbox 373 805 1607 871">
    <p class='ocr_par' dir='ltr' id='par_1_3' title="bbox 373 805 1607 871">
     <span class='ocr_line' id='line_1_3' title="bbox 373 805 1607 871; baseline 0.002 -18"><span class='ocrx_word' id='word_1_5' title='bbox 373 805 771 871; x_wconf 17' lang='lat' dir='ltr'>bibims—Li</span> <span class='ocrx_word' id='word_1_6' title='bbox 821 808 857 852; x_wconf 78' lang='grc' dir='ltr'>Ο</span> <span class='ocrx_word' id='word_1_7' title='bbox 979 809 986 864; x_wconf 98' lang='grc' dir='ltr'>Ι</span> <span class='ocrx_word' id='word_1_8' title='bbox 1082 808 1345 855; x_wconf 77' lang='lat' dir='ltr'>Lichanos</span> <span class='ocrx_word' id='word_1_9' title='bbox 1374 805 1607 871; x_wconf 60' lang='lat' dir='ltr'>hy&#39;pz’an</span> 
     </span>
    </p>
   </div>
   <div class='ocr_carea' id='block_1_4' title="bbox 371 879 1485 939">
    <p class='ocr_par' dir='ltr' id='par_1_4' title="bbox 371 879 1485 939">
     <span class='ocr_line' id='line_1_4' title="bbox 371 879 1485 939; baseline 0.004 -15"><span class='ocrx_word' id='word_1_10' title='bbox 371 879 598 924; x_wconf 81' lang='lat' dir='ltr'>Stahiles</span> <span class='ocrx_word' id='word_1_11' title='bbox 688 879 696 935; x_wconf 91' lang='grc' dir='ltr'>Ι</span> <span class='ocrx_word' id='word_1_12' title='bbox 823 880 860 925; x_wconf 87' lang='lat' dir='ltr'>l)</span> <span class='ocrx_word' id='word_1_13' title='bbox 979 882 987 939; x_wconf 97' lang='grc' dir='ltr'>Ι</span> <span class='ocrx_word' id='word_1_14' title='bbox 1082 879 1485 939; x_wconf 62' lang='grc' dir='ltr'>Ηγιιιιῐειῆἆέὗῠ</span> 
     </span>
    </p>
   </div>
   <div class='ocr_carea' id='block_1_5' title="bbox 368 949 1589 1015">
    <p class='ocr_par' dir='ltr' id='par_1_5' title="bbox 368 949 1589 1015">
     <span class='ocr_line' id='line_1_5' title="bbox 368 949 1589 1015; baseline 0.003 -19"><span class='ocrx_word' id='word_1_15' title='bbox 368 949 858 1015; x_wconf 39' lang='lat' dir='ltr'>Mil—E</span> <span class='ocrx_word' id='word_1_16' title='bbox 978 954 987 1011; x_wconf 97' lang='grc' dir='ltr'>Ι</span> <span class='ocrx_word' id='word_1_17' title='bbox 1080 949 1589 1015; x_wconf 61' lang='lat' dir='ltr'>mmmam</span> 
     </span>
    </p>
   </div>
   <div class='ocr_carea' id='block_1_6' title="bbox 371 1014 1561 1084">
    <p class='ocr_par' dir='ltr' id='par_1_6' title="bbox 371 1014 1561 1084">
     <span class='ocr_line' id='line_1_6' title="bbox 371 1014 1561 1084; baseline 0.005 -17"><span class='ocrx_word' id='word_1_18' title='bbox 371 1014 595 1084; x_wconf 62' lang='lat' dir='ltr'>Lohiles</span> <span class='ocrx_word' id='word_1_19' title='bbox 687 1028 695 1079; x_wconf 89' lang='grc' dir='ltr'>Ι</span> <span class='ocrx_word' id='word_1_20' title='bbox 821 1015 854 1070; x_wconf 63' lang='lat' dir='ltr'>F‘</span> <span class='ocrx_word' id='word_1_21' title='bbox 983 1024 991 1084; x_wconf 91' lang='grc' dir='ltr'><strong>Ι</strong></span> <span class='ocrx_word' id='word_1_22' title='bbox 1086 1014 1342 1072; x_wconf 82' lang='lat' dir='ltr'>Lichanos</span> <span class='ocrx_word' id='word_1_23' title='bbox 1378 1040 1561 1073; x_wconf 82' lang='lat' dir='ltr'>meson</span> 
     </span>
    </p>
   </div>
   <div class='ocr_carea' id='block_1_7' title="bbox 371 1094 1225 1155">
    <p class='ocr_par' dir='ltr' id='par_1_7' title="bbox 371 1094 1225 1155">
     <span class='ocr_line' id='line_1_7' title="bbox 371 1094 1225 1155; baseline 0.002 -11"><span class='ocrx_word' id='word_1_24' title='bbox 371 1094 594 1144; x_wconf 86' lang='lat' dir='ltr'>Stabiles</span> <span class='ocrx_word' id='word_1_25' title='bbox 686 1098 694 1155; x_wconf 90' lang='lat'><strong><em>|</em></strong></span> <span class='ocrx_word' id='word_1_26' title='bbox 820 1096 857 1143; x_wconf 67' lang='grc' dir='ltr'><strong>(ὲ</strong></span> <span class='ocrx_word' id='word_1_27' title='bbox 979 1100 987 1155; x_wconf 95' lang='grc' dir='ltr'>Ι</span> <span class='ocrx_word' id='word_1_28' title='bbox 1032 1094 1225 1146; x_wconf 55' lang='lat' dir='ltr'>vMeTe</span> 
     </span>
    </p>
   </div>
   <div class='ocr_carea' id='block_1_8' title="bbox 371 1163 1352 1228">
    <p class='ocr_par' dir='ltr' id='par_1_8' title="bbox 371 1163 1352 1228">
     <span class='ocr_line' id='line_1_8' title="bbox 371 1163 1352 1228; baseline 0.003 -12"><span class='ocrx_word' id='word_1_29' title='bbox 371 1163 1352 1228; x_wconf 54' lang='lat' dir='ltr'>warm</span> 
     </span>
    </p>
   </div>
   <div class='ocr_carea' id='block_1_9' title="bbox 369 1240 1671 1309">
    <p class='ocr_par' dir='ltr' id='par_1_9' title="bbox 369 1240 1671 1309">
     <span class='ocr_line' id='line_1_9' title="bbox 369 1240 1671 1309; baseline 0 -20"><span class='ocrx_word' id='word_1_30' title='bbox 369 1240 593 1289; x_wconf 87' lang='lat' dir='ltr'>Mobiles</span> <span class='ocrx_word' id='word_1_31' title='bbox 684 1241 759 1309; x_wconf 36' lang='lat' dir='ltr'>In</span> <span class='ocrx_word' id='word_1_32' title='bbox 830 1241 848 1287; x_wconf 90' lang='grc' dir='ltr'>Ι</span> <span class='ocrx_word' id='word_1_33' title='bbox 914 1308 927 1309; x_wconf 22' lang='lat'><em>7</em></span> <span class='ocrx_word' id='word_1_34' title='bbox 990 1243 997 1301; x_wconf 97' lang='grc' dir='ltr'>Ι</span> <span class='ocrx_word' id='word_1_35' title='bbox 1089 1242 1231 1291; x_wconf 88' lang='lat' dir='ltr'>Trite</span> <span class='ocrx_word' id='word_1_36' title='bbox 1257 1244 1671 1305; x_wconf 83' lang='lat' dir='ltr'>diezeugmenon</span> 
     </span>
    </p>
   </div>
   <div class='ocr_carea' id='block_1_10' title="bbox 369 1311 1778 1372">
    <p class='ocr_par' dir='ltr' id='par_1_10' title="bbox 369 1311 1778 1372">
     <span class='ocr_line' id='line_1_10' title="bbox 369 1311 1778 1372; baseline 0 -13"><span class='ocrx_word' id='word_1_37' title='bbox 369 1311 596 1359; x_wconf 54' lang='lat' dir='ltr'>Motiiles</span> <span class='ocrx_word' id='word_1_38' title='bbox 687 1311 696 1367; x_wconf 92' lang='grc' dir='ltr'>Ι</span> <span class='ocrx_word' id='word_1_39' title='bbox 819 1313 863 1360; x_wconf 87' lang='grc' dir='ltr'>Κ</span> <span class='ocrx_word' id='word_1_40' title='bbox 986 1315 994 1372; x_wconf 90' lang='grc' dir='ltr'><strong>Ι</strong></span> <span class='ocrx_word' id='word_1_41' title='bbox 1086 1315 1337 1362; x_wconf 85' lang='lat' dir='ltr'>Pnranete</span> <span class='ocrx_word' id='word_1_42' title='bbox 1368 1316 1778 1371; x_wconf 72' lang='lat' dir='ltr'>diezeugmenon</span> 
     </span>
    </p>
   </div>
   <div class='ocr_carea' id='block_1_11' title="bbox 369 1384 1655 1445">
    <p class='ocr_par' dir='ltr' id='par_1_11' title="bbox 369 1384 1655 1445">
     <span class='ocr_line' id='line_1_11' title="bbox 369 1384 1655 1445; baseline 0.002 -14"><span class='ocrx_word' id='word_1_43' title='bbox 369 1384 591 1432; x_wconf 79' lang='lat' dir='ltr'>Stabiles</span> <span class='ocrx_word' id='word_1_44' title='bbox 682 1386 690 1444; x_wconf 92' lang='grc' dir='ltr'>Ι</span> <span class='ocrx_word' id='word_1_45' title='bbox 817 1387 850 1432; x_wconf 85' lang='lat' dir='ltr'><strong>L</strong></span> <span class='ocrx_word' id='word_1_46' title='bbox 983 1389 990 1445; x_wconf 91' lang='grc' dir='ltr'>Ι</span> <span class='ocrx_word' id='word_1_47' title='bbox 1083 1384 1655 1443; x_wconf 53' lang='grc' dir='ltr'>ΝθῑὺἯίνὶεὲυιζυικυυιι</span> 
     </span>
    </p>
   </div>
   <div class='ocr_carea' id='block_1_12' title="bbox 306 1451 1600 1519">
    <p class='ocr_par' dir='ltr' id='par_1_12' title="bbox 306 1451 1600 1519">
     <span class='ocr_line' id='line_1_12' title="bbox 306 1451 1600 1519; baseline 0 -13"><span class='ocrx_word' id='word_1_48' title='bbox 306 1451 1600 1519; x_wconf 57' lang='lat' dir='ltr'>mm</span> 
     </span>
    </p>
   </div>
   <div class='ocr_carea' id='block_1_13' title="bbox 1707 310 1997 410">
    <p class='ocr_par' dir='ltr' id='par_1_13' title="bbox 1707 345 1997 402">
     <span class='ocr_line' id='line_1_13' title="bbox 1707 345 1997 402; baseline 0.01 -5"><span class='ocrx_word' id='word_1_49' title='bbox 1707 345 1796 398; x_wconf 88' lang='lat' dir='ltr'>DE</span> <span class='ocrx_word' id='word_1_50' title='bbox 1834 345 1997 402; x_wconf 86' lang='lat' dir='ltr'>MUS]</span> 
     </span>
    </p>
   </div>
   <div class='ocr_carea' id='block_1_14' title="bbox 2106 310 3801 410">
    <p class='ocr_par' dir='ltr' id='par_1_14' title="bbox 2134 347 3801 410">
     <span class='ocr_line' id='line_1_14' title="bbox 2134 347 3801 410; baseline 0.006 -10"><span class='ocrx_word' id='word_1_51' title='bbox 2134 347 2261 401; x_wconf 77' lang='lat' dir='ltr'>LIB.</span> <span class='ocrx_word' id='word_1_52' title='bbox 2304 349 2391 402; x_wconf 84' lang='lat' dir='ltr'>IV.</span> <span class='ocrx_word' id='word_1_53' title='bbox 3668 356 3801 410; x_wconf 76' lang='grc'>1278</span> 
     </span>
    </p>
   </div>
   <div class='ocr_carea' id='block_1_15' title="bbox 1081 663 1545 727">
    <p class='ocr_par' dir='ltr' id='par_1_15' title="bbox 1081 663 1545 727">
     <span class='ocr_line' id='line_1_15' title="bbox 1081 663 1545 727; baseline 0.004 -18"><span class='ocrx_word' id='word_1_54' title='bbox 1081 663 1279 724; x_wconf 86' lang='lat' dir='ltr'>Hypate</span> <span class='ocrx_word' id='word_1_55' title='bbox 1312 664 1545 727; x_wconf 78' lang='lat' dir='ltr'>hypaton</span> 
     </span>
    </p>
   </div>
   <div class='ocr_carea' id='block_1_16' title="bbox 371 1529 1718 1591">
    <p class='ocr_par' dir='ltr' id='par_1_16' title="bbox 371 1529 1718 1591">
     <span class='ocr_line' id='line_1_16' title="bbox 371 1529 1718 1591; baseline -0.001 -14"><span class='ocrx_word' id='word_1_56' title='bbox 371 1529 597 1577; x_wconf 87' lang='lat' dir='ltr'>Mobiles</span> <span class='ocrx_word' id='word_1_57' title='bbox 687 1530 695 1589; x_wconf 94' lang='grc' dir='ltr'>Ι</span> <span class='ocrx_word' id='word_1_58' title='bbox 818 1530 867 1577; x_wconf 85' lang='grc' dir='ltr'><strong>Ν</strong></span> <span class='ocrx_word' id='word_1_59' title='bbox 980 1532 988 1588; x_wconf 93' lang='lat'><strong><em>|</em></strong></span> <span class='ocrx_word' id='word_1_60' title='bbox 1087 1532 1335 1578; x_wconf 70' lang='lat' dir='ltr'>Paranete</span> <span class='ocrx_word' id='word_1_61' title='bbox 1365 1531 1718 1591; x_wconf 54' lang='lat' dir='ltr'>hviierboleon</span> 
     </span>
    </p>
   </div>
   <div class='ocr_carea' id='block_1_17' title="bbox 305 1593 1997 1663">
    <p class='ocr_par' dir='ltr' id='par_1_17' title="bbox 305 1593 1997 1663">
     <span class='ocr_line' id='line_1_17' title="bbox 305 1593 1997 1663; baseline 0.002 -16"><span class='ocrx_word' id='word_1_62' title='bbox 305 1593 1997 1663; x_wconf 53' lang='lat' dir='ltr'>mm</span> 
     </span>
    </p>
   </div>
   <div class='ocr_carea' id='block_1_18' title="bbox 1049 2213 1976 2243">
    <p class='ocr_par' dir='ltr' id='par_1_18' title="bbox 1049 2217 1972 2243">
     <span class='ocr_line' id='line_1_18' title="bbox 1049 2217 1972 2243; baseline -0.001 0"><span class='ocrx_word' id='word_1_63' title='bbox 1049 2217 1972 2243; x_wconf 56' lang='lat' dir='ltr'>u—T—_—————‘</span> 
     </span>
    </p>
   </div>
   <div class='ocr_carea' id='block_1_19' title="bbox 1164 2263 1726 2311">
    <p class='ocr_par' dir='ltr' id='par_1_19' title="bbox 1164 2263 1726 2311">
     <span class='ocr_line' id='line_1_19' title="bbox 1164 2263 1726 2311; baseline 0 0"><span class='ocrx_word' id='word_1_64' title='bbox 1164 2263 1726 2311; x_wconf 83' lang='lat' dir='ltr'>Proslambanomenos</span> 
     </span>
    </p>
   </div>
   <div class='ocr_carea' id='block_1_20' title="bbox 1059 3090 1117 3531">
    <p class='ocr_par' dir='ltr' id='par_1_20' title="bbox 1059 3090 1117 3531">
     <span class='ocr_line' id='line_1_20' title="bbox 1062 3090 1117 3173; baseline 0 0"><span class='ocrx_word' id='word_1_65' title='bbox 1062 3090 1117 3173; x_wconf 67' lang='grc' dir='ltr'>Ξ</span> 
     </span>
     <span class='ocr_line' id='line_1_21' title="bbox 1059 3270 1117 3352; baseline 0 0"><span class='ocrx_word' id='word_1_66' title='bbox 1059 3270 1117 3352; x_wconf 60' lang='grc' dir='ltr'><strong><em>ἶ</em></strong></span> 
     </span>
     <span class='ocr_line' id='line_1_22' title="bbox 1061 3448 1117 3531; baseline 0 0"><span class='ocrx_word' id='word_1_67' title='bbox 1061 3448 1117 3531; x_wconf 67' lang='grc' dir='ltr'>Ξ</span> 
     </span>
    </p>
   </div>
   <div class='ocr_carea' id='block_1_21' title="bbox 421 2349 1044 3641">
    <p class='ocr_par' dir='ltr' id='par_1_21' title="bbox 961 2532 1040 2639">
     <span class='ocr_line' id='line_1_23' title="bbox 961 2532 1040 2639; baseline 0 -3"><span class='ocrx_word' id='word_1_68' title='bbox 961 2532 1040 2639; x_wconf 60' lang='grc' dir='ltr'>ἐξ</span> 
     </span>
    </p>

    <p class='ocr_par' dir='ltr' id='par_1_22' title="bbox 436 2721 1029 3641">
     <span class='ocr_line' id='line_1_24' title="bbox 612 2721 1029 3636; baseline 0 -184"><span class='ocrx_word' id='word_1_69' title='bbox 612 2721 1029 3636; x_wconf 47' lang='grc' dir='ltr'>ἐξ</span> 
     </span>
     <span class='ocr_line' id='line_1_25' title="bbox 575 2918 1009 3111; baseline -0.002 -27"><span class='ocrx_word' id='word_1_70' title='bbox 575 2918 1009 3111; x_wconf 48' lang='lat'>“$3.</span> 
     </span>
     <span class='ocr_line' id='line_1_26' title="bbox 436 3104 1008 3257; baseline 0.005 -3"><span class='ocrx_word' id='word_1_71' title='bbox 436 3104 741 3257; x_wconf 44' lang='lat' dir='ltr'>tilia</span> <span class='ocrx_word' id='word_1_72' title='bbox 940 3172 1008 3256; x_wconf 50' lang='lat' dir='ltr'>ui</span> 
     </span>
     <span class='ocr_line' id='line_1_27' title="bbox 450 3259 990 3405; baseline -0.002 -57"><span class='ocrx_word' id='word_1_73' title='bbox 450 3259 625 3385; x_wconf 48' lang='lat' dir='ltr'>\g</span> 
     </span>
     <span class='ocr_line' id='line_1_28' title="bbox 482 3354 1001 3641; baseline -0.002 -99"><span class='ocrx_word' id='word_1_74' title='bbox 482 3354 706 3641; x_wconf 68' lang='lat'><strong>\</strong></span> <span class='ocrx_word' id='word_1_75' title='bbox 937 3409 1001 3479; x_wconf 57' lang='grc' dir='ltr'>ίτ</span> 
     </span>
    </p>
   </div>
   <div class='ocr_carea' id='block_1_22' title="bbox 341 2415 408 3748">
    <p class='ocr_par' dir='ltr' id='par_1_23' title="bbox 341 2415 408 3748">
     <span class='ocr_line' id='line_1_29' title="bbox 356 2415 389 2458; baseline 0 0"><span class='ocrx_word' id='word_1_76' title='bbox 356 2415 389 2458; x_wconf 68' lang='grc' dir='ltr'>Ξ</span> 
     </span>
     <span class='ocr_line' id='line_1_30' title="bbox 356 2460 403 2533; baseline 0 0"><span class='ocrx_word' id='word_1_77' title='bbox 356 2460 403 2533; x_wconf 70' lang='lat' dir='ltr'>Eo</span> 
     </span>
     <span class='ocr_line' id='line_1_31' title="bbox 356 2536 389 2585; baseline 0 0"><span class='ocrx_word' id='word_1_78' title='bbox 356 2536 389 2585; x_wconf 76' lang='grc' dir='ltr'>Ξ</span> 
     </span>
     <span class='ocr_line' id='line_1_32' title="bbox 342 2593 390 2645; baseline 0 -2"><span class='ocrx_word' id='word_1_79' title='bbox 342 2593 390 2645; x_wconf 70' lang='grc' dir='ltr'>ἐΞ</span> 
     </span>
     <span class='ocr_line' id='line_1_33' title="bbox 343 2654 389 2698; baseline 0 0"><span class='ocrx_word' id='word_1_80' title='bbox 343 2654 389 2698; x_wconf 55' lang='grc' dir='ltr'>’Ξ</span> 
     </span>
     <span class='ocr_line' id='line_1_34' title="bbox 358 2700 405 2719; baseline 0 -2"><span class='ocrx_word' id='word_1_81' title='bbox 358 2700 405 2719; x_wconf 52' lang='grc' dir='ltr'>με</span> 
     </span>
     <span class='ocr_line' id='line_1_35' title="bbox 348 2725 391 2777; baseline 0 -2"><span class='ocrx_word' id='word_1_82' title='bbox 348 2725 391 2777; x_wconf 78' lang='lat'><strong><em>3</em></strong></span> 
     </span>
     <span class='ocr_line' id='line_1_36' title="bbox 359 2784 389 2807; baseline 0 0"><span class='ocrx_word' id='word_1_83' title='bbox 359 2784 389 2807; x_wconf 70' lang='grc' dir='ltr'>υ</span> 
     </span>
     <span class='ocr_line' id='line_1_37' title="bbox 358 2813 391 2843; baseline 0 0"><span class='ocrx_word' id='word_1_84' title='bbox 358 2813 391 2843; x_wconf 80' lang='lat' dir='ltr'>O</span> 
     </span>
     <span class='ocr_line' id='line_1_38' title="bbox 348 2871 392 2891; baseline 0 -2"><span class='ocrx_word' id='word_1_85' title='bbox 348 2871 392 2891; x_wconf 66' lang='grc' dir='ltr'>*δ</span> 
     </span>
     <span class='ocr_line' id='line_1_39' title="bbox 358 2897 390 2923; baseline 0 0"><span class='ocrx_word' id='word_1_86' title='bbox 358 2897 390 2923; x_wconf 73' lang='grc' dir='ltr'>ω</span> 
     </span>
     <span class='ocr_line' id='line_1_40' title="bbox 360 2950 391 2992; baseline 0 0"><span class='ocrx_word' id='word_1_87' title='bbox 360 2950 391 2992; x_wconf 71' lang='grc' dir='ltr'>Ξ</span> 
     </span>
     <span class='ocr_line' id='line_1_41' title="bbox 346 2994 394 3076; baseline 0 0"><span class='ocrx_word' id='word_1_88' title='bbox 346 2994 394 3076; x_wconf 62' lang='lat' dir='ltr'>s</span> 
     </span>
     <span class='ocr_line' id='line_1_42' title="bbox 362 3102 395 3159; baseline 0 0"><span class='ocrx_word' id='word_1_89' title='bbox 362 3102 395 3159; x_wconf 68' lang='grc' dir='ltr'>ἐξ</span> 
     </span>
     <span class='ocr_line' id='line_1_43' title="bbox 361 3163 408 3220; baseline 0 0"><span class='ocrx_word' id='word_1_90' title='bbox 361 3163 408 3220; x_wconf 72' lang='grc' dir='ltr'><em>Ξῖ</em></span> 
     </span>
     <span class='ocr_line' id='line_1_44' title="bbox 348 3247 392 3353; baseline 0 -3"><span class='ocrx_word' id='word_1_91' title='bbox 348 3247 392 3353; x_wconf 67' lang='grc' dir='ltr'>ἒ</span> 
     </span>
     <span class='ocr_line' id='line_1_45' title="bbox 358 3366 405 3397; baseline 0 -3"><span class='ocrx_word' id='word_1_92' title='bbox 358 3366 405 3397; x_wconf 66' lang='lat' dir='ltr'>C1.</span> 
     </span>
     <span class='ocr_line' id='line_1_46' title="bbox 356 3402 389 3455; baseline 0 0"><span class='ocrx_word' id='word_1_93' title='bbox 356 3402 389 3455; x_wconf 64' lang='grc' dir='ltr'><em>ἓ</em></span> 
     </span>
     <span class='ocr_line' id='line_1_47' title="bbox 355 3486 388 3553; baseline 0 0"><span class='ocrx_word' id='word_1_94' title='bbox 355 3486 388 3553; x_wconf 72' lang='grc' dir='ltr'>Ξ</span> 
     </span>
     <span class='ocr_line' id='line_1_48' title="bbox 356 3558 389 3613; baseline 0 -32"><span class='ocrx_word' id='word_1_95' title='bbox 356 3558 389 3613; x_wconf 57' lang='lat'>:3</span> 
     </span>
     <span class='ocr_line' id='line_1_49' title="bbox 355 3618 403 3682; baseline 0 0"><span class='ocrx_word' id='word_1_96' title='bbox 355 3618 403 3682; x_wconf 63' lang='grc' dir='ltr'>ἓ*</span> 
     </span>
     <span class='ocr_line' id='line_1_50' title="bbox 341 3688 387 3748; baseline 0 -49"><span class='ocrx_word' id='word_1_97' title='bbox 341 3688 387 3748; x_wconf 68' lang='grc' dir='ltr'>Ξ</span> 
     </span>
    </p>
   </div>
   <div class='ocr_carea' id='block_1_23' title="bbox 1055 3797 1855 3860">
    <p class='ocr_par' dir='ltr' id='par_1_24' title="bbox 1055 3797 1855 3860">
     <span class='ocr_line' id='line_1_51' title="bbox 1055 3797 1855 3860; baseline 0.003 -15"><span class='ocrx_word' id='word_1_98' title='bbox 1055 3797 1123 3860; x_wconf 65' lang='grc' dir='ltr'><strong>τΙ</strong></span> <span class='ocrx_word' id='word_1_99' title='bbox 1160 3798 1411 3846; x_wconf 83' lang='lat' dir='ltr'>Paranete</span> <span class='ocrx_word' id='word_1_100' title='bbox 1438 3797 1855 3860; x_wconf 84' lang='lat' dir='ltr'>diezeugmenon</span> 
     </span>
    </p>
   </div>
   <div class='ocr_carea' id='block_1_24' title="bbox 1072 3850 1709 3921">
    <p class='ocr_par' dir='ltr' id='par_1_25' title="bbox 1072 3850 1709 3921">
     <span class='ocr_line' id='line_1_52' title="bbox 1072 3850 1709 3921; baseline -0.002 -12"><span class='ocrx_word' id='word_1_101' title='bbox 1072 3850 1091 3896; x_wconf 90' lang='grc' dir='ltr'>ῐ</span> <span class='ocrx_word' id='word_1_102' title='bbox 1117 3850 1123 3921; x_wconf 88' lang='grc' dir='ltr'>Ι</span> <span class='ocrx_word' id='word_1_103' title='bbox 1156 3860 1373 3909; x_wconf 83' lang='lat' dir='ltr'>Mobilis</span> <span class='ocrx_word' id='word_1_104' title='bbox 1401 3850 1709 3921; x_wconf 68' lang='lat' dir='ltr'>phthongus</span> 
     </span>
    </p>
   </div>
   <div class='ocr_carea' id='block_1_25' title="bbox 1054 3967 1844 4029">
    <p class='ocr_par' dir='ltr' id='par_1_26' title="bbox 1054 3967 1844 4029">
     <span class='ocr_line' id='line_1_53' title="bbox 1054 3967 1844 4029; baseline 0.001 -15"><span class='ocrx_word' id='word_1_105' title='bbox 1054 3967 1122 4029; x_wconf 52' lang='lat'>3|</span> <span class='ocrx_word' id='word_1_106' title='bbox 1156 3967 1410 4015; x_wconf 85' lang='lat' dir='ltr'>Paranete</span> <span class='ocrx_word' id='word_1_107' title='bbox 1434 3967 1844 4029; x_wconf 82' lang='lat' dir='ltr'>diezeugmenon</span> 
     </span>
    </p>
   </div>
   <div class='ocr_carea' id='block_1_26' title="bbox 1170 2366 1627 2455">
    <p class='ocr_par' dir='ltr' id='par_1_27' title="bbox 1170 2366 1627 2455">
     <span class='ocr_line' id='line_1_54' title="bbox 1170 2366 1627 2455; baseline 0.002 -15"><span class='ocrx_word' id='word_1_108' title='bbox 1170 2394 1205 2440; x_wconf 82' lang='lat' dir='ltr'>ll</span> <span class='ocrx_word' id='word_1_109' title='bbox 1215 2397 1367 2455; x_wconf 79' lang='lat' dir='ltr'>ypate</span> <span class='ocrx_word' id='word_1_110' title='bbox 1394 2366 1627 2455; x_wconf 43' lang='lat' dir='ltr'>hﬁﬁto?</span> 
     </span>
    </p>
   </div>
   <div class='ocr_carea' id='block_1_27' title="bbox 1168 2456 1323 2503">
    <p class='ocr_par' dir='ltr' id='par_1_28' title="bbox 1168 2456 1323 2503">
     <span class='ocr_line' id='line_1_55' title="bbox 1168 2456 1323 2503; baseline 0 0"><span class='ocrx_word' id='word_1_111' title='bbox 1168 2456 1323 2503; x_wconf 89' lang='lat' dir='ltr'>Stans</span> 
     </span>
    </p>
   </div>
   <div class='ocr_carea' id='block_1_28' title="bbox 1062 2365 1116 2446">
    <p class='ocr_par' dir='ltr' id='par_1_29' title="bbox 1062 2365 1116 2446">
     <span class='ocr_line' id='line_1_56' title="bbox 1062 2365 1116 2446; baseline 0 0"><span class='ocrx_word' id='word_1_112' title='bbox 1062 2365 1116 2446; x_wconf 61' lang='grc' dir='ltr'><strong>Χ</strong></span> 
     </span>
    </p>
   </div>
   <div class='ocr_carea' id='block_1_29' title="bbox 1060 2542 2000 2641">
    <p class='ocr_par' dir='ltr' id='par_1_30' title="bbox 1060 2542 2000 2641">
     <span class='ocr_line' id='line_1_57' title="bbox 1060 2542 2000 2641; baseline 0.001 -15"><span class='ocrx_word' id='word_1_113' title='bbox 1060 2542 1130 2641; x_wconf 60' lang='lat' dir='ltr'>_B|</span> <span class='ocrx_word' id='word_1_114' title='bbox 1167 2555 1763 2641; x_wconf 49' lang='lat' dir='ltr'>Parbmhypatmn</span> 
     </span>
    </p>
   </div>
   <div class='ocr_carea' id='block_1_30' title="bbox 1061 2725 1119 2808">
    <p class='ocr_par' dir='ltr' id='par_1_31' title="bbox 1061 2725 1119 2808">
     <span class='ocr_line' id='line_1_58' title="bbox 1061 2725 1119 2808; baseline 0 0"><span class='ocrx_word' id='word_1_115' title='bbox 1061 2725 1119 2808; x_wconf 69' lang='grc' dir='ltr'>Ε</span> 
     </span>
    </p>
   </div>
   <div class='ocr_carea' id='block_1_31' title="bbox 1166 2748 1969 2812">
    <p class='ocr_par' dir='ltr' id='par_1_32' title="bbox 1166 2748 1969 2812">
     <span class='ocr_line' id='line_1_59' title="bbox 1166 2748 1969 2812; baseline 0.002 -17"><span class='ocrx_word' id='word_1_116' title='bbox 1166 2748 1429 2796; x_wconf 86' lang='lat' dir='ltr'>Lichanos</span> <span class='ocrx_word' id='word_1_117' title='bbox 1458 2750 1713 2812; x_wconf 78' lang='lat' dir='ltr'>hypaton.</span> <span class='ocrx_word' id='word_1_118' title='bbox 1752 2750 1969 2800; x_wconf 82' lang='lat' dir='ltr'>Mobilis</span> 
     </span>
    </p>
   </div>
   <div class='ocr_carea' id='block_1_32' title="bbox 1066 2902 1577 2994">
    <p class='ocr_par' dir='ltr' id='par_1_33' title="bbox 1066 2902 1577 2994">
     <span class='ocr_line' id='line_1_60' title="bbox 1066 2902 1577 2994; baseline -0.004 -14"><span class='ocrx_word' id='word_1_119' title='bbox 1066 2902 1131 2994; x_wconf 68' lang='lat' dir='ltr'>El</span> <span class='ocrx_word' id='word_1_120' title='bbox 1165 2902 1577 2994; x_wconf 49' lang='grc' dir='ltr'>Ηδῖιῖιξὰῖεέῶ</span> 
     </span>
    </p>
   </div>
   <div class='ocr_carea' id='block_1_33' title="bbox 1165 2994 1649 3055">
    <p class='ocr_par' dir='ltr' id='par_1_34' title="bbox 1165 2994 1649 3055">
     <span class='ocr_line' id='line_1_61' title="bbox 1165 2994 1649 3055; baseline -0.004 -13"><span class='ocrx_word' id='word_1_121' title='bbox 1165 2995 1319 3043; x_wconf 78' lang='lat' dir='ltr'>Stans</span> <span class='ocrx_word' id='word_1_122' title='bbox 1341 2994 1649 3055; x_wconf 88' lang='lat' dir='ltr'>phthongus</span> 
     </span>
    </p>
   </div>
   <div class='ocr_carea' id='block_1_34' title="bbox 1166 3120 1942 3183">
    <p class='ocr_par' dir='ltr' id='par_1_35' title="bbox 1166 3120 1942 3183">
     <span class='ocr_line' id='line_1_62' title="bbox 1166 3120 1942 3183; baseline -0.001 -15"><span class='ocrx_word' id='word_1_123' title='bbox 1166 3121 1456 3183; x_wconf 85' lang='lat' dir='ltr'>Parhypate</span> <span class='ocrx_word' id='word_1_124' title='bbox 1493 3133 1676 3168; x_wconf 88' lang='lat' dir='ltr'>meson</span> <span class='ocrx_word' id='word_1_125' title='bbox 1728 3120 1942 3168; x_wconf 87' lang='lat' dir='ltr'>Mobilis</span> 
     </span>
    </p>
   </div>
   <div class='ocr_carea' id='block_1_35' title="bbox 1161 3290 1633 3338">
    <p class='ocr_par' dir='ltr' id='par_1_36' title="bbox 1161 3290 1633 3338">
     <span class='ocr_line' id='line_1_63' title="bbox 1161 3290 1633 3338; baseline 0 -1"><span class='ocrx_word' id='word_1_126' title='bbox 1161 3290 1415 3337; x_wconf 79' lang='lat' dir='ltr'>Lichanos</span> <span class='ocrx_word' id='word_1_127' title='bbox 1452 3303 1633 3338; x_wconf 84' lang='lat' dir='ltr'>meson</span> 
     </span>
    </p>
   </div>
   <div class='ocr_carea' id='block_1_36' title="bbox 1164 3352 1711 3414">
    <p class='ocr_par' dir='ltr' id='par_1_37' title="bbox 1164 3352 1711 3414">
     <span class='ocr_line' id='line_1_64' title="bbox 1164 3352 1711 3414; baseline -0.002 -14"><span class='ocrx_word' id='word_1_128' title='bbox 1164 3352 1377 3401; x_wconf 76' lang='lat' dir='ltr'>Mobilis</span> <span class='ocrx_word' id='word_1_129' title='bbox 1405 3352 1711 3414; x_wconf 86' lang='lat' dir='ltr'>phthongus</span> 
     </span>
    </p>
   </div>
   <div class='ocr_carea' id='block_1_37' title="bbox 1704 3433 1988 3440">
    <p class='ocr_par' dir='ltr' id='par_1_38' title="bbox 1704 3433 1988 3440">
     <span class='ocr_line' id='line_1_65' title="bbox 1704 3433 1988 3440; baseline 0.007 -3"><span class='ocrx_word' id='word_1_130' title='bbox 1704 3433 1988 3440; x_wconf 73' lang='lat'>———</span> 
     </span>
    </p>
   </div>
   <div class='ocr_carea' id='block_1_38' title="bbox 1164 3457 1860 3521">
    <p class='ocr_par' dir='ltr' id='par_1_39' title="bbox 1164 3457 1860 3521">
     <span class='ocr_line' id='line_1_66' title="bbox 1164 3457 1860 3521; baseline 0.001 -15"><span class='ocrx_word' id='word_1_131' title='bbox 1164 3457 1328 3507; x_wconf 87' lang='lat' dir='ltr'>Mese.</span> <span class='ocrx_word' id='word_1_132' title='bbox 1362 3457 1519 3507; x_wconf 88' lang='lat' dir='ltr'>Stans</span> <span class='ocrx_word' id='word_1_133' title='bbox 1555 3458 1860 3521; x_wconf 85' lang='lat' dir='ltr'>phthongus</span> 
     </span>
    </p>
   </div>
   <div class='ocr_carea' id='block_1_39' title="bbox 1160 3629 1970 3694">
    <p class='ocr_par' dir='ltr' id='par_1_40' title="bbox 1160 3629 1970 3694">
     <span class='ocr_line' id='line_1_67' title="bbox 1160 3629 1970 3694; baseline 0.004 -18"><span class='ocrx_word' id='word_1_134' title='bbox 1160 3630 1449 3677; x_wconf 86' lang='lat' dir='ltr'>Paramese.</span> <span class='ocrx_word' id='word_1_135' title='bbox 1484 3629 1640 3677; x_wconf 88' lang='lat' dir='ltr'>Stans</span> <span class='ocrx_word' id='word_1_136' title='bbox 1664 3631 1970 3694; x_wconf 84' lang='lat' dir='ltr'>phthongus</span> 
     </span>
    </p>
   </div>
   <div class='ocr_carea' id='block_1_40' title="bbox 1660 3940 1993 3949">
    <p class='ocr_par' dir='ltr' id='par_1_41' title="bbox 1660 3940 1993 3949">
     <span class='ocr_line' id='line_1_68' title="bbox 1660 3940 1993 3949; baseline 0 -1"><span class='ocrx_word' id='word_1_137' title='bbox 1660 3940 1993 3949; x_wconf 57' lang='grc' dir='ltr'>-α</span> 
     </span>
    </p>
   </div>
   <div class='ocr_carea' id='block_1_41' title="bbox 1067 4004 1691 4093">
    <p class='ocr_par' dir='ltr' id='par_1_42' title="bbox 1067 4004 1691 4093">
     <span class='ocr_line' id='line_1_69' title="bbox 1067 4004 1691 4093; baseline 0.002 -17"><span class='ocrx_word' id='word_1_138' title='bbox 1067 4004 1122 4093; x_wconf 82' lang='grc' dir='ltr'>ΚΙ</span> <span class='ocrx_word' id='word_1_139' title='bbox 1155 4004 1691 4093; x_wconf 59' lang='grc' dir='ltr'>ᾗ]ἶ›ἰὲῖὶ’ί”ἑ”ἶ›1ἷιίἶέ›ἶιῖςῖ]ἒ</span> 
     </span>
    </p>
   </div>
   <div class='ocr_carea' id='block_1_42' title="bbox 1059 4136 1722 4207">
    <p class='ocr_par' dir='ltr' id='par_1_43' title="bbox 1059 4136 1722 4207">
     <span class='ocr_line' id='line_1_70' title="bbox 1059 4136 1722 4207; baseline 0.003 -24"><span class='ocrx_word' id='word_1_140' title='bbox 1059 4160 1094 4207; x_wconf 74' lang='lat' dir='ltr'><strong>L</strong></span> <span class='ocrx_word' id='word_1_141' title='bbox 1114 4136 1120 4207; x_wconf 92' lang='grc' dir='ltr'>Ι</span> <span class='ocrx_word' id='word_1_142' title='bbox 1152 4136 1275 4207; x_wconf 51' lang='lat' dir='ltr'>liete</span> <span class='ocrx_word' id='word_1_143' title='bbox 1290 4137 1722 4207; x_wconf 57' lang='lat' dir='ltr'>diezeugmenon</span> 
     </span>
    </p>
   </div>
   <div class='ocr_carea' id='block_1_43' title="bbox 1044 4250 1116 4401">
    <p class='ocr_par' dir='ltr' id='par_1_44' title="bbox 1044 4254 1112 4401">
     <span class='ocr_line' id='line_1_71' title="bbox 1044 4254 1112 4401; baseline 0 -39"><span class='ocrx_word' id='word_1_144' title='bbox 1044 4254 1112 4401; x_wconf 56' lang='lat' dir='ltr'>si</span> 
     </span>
    </p>
   </div>
   <div class='ocr_carea' id='block_1_44' title="bbox 1152 4197 1709 4260">
    <p class='ocr_par' dir='ltr' id='par_1_45' title="bbox 1152 4197 1709 4260">
     <span class='ocr_line' id='line_1_72' title="bbox 1152 4197 1709 4260; baseline 0.005 -16"><span class='ocrx_word' id='word_1_145' title='bbox 1152 4197 1370 4245; x_wconf 83' lang='lat' dir='ltr'>Mobilis</span> <span class='ocrx_word' id='word_1_146' title='bbox 1401 4197 1709 4260; x_wconf 81' lang='lat' dir='ltr'>phthongus</span> 
     </span>
    </p>
   </div>
   <div class='ocr_carea' id='block_1_45' title="bbox 1048 4304 1681 4367">
    <p class='ocr_par' dir='ltr' id='par_1_46' title="bbox 1048 4304 1681 4367">
     <span class='ocr_line' id='line_1_73' title="bbox 1048 4304 1681 4367; baseline 0 -14"><span class='ocrx_word' id='word_1_147' title='bbox 1048 4304 1112 4367; x_wconf 82' lang='grc' dir='ltr'><strong>ΜΙ</strong></span> <span class='ocrx_word' id='word_1_148' title='bbox 1149 4304 1285 4351; x_wconf 88' lang='lat' dir='ltr'>Trite</span> <span class='ocrx_word' id='word_1_149' title='bbox 1318 4304 1681 4367; x_wconf 83' lang='lat' dir='ltr'>hyperboleon</span> 
     </span>
    </p>
   </div>
   <div class='ocr_carea' id='block_1_46' title="bbox 1152 4366 1688 4430">
    <p class='ocr_par' dir='ltr' id='par_1_47' title="bbox 1152 4366 1688 4430">
     <span class='ocr_line' id='line_1_74' title="bbox 1152 4366 1688 4430; baseline 0.002 -16"><span class='ocrx_word' id='word_1_150' title='bbox 1152 4366 1367 4414; x_wconf 83' lang='lat' dir='ltr'>Mobilis</span> <span class='ocrx_word' id='word_1_151' title='bbox 1390 4367 1688 4430; x_wconf 88' lang='lat' dir='ltr'>phthongus</span> 
     </span>
    </p>
   </div>
   <div class='ocr_carea' id='block_1_47' title="bbox 1722 4448 1985 4455">
    <p class='ocr_par' dir='ltr' id='par_1_48' title="bbox 1722 4448 1985 4455">
     <span class='ocr_line' id='line_1_75' title="bbox 1722 4448 1985 4455; baseline 0 -2"><span class='ocrx_word' id='word_1_152' title='bbox 1722 4448 1985 4455; x_wconf 52' lang='grc' dir='ltr'><em>Ἢ</em></span> 
     </span>
    </p>
   </div>
   <div class='ocr_carea' id='block_1_48' title="bbox 1063 4448 1802 4543">
    <p class='ocr_par' dir='ltr' id='par_1_49' title="bbox 1063 4448 1802 4543">
     <span class='ocr_line' id='line_1_76' title="bbox 1063 4448 1802 4543; baseline -0.022 1"><span class='ocrx_word' id='word_1_153' title='bbox 1063 4448 1112 4543; x_wconf 60' lang='grc' dir='ltr'><strong>[ΕΙ</strong></span> <span class='ocrx_word' id='word_1_154' title='bbox 1150 4472 1404 4543; x_wconf 59' lang='grc' dir='ltr'>Ρίπειρβιε</span> <span class='ocrx_word' id='word_1_155' title='bbox 1432 4448 1802 4543; x_wconf 36' lang='lat' dir='ltr'>hyperbole/5</span> 
     </span>
    </p>
   </div>
   <div class='ocr_carea' id='block_1_49' title="bbox 1150 4534 1705 4599">
    <p class='ocr_par' dir='ltr' id='par_1_50' title="bbox 1150 4534 1705 4599">
     <span class='ocr_line' id='line_1_77' title="bbox 1150 4534 1705 4599; baseline 0.004 -18"><span class='ocrx_word' id='word_1_156' title='bbox 1150 4534 1364 4583; x_wconf 80' lang='lat' dir='ltr'>Mobilis</span> <span class='ocrx_word' id='word_1_157' title='bbox 1399 4534 1705 4599; x_wconf 83' lang='lat' dir='ltr'>phthongus</span> 
     </span>
    </p>
   </div>
   <div class='ocr_carea' id='block_1_50' title="bbox 1046 4614 1665 4714">
    <p class='ocr_par' dir='ltr' id='par_1_51' title="bbox 1046 4614 1665 4714">
     <span class='ocr_line' id='line_1_78' title="bbox 1046 4614 1665 4714; baseline 0.003 -17"><span class='ocrx_word' id='word_1_158' title='bbox 1046 4614 1112 4714; x_wconf 56' lang='grc' dir='ltr'>Β,</span> <span class='ocrx_word' id='word_1_159' title='bbox 1151 4652 1276 4714; x_wconf 70' lang='lat' dir='ltr'>Nete</span> <span class='ocrx_word' id='word_1_160' title='bbox 1303 4614 1665 4714; x_wconf 52' lang='lat' dir='ltr'>hyperbole;</span> 
     </span>
    </p>
   </div>
   <div class='ocr_carea' id='block_1_51' title="bbox 1151 4712 1643 4785">
    <p class='ocr_par' dir='ltr' id='par_1_52' title="bbox 1151 4712 1643 4785">
     <span class='ocr_line' id='line_1_79' title="bbox 1151 4712 1643 4785; baseline 0 -24"><span class='ocrx_word' id='word_1_161' title='bbox 1151 4712 1306 4761; x_wconf 83' lang='lat' dir='ltr'>Stans</span> <span class='ocrx_word' id='word_1_162' title='bbox 1339 4712 1643 4785; x_wconf 78' lang='lat' dir='ltr'>phthongus</span> 
     </span>
    </p>
   </div>
   <div class='ocr_carea' id='block_1_52' title="bbox 360 5689 1197 5759">
    <p class='ocr_par' dir='ltr' id='par_1_53' title="bbox 360 5689 1197 5759">
     <span class='ocr_line' id='line_1_80' title="bbox 360 5689 1197 5759; baseline 0.002 -18"><span class='ocrx_word' id='word_1_163' title='bbox 360 5696 385 5721; x_wconf 78' lang='grc'>³</span> <span class='ocrx_word' id='word_1_164' title='bbox 415 5689 535 5742; x_wconf 79' lang='lat' dir='ltr'>Non</span> <span class='ocrx_word' id='word_1_165' title='bbox 565 5690 783 5756; x_wconf 71' lang='lat' dir='ltr'>legitur.</span> <span class='ocrx_word' id='word_1_166' title='bbox 862 5691 891 5733; x_wconf 75' lang='grc' dir='ltr'><strong>Ι)</strong></span> <span class='ocrx_word' id='word_1_167' title='bbox 916 5689 1197 5759; x_wconf 79' lang='lat' dir='ltr'>Diapente.</span> 
     </span>
    </p>
   </div>
   <div class='ocr_carea' id='block_1_53' title="bbox 1285 5691 1733 5759">
    <p class='ocr_par' dir='ltr' id='par_1_54' title="bbox 1285 5691 1733 5759">
     <span class='ocr_line' id='line_1_81' title="bbox 1285 5691 1733 5759; baseline 0.007 -15"><span class='ocrx_word' id='word_1_168' title='bbox 1285 5703 1308 5731; x_wconf 84' lang='grc' dir='ltr'><strong>ο</strong></span> <span class='ocrx_word' id='word_1_169' title='bbox 1330 5691 1733 5759; x_wconf 69' lang='lat' dir='ltr'>Intelligentias.</span> 
     </span>
    </p>
   </div>
   <div class='ocr_carea' id='block_1_54' title="bbox 1818 3774 1988 3781">
    <p class='ocr_par' dir='ltr' id='par_1_55' title="bbox 1818 3774 1988 3781">
     <span class='ocr_line' id='line_1_82' title="bbox 1818 3774 1988 3781; baseline 0 0"><span class='ocrx_word' id='word_1_170' title='bbox 1818 3774 1988 3781; x_wconf 55' lang='grc' dir='ltr'>..Ἰ-ι</span> 
     </span>
    </p>
   </div>
   <div class='ocr_carea' id='block_1_55' title="bbox 2753 542 3144 597">
    <p class='ocr_par' dir='ltr' id='par_1_56' title="bbox 2753 542 3144 597">
     <span class='ocr_line' id='line_1_83' title="bbox 2753 542 3144 597; baseline 0.003 -1"><span class='ocrx_word' id='word_1_171' title='bbox 2753 542 2977 597; x_wconf 83' lang='lat' dir='ltr'>CAPUT</span> <span class='ocrx_word' id='word_1_172' title='bbox 3017 543 3144 597; x_wconf 80' lang='lat' dir='ltr'>XIV.</span> 
     </span>
    </p>
   </div>
   <div class='ocr_carea' id='block_1_56' title="bbox 2107 669 3799 740">
    <p class='ocr_par' dir='ltr' id='par_1_57' title="bbox 2107 669 3799 740">
     <span class='ocr_line' id='line_1_84' title="bbox 2107 669 3799 740; baseline 0.001 -16"><span class='ocrx_word' id='word_1_173' title='bbox 2107 672 2179 725; x_wconf 86' lang='lat' dir='ltr'>De</span> <span class='ocrx_word' id='word_1_174' title='bbox 2208 670 2486 724; x_wconf 83' lang='lat' dir='ltr'>modorum</span> <span class='ocrx_word' id='word_1_175' title='bbox 2528 670 2789 734; x_wconf 68' lang='lat' dir='ltr'>exordiis,</span> <span class='ocrx_word' id='word_1_176' title='bbox 2834 673 2891 723; x_wconf 82' lang='lat' dir='ltr'>in</span> <span class='ocrx_word' id='word_1_177' title='bbox 2932 687 3035 738; x_wconf 87' lang='lat' dir='ltr'>quo</span> <span class='ocrx_word' id='word_1_178' title='bbox 3085 669 3371 737; x_wconf 76' lang='lat' dir='ltr'>dispositio</span> <span class='ocrx_word' id='word_1_179' title='bbox 3416 674 3666 724; x_wconf 82' lang='lat' dir='ltr'>notarum</span> <span class='ocrx_word' id='word_1_180' title='bbox 3701 686 3799 740; x_wconf 75' lang='lat' dir='ltr'>per</span> 
     </span>
    </p>
   </div>
   <div class='ocr_carea' id='block_1_57' title="bbox 2583 759 3323 827">
    <p class='ocr_par' dir='ltr' id='par_1_58' title="bbox 2583 759 3323 827">
     <span class='ocr_line' id='line_1_85' title="bbox 2583 759 3323 827; baseline -0.003 -14"><span class='ocrx_word' id='word_1_181' title='bbox 2583 760 2823 827; x_wconf 80' lang='lat' dir='ltr'>singulos</span> <span class='ocrx_word' id='word_1_182' title='bbox 2854 759 3034 812; x_wconf 80' lang='lat' dir='ltr'>modos</span> <span class='ocrx_word' id='word_1_183' title='bbox 3067 775 3128 812; x_wconf 86' lang='lat' dir='ltr'>ac</span> <span class='ocrx_word' id='word_1_184' title='bbox 3156 774 3323 813; x_wconf 76' lang='lat' dir='ltr'>voces.</span> 
     </span>
    </p>
   </div>
   <div class='ocr_carea' id='block_1_58' title="bbox 2182 901 3800 973">
    <p class='ocr_par' dir='ltr' id='par_1_59' title="bbox 2182 901 3800 973">
     <span class='ocr_line' id='line_1_86' title="bbox 2182 901 3800 973; baseline 0.001 -18"><span class='ocrx_word' id='word_1_185' title='bbox 2182 903 2256 955; x_wconf 85' lang='lat' dir='ltr'>Ex</span> <span class='ocrx_word' id='word_1_186' title='bbox 2288 901 2561 969; x_wconf 84' lang='lat' dir='ltr'>diapason</span> <span class='ocrx_word' id='word_1_187' title='bbox 2593 901 2770 969; x_wconf 86' lang='lat' dir='ltr'>igitur</span> <span class='ocrx_word' id='word_1_188' title='bbox 2807 902 3196 955; x_wconf 66' lang='lat' dir='ltr'>consonantia:</span> <span class='ocrx_word' id='word_1_189' title='bbox 3229 902 3521 973; x_wconf 79' lang='lat' dir='ltr'>speciebus</span> <span class='ocrx_word' id='word_1_190' title='bbox 3554 902 3800 957; x_wconf 83' lang='lat' dir='ltr'>existunt</span> 
     </span>
    </p>
   </div>
   <div class='ocr_carea' id='block_1_59' title="bbox 2108 989 3800 1060">
    <p class='ocr_par' dir='ltr' id='par_1_60' title="bbox 2108 989 3800 1060">
     <span class='ocr_line' id='line_1_87' title="bbox 2108 989 3800 1060; baseline 0.002 -18"><span class='ocrx_word' id='word_1_191' title='bbox 2108 989 2207 1060; x_wconf 89' lang='lat' dir='ltr'>qui</span> <span class='ocrx_word' id='word_1_192' title='bbox 2240 991 2603 1059; x_wconf 76' lang='lat' dir='ltr'>appellantur</span> <span class='ocrx_word' id='word_1_193' title='bbox 2635 991 2809 1050; x_wconf 84' lang='lat' dir='ltr'>modi,</span> <span class='ocrx_word' id='word_1_194' title='bbox 2846 1008 2987 1060; x_wconf 87' lang='lat' dir='ltr'>quos</span> <span class='ocrx_word' id='word_1_195' title='bbox 3020 992 3251 1043; x_wconf 86' lang='lat' dir='ltr'>eosdem</span> <span class='ocrx_word' id='word_1_196' title='bbox 3286 998 3482 1060; x_wconf 86' lang='lat' dir='ltr'>tropos</span> <span class='ocrx_word' id='word_1_197' title='bbox 3514 993 3600 1045; x_wconf 86' lang='lat' dir='ltr'>vel</span> <span class='ocrx_word' id='word_1_198' title='bbox 3634 998 3800 1045; x_wconf 90' lang='lat' dir='ltr'>tonos</span> 
     </span>
    </p>
   </div>
   <div class='ocr_carea' id='block_1_60' title="bbox 2106 1077 3801 1147">
    <p class='ocr_par' dir='ltr' id='par_1_61' title="bbox 2106 1077 3801 1147">
     <span class='ocr_line' id='line_1_88' title="bbox 2106 1077 3801 1147; baseline 0.001 -16"><span class='ocrx_word' id='word_1_199' title='bbox 2106 1077 2430 1131; x_wconf 89' lang='lat' dir='ltr'>nominant.</span> <span class='ocrx_word' id='word_1_200' title='bbox 2482 1078 2627 1132; x_wconf 87' lang='lat' dir='ltr'>Sunt</span> <span class='ocrx_word' id='word_1_201' title='bbox 2657 1084 2848 1131; x_wconf 89' lang='lat' dir='ltr'>autem</span> <span class='ocrx_word' id='word_1_202' title='bbox 2900 1078 3047 1147; x_wconf 84' lang='lat' dir='ltr'>tropi</span> <span class='ocrx_word' id='word_1_203' title='bbox 3098 1079 3531 1132; x_wconf 74' lang='lat' dir='ltr'>constitutiones</span> <span class='ocrx_word' id='word_1_204' title='bbox 3578 1080 3636 1132; x_wconf 90' lang='lat' dir='ltr'>in</span> <span class='ocrx_word' id='word_1_205' title='bbox 3673 1079 3801 1132; x_wconf 86' lang='lat' dir='ltr'>totis</span> 
     </span>
    </p>
   </div>
   <div class='ocr_carea' id='block_1_61' title="bbox 2104 1166 3803 1237">
    <p class='ocr_par' dir='ltr' id='par_1_62' title="bbox 2104 1166 3803 1237">
     <span class='ocr_line' id='line_1_89' title="bbox 2104 1166 3803 1237; baseline 0.001 -17"><span class='ocrx_word' id='word_1_206' title='bbox 2104 1182 2311 1221; x_wconf 90' lang='lat' dir='ltr'>vocum</span> <span class='ocrx_word' id='word_1_207' title='bbox 2338 1166 2654 1233; x_wconf 86' lang='lat' dir='ltr'>ordinibus,</span> <span class='ocrx_word' id='word_1_208' title='bbox 2688 1168 2776 1219; x_wconf 90' lang='lat' dir='ltr'>vel</span> <span class='ocrx_word' id='word_1_209' title='bbox 2808 1167 3103 1237; x_wconf 82' lang='lat' dir='ltr'>gravitate,</span> <span class='ocrx_word' id='word_1_210' title='bbox 3136 1168 3221 1221; x_wconf 84' lang='lat' dir='ltr'>vel</span> <span class='ocrx_word' id='word_1_211' title='bbox 3249 1167 3511 1221; x_wconf 82' lang='lat' dir='ltr'>acumine</span> <span class='ocrx_word' id='word_1_212' title='bbox 3542 1167 3803 1222; x_wconf 72' lang='lat' dir='ltr'>differen-</span> 
     </span>
    </p>
   </div>
   <div class='ocr_carea' id='block_1_62' title="bbox 2108 1255 3801 1323">
    <p class='ocr_par' dir='ltr' id='par_1_63' title="bbox 2108 1255 3801 1323">
     <span class='ocr_line' id='line_1_90' title="bbox 2108 1255 3801 1323; baseline 0.001 -16"><span class='ocrx_word' id='word_1_213' title='bbox 2108 1259 2211 1316; x_wconf 80' lang='lat' dir='ltr'>tes,</span> <span class='ocrx_word' id='word_1_214' title='bbox 2245 1255 2576 1308; x_wconf 76' lang='lat' dir='ltr'>constitutio</span> <span class='ocrx_word' id='word_1_215' title='bbox 2616 1271 2748 1307; x_wconf 65' lang='lat' dir='ltr'>vcro</span> <span class='ocrx_word' id='word_1_216' title='bbox 2781 1260 2862 1307; x_wconf 89' lang='lat' dir='ltr'>est</span> <span class='ocrx_word' id='word_1_217' title='bbox 2906 1255 3141 1323; x_wconf 83' lang='lat' dir='ltr'>plenum</span> <span class='ocrx_word' id='word_1_218' title='bbox 3184 1255 3361 1308; x_wconf 83' lang='lat' dir='ltr'>veluti</span> <span class='ocrx_word' id='word_1_219' title='bbox 3394 1255 3801 1309; x_wconf 88' lang='lat' dir='ltr'>modulationis</span> 
     </span>
    </p>
   </div>
   <div class='ocr_carea' id='block_1_63' title="bbox 2102 1343 3799 1413">
    <p class='ocr_par' dir='ltr' id='par_1_64' title="bbox 2102 1343 3799 1413">
     <span class='ocr_line' id='line_1_91' title="bbox 2102 1343 3799 1413; baseline -0.001 -16"><span class='ocrx_word' id='word_1_220' title='bbox 2102 1360 2307 1411; x_wconf 79' lang='lat' dir='ltr'>Corpus</span> <span class='ocrx_word' id='word_1_221' title='bbox 2350 1360 2416 1397; x_wconf 85' lang='lat' dir='ltr'>ex</span> <span class='ocrx_word' id='word_1_222' title='bbox 2468 1343 2965 1397; x_wconf 87' lang='lat' dir='ltr'>consonantiarum</span> <span class='ocrx_word' id='word_1_223' title='bbox 3013 1345 3417 1413; x_wconf 69' lang='lat' dir='ltr'>conjunctione</span> <span class='ocrx_word' id='word_1_224' title='bbox 3463 1345 3799 1410; x_wconf 79' lang='lat' dir='ltr'>consistens,</span> 
     </span>
    </p>
   </div>
   <div class='ocr_carea' id='block_1_64' title="bbox 2103 1433 3802 1504">
    <p class='ocr_par' dir='ltr' id='par_1_65' title="bbox 2103 1433 3802 1504">
     <span class='ocr_line' id='line_1_92' title="bbox 2103 1433 3802 1504; baseline 0.001 -18"><span class='ocrx_word' id='word_1_225' title='bbox 2103 1435 2271 1504; x_wconf 83' lang='lat' dir='ltr'>quale</span> <span class='ocrx_word' id='word_1_226' title='bbox 2304 1440 2387 1485; x_wconf 76' lang='lat' dir='ltr'>est</span> <span class='ocrx_word' id='word_1_227' title='bbox 2416 1434 2502 1486; x_wconf 85' lang='lat' dir='ltr'>vel</span> <span class='ocrx_word' id='word_1_228' title='bbox 2536 1433 2829 1502; x_wconf 86' lang='lat' dir='ltr'>diapason,</span> <span class='ocrx_word' id='word_1_229' title='bbox 2862 1434 2947 1486; x_wconf 83' lang='lat' dir='ltr'>vel</span> <span class='ocrx_word' id='word_1_230' title='bbox 2982 1434 3255 1501; x_wconf 78' lang='lat' dir='ltr'>diapason</span> <span class='ocrx_word' id='word_1_231' title='bbox 3304 1441 3360 1487; x_wconf 91' lang='lat' dir='ltr'>et</span> <span class='ocrx_word' id='word_1_232' title='bbox 3399 1434 3661 1502; x_wconf 80' lang='lat' dir='ltr'>diapente</span> <span class='ocrx_word' id='word_1_233' title='bbox 3696 1443 3720 1467; x_wconf 69' lang='grc' dir='ltr'><strong>δ</strong></span> <span class='ocrx_word' id='word_1_234' title='bbox 3749 1438 3802 1487; x_wconf 89' lang='lat' dir='ltr'>et</span> 
     </span>
    </p>
   </div>
   <div class='ocr_carea' id='block_1_65' title="bbox 2103 1522 3797 1592">
    <p class='ocr_par' dir='ltr' id='par_1_66' title="bbox 2103 1522 3797 1592">
     <span class='ocr_line' id='line_1_93' title="bbox 2103 1522 3797 1592; baseline -0.001 -17"><span class='ocrx_word' id='word_1_235' title='bbox 2103 1524 2473 1585; x_wconf 73' lang='lat' dir='ltr'>diatessaron,</span> <span class='ocrx_word' id='word_1_236' title='bbox 2510 1523 2595 1575; x_wconf 88' lang='lat' dir='ltr'>vel</span> <span class='ocrx_word' id='word_1_237' title='bbox 2631 1522 2713 1575; x_wconf 88' lang='lat' dir='ltr'>bis</span> <span class='ocrx_word' id='word_1_238' title='bbox 2735 1524 3030 1590; x_wconf 79' lang='lat' dir='ltr'>diapason.</span> <span class='ocrx_word' id='word_1_239' title='bbox 3059 1523 3151 1575; x_wconf 80' lang='lat' dir='ltr'>Est</span> <span class='ocrx_word' id='word_1_240' title='bbox 3176 1524 3329 1576; x_wconf 89' lang='lat' dir='ltr'>enim</span> <span class='ocrx_word' id='word_1_241' title='bbox 3362 1525 3640 1592; x_wconf 77' lang='lat' dir='ltr'>diapason</span> <span class='ocrx_word' id='word_1_242' title='bbox 3669 1539 3797 1575; x_wconf 87' lang='lat' dir='ltr'>con-</span> 
     </span>
    </p>
   </div>
   <div class='ocr_carea' id='block_1_66' title="bbox 2103 1611 3799 1680">
    <p class='ocr_par' dir='ltr' id='par_1_67' title="bbox 2103 1611 3799 1680">
     <span class='ocr_line' id='line_1_94' title="bbox 2103 1611 3799 1680; baseline -0.001 -16"><span class='ocrx_word' id='word_1_243' title='bbox 2103 1611 2341 1676; x_wconf 86' lang='lat' dir='ltr'>stitutio,</span> <span class='ocrx_word' id='word_1_244' title='bbox 2379 1629 2408 1662; x_wconf 87' lang='lat' dir='ltr'>a</span> <span class='ocrx_word' id='word_1_245' title='bbox 2440 1611 3049 1680; x_wconf 81' lang='lat' dir='ltr'>proslambanomenos</span> <span class='ocrx_word' id='word_1_246' title='bbox 3080 1612 3137 1664; x_wconf 92' lang='lat' dir='ltr'>in</span> <span class='ocrx_word' id='word_1_247' title='bbox 3172 1628 3367 1664; x_wconf 90' lang='lat' dir='ltr'>meson</span> <span class='ocrx_word' id='word_1_248' title='bbox 3414 1612 3633 1665; x_wconf 64' lang='lat' dir='ltr'>caeteris</span> <span class='ocrx_word' id='word_1_249' title='bbox 3675 1628 3799 1680; x_wconf 74' lang='lat' dir='ltr'>qum</span> 
     </span>
    </p>
   </div>
   <div class='ocr_carea' id='block_1_67' title="bbox 2037 1698 3800 1766">
    <p class='ocr_par' dir='ltr' id='par_1_68' title="bbox 2037 1698 3800 1766">
     <span class='ocr_line' id='line_1_95' title="bbox 2037 1698 3800 1766; baseline 0 -13"><span class='ocrx_word' id='word_1_250' title='bbox 2037 1698 2079 1753; x_wconf 92' lang='lat' dir='ltr'><strong>B</strong></span> <span class='ocrx_word' id='word_1_251' title='bbox 2110 1704 2242 1753; x_wconf 89' lang='lat' dir='ltr'>sunt</span> <span class='ocrx_word' id='word_1_252' title='bbox 2274 1700 2479 1752; x_wconf 61' lang='lat' dir='ltr'>mediae</span> <span class='ocrx_word' id='word_1_253' title='bbox 2510 1699 2741 1752; x_wconf 86' lang='lat' dir='ltr'>vocibus</span> <span class='ocrx_word' id='word_1_254' title='bbox 2780 1699 3189 1766; x_wconf 88' lang='lat' dir='ltr'>annumeratis,</span> <span class='ocrx_word' id='word_1_255' title='bbox 3224 1701 3311 1752; x_wconf 89' lang='lat' dir='ltr'>vel</span> <span class='ocrx_word' id='word_1_256' title='bbox 3342 1716 3375 1752; x_wconf 89' lang='lat' dir='ltr'>a</span> <span class='ocrx_word' id='word_1_257' title='bbox 3408 1717 3559 1753; x_wconf 79' lang='lat' dir='ltr'>mese</span> <span class='ocrx_word' id='word_1_258' title='bbox 3606 1716 3800 1753; x_wconf 89' lang='lat' dir='ltr'>rursus</span> 
     </span>
    </p>
   </div>
   <div class='ocr_carea' id='block_1_68' title="bbox 2110 1787 3800 1858">
    <p class='ocr_par' dir='ltr' id='par_1_69' title="bbox 2110 1787 3800 1858">
     <span class='ocr_line' id='line_1_96' title="bbox 2110 1787 3800 1858; baseline -0.001 -16"><span class='ocrx_word' id='word_1_259' title='bbox 2110 1789 2168 1842; x_wconf 88' lang='lat' dir='ltr'>in</span> <span class='ocrx_word' id='word_1_260' title='bbox 2200 1795 2370 1841; x_wconf 68' lang='lat' dir='ltr'>neten</span> <span class='ocrx_word' id='word_1_261' title='bbox 2403 1788 2794 1858; x_wconf 79' lang='lat' dir='ltr'>hyperboleon</span> <span class='ocrx_word' id='word_1_262' title='bbox 2827 1804 2954 1839; x_wconf 92' lang='lat' dir='ltr'>cum</span> <span class='ocrx_word' id='word_1_263' title='bbox 2988 1787 3216 1840; x_wconf 87' lang='lat' dir='ltr'>vocibus</span> <span class='ocrx_word' id='word_1_264' title='bbox 3251 1787 3583 1856; x_wconf 75' lang='lat' dir='ltr'>interjectis,</span> <span class='ocrx_word' id='word_1_265' title='bbox 3615 1790 3698 1839; x_wconf 89' lang='lat' dir='ltr'>vel</span> <span class='ocrx_word' id='word_1_266' title='bbox 3731 1788 3800 1841; x_wconf 92' lang='lat' dir='ltr'>ab</span> 
     </span>
    </p>
   </div>
   <div class='ocr_carea' id='block_1_69' title="bbox 2108 1876 3801 1947">
    <p class='ocr_par' dir='ltr' id='par_1_70' title="bbox 2108 1876 3801 1947">
     <span class='ocr_line' id='line_1_97' title="bbox 2108 1876 3801 1947; baseline -0.002 -17"><span class='ocrx_word' id='word_1_267' title='bbox 2108 1877 2316 1947; x_wconf 86' lang='lat' dir='ltr'>hypate</span> <span class='ocrx_word' id='word_1_268' title='bbox 2346 1893 2542 1930; x_wconf 88' lang='lat' dir='ltr'>meson</span> <span class='ocrx_word' id='word_1_269' title='bbox 2574 1877 2633 1929; x_wconf 89' lang='lat' dir='ltr'>in</span> <span class='ocrx_word' id='word_1_270' title='bbox 2666 1884 2839 1929; x_wconf 81' lang='lat' dir='ltr'>neten</span> <span class='ocrx_word' id='word_1_271' title='bbox 2874 1876 3348 1945; x_wconf 85' lang='lat' dir='ltr'>diezeugmenon,</span> <span class='ocrx_word' id='word_1_272' title='bbox 3383 1892 3510 1928; x_wconf 91' lang='lat' dir='ltr'>cum</span> <span class='ocrx_word' id='word_1_273' title='bbox 3543 1876 3630 1928; x_wconf 91' lang='lat' dir='ltr'>his</span> <span class='ocrx_word' id='word_1_274' title='bbox 3661 1892 3801 1946; x_wconf 84' lang='lat' dir='ltr'>quas</span> 
     </span>
    </p>
   </div>
   <div class='ocr_carea' id='block_1_70' title="bbox 2110 1965 3849 2034">
    <p class='ocr_par' dir='ltr' id='par_1_71' title="bbox 2110 1965 3849 2034">
     <span class='ocr_line' id='line_1_98' title="bbox 2110 1965 3849 2034; baseline -0.002 -14"><span class='ocrx_word' id='word_1_275' title='bbox 2110 1972 2378 2023; x_wconf 82' lang='lat' dir='ltr'>extremae</span> <span class='ocrx_word' id='word_1_276' title='bbox 2410 1982 2573 2019; x_wconf 86' lang='lat' dir='ltr'>voces</span> <span class='ocrx_word' id='word_1_277' title='bbox 2618 1966 2833 2019; x_wconf 90' lang='lat' dir='ltr'>medias</span> <span class='ocrx_word' id='word_1_278' title='bbox 2876 1966 3169 2018; x_wconf 88' lang='lat' dir='ltr'>claudunt.</span> <span class='ocrx_word' id='word_1_279' title='bbox 3204 1966 3484 2034; x_wconf 89' lang='lat' dir='ltr'>Diapason</span> <span class='ocrx_word' id='word_1_280' title='bbox 3530 1971 3585 2018; x_wconf 90' lang='lat' dir='ltr'>et</span> <span class='ocrx_word' id='word_1_281' title='bbox 3615 1978 3639 2017; x_wconf 89' lang='lat' dir='ltr'>b</span> <span class='ocrx_word' id='word_1_282' title='bbox 3682 1965 3802 2017; x_wconf 87' lang='lat' dir='ltr'>dia-</span> <span class='ocrx_word' id='word_1_283' title='bbox 3838 1988 3849 2001; x_wconf 71' lang='grc' dir='ltr'><em>ι</em></span> 
     </span>
    </p>
   </div>
   <div class='ocr_carea' id='block_1_71' title="bbox 2106 2053 3800 2124">
    <p class='ocr_par' dir='ltr' id='par_1_72' title="bbox 2106 2053 3800 2124">
     <span class='ocr_line' id='line_1_99' title="bbox 2106 2053 3800 2124; baseline -0.002 -16"><span class='ocrx_word' id='word_1_284' title='bbox 2106 2056 2367 2109; x_wconf 77' lang='lat' dir='ltr'>tessaron</span> <span class='ocrx_word' id='word_1_285' title='bbox 2405 2071 2536 2107; x_wconf 86' lang='lat' dir='ltr'>vero</span> <span class='ocrx_word' id='word_1_286' title='bbox 2564 2054 2896 2107; x_wconf 87' lang='lat' dir='ltr'>constitutio</span> <span class='ocrx_word' id='word_1_287' title='bbox 2934 2070 2998 2106; x_wconf 89' lang='lat' dir='ltr'>ea</span> <span class='ocrx_word' id='word_1_288' title='bbox 3031 2057 3114 2106; x_wconf 89' lang='lat' dir='ltr'>est</span> <span class='ocrx_word' id='word_1_289' title='bbox 3144 2071 3271 2124; x_wconf 78' lang='lat' dir='ltr'>quae</span> <span class='ocrx_word' id='word_1_290' title='bbox 3306 2072 3334 2106; x_wconf 92' lang='lat' dir='ltr'>a</span> <span class='ocrx_word' id='word_1_291' title='bbox 3373 2053 3800 2122; x_wconf 87' lang='lat' dir='ltr'>proslambano—</span> 
     </span>
    </p>
   </div>
   <div class='ocr_carea' id='block_1_72' title="bbox 2109 2141 3877 2212">
    <p class='ocr_par' dir='ltr' id='par_1_73' title="bbox 2109 2141 3877 2212">
     <span class='ocr_line' id='line_1_100' title="bbox 2109 2141 3877 2212; baseline -0.001 -16"><span class='ocrx_word' id='word_1_292' title='bbox 2109 2160 2308 2196; x_wconf 90' lang='lat' dir='ltr'>menos</span> <span class='ocrx_word' id='word_1_293' title='bbox 2339 2142 2397 2195; x_wconf 91' lang='lat' dir='ltr'>in</span> <span class='ocrx_word' id='word_1_294' title='bbox 2446 2151 2616 2195; x_wconf 90' lang='lat' dir='ltr'>neten</span> <span class='ocrx_word' id='word_1_295' title='bbox 2664 2158 3100 2212; x_wconf 77' lang='lat' dir='ltr'>synenimenon,</span> <span class='ocrx_word' id='word_1_296' title='bbox 3135 2158 3262 2194; x_wconf 91' lang='lat' dir='ltr'>cum</span> <span class='ocrx_word' id='word_1_297' title='bbox 3306 2142 3395 2195; x_wconf 90' lang='lat' dir='ltr'>his</span> <span class='ocrx_word' id='word_1_298' title='bbox 3426 2158 3554 2210; x_wconf 63' lang='lat' dir='ltr'>quas</span> <span class='ocrx_word' id='word_1_299' title='bbox 3600 2141 3799 2194; x_wconf 74' lang='lat' dir='ltr'>mediae</span> <span class='ocrx_word' id='word_1_300' title='bbox 3874 2152 3877 2155; x_wconf 87' lang='lat'>&#39;</span> 
     </span>
    </p>
   </div>
   <div class='ocr_carea' id='block_1_73' title="bbox 2109 2230 3799 2300">
    <p class='ocr_par' dir='ltr' id='par_1_74' title="bbox 2109 2230 3799 2300">
     <span class='ocr_line' id='line_1_101' title="bbox 2109 2230 3799 2300; baseline -0.001 -15"><span class='ocrx_word' id='word_1_301' title='bbox 2109 2239 2240 2285; x_wconf 90' lang='lat' dir='ltr'>sunt</span> <span class='ocrx_word' id='word_1_302' title='bbox 2273 2231 2583 2300; x_wconf 69' lang='lat' dir='ltr'>interjectze</span> <span class='ocrx_word' id='word_1_303' title='bbox 2624 2238 2863 2284; x_wconf 87' lang='lat' dir='ltr'>constat.</span> <span class='ocrx_word' id='word_1_304' title='bbox 2909 2230 2998 2284; x_wconf 87' lang='lat' dir='ltr'>Bis</span> <span class='ocrx_word' id='word_1_305' title='bbox 3044 2231 3317 2300; x_wconf 88' lang='lat' dir='ltr'>diapason</span> <span class='ocrx_word' id='word_1_306' title='bbox 3349 2236 3535 2283; x_wconf 88' lang='lat' dir='ltr'>autem</span> <span class='ocrx_word' id='word_1_307' title='bbox 3579 2246 3608 2282; x_wconf 88' lang='lat' dir='ltr'>a</span> <span class='ocrx_word' id='word_1_308' title='bbox 3639 2246 3799 2299; x_wconf 87' lang='lat' dir='ltr'>pros-</span> 
     </span>
    </p>
   </div>
   <div class='ocr_carea' id='block_1_74' title="bbox 2107 2319 3799 2389">
    <p class='ocr_par' dir='ltr' id='par_1_75' title="bbox 2107 2319 3799 2389">
     <span class='ocr_line' id='line_1_102' title="bbox 2107 2319 3799 2389; baseline -0.002 -14"><span class='ocrx_word' id='word_1_309' title='bbox 2107 2323 2593 2375; x_wconf 65' lang='lat' dir='ltr'>lambanomenon</span> <span class='ocrx_word' id='word_1_310' title='bbox 2631 2321 2688 2373; x_wconf 90' lang='lat' dir='ltr'>in</span> <span class='ocrx_word' id='word_1_311' title='bbox 2723 2325 2889 2372; x_wconf 86' lang='lat' dir='ltr'>neten</span> <span class='ocrx_word' id='word_1_312' title='bbox 2936 2320 3342 2389; x_wconf 83' lang='lat' dir='ltr'>hyperboleon,</span> <span class='ocrx_word' id='word_1_313' title='bbox 3373 2336 3499 2371; x_wconf 90' lang='lat' dir='ltr'>cum</span> <span class='ocrx_word' id='word_1_314' title='bbox 3549 2319 3638 2372; x_wconf 91' lang='lat' dir='ltr'>his</span> <span class='ocrx_word' id='word_1_315' title='bbox 3671 2334 3799 2388; x_wconf 76' lang='lat' dir='ltr'>quae</span> 
     </span>
    </p>
   </div>
   <div class='ocr_carea' id='block_1_75' title="bbox 2108 2408 3800 2478">
    <p class='ocr_par' dir='ltr' id='par_1_76' title="bbox 2108 2408 3800 2478">
     <span class='ocr_line' id='line_1_103' title="bbox 2108 2408 3800 2478; baseline -0.002 -16"><span class='ocrx_word' id='word_1_316' title='bbox 2108 2409 2165 2462; x_wconf 93' lang='lat' dir='ltr'>in</span> <span class='ocrx_word' id='word_1_317' title='bbox 2214 2410 2399 2463; x_wconf 90' lang='lat' dir='ltr'>medio</span> <span class='ocrx_word' id='word_1_318' title='bbox 2446 2415 2577 2462; x_wconf 89' lang='lat' dir='ltr'>sunt</span> <span class='ocrx_word' id='word_1_319' title='bbox 2617 2408 2967 2478; x_wconf 66' lang='lat' dir='ltr'>interpositae</span> <span class='ocrx_word' id='word_1_320' title='bbox 3015 2409 3423 2461; x_wconf 89' lang='lat' dir='ltr'>consideratur.</span> <span class='ocrx_word' id='word_1_321' title='bbox 3470 2409 3577 2460; x_wconf 89' lang='lat' dir='ltr'>Has</span> <span class='ocrx_word' id='word_1_322' title='bbox 3624 2408 3800 2477; x_wconf 84' lang='lat' dir='ltr'>igitur</span> 
     </span>
    </p>
   </div>
   <div class='ocr_carea' id='block_1_76' title="bbox 2108 2496 3800 2567">
    <p class='ocr_par' dir='ltr' id='par_1_77' title="bbox 2108 2496 3800 2567">
     <span class='ocr_line' id='line_1_104' title="bbox 2108 2496 3800 2567; baseline -0.001 -16"><span class='ocrx_word' id='word_1_323' title='bbox 2108 2500 2542 2551; x_wconf 84' lang='lat' dir='ltr'>constitutiones</span> <span class='ocrx_word' id='word_1_324' title='bbox 2570 2497 2615 2549; x_wconf 89' lang='lat' dir='ltr'>si</span> <span class='ocrx_word' id='word_1_325' title='bbox 2650 2498 2776 2567; x_wconf 87' lang='lat' dir='ltr'>quis</span> <span class='ocrx_word' id='word_1_326' title='bbox 2806 2504 2948 2549; x_wconf 91' lang='lat' dir='ltr'>totas</span> <span class='ocrx_word' id='word_1_327' title='bbox 2973 2498 3138 2549; x_wconf 84' lang='lat' dir='ltr'>faciat</span> <span class='ocrx_word' id='word_1_328' title='bbox 3163 2497 3441 2549; x_wconf 88' lang='lat' dir='ltr'>acutiores</span> <span class='ocrx_word' id='word_1_329' title='bbox 3472 2498 3559 2549; x_wconf 90' lang='lat' dir='ltr'>vel</span> <span class='ocrx_word' id='word_1_330' title='bbox 3584 2496 3641 2548; x_wconf 91' lang='lat' dir='ltr'>in</span> <span class='ocrx_word' id='word_1_331' title='bbox 3674 2512 3800 2565; x_wconf 85' lang='lat' dir='ltr'>gra-</span> 
     </span>
    </p>
   </div>
   <div class='ocr_carea' id='block_1_77' title="bbox 2107 2586 3801 2655">
    <p class='ocr_par' dir='ltr' id='par_1_78' title="bbox 2107 2586 3801 2655">
     <span class='ocr_line' id='line_1_105' title="bbox 2107 2586 3801 2655; baseline -0.002 -15"><span class='ocrx_word' id='word_1_332' title='bbox 2107 2589 2233 2641; x_wconf 85' lang='lat' dir='ltr'>vius</span> <span class='ocrx_word' id='word_1_333' title='bbox 2265 2594 2413 2640; x_wconf 89' lang='lat' dir='ltr'>totas</span> <span class='ocrx_word' id='word_1_334' title='bbox 2460 2587 2735 2651; x_wconf 88' lang='lat' dir='ltr'>remittat,</span> <span class='ocrx_word' id='word_1_335' title='bbox 2778 2587 3089 2639; x_wconf 84' lang='lat' dir='ltr'>secundum</span> <span class='ocrx_word' id='word_1_336' title='bbox 3135 2586 3492 2654; x_wconf 87' lang='lat' dir='ltr'>supradictas</span> <span class='ocrx_word' id='word_1_337' title='bbox 3526 2586 3801 2655; x_wconf 87' lang='lat' dir='ltr'>diapason</span> 
     </span>
    </p>
   </div>
   <div class='ocr_carea' id='block_1_78' title="bbox 2108 2673 3796 2744">
    <p class='ocr_par' dir='ltr' id='par_1_79' title="bbox 2108 2673 3796 2744">
     <span class='ocr_line' id='line_1_106' title="bbox 2108 2673 3796 2744; baseline -0.002 -17"><span class='ocrx_word' id='word_1_338' title='bbox 2108 2674 2497 2727; x_wconf 60' lang='lat' dir='ltr'>consonantiae</span> <span class='ocrx_word' id='word_1_339' title='bbox 2539 2675 2752 2744; x_wconf 88' lang='lat' dir='ltr'>species</span> <span class='ocrx_word' id='word_1_340' title='bbox 2785 2673 2991 2727; x_wconf 76' lang='lat' dir='ltr'>efﬁciet</span> <span class='ocrx_word' id='word_1_341' title='bbox 3036 2673 3233 2726; x_wconf 91' lang='lat' dir='ltr'>modos</span> <span class='ocrx_word' id='word_1_342' title='bbox 3279 2680 3516 2744; x_wconf 89' lang='lat' dir='ltr'>septem,</span> <span class='ocrx_word' id='word_1_343' title='bbox 3553 2688 3796 2743; x_wconf 87' lang='lat' dir='ltr'>quorum</span> 
     </span>
    </p>
   </div>
   <div class='ocr_carea' id='block_1_79' title="bbox 2109 2762 3799 2833">
    <p class='ocr_par' dir='ltr' id='par_1_80' title="bbox 2109 2762 3799 2833">
     <span class='ocr_line' id='line_1_107' title="bbox 2109 2762 3799 2833; baseline -0.002 -16"><span class='ocrx_word' id='word_1_344' title='bbox 2109 2765 2345 2817; x_wconf 91' lang='lat' dir='ltr'>nomina</span> <span class='ocrx_word' id='word_1_345' title='bbox 2375 2770 2508 2817; x_wconf 89' lang='lat' dir='ltr'>sunt</span> <span class='ocrx_word' id='word_1_346' title='bbox 2538 2765 2658 2817; x_wconf 84' lang='lat' dir='ltr'>haec</span> <span class='ocrx_word' id='word_1_347' title='bbox 2686 2780 2698 2817; x_wconf 90' lang='lat'>:</span> <span class='ocrx_word' id='word_1_348' title='bbox 2734 2764 3110 2833; x_wconf 78' lang='lat' dir='ltr'>hypodorius,</span> <span class='ocrx_word' id='word_1_349' title='bbox 3143 2763 3593 2833; x_wconf 82' lang='lat' dir='ltr'>hypophrygius,</span> <span class='ocrx_word' id='word_1_350' title='bbox 3625 2762 3799 2831; x_wconf 82' lang='lat' dir='ltr'>hypo-</span> 
     </span>
    </p>
   </div>
   <div class='ocr_carea' id='block_1_80' title="bbox 2107 2851 3795 2923">
    <p class='ocr_par' dir='ltr' id='par_1_81' title="bbox 2107 2851 3795 2923">
     <span class='ocr_line' id='line_1_108' title="bbox 2107 2851 3795 2923; baseline -0.002 -16"><span class='ocrx_word' id='word_1_351' title='bbox 2107 2853 2314 2923; x_wconf 72' lang='lat' dir='ltr'>lydius,</span> <span class='ocrx_word' id='word_1_352' title='bbox 2351 2853 2566 2918; x_wconf 79' lang='lat' dir='ltr'>durius,</span> <span class='ocrx_word' id='word_1_353' title='bbox 2603 2853 2897 2922; x_wconf 83' lang='lat' dir='ltr'>phrygius,</span> <span class='ocrx_word' id='word_1_354' title='bbox 2937 2853 3140 2922; x_wconf 85' lang='lat' dir='ltr'>lydius,</span> <span class='ocrx_word' id='word_1_355' title='bbox 3184 2852 3557 2922; x_wconf 81' lang='lat' dir='ltr'>mixolydius;</span> <span class='ocrx_word' id='word_1_356' title='bbox 3593 2851 3795 2903; x_wconf 90' lang='lat' dir='ltr'>horum</span> 
     </span>
    </p>
   </div>
   <div class='ocr_carea' id='block_1_81' title="bbox 2109 2940 3799 3011">
    <p class='ocr_par' dir='ltr' id='par_1_82' title="bbox 2109 2940 3799 3011">
     <span class='ocr_line' id='line_1_109' title="bbox 2109 2940 3799 3011; baseline -0.002 -16"><span class='ocrx_word' id='word_1_357' title='bbox 2109 2958 2245 2995; x_wconf 89' lang='lat' dir='ltr'>vero</span> <span class='ocrx_word' id='word_1_358' title='bbox 2277 2942 2356 2995; x_wconf 91' lang='lat' dir='ltr'>sic</span> <span class='ocrx_word' id='word_1_359' title='bbox 2386 2942 2525 2994; x_wconf 88' lang='lat' dir='ltr'>ordo</span> <span class='ocrx_word' id='word_1_360' title='bbox 2558 2941 2830 3011; x_wconf 86' lang='lat' dir='ltr'>procedit.</span> <span class='ocrx_word' id='word_1_361' title='bbox 2859 2940 2940 2993; x_wconf 87' lang='lat' dir='ltr'>Sit</span> <span class='ocrx_word' id='word_1_362' title='bbox 2972 2940 3028 2992; x_wconf 92' lang='lat' dir='ltr'>in</span> <span class='ocrx_word' id='word_1_363' title='bbox 3055 2940 3338 2993; x_wconf 90' lang='lat' dir='ltr'>diatonico</span> <span class='ocrx_word' id='word_1_364' title='bbox 3363 2955 3570 3009; x_wconf 85' lang='lat' dir='ltr'>genere</span> <span class='ocrx_word' id='word_1_365' title='bbox 3596 2954 3799 2992; x_wconf 87' lang='lat' dir='ltr'>vocum</span> 
     </span>
    </p>
   </div>
   <div class='ocr_carea' id='block_1_82' title="bbox 2107 3027 3800 3099">
    <p class='ocr_par' dir='ltr' id='par_1_83' title="bbox 2107 3027 3800 3099">
     <span class='ocr_line' id='line_1_110' title="bbox 2107 3027 3800 3099; baseline -0.002 -16"><span class='ocrx_word' id='word_1_366' title='bbox 2107 3030 2246 3083; x_wconf 83' lang='lat' dir='ltr'>ordo</span> <span class='ocrx_word' id='word_1_367' title='bbox 2282 3030 2588 3099; x_wconf 69' lang='lat' dir='ltr'>dispositus</span> <span class='ocrx_word' id='word_1_368' title='bbox 2625 3047 2656 3082; x_wconf 92' lang='lat' dir='ltr'>a</span> <span class='ocrx_word' id='word_1_369' title='bbox 2705 3029 3253 3098; x_wconf 87' lang='lat' dir='ltr'>prolambanomene</span> <span class='ocrx_word' id='word_1_370' title='bbox 3283 3029 3341 3081; x_wconf 93' lang='lat' dir='ltr'>in</span> <span class='ocrx_word' id='word_1_371' title='bbox 3390 3032 3559 3079; x_wconf 84' lang='lat' dir='ltr'>neten</span> <span class='ocrx_word' id='word_1_372' title='bbox 3590 3027 3800 3096; x_wconf 87' lang='lat' dir='ltr'>hyper-</span> 
     </span>
    </p>
   </div>
   <div class='ocr_carea' id='block_1_83' title="bbox 2104 3116 3799 3188">
    <p class='ocr_par' dir='ltr' id='par_1_84' title="bbox 2104 3116 3799 3188">
     <span class='ocr_line' id='line_1_111' title="bbox 2104 3116 3799 3188; baseline -0.003 -17"><span class='ocrx_word' id='word_1_373' title='bbox 2104 3118 2331 3185; x_wconf 87' lang='lat' dir='ltr'>boleon,</span> <span class='ocrx_word' id='word_1_374' title='bbox 2354 3124 2524 3188; x_wconf 90' lang='lat' dir='ltr'>atque</span> <span class='ocrx_word' id='word_1_375' title='bbox 2554 3118 2644 3171; x_wconf 89' lang='lat' dir='ltr'>hic</span> <span class='ocrx_word' id='word_1_376' title='bbox 2672 3118 2737 3170; x_wconf 91' lang='lat' dir='ltr'>sit</span> <span class='ocrx_word' id='word_1_377' title='bbox 2765 3117 3112 3186; x_wconf 82' lang='lat' dir='ltr'>bypodorius</span> <span class='ocrx_word' id='word_1_378' title='bbox 3138 3117 3361 3169; x_wconf 89' lang='lat' dir='ltr'>modus.</span> <span class='ocrx_word' id='word_1_379' title='bbox 3400 3116 3456 3168; x_wconf 84' lang='lat' dir='ltr'>Si</span> <span class='ocrx_word' id='word_1_380' title='bbox 3487 3117 3616 3185; x_wconf 85' lang='lat' dir='ltr'>quis</span> <span class='ocrx_word' id='word_1_381' title='bbox 3645 3132 3799 3185; x_wconf 89' lang='lat' dir='ltr'>pros-</span> 
     </span>
    </p>
   </div>
   <div class='ocr_carea' id='block_1_84' title="bbox 2104 3206 3795 3274">
    <p class='ocr_par' dir='ltr' id='par_1_85' title="bbox 2104 3206 3795 3274">
     <span class='ocr_line' id='line_1_112' title="bbox 2104 3206 3795 3274; baseline -0.003 -13"><span class='ocrx_word' id='word_1_382' title='bbox 2104 3208 2585 3261; x_wconf 87' lang='lat' dir='ltr'>lambanomenon</span> <span class='ocrx_word' id='word_1_383' title='bbox 2626 3208 2683 3259; x_wconf 90' lang='lat' dir='ltr'>in</span> <span class='ocrx_word' id='word_1_384' title='bbox 2733 3222 2967 3259; x_wconf 89' lang='lat' dir='ltr'>acumen</span> <span class='ocrx_word' id='word_1_385' title='bbox 3018 3206 3281 3259; x_wconf 89' lang='lat' dir='ltr'>intendat</span> <span class='ocrx_word' id='word_1_386' title='bbox 3329 3210 3485 3268; x_wconf 87' lang='lat' dir='ltr'>tono,</span> <span class='ocrx_word' id='word_1_387' title='bbox 3518 3206 3795 3274; x_wconf 86' lang='lat' dir='ltr'>hypaten-</span> 
     </span>
    </p>
   </div>
   <div class='ocr_carea' id='block_1_85' title="bbox 2104 3290 3800 3367">
    <p class='ocr_par' dir='ltr' id='par_1_86' title="bbox 2104 3290 3800 3367">
     <span class='ocr_line' id='line_1_113' title="bbox 2104 3290 3800 3367; baseline -0.004 -17"><span class='ocrx_word' id='word_1_388' title='bbox 2104 3313 2215 3367; x_wconf 88' lang='lat' dir='ltr'>que</span> <span class='ocrx_word' id='word_1_389' title='bbox 2239 3298 2489 3366; x_wconf 84' lang='lat' dir='ltr'>hypaton</span> <span class='ocrx_word' id='word_1_390' title='bbox 2515 3296 2712 3349; x_wconf 89' lang='lat' dir='ltr'>eodem</span> <span class='ocrx_word' id='word_1_391' title='bbox 2733 3290 2868 3348; x_wconf 86' lang='lat' dir='ltr'>tono</span> <span class='ocrx_word' id='word_1_392' title='bbox 2889 3300 3164 3363; x_wconf 87' lang='lat' dir='ltr'>attenuet,</span> <span class='ocrx_word' id='word_1_393' title='bbox 3184 3300 3529 3363; x_wconf 73' lang='lat' dir='ltr'>coeterasque</span> <span class='ocrx_word' id='word_1_394' title='bbox 3554 3294 3800 3362; x_wconf 86' lang='lat' dir='ltr'>phthon-</span> 
     </span>
    </p>
   </div>
   <div class='ocr_carea' id='block_1_86' title="bbox 2106 3381 3797 3454">
    <p class='ocr_par' dir='ltr' id='par_1_87' title="bbox 2106 3381 3797 3454">
     <span class='ocr_line' id='line_1_114' title="bbox 2106 3381 3797 3454; baseline -0.001 -17"><span class='ocrx_word' id='word_1_395' title='bbox 2106 3401 2308 3454; x_wconf 86' lang='lat' dir='ltr'>gorum</span> <span class='ocrx_word' id='word_1_396' title='bbox 2367 3402 2564 3439; x_wconf 90' lang='lat' dir='ltr'>omnes</span> <span class='ocrx_word' id='word_1_397' title='bbox 2623 3384 2793 3437; x_wconf 85' lang='lat' dir='ltr'>faciat</span> <span class='ocrx_word' id='word_1_398' title='bbox 2835 3385 3140 3450; x_wconf 88' lang='lat' dir='ltr'>acutiores,</span> <span class='ocrx_word' id='word_1_399' title='bbox 3189 3382 3410 3436; x_wconf 88' lang='lat' dir='ltr'>acutior</span> <span class='ocrx_word' id='word_1_400' title='bbox 3464 3387 3615 3435; x_wconf 91' lang='lat' dir='ltr'>totus</span> <span class='ocrx_word' id='word_1_401' title='bbox 3658 3381 3797 3435; x_wconf 90' lang='lat' dir='ltr'>ordo</span> 
     </span>
    </p>
   </div>
   <div class='ocr_carea' id='block_1_87' title="bbox 2104 3470 3795 3544">
    <p class='ocr_par' dir='ltr' id='par_1_88' title="bbox 2104 3470 3795 3544">
     <span class='ocr_line' id='line_1_115' title="bbox 2104 3470 3795 3544; baseline -0.003 -17"><span class='ocrx_word' id='word_1_402' title='bbox 2104 3474 2420 3543; x_wconf 86' lang='lat' dir='ltr'>proveniet,</span> <span class='ocrx_word' id='word_1_403' title='bbox 2456 3490 2627 3544; x_wconf 89' lang='lat' dir='ltr'>quam</span> <span class='ocrx_word' id='word_1_404' title='bbox 2670 3473 2779 3526; x_wconf 86' lang='lat' dir='ltr'>fuit</span> <span class='ocrx_word' id='word_1_405' title='bbox 2827 3473 2984 3542; x_wconf 90' lang='lat' dir='ltr'>prius</span> <span class='ocrx_word' id='word_1_406' title='bbox 3015 3488 3187 3542; x_wconf 90' lang='lat' dir='ltr'>quam</span> <span class='ocrx_word' id='word_1_407' title='bbox 3220 3472 3341 3526; x_wconf 91' lang='lat' dir='ltr'>toni</span> <span class='ocrx_word' id='word_1_408' title='bbox 3373 3472 3683 3540; x_wconf 89' lang='lat' dir='ltr'>susciperet</span> <span class='ocrx_word' id='word_1_409' title='bbox 3710 3470 3795 3523; x_wconf 89' lang='lat' dir='ltr'>in-</span> 
     </span>
    </p>
   </div>
   <div class='ocr_carea' id='block_1_88' title="bbox 2101 3557 3799 3631">
    <p class='ocr_par' dir='ltr' id='par_1_89' title="bbox 2101 3557 3799 3631">
     <span class='ocr_line' id='line_1_116' title="bbox 2101 3557 3799 3631; baseline -0.002 -15"><span class='ocrx_word' id='word_1_410' title='bbox 2101 3564 2443 3617; x_wconf 90' lang='lat' dir='ltr'>tensionem.</span> <span class='ocrx_word' id='word_1_411' title='bbox 2480 3564 2598 3615; x_wconf 86' lang='lat' dir='ltr'>Erit</span> <span class='ocrx_word' id='word_1_412' title='bbox 2628 3563 2803 3631; x_wconf 86' lang='lat' dir='ltr'>igitur</span> <span class='ocrx_word' id='word_1_413' title='bbox 2834 3566 2953 3615; x_wconf 86' lang='lat' dir='ltr'>tota</span> <span class='ocrx_word' id='word_1_414' title='bbox 2987 3560 3318 3614; x_wconf 89' lang='lat' dir='ltr'>constitutio</span> <span class='ocrx_word' id='word_1_415' title='bbox 3350 3561 3570 3613; x_wconf 88' lang='lat' dir='ltr'>acutior</span> <span class='ocrx_word' id='word_1_416' title='bbox 3597 3557 3799 3613; x_wconf 83' lang='lat' dir='ltr'>effecta</span> 
     </span>
    </p>
   </div>
   <div class='ocr_carea' id='block_1_89' title="bbox 2103 3647 3796 3723">
    <p class='ocr_par' dir='ltr' id='par_1_90' title="bbox 2103 3647 3796 3723">
     <span class='ocr_line' id='line_1_117' title="bbox 2103 3647 3796 3723; baseline -0.002 -18"><span class='ocrx_word' id='word_1_417' title='bbox 2103 3652 2535 3723; x_wconf 82' lang='lat' dir='ltr'>hypophrygius</span> <span class='ocrx_word' id='word_1_418' title='bbox 2591 3652 2815 3715; x_wconf 89' lang='lat' dir='ltr'>modus,</span> <span class='ocrx_word' id='word_1_419' title='bbox 2852 3650 3003 3720; x_wconf 92' lang='lat' dir='ltr'>quod</span> <span class='ocrx_word' id='word_1_420' title='bbox 3058 3649 3103 3702; x_wconf 90' lang='lat' dir='ltr'>si</span> <span class='ocrx_word' id='word_1_421' title='bbox 3140 3651 3199 3702; x_wconf 91' lang='lat' dir='ltr'>in</span> <span class='ocrx_word' id='word_1_422' title='bbox 3243 3648 3642 3719; x_wconf 84' lang='lat' dir='ltr'>hypophrygio</span> <span class='ocrx_word' id='word_1_423' title='bbox 3675 3647 3796 3701; x_wconf 88' lang='lat' dir='ltr'>toni</span> 
     </span>
    </p>
   </div>
   <div class='ocr_carea' id='block_1_90' title="bbox 2100 3736 3799 3807">
    <p class='ocr_par' dir='ltr' id='par_1_91' title="bbox 2100 3736 3799 3807">
     <span class='ocr_line' id='line_1_118' title="bbox 2100 3736 3799 3807; baseline -0.004 -13"><span class='ocrx_word' id='word_1_424' title='bbox 2100 3757 2330 3794; x_wconf 89' lang='lat' dir='ltr'>rursum</span> <span class='ocrx_word' id='word_1_425' title='bbox 2366 3738 2753 3793; x_wconf 79' lang='lat' dir='ltr'>intensionem</span> <span class='ocrx_word' id='word_1_426' title='bbox 2784 3754 2946 3791; x_wconf 89' lang='lat' dir='ltr'>voces</span> <span class='ocrx_word' id='word_1_427' title='bbox 2981 3739 3320 3807; x_wconf 90' lang='lat' dir='ltr'>acceperint,</span> <span class='ocrx_word' id='word_1_428' title='bbox 3352 3736 3649 3807; x_wconf 84' lang='lat' dir='ltr'>hypolydii</span> <span class='ocrx_word' id='word_1_429' title='bbox 3682 3752 3799 3789; x_wconf 88' lang='lat' dir='ltr'>mo-</span> 
     </span>
    </p>
   </div>
   <div class='ocr_carea' id='block_1_91' title="bbox 2101 3824 3794 3896">
    <p class='ocr_par' dir='ltr' id='par_1_92' title="bbox 2101 3824 3794 3896">
     <span class='ocr_line' id='line_1_119' title="bbox 2101 3824 3794 3896; baseline -0.002 -14"><span class='ocrx_word' id='word_1_430' title='bbox 2101 3829 2319 3882; x_wconf 91' lang='lat' dir='ltr'>dulatio</span> <span class='ocrx_word' id='word_1_431' title='bbox 2348 3834 2674 3881; x_wconf 89' lang='lat' dir='ltr'>nascentur.</span> <span class='ocrx_word' id='word_1_432' title='bbox 2710 3830 2781 3879; x_wconf 80' lang='lat' dir='ltr'>At</span> <span class='ocrx_word' id='word_1_433' title='bbox 2823 3827 2869 3879; x_wconf 89' lang='lat' dir='ltr'>si</span> <span class='ocrx_word' id='word_1_434' title='bbox 2902 3826 3274 3896; x_wconf 80' lang='lat' dir='ltr'>hypolydium</span> <span class='ocrx_word' id='word_1_435' title='bbox 3322 3826 3447 3895; x_wconf 87' lang='lat' dir='ltr'>quis</span> <span class='ocrx_word' id='word_1_436' title='bbox 3493 3824 3794 3878; x_wconf 90' lang='lat' dir='ltr'>semitonio</span> 
     </span>
    </p>
   </div>
   <div class='ocr_carea' id='block_1_92' title="bbox 2100 3913 3797 3984">
    <p class='ocr_par' dir='ltr' id='par_1_93' title="bbox 2100 3913 3797 3984">
     <span class='ocr_line' id='line_1_120' title="bbox 2100 3913 3797 3984; baseline -0.002 -15"><span class='ocrx_word' id='word_1_437' title='bbox 2100 3916 2380 3977; x_wconf 88' lang='lat' dir='ltr'>intendat,</span> <span class='ocrx_word' id='word_1_438' title='bbox 2415 3915 2644 3969; x_wconf 89' lang='lat' dir='ltr'>dorium</span> <span class='ocrx_word' id='word_1_439' title='bbox 2676 3916 2860 3980; x_wconf 86' lang='lat' dir='ltr'>faciet,</span> <span class='ocrx_word' id='word_1_440' title='bbox 2893 3920 2949 3969; x_wconf 88' lang='lat' dir='ltr'>et</span> <span class='ocrx_word' id='word_1_441' title='bbox 2976 3916 3037 3967; x_wconf 91' lang='lat' dir='ltr'>in</span> <span class='ocrx_word' id='word_1_442' title='bbox 3060 3915 3186 3968; x_wconf 91' lang='lat' dir='ltr'>aliis</span> <span class='ocrx_word' id='word_1_443' title='bbox 3218 3914 3450 3984; x_wconf 89' lang='lat' dir='ltr'>quidem</span> <span class='ocrx_word' id='word_1_444' title='bbox 3482 3913 3682 3967; x_wconf 89' lang='lat' dir='ltr'>similis</span> <span class='ocrx_word' id='word_1_445' title='bbox 3713 3916 3797 3966; x_wconf 87' lang='lat' dir='ltr'>est</span> 
     </span>
    </p>
   </div>
   <div class='ocr_carea' id='block_1_93' title="bbox 2099 4004 3795 4075">
    <p class='ocr_par' dir='ltr' id='par_1_94' title="bbox 2099 4004 3795 4075">
     <span class='ocr_line' id='line_1_121' title="bbox 2099 4004 3795 4075; baseline -0.002 -16"><span class='ocrx_word' id='word_1_446' title='bbox 2099 4005 2161 4059; x_wconf 91' lang='lat' dir='ltr'>in</span> <span class='ocrx_word' id='word_1_447' title='bbox 2194 4021 2431 4059; x_wconf 89' lang='lat' dir='ltr'>acumen</span> <span class='ocrx_word' id='word_1_448' title='bbox 2472 4004 2976 4074; x_wconf 87' lang='lat' dir='ltr'>intensionemque</span> <span class='ocrx_word' id='word_1_449' title='bbox 3022 4020 3334 4075; x_wconf 76' lang='lat' dir='ltr'>praeessus.</span> <span class='ocrx_word' id='word_1_450' title='bbox 3368 4004 3644 4068; x_wconf 89' lang='lat' dir='ltr'>Quorum,</span> <span class='ocrx_word' id='word_1_451' title='bbox 3680 4018 3795 4055; x_wconf 92' lang='lat' dir='ltr'>non</span> 
     </span>
    </p>
   </div>
   <div class='ocr_carea' id='block_1_94' title="bbox 2102 4091 3792 4163">
    <p class='ocr_par' dir='ltr' id='par_1_95' title="bbox 2102 4091 3792 4163">
     <span class='ocr_line' id='line_1_122' title="bbox 2102 4091 3792 4163; baseline -0.003 -16"><span class='ocrx_word' id='word_1_452' title='bbox 2102 4100 2165 4148; x_wconf 92' lang='lat' dir='ltr'>ut</span> <span class='ocrx_word' id='word_1_453' title='bbox 2185 4107 2207 4136; x_wconf 81' lang='grc' dir='ltr'><strong>ο</strong></span> <span class='ocrx_word' id='word_1_454' title='bbox 2232 4093 2675 4163; x_wconf 83' lang='lat' dir='ltr'>intelligentiam</span> <span class='ocrx_word' id='word_1_455' title='bbox 2704 4092 3066 4146; x_wconf 90' lang='lat' dir='ltr'>solummodo</span> <span class='ocrx_word' id='word_1_456' title='bbox 3088 4091 3231 4145; x_wconf 90' lang='lat' dir='ltr'>ratio</span> <span class='ocrx_word' id='word_1_457' title='bbox 3251 4091 3792 4160; x_wconf 89' lang='lat' dir='ltr'>comprehendatur,</span> 
     </span>
    </p>
   </div>
   <div class='ocr_carea' id='block_1_95' title="bbox 2104 4177 3791 4251">
    <p class='ocr_par' dir='ltr' id='par_1_96' title="bbox 2104 4177 3791 4251">
     <span class='ocr_line' id='line_1_123' title="bbox 2104 4177 3791 4251; baseline -0.004 -15"><span class='ocrx_word' id='word_1_458' title='bbox 2104 4199 2301 4237; x_wconf 88' lang='lat' dir='ltr'>verum</span> <span class='ocrx_word' id='word_1_459' title='bbox 2332 4182 2512 4235; x_wconf 90' lang='lat' dir='ltr'>oculis</span> <span class='ocrx_word' id='word_1_460' title='bbox 2550 4197 2781 4251; x_wconf 90' lang='lat' dir='ltr'>quoque</span> <span class='ocrx_word' id='word_1_461' title='bbox 2812 4181 2995 4234; x_wconf 84' lang='lat' dir='ltr'>forma</span> <span class='ocrx_word' id='word_1_462' title='bbox 3041 4180 3220 4251; x_wconf 90' lang='lat' dir='ltr'>possit</span> <span class='ocrx_word' id='word_1_463' title='bbox 3260 4178 3511 4249; x_wconf 89' lang='lat' dir='ltr'>agnosci,</span> <span class='ocrx_word' id='word_1_464' title='bbox 3543 4178 3612 4231; x_wconf 89' lang='lat' dir='ltr'>ab</span> <span class='ocrx_word' id='word_1_465' title='bbox 3648 4177 3791 4231; x_wconf 90' lang='lat' dir='ltr'>anti-</span> 
     </span>
    </p>
   </div>
   <div class='ocr_carea' id='block_1_96' title="bbox 2026 4267 3795 4358">
    <p class='ocr_par' dir='ltr' id='par_1_97' title="bbox 2026 4267 3795 4358">
     <span class='ocr_line' id='line_1_124' title="bbox 2026 4267 3795 4358; baseline -0.003 -33"><span class='ocrx_word' id='word_1_466' title='bbox 2026 4305 2070 4358; x_wconf 68' lang='grc' dir='ltr'><strong>Β</strong></span> <span class='ocrx_word' id='word_1_467' title='bbox 2102 4272 2229 4342; x_wconf 85' lang='lat' dir='ltr'>quis</span> <span class='ocrx_word' id='word_1_468' title='bbox 2277 4271 2488 4325; x_wconf 88' lang='lat' dir='ltr'>tradita</span> <span class='ocrx_word' id='word_1_469' title='bbox 2528 4271 2757 4324; x_wconf 89' lang='lat' dir='ltr'>musicis</span> <span class='ocrx_word' id='word_1_470' title='bbox 2790 4269 3094 4340; x_wconf 89' lang='lat' dir='ltr'>descriptio</span> <span class='ocrx_word' id='word_1_471' title='bbox 3141 4268 3512 4339; x_wconf 87' lang='lat' dir='ltr'>supponenda</span> <span class='ocrx_word' id='word_1_472' title='bbox 3549 4272 3663 4332; x_wconf 90' lang='lat' dir='ltr'>est;</span> <span class='ocrx_word' id='word_1_473' title='bbox 3697 4267 3795 4321; x_wconf 91' lang='lat' dir='ltr'>sed</span> 
     </span>
    </p>
   </div>
   <div class='ocr_carea' id='block_1_97' title="bbox 2100 4356 3796 4432">
    <p class='ocr_par' dir='ltr' id='par_1_98' title="bbox 2100 4356 3796 4432">
     <span class='ocr_line' id='line_1_125' title="bbox 2100 4356 3796 4432; baseline -0.003 -18"><span class='ocrx_word' id='word_1_474' title='bbox 2100 4360 2374 4432; x_wconf 90' lang='lat' dir='ltr'>quoniam</span> <span class='ocrx_word' id='word_1_475' title='bbox 2409 4377 2509 4430; x_wconf 89' lang='lat' dir='ltr'>per</span> <span class='ocrx_word' id='word_1_476' title='bbox 2540 4359 2796 4430; x_wconf 88' lang='lat' dir='ltr'>singulos</span> <span class='ocrx_word' id='word_1_477' title='bbox 2821 4359 3017 4413; x_wconf 87' lang='lat' dir='ltr'>modos</span> <span class='ocrx_word' id='word_1_478' title='bbox 3046 4376 3077 4412; x_wconf 86' lang='lat' dir='ltr'>a</span> <span class='ocrx_word' id='word_1_479' title='bbox 3099 4358 3384 4413; x_wconf 87' lang='lat' dir='ltr'>veteribus</span> <span class='ocrx_word' id='word_1_480' title='bbox 3408 4356 3635 4411; x_wconf 87' lang='lat' dir='ltr'>musicis</span> <span class='ocrx_word' id='word_1_481' title='bbox 3661 4372 3796 4409; x_wconf 87' lang='lat' dir='ltr'>una-</span> 
     </span>
    </p>
   </div>
   <div class='ocr_carea' id='block_1_98' title="bbox 2099 4445 3792 4522">
    <p class='ocr_par' dir='ltr' id='par_1_99' title="bbox 2099 4445 3792 4522">
     <span class='ocr_line' id='line_1_126' title="bbox 2099 4445 3792 4522; baseline -0.002 -19"><span class='ocrx_word' id='word_1_482' title='bbox 2099 4466 2345 4522; x_wconf 64' lang='lat' dir='ltr'>quaeque</span> <span class='ocrx_word' id='word_1_483' title='bbox 2380 4466 2482 4503; x_wconf 88' lang='lat' dir='ltr'>vox</span> <span class='ocrx_word' id='word_1_484' title='bbox 2510 4450 2748 4503; x_wconf 88' lang='lat' dir='ltr'>diversis</span> <span class='ocrx_word' id='word_1_485' title='bbox 2798 4450 3011 4502; x_wconf 88' lang='lat' dir='ltr'>notulis</span> <span class='ocrx_word' id='word_1_486' title='bbox 3042 4450 3314 4517; x_wconf 82' lang='lat' dir='ltr'>insignita</span> <span class='ocrx_word' id='word_1_487' title='bbox 3345 4454 3446 4514; x_wconf 88' lang='lat' dir='ltr'>est,</span> <span class='ocrx_word' id='word_1_488' title='bbox 3485 4445 3792 4515; x_wconf 81' lang='lat' dir='ltr'>descriptio</span> 
     </span>
    </p>
   </div>
   <div class='ocr_carea' id='block_1_99' title="bbox 2099 4536 3793 4609">
    <p class='ocr_par' dir='ltr' id='par_1_100' title="bbox 2099 4536 3793 4609">
     <span class='ocr_line' id='line_1_127' title="bbox 2099 4536 3793 4609; baseline -0.004 -16"><span class='ocrx_word' id='word_1_489' title='bbox 2099 4540 2259 4609; x_wconf 88' lang='lat' dir='ltr'>prius</span> <span class='ocrx_word' id='word_1_490' title='bbox 2289 4540 2616 4592; x_wconf 91' lang='lat' dir='ltr'>notularum</span> <span class='ocrx_word' id='word_1_491' title='bbox 2639 4539 2866 4594; x_wconf 89' lang='lat' dir='ltr'>videtur</span> <span class='ocrx_word' id='word_1_492' title='bbox 2888 4555 3009 4593; x_wconf 89' lang='lat' dir='ltr'>esse</span> <span class='ocrx_word' id='word_1_493' title='bbox 3036 4539 3319 4608; x_wconf 90' lang='lat' dir='ltr'>ponenda,</span> <span class='ocrx_word' id='word_1_494' title='bbox 3348 4542 3410 4591; x_wconf 92' lang='lat' dir='ltr'>ut</span> <span class='ocrx_word' id='word_1_495' title='bbox 3433 4537 3517 4590; x_wconf 90' lang='lat' dir='ltr'>his</span> <span class='ocrx_word' id='word_1_496' title='bbox 3542 4536 3793 4606; x_wconf 90' lang='lat' dir='ltr'>primum</span> 
     </span>
    </p>
   </div>
   <div class='ocr_carea' id='block_1_100' title="bbox 2100 4623 3796 4699">
    <p class='ocr_par' dir='ltr' id='par_1_101' title="bbox 2100 4623 3796 4699">
     <span class='ocr_line' id='line_1_128' title="bbox 2100 4623 3796 4699; baseline -0.004 -17"><span class='ocrx_word' id='word_1_497' title='bbox 2100 4644 2206 4698; x_wconf 88' lang='lat' dir='ltr'>per</span> <span class='ocrx_word' id='word_1_498' title='bbox 2225 4645 2282 4681; x_wconf 87' lang='lat' dir='ltr'>se</span> <span class='ocrx_word' id='word_1_499' title='bbox 2304 4628 2549 4697; x_wconf 74' lang='lat' dir='ltr'>Cognitis</span> <span class='ocrx_word' id='word_1_500' title='bbox 2574 4630 2635 4682; x_wconf 93' lang='lat' dir='ltr'>in</span> <span class='ocrx_word' id='word_1_501' title='bbox 2661 4630 2969 4683; x_wconf 89' lang='lat' dir='ltr'>modorum</span> <span class='ocrx_word' id='word_1_502' title='bbox 2993 4628 3376 4699; x_wconf 88' lang='lat' dir='ltr'>descriptione</span> <span class='ocrx_word' id='word_1_503' title='bbox 3406 4626 3587 4681; x_wconf 88' lang='lat' dir='ltr'>facilis</span> <span class='ocrx_word' id='word_1_504' title='bbox 3616 4623 3796 4695; x_wconf 88' lang='lat' dir='ltr'>possit</span> 
     </span>
    </p>
   </div>
   <div class='ocr_carea' id='block_1_101' title="bbox 2101 4717 2551 4788">
    <p class='ocr_par' dir='ltr' id='par_1_102' title="bbox 2101 4717 2551 4788">
     <span class='ocr_line' id='line_1_129' title="bbox 2101 4717 2551 4788; baseline 0.004 -17"><span class='ocrx_word' id='word_1_505' title='bbox 2101 4733 2221 4772; x_wconf 89' lang='lat' dir='ltr'>esse</span> <span class='ocrx_word' id='word_1_506' title='bbox 2253 4717 2551 4788; x_wconf 88' lang='lat' dir='ltr'>dispectio.</span> 
     </span>
    </p>
   </div>
  </div>
