4152 6184
378 232 513 286 i283

1648 228 1759 283 AN.
1804 226 2013 284 MANL.
2051 227 2200 285 SEV.
2244 228 2473 285 BOETII

3739 230 3872 283 1284

376 367 603 421 notulas
634 366 857 437 integra
895 365 1105 435 pagina
1139 364 1571 433 disgregaverit,
1605 363 1728 417 toni
1771 363 1919 418 inter
1967 380 2062 417 eas
2099 367 2146 419 A
2176 364 2549 419 demonstrat.
2576 364 2712 418 Item
2746 379 2899 417 mese
2928 362 3221 435 hypolydii
3249 364 3320 419 ab
3352 380 3415 417 ea
3440 380 3569 435 qua:
3597 367 3683 417 est
3712 380 3867 418 mese

378 457 623 510 sciamus
656 472 774 509 esse
823 453 1173 508 distantiam.
1208 454 1304 508 Sin
1348 470 1537 506 versus
1586 454 1827 519 notulas,
1861 469 1922 507 ac
1956 469 2070 506 non

377 545 588 615 pagina
621 544 941 612 distinguit,
977 543 1271 596 semitonii
1320 558 1434 595 non
1468 542 1801 612 ignoremus
1831 559 1950 594 esse
1983 542 2067 595 di-

378 634 662 686 stantiam.
700 633 793 686 His
829 632 1001 701 igitur
1040 632 1118 684 ita
1167 630 1494 701 praemissis,
1529 630 1575 683 si
1609 630 1720 683 duo
1753 629 1980 683 ordines
2008 630 2066 683 in

377 722 460 776 bis
493 722 765 792 diapason
789 721 1161 775 consonantia
1187 720 1476 773 constituti
1500 720 1607 773 sibi
1638 720 1878 773 invicem
1912 736 2068 773 com-

374 816 667 881 parentur,
701 810 892 881 utqui
940 810 1080 864 ordo
1125 810 1196 863 sit
1234 809 1459 879 gravior
1514 809 1693 879 possit
1738 810 1987 880 agnosci,
2023 809 2069 862 si

373 900 979 969 proslambanomenos
1000 908 1025 932 α
1046 898 1617 968 proslambanomene
1640 898 1812 951 fuerit
1840 897 2070 968 gravior

373 987 461 1040 vel
492 987 764 1057 quaelibet
796 987 907 1039 alia
938 1004 1044 1040 vox
1072 987 1330 1056 ejusdem
1362 987 1471 1039 loci
1504 1002 1637 1040 voce
1671 987 1898 1057 gravior
1932 1004 2067 1057 per-

374 1081 627 1141 notetur,
661 1077 719 1129 in
768 1077 968 1130 eodem
1014 1077 1228 1129 scilicet
1258 1092 1469 1147 genere
1518 1076 1849 1142 constituta,
1884 1081 2066 1130 totum

376 1180 603 1235 quoque
633 1164 888 1218 ordinem
924 1181 1150 1218 necesse
1184 1170 1269 1219 est
1311 1182 1431 1218 esse
1478 1165 1818 1233 graviorem.
1853 1166 2069 1218 Tamen

377 1254 431 1307 id
460 1254 664 1307 melius
696 1259 957 1307 sumetur
976 1254 1043 1307 ad
1070 1254 1316 1308 mediam
1342 1271 1467 1325 quae
1500 1258 1585 1308 est
1614 1270 1787 1308 mese.
1811 1255 2067 1307 Duorum

375 1342 527 1395 enim
566 1344 596 1386 Ι)
644 1343 911 1396 ordinum
956 1342 1044 1396 bis
1087 1344 1359 1413 diapason
1412 1343 1849 1397 consonantium
1908 1343 2068 1412 cujus

377 1446 531 1484 mese
560 1430 733 1484 fuerit
762 1431 1009 1500 gravior,
1035 1431 1287 1501 ejusdem
1322 1435 1477 1484 totus
1508 1431 1647 1484 ordo
1675 1446 1903 1501 quoque
1936 1447 2064 1500 gra-

378 1520 501 1573 vior
531 1520 659 1573 erit.
711 1520 849 1573 Nam
897 1525 1115 1573 caetera:
1161 1521 1401 1589 singulae
1449 1520 1692 1589 singulis
1725 1526 2067 1590 comparatas

373 1609 751 1663 nihilominus
788 1609 1078 1679 graviores
1126 1610 1512 1675 invenientur,
1549 1609 1740 1679 itaque
1782 1609 1828 1661 si
1878 1610 2065 1663 media

374 1699 443 1753 ab
476 1699 587 1753 alia
618 1699 807 1752 media
833 1704 969 1752 tono
1001 1704 1101 1752 aut
1131 1699 1350 1752 acutior
1372 1698 1649 1765 videatur,
1687 1703 1784 1751 aut
1811 1698 2058 1768 gravior,

375 1803 574 1840 omnes
606 1803 836 1857 quoque
870 1787 1029 1839 nervi
1058 1786 1104 1839 si
1132 1786 1188 1840 id
1220 1787 1420 1840 eodem
1453 1803 1662 1856 genere
1699 1787 1830 1854 sint,
1855 1787 2068 1857 singuli

373 1886 396 1916 ο
421 1874 651 1927 sibimet
679 1874 994 1944 comparati
1025 1880 1157 1929 tono
1188 1874 1468 1929 acutiores
1498 1880 1596 1929 aut
1628 1875 1917 1946 graviores
1947 1891 2068 1930 esse

337 1962 741 2038 tvidebuntqr.
802 1965 1058 2028 Quatuor
1115 1971 1310 2019 autem
1372 1965 1576 2019 mediis
1651 1965 1697 2017 si
1754 1964 1939 2035 prima
2000 1965 2069 2020 ad

372 2058 635 2123 quartam
667 2054 1023 2107 diatessaron
1058 2054 1389 2108 distantiam
1423 2050 1627 2121 servet,
1657 2054 1844 2123 prima
1871 2071 2004 2108 vero
2036 2070 2070 2109 a

374 2143 621 2196 secunda
652 2148 786 2196 tono
812 2142 1059 2211 differat,
1090 2144 1339 2197 secunda
1369 2160 1597 2214 quoque
1618 2161 1648 2197 a
1668 2144 1838 2197 tertia
1864 2144 2066 2198 eodem

374 2231 602 2285 differat
632 2236 790 2299 tono,
814 2232 982 2286 tertia
1014 2233 1081 2287 ad
1110 2239 1372 2303 quartam
1404 2232 1693 2287 semitonii
1720 2234 1887 2288 faciet
1912 2233 2070 2287 diffe-

372 2320 613 2374 rentiam
648 2321 754 2374 hoc
786 2322 993 2375 modo:
1046 2322 1159 2375 sint
1195 2324 1228 2374 4
1258 2323 1461 2376 medias
1513 2325 1558 2375 Α
1590 2323 1628 2375 Β
1663 2322 1702 2376 C
1745 2324 1810 2389 D,
1845 2328 1901 2376 et
1943 2326 1989 2377 Α
2018 2324 2070 2376 ei

375 2424 501 2479 qua:
551 2414 637 2462 est
669 2411 710 2461 Ι)
746 2415 1071 2478 comparata
1121 2416 1304 2464 servet
1353 2411 1422 2464 ad
1471 2427 1597 2464 eam
1647 2412 2068 2481 sesquitertiam

372 2499 827 2567 proportionem,
855 2515 982 2569 quae
1016 2506 1100 2552 est
1128 2500 1499 2553 diatessaron.
1522 2502 1662 2554 Item
1693 2504 1735 2555 A
1770 2518 1798 2553 a
1833 2501 1871 2552 Β
1901 2501 2091 2554 distet.

373 2590 531 2645 tono,
567 2586 606 2638 Β
654 2602 687 2638 a
720 2588 758 2641 C
792 2587 960 2640 distet
1010 2593 1168 2653 tono,
1206 2589 1554 2659 relinquitur
1609 2594 1671 2644 ut
1720 2590 1759 2643 C
1803 2589 1870 2644 ad
1908 2590 1951 2643 D
1984 2605 2069 2644 se-

374 2673 605 2728 mitonii
635 2675 964 2729 distantiam
997 2681 1198 2730 servet.

968 2764 1313 2827 Sesquitertia
1336 2764 1489 2814 ratio.

497 3154 503 3166 ’
541 3151 1868 3233 ΙἾἏΤ-*ἿΤ-’Ἶῖἒ

1111 3356 1312 3413 Tom,-
1518 3214 1869 3441 Semiton.7

370 3543 436 3595 Et
468 3543 513 3596 si
536 3545 795 3615 quinque
821 3546 933 3597 sint
963 3545 1166 3598 mediae
1203 3546 1402 3599 eodem
1448 3545 1643 3598 modo.
1680 3542 1735 3597 Si
1768 3540 1921 3595 enim
1954 3539 2070 3610 pri-

369 3647 464 3684 ma
514 3651 545 3686 a
591 3635 791 3704 quinta
851 3634 1223 3703 sesquialtera
1256 3638 1280 3677 d
1336 3633 1616 3687 disteterit
1670 3630 2068 3701 proportione,

370 3719 678 3790 primaque
710 3737 741 3773 a
772 3720 1037 3785 secunda,
1073 3737 1134 3773 ac
1183 3720 1434 3773 secunda
1465 3736 1498 3772 a
1528 3719 1718 3784 tertia,
1752 3723 2070 3788 quartaque

370 3821 404 3859 a
432 3808 659 3877 quinta,
714 3810 955 3879 singulis
987 3818 1008 3843 ο
1036 3810 1360 3864 disteterint
1400 3808 1569 3875 tonis,
1598 3807 1762 3861 tertia
1804 3807 1871 3861 ad
1904 3822 2072 3877 quar-

375 3898 493 3949 tam
554 3898 847 3952 semitonii
883 3898 1053 3951 faciet
1096 3898 1504 3953 differentiam.
1536 3897 1680 3951 Item
1709 3910 2069 3967 quaecunque

373 3985 577 4040 medias
610 3987 856 4041 aliorum
909 3988 1212 4041 modorum
1261 3987 1869 4058 proslambanomenos
1911 4000 2069 4038 acce-

369 4073 517 4128 dunt
559 4075 649 4129 has
699 4076 990 4146 graviores
1043 4075 1245 4128 modos
1296 4079 1625 4145 operantur.
1658 4072 1679 4109 ί
1711 4074 1850 4137 Qum
1896 4072 2064 4139 netis,

370 4163 484 4217 illae
518 4165 800 4219 acutiores
827 4163 1100 4218 efﬁciunt.
1135 4163 1415 4228 Quoniam
1455 4163 1635 4234 igitur
1665 4163 1723 4217 in
1773 4162 2067 4233 superiore

2180 453 2566 525 hypophrygii
2592 454 2717 506 toni
2750 454 3129 507 differentiam
3166 453 3316 509 facit.
3354 455 3609 524 Namque
3640 454 3703 520 C,
3746 470 3872 523 quae

2181 548 2264 595 est
2291 558 2443 597 mese
2475 543 2790 614 hypolydii,
2823 549 2957 597 tono
2984 543 3157 597 distat
3182 559 3213 596 a
3237 564 3287 613 φ,
3314 559 3443 613 quae
3472 550 3555 596 est
3577 541 3871 612 hypolydii

2180 630 2411 698 quidem
2446 631 2700 685 lichanos
2721 648 2938 697 mesen,
2962 632 3017 685 in
3038 632 3439 703 bypophrygio
3468 638 3661 685 autem
3696 647 3867 684 mese.

2180 718 2321 772 Item
2355 736 2506 773 mese
2535 720 2850 791 hypolydii,
2882 736 3009 792 qua:
3038 726 3121 774 est
3153 722 3210 786 C,
3246 721 3313 774 ab
3345 737 3410 774 ea
3442 737 3570 792 quae
3603 726 3688 774 est
3721 736 3872 773 mese

2181 807 2331 861 dorii
2370 809 2675 863 semitonio
2726 810 2916 864 distat.
2978 809 3143 874 Quod
3191 809 3323 863 hinc
3373 809 3581 879 poterit
3614 808 3871 879 agnosci,

2181 897 2456 967 quoniam
2503 899 2766 953 ordinem
2812 914 3038 952 sursum
3086 898 3465 969 prodeuntem
3514 898 3637 968 ejus
3670 913 3873 965 meses,

2179 1003 2308 1056 qua:
2340 993 2425 1041 est
2469 988 2786 1058 hypolydii,
2835 993 3005 1058 atque
3059 1002 3192 1041 eum
3238 987 3498 1042 ordinem
3536 988 3597 1041 in
3645 1002 3875 1040 sursum

2177 1075 2554 1146 prodeuntem
2586 1076 2710 1146 ejus
2743 1092 2923 1129 meses
2955 1092 3082 1147 quas
3126 1080 3211 1130 est
3237 1076 3404 1141 dorii,
3437 1091 3588 1129 unus
3620 1074 3876 1128 versicu-

2177 1165 2286 1231 lus,
2315 1181 2429 1218 non
2460 1164 2673 1236 pagina
2702 1165 3017 1234 distinguit.
3048 1165 3169 1228 Quo
3204 1164 3266 1218 fit
3288 1169 3348 1217 ut
3377 1180 3530 1218 mese
3562 1163 3871 1234 hypodorii

2179 1253 2248 1307 ab
2279 1270 2345 1306 ea
2376 1269 2528 1307 mese
2559 1270 2688 1324 qum
2717 1258 2800 1307 est
2828 1253 2997 1318 dorii,
3029 1254 3254 1324 integra
3283 1253 3638 1306 diatessaron
3678 1267 3879 1305 conso-

2179 1342 2377 1395 nantia
2406 1342 2595 1409 distet,
2631 1342 2807 1412 idque
2854 1342 3133 1411 probatur
3184 1342 3293 1395 hoc
3323 1341 3491 1395 modo
3524 1358 3535 1395 :
3571 1356 3708 1395 nam
3750 1357 3875 1410 quae

2180 1435 2264 1484 est
2293 1446 2444 1484 mese
2473 1452 2512 1481 ω
2542 1430 2602 1484 in
2649 1430 2992 1501 hypodorio,
3025 1430 3225 1485 eadem
3265 1434 3350 1483 est
3380 1451 3420 1481 ω
3459 1429 3516 1482 in
3548 1429 3745 1497 dorio;
3781 1429 3879 1498 hy—

2178 1527 2309 1591 pate
2340 1536 2541 1574 meson
2573 1526 2657 1574 est
2706 1521 2775 1574 ab
2834 1538 2900 1573 ea
2948 1536 3071 1591 quae
3120 1526 3205 1573 est
3246 1535 3422 1587 mese,
3457 1520 3660 1589 quovis
3701 1517 3875 1571 modo

2179 1611 2263 1663 vel
2314 1625 2523 1680 genere
2564 1610 2917 1664 diatessaron
2963 1610 3338 1663 consonantia
3384 1608 3670 1662 differens.
3738 1608 3874 1659 Item

2178 1715 2333 1753 mese
2383 1701 2529 1754 dorii
2578 1715 2704 1770 quas
2737 1705 2823 1753 est
2856 1719 2895 1752 π
2942 1699 3011 1753 ab
3046 1715 3110 1753 ea
3145 1715 3298 1753 mese
3329 1714 3457 1769 qua:
3501 1703 3585 1751 est
3623 1696 3873 1767 phrygii,

2178 1789 2237 1842 id
2264 1794 2348 1842 est
2378 1791 2445 1856 Μ,
2474 1789 2644 1843 distat
2676 1795 2833 1843 tono.
2870 1790 3007 1843 Nam
3043 1804 3171 1859 quae
3217 1794 3303 1841 est
3347 1803 3499 1842 mese
3532 1787 3591 1839 in
3623 1786 3804 1849 dorio,
3839 1802 3879 1833 π

2179 1878 2379 1932 eadem
2434 1877 2493 1931 in
2559 1879 2805 1949 phrygio
2861 1878 3117 1932 lichanos
3177 1893 3395 1931 meson.
3453 1878 3669 1930 Rursus
3720 1888 3878 1927 mese

2177 1967 2409 2038 phrygii
2442 1984 2571 2038 quae
2603 1973 2688 2021 est
2717 1969 2781 2031 M,
2812 1967 2882 2021 ab
2914 1984 2980 2021 ea
3009 1984 3164 2021 mese
3194 1983 3323 2037 quin
3354 1971 3439 2019 est
3472 1965 3626 2036 lydii,
3658 1964 3719 2018 id
3752 1964 3876 2016 est]

2179 2056 2349 2111 distat
2370 2062 2523 2111 tono.
2562 2057 2701 2110 Nam
2731 2073 2859 2127 qua:
2892 2057 2951 2110 in
2977 2057 3221 2127 phrygio
3248 2061 3335 2109 est
3362 2056 3410 2109 Μ
3433 2070 3608 2120 mese,
3634 2054 3695 2107 in
3725 2051 3880 2122 lydio

2180 2152 2265 2200 est
2318 2145 2576 2200 lichanos
2628 2162 2799 2200 mese.
2837 2147 3053 2200 Rursus
3095 2162 3247 2199 mese
3296 2144 3433 2214 lydii
3488 2143 3646 2196 modi
3689 2142 3761 2194 ab
3809 2157 3881 2194 ea

2179 2251 2336 2288 mese
2372 2252 2500 2305 quae
2532 2239 2614 2288 est
2651 2236 2991 2305 myxolydii;
3021 2235 3079 2287 id
3120 2239 3207 2287 est
3239 2240 3301 2299 Η,
3337 2232 3638 2285 semitonio
3676 2229 3878 2284 distat.

2184 2324 2405 2380 Etenim
2435 2325 2450 2358 ί
2483 2326 2530 2378 si
2561 2325 2701 2378 ordo
2737 2326 2835 2395 qui
2884 2331 3072 2378 rectus
3122 2323 3257 2394 lydii
3297 2322 3551 2376 continet
3598 2336 3790 2374 mesen
3824 2320 3880 2372 ei

2184 2415 2373 2468 ordini
2415 2414 2515 2484 qui
2556 2421 2742 2468 rectus
2789 2414 3089 2485 mixolydii
3132 2428 3327 2467 mesen
3361 2411 3533 2465 habet
3578 2425 3885 2479 compara-

2182 2509 2296 2569 tus,
2330 2520 2447 2557 non
2478 2504 2770 2573 paginula,
2796 2504 2891 2556 sed
2916 2519 3078 2556 versu
3105 2514 3123 2568 j
3149 2502 3517 2571 disjungitur.
3544 2500 3620 2551 Ea
3646 2514 3881 2567 quoque

2181 2610 2336 2649 mese
2365 2610 2492 2663 quze
2544 2599 2630 2648 est
2670 2592 2982 2664 myxolydii
3033 2597 3076 2642 H
3124 2590 3193 2644 ad
3227 2606 3352 2644 eam
3391 2604 3585 2642 mesen
3619 2603 3747 2658 qua:
3791 2592 3886 2640 est

2181 2684 2686 2757 bypermixolydii,
2738 2684 2793 2737 id
2843 2689 2928 2737 est
2982 2687 3039 2747 Γ,
3092 2681 3214 2735 toni
3262 2679 3646 2734 differentiam
3703 2676 3880 2742 facit;

2182 2775 2393 2829 idcirco
2422 2772 2694 2845 quoniam
2728 2778 2771 2823 H
2794 2787 2922 2843 quas
2952 2772 3011 2824 in
3042 2769 3350 2841 mixolydio
3381 2785 3537 2823 mese
3559 2772 3644 2821 est
3672 2765 3882 2819 eadem

2180 2863 2242 2917 in
2274 2862 2769 2934 bypermixolydio
2814 2861 3067 2914 lichanos
3114 2874 3316 2912 meson
3364 2863 3466 2912 est.
3501 2856 3658 2910 Unde
3702 2854 3770 2908 ﬁt
3813 2858 3886 2907 ut

2108 2966 2148 3020 ρ
2181 2969 2334 3007 mese
2361 2952 2508 3006 dorii
2535 2952 2603 3005 ab
2635 2968 2701 3005 ea
2730 2966 2883 3004 mese
2915 2966 3040 3020 quas
3074 2952 3157 3002 est
3186 2945 3478 3017 mixolydii
3517 2944 3881 2999 diatessaron

2180 3040 2554 3095 consonantia
2584 3040 2773 3094 distet.
2808 3040 2872 3093 Id
2898 3040 3178 3108 probatur
3206 3038 3312 3091 hoc
3343 3035 3514 3089 modo
3547 3050 3561 3087 :
3591 3049 3727 3087 nam
3764 3048 3886 3085 me-

2181 3147 2282 3184 son
2315 3146 2441 3201 quae
2486 3136 2575 3184 est
2616 3130 2762 3183 dorii
2799 3129 2856 3183 id
2905 3136 2990 3182 est
3021 3128 3049 3163 ιι
3089 3146 3147 3195 π,
3182 3126 3381 3181 eadem
3430 3129 3515 3179 est
3558 3121 3879 3191 mixolydii,

2178 3219 2237 3273 id
2269 3224 2353 3274 est
2401 3220 2417 3253 ι
2463 3238 2502 3270 π
2554 3219 2763 3289 hypate
2812 3233 3032 3283 meson,
3076 3233 3201 3287 quae.
3254 3216 3324 3270 ad
3377 3211 3675 3283 cujuslibet
3720 3210 3885 3264 modi

2180 3324 2375 3362 mesen
2421 3308 2775 3361 diatessaron
2818 3306 3249 3360 consonantiam
3281 3309 3481 3358 servat.
3530 3304 3673 3356 Item
3722 3315 3884 3353 mese

2179 3396 2350 3463 dorii,
2386 3396 2441 3450 id
2474 3402 2561 3450 est
2586 3405 2625 3430 ιη
2654 3415 2712 3463 π,
2744 3395 2814 3449 ad
2864 3412 2987 3450 eam
3023 3411 3215 3449 mesen
3244 3410 3373 3464 qum
3404 3397 3488 3447 est
3518 3390 3888 3462 hypermixo-

2182 3484 2323 3553 lydii
2378 3500 2505 3553 quas
2558 3488 2643 3537 est
2692 3500 2722 3537 τ·
2767 3483 3034 3553 diapente
3075 3480 3511 3536 consonantiam
3564 3485 3770 3531 servat.
3807 3480 3890 3532 Ea

2180 3574 2333 3626 enim
2367 3589 2523 3626 mese
2563 3588 2691 3644 qua;
2723 3578 2810 3626 est
2837 3572 2979 3626 dorii
3017 3572 3071 3626 id
3106 3578 3188 3626 est
3214 3584 3241 3614 η
3271 3589 3328 3638 π,
3355 3570 3415 3623 in
3445 3568 3644 3623 ordine
3670 3568 3886 3638 hyper-

2180 3662 2475 3733 mixolydii
2559 3662 2814 3716 lichanos
2870 3663 3127 3732 hypaton
3199 3666 3310 3727 est;
3358 3660 3614 3713 lichanos
3686 3663 3882 3710 autem

2178 3753 2432 3823 hypaton
2459 3752 2527 3806 ad
2580 3768 2796 3806 mesem
2845 3751 2905 3805 in
2949 3750 3238 3805 diatonico
3272 3765 3482 3821 genere
3529 3748 3589 3801 in
3620 3746 3887 3818 quolibet

2178 3842 2349 3895 modo
2402 3839 2448 3893 si
2493 3846 2879 3911 comparetur,
2932 3841 3202 3911 diapente
3252 3838 3623 3893 consonantia
3682 3836 3882 3890 distat.

2180 3932 2291 3986 Cur
2320 3935 2510 3985 autem
2558 3938 2787 3985 octavus
2823 3931 3048 3999 modus,
3083 3930 3185 4001 qui
3218 3935 3303 3984 est
3323 3926 3886 4000 hypermixolydius,

2179 4021 2435 4091 adjectus
2463 4025 2569 4089 est,
2602 4029 2625 4055 °
2656 4020 2750 4076 hic
2777 4024 2952 4092 patet.
2986 4019 3071 4075 Sit
3117 4019 3206 4075 bis
3255 4018 3531 4090 diapason
3562 4031 3887 4072 consonan-

2177 4111 2259 4165 tia
2283 4109 2424 4164 haec.

373 4251 1789 4383 335313223112?3333.25..Ei‘lfﬁ‘i.i‘flﬁf?.‘ffn
1823 4252 2069 4383 ῗξὲἒῖξῗῖἒί
2108 4252 2151 4306 D
2174 4290 3881 4383 _|_A_L_J_l____L_____L__
2304 4285 3882 4364 mm

371 4339 932 4407 proslambanomeni
954 4338 1127 4409 primi
1149 4344 1367 4393 tenent.
1395 4341 1633 4394 Dextera
1658 4356 1789 4394 vero
1822 4340 2069 4410 legentis

373 4428 644 4481 extremis
664 4427 949 4481 clauditur
968 4426 1136 4496 netis,
1165 4428 1273 4481 erit
1294 4428 1563 4481 omnibus
1586 4428 1821 4498 quidem
1852 4428 2070 4481 acutior

371 4528 401 4570 ς
434 4517 640 4583 modis,
674 4518 772 4586 qui
822 4517 1151 4570 inscribitur
1200 4516 1751 4586 hypermixolydius,
1802 4516 2069 4570 omnibus

374 4620 507 4657 vero
540 4606 817 4674 gravioris
844 4607 938 4675 qui
969 4605 1343 4675 hypodorius.
1370 4606 1479 4657 Nos
1507 4622 1637 4657 vero
1667 4621 1701 4657 a
1730 4605 2066 4674 gravissimo

373 4695 691 4764 hypodorio
724 4696 1078 4761 inchoantes,
1115 4701 1347 4748 caeteros
1389 4711 1561 4763 quam
1589 4695 1737 4747 inter
1767 4711 1825 4747 se
1858 4694 2071 4747 habent

374 4782 756 4836 differentiam
808 4782 1257 4852 designabimus.
1318 4783 1573 4851 Namque
1632 4781 1689 4833 in
1750 4782 2067 4852 hypodorio

374 4873 546 4925 modo
583 4890 735 4926 mese
765 4891 888 4943 quae.
940 4882 1024 4927 est
1055 4896 1093 4924 ω
1126 4874 1193 4926 ab
1243 4889 1308 4925 ea
1349 4889 1502 4925 mese
1531 4889 1659 4941 quae
1689 4878 1772 4925 est
1802 4874 1860 4925 in
1892 4874 2061 4926 modo

368 4962 769 5033 hypophrygio
801 4970 939 5015 tono
973 4964 999 5004 ιι
1031 4962 1281 5015 distabit.
1309 4962 1465 5025 Quod
1502 4962 1561 5013 in
1602 4962 1709 5014 hoc
1740 4962 1902 5015 facile
1930 4978 2066 5031 per-

367 5052 660 5121 spicietur,
712 5052 758 5104 si
807 5051 935 5121 quis
981 5051 1049 5105 ad
1096 5067 1289 5104 mesen
1323 5050 1733 5121 hypophrygii,
1768 5067 1893 5120 qum
1924 5056 2005 5103 est
2035 5071 2066 5122 φ

366 5142 624 5210 ejusdem
654 5141 1041 5211 hypophrygii
1074 5162 1112 5189 ω
1145 5146 1458 5209 comparet,
1488 5156 1617 5209 qua:
1647 5145 1731 5193 est
1760 5140 2068 5210 hypodorii

367 5230 600 5300 quidem
635 5246 807 5297 mese,
839 5230 898 5281 in
924 5229 1326 5298 hypophrygia
1344 5234 1534 5282 autem
1558 5229 1813 5282 lichanos
1841 5246 2060 5284 meson.

365 5319 506 5373 Nam
539 5339 570 5390 φ
598 5324 770 5390 atque
791 5340 830 5369 ω
862 5323 998 5372 tono
1027 5316 1319 5385 differunt,
1350 5319 1498 5388 quod
1533 5318 1740 5389 pagina
1767 5319 2066 5389 interjecta

2740 4477 2759 4495 ’
2807 4480 3032 4536 CAPUT
3080 4480 3240 4534 XVII.

2285 4592 2444 4645 Ratio
2469 4592 2718 4657 superius
2750 4588 3027 4658 dispositae
3055 4587 3334 4642 modorum
3365 4585 3763 4654 descriptionis.

2254 4697 2535 4767 Diapason
2567 4698 2743 4767 igitur
2768 4696 3202 4750 consonantiam
3233 4698 3419 4748 servat
3449 4696 3492 4746 A
3519 4692 3590 4745 ad
3629 4691 3688 4744 id
3718 4690 3881 4759 quod

2180 4791 2265 4838 est
2296 4786 2357 4851 II,
2393 4791 2520 4838 octo
2555 4785 2707 4839 enim
2748 4784 2981 4837 vocibus
3014 4783 3344 4837 continetur
3373 4798 3384 4835 :
3420 4781 3663 4851 primam
3696 4779 3887 4847 igitur

2180 4874 2422 4927 dicimus
2454 4891 2575 4927 esse
2615 4874 2862 4943 speciem
2910 4873 3185 4942 diapason
3215 4889 3282 4925 ea
3311 4888 3441 4940 quae
3471 4876 3557 4923 est
3584 4874 3631 4923 Α
3679 4869 3745 4932 II,
3779 4884 3886 4921 se-

2179 4963 2426 5017 cundam
2458 4980 2591 5017 vero
2626 4965 2663 5017 Β
2697 4965 2737 5023 Ι,
2782 4963 3012 5016 tertiam
3051 4962 3090 5014 C
3130 4962 3194 5027 K,
3247 4966 3505 5030 quartam
3543 4962 3581 5012 D
3616 4958 3668 5019 L,
3701 4957 3882 5025 quin-

2176 5057 2290 5105 tam
2328 5053 2365 5105 E
2412 5053 2484 5115 M,
2519 5058 2731 5105 sextam
2779 5052 2818 5105 F
2853 5052 2916 5117 N,
2963 5052 3265 5120 septimam
3300 5050 3341 5103 G
3391 5049 3455 5102 Ο.
3510 5045 3886 5115 Relinquitur

2177 5141 2353 5211 igitur
2382 5146 2541 5193 extra
2572 5142 2614 5193 H
2639 5142 2698 5207 P,
2732 5156 2858 5210 quae
2881 5145 2945 5193 ut
2973 5144 3123 5192 totus
3145 5138 3285 5191 ordo
3314 5136 3623 5206 impleatur
3654 5134 3889 5203 adjecta

2179 5236 2283 5295 est,
2314 5234 2483 5299 atque
2514 5228 2605 5282 hic
2645 5233 2730 5283 est
2777 5234 3008 5283 octavus
3039 5227 3266 5294 modus,
3316 5240 3490 5297 quem
3533 5222 3890 5279 Ptolemaeus

2179 5334 2349 5388 super
2374 5317 2669 5372 annexuit.

438 5450 603 5531 :ivqn
633 5449 850 5531 leg‘ifur.
888 5446 1255 5531 LbﬂOrd‘ineln.
1306 5458 1355 5531 _c
1376 5448 1644 5531 Singulis:
1722 5450 2056 5531 {Qa-stiterit
2130 5456 2151 5483 ο
2186 5449 2520 5531 Destiterz‘nt.
2600 5447 2621 5488 ί
2649 5447 3005 5517 Quaecunque.
3081 5444 3336 5503 8Modus.
3413 5443 3444 5486 ιι
3472 5444 3672 5498 Distat.
3751 5440 3767 5474 ί
3798 5441 3887 5495 Is.

362 5529 382 5584 j
416 5518 811 5585 Distinguttur.
888 5518 919 5554 κ
950 5519 1015 5573 Ν.
1095 5518 1113 5553 ι
1161 5519 1232 5573 Ν.
1306 5524 1347 5553 ³³³
1385 5520 1450 5575 Ν.
1482 5518 1491 5519 ί
1527 5544 1559 5575 n
1597 5520 1665 5574 N.
1742 5527 1764 5553 °
1792 5521 1952 5576 Hinc.
