4152 6184
248 246 385 297 128ζί

867 372 1092 427 CAPUT
1119 373 1317 428 XVIII.

243 462 709 527 Quemadmodum
738 462 1113 515 indubitanter
1170 467 1385 516 musica?
1425 462 1787 518 consonantia
1812 479 1941 518 aure

818 533 1120 600 dijudicari
1142 538 1373 602 possint.

320 651 391 704 Ut
412 658 437 684 ι
476 665 609 702 vero
640 649 1033 703 indubitanter
1063 650 1566 705 consonantiarum
1616 650 1759 704 ratio
1791 651 1943 705 colli-

244 745 435 809 gatur,
472 740 569 793 tali
600 739 934 793 brevissimo
958 756 1019 793 ac
1040 740 1283 809 simplici
1312 740 1459 794 effici
1492 741 1706 811 poterit
1734 741 1944 794 instru-

250 834 468 882 mento.
521 829 602 883 Sit
642 828 821 897 igitur
853 830 1049 898 regula
1079 829 1383 899 diligenter
1409 836 1641 884 extensa
1672 833 1718 883 A
1760 832 1822 892 D,
1851 831 1941 884 cui

245 919 361 971 duo
393 918 804 987 hemisplieria,
835 933 976 988 quas
1013 919 1279 987 magadas
1310 918 1489 971 Graeci
1523 924 1743 981 vocant,
1778 920 1946 971 insu-

246 1024 353 1077 per
383 1011 772 1077 apponantur,
809 1007 885 1059 ita
913 1012 973 1061 ut
998 1008 1066 1059 ab
1108 1023 1173 1060 ea
1204 1023 1332 1077 quae
1357 1018 1440 1060 est
1475 1009 1513 1061 E
1547 1011 1847 1061 curvatura
1874 1008 1943 1061 ad

248 1097 307 1151 id
341 1097 493 1167 quod
524 1102 609 1150 est
652 1097 691 1149 Β
738 1097 980 1151 deducta
1012 1096 1165 1149 linea
1211 1102 1391 1150 rectos
1422 1097 1571 1150 circa
1615 1114 1673 1151 se
1703 1098 1943 1167 angulos

246 1186 487 1239 reddat:
521 1185 657 1239 item
703 1185 773 1238 ab
813 1202 877 1239 ea
910 1201 1035 1255 quas
1070 1190 1153 1238 est
1188 1186 1224 1238 F
1255 1190 1558 1238 curvatura
1592 1187 1662 1239 ad
1692 1186 1751 1239 id
1791 1187 1943 1257 quod

248 1280 337 1329 est
367 1275 407 1329 C
428 1280 703 1344 punctum
728 1275 971 1329 deducta
1002 1275 1147 1327 linea
1172 1280 1354 1327 rectos
1376 1274 1589 1328 circum
1612 1292 1670 1328 se
1701 1276 1945 1345 angulos

247 1364 473 1418 efﬁciat.
499 1362 623 1417 Sint
656 1379 786 1417 vero
819 1363 905 1416 hae
927 1363 1227 1433 aequaliter
1255 1363 1511 1433 undique
1548 1364 1847 1433 perpolitae
1875 1365 1943 1417 ad

248 1454 479 1507 eosdem
513 1470 666 1519 usus,
701 1452 815 1505 sint
838 1452 1051 1505 eisdem
1076 1453 1203 1505 aliae
1236 1454 1487 1522 aequales
1514 1458 1745 1523 paratae,
1776 1470 1947 1525 super

248 1544 352 1595 has
400 1542 727 1595 intendatur
777 1558 981 1594 nervus
1027 1541 1262 1612 zequalis
1316 1542 1593 1611 undique,
1636 1541 1682 1595 is
1716 1545 1815 1613 qui
1865 1547 1948 1596 est

248 1635 295 1684 Α
326 1632 364 1684 Ε
400 1632 435 1684 F
473 1631 534 1683 D.
573 1632 628 1685 Si
660 1633 683 1673 Ι)
716 1630 894 1700 igitur
924 1631 1275 1684 diatessaron
1303 1632 1731 1684 consonantiam
1763 1632 1945 1701 qualis

246 1722 324 1774 sit
354 1721 603 1791 reperire
632 1720 889 1785 voluero,
921 1720 1028 1773 hoc
1061 1720 1232 1773 modo
1262 1719 1498 1774 faciam:
1532 1720 1603 1773 ab
1639 1721 1677 1773 E
1712 1730 1943 1789 puncto,

246 1825 364 1880 quo
416 1825 622 1861 nervus
654 1808 1113 1878 semisphaerium
1148 1808 1350 1877 tangit,
1389 1824 1566 1878 usque
1615 1809 1687 1862 ad
1717 1810 1753 1863 F
1794 1826 1939 1879 pun-

247 1904 430 1964 ctum,
476 1913 588 1967 quo
634 1911 837 1950 rursus
868 1896 938 1950 ab
988 1898 1098 1950 alia
1128 1904 1288 1967 parte
1322 1897 1503 1949 altero
1538 1912 1744 1950 nervus
1772 1898 1942 1951 semi-

248 1989 498 2058 sphzerio
515 1988 803 2057 jungitur,
824 1987 1013 2041 divido
1033 1987 1283 2057 spatium
1304 1987 1458 2058 quod
1481 1994 1567 2041 est
1598 1990 1638 2041 E
1664 1989 1702 2041 F
1723 1994 1943 2059 septem

249 2077 531 2148 partibus,
564 2082 620 2130 et
662 2078 731 2131 ad
765 2084 989 2146 partem
1020 2082 1283 2148 quartam
1322 2079 1697 2147 septimarum
1721 2093 1946 2147 appono

249 2172 527 2237 punctum
559 2166 710 2236 quod
744 2171 828 2218 est
856 2167 938 2231 K;
976 2174 1059 2218 est
1086 2165 1262 2235 igitur
1298 2169 1335 2220 E
1362 2167 1403 2219 Κ
1438 2168 1505 2221 ad
1538 2184 1663 2221 eam
1703 2183 1831 2237 quae
1862 2170 1948 2220 est

252 2257 295 2309 K
336 2257 371 2308 F
403 2255 779 2324 sesquitertia.
834 2255 889 2309 Si
922 2256 1096 2323 igitur
1126 2255 1192 2308 ad
1226 2257 1271 2309 K
1296 2272 1528 2325 aequum
1557 2256 1947 2326 superioribus

252 2345 661 2414 semisphaeriis
684 2361 1029 2414 apposuero,
1068 2351 1239 2414 atque
1273 2346 1547 2399 alterutra
1576 2345 1819 2398 vicissim
1846 2346 1883 2398 E
1902 2344 1947 2397 Κ

253 2441 313 2488 et
346 2433 387 2487 K
422 2436 459 2487 F
489 2436 698 2503 plectro
725 2434 981 2487 adhibito
1014 2435 1319 2501 pellantur,
1353 2434 1704 2487 diatessaron
1736 2434 1951 2487 distan-

250 2524 390 2577 tiam
442 2524 791 2577 conSonabit.
828 2522 923 2576 Sin
963 2539 1095 2575 vero
1125 2523 1294 2576 simul
1347 2529 1536 2592 partes
1568 2523 1719 2575 idem
1756 2524 1795 2577 C
1823 2525 1867 2577 K
1897 2528 1955 2576 et

250 2614 297 2667 K
335 2615 370 2667 F
404 2619 675 2684 utrasque
717 2629 1070 2684 percussero,
1125 2613 1480 2667 diatessaron
1512 2614 1948 2667 consonantiam

1677 245 1766 296 DE
1808 243 2063 300 MUSICA
2102 245 2233 298 LIB.
2279 246 2340 298 V.

3617 260 3748 311 I286

1981 376 2027 429 Α
2058 391 2249 429 nosco.
2306 374 2468 438 Quod
2516 375 2561 429 si
2603 376 2870 447 diapente
2911 378 3136 435 efficere
3165 383 3448 453 volumus,
3484 388 3742 461 quinque

2050 464 2308 534 partibus
2352 470 2531 519 totam
2562 466 2855 534 chordam,
2891 468 2947 522 id
2982 475 3066 523 est
3113 474 3358 541 spatium
3420 478 3489 530 ab
3527 480 3563 532 E
3594 480 3665 533 ad

2049 553 2237 607 divido
2282 571 2345 607 ac
2379 561 2495 608 tres
2547 556 2644 608 uni
2703 558 3083 627 proportioni,
3135 560 3275 613 duas
3324 579 3456 617 vero
3501 568 3739 637 reliquas

2049 642 2215 706 dabo,
2253 648 2421 713 atque
2454 644 2533 697 ita
2567 646 2748 714 posito
2782 648 3195 716 semisphmrio,
3223 653 3535 708 secundum
3567 672 3741 726 supe-

2048 732 2168 783 rius
2226 732 2439 785 dictum
2508 734 2746 787 modum
2800 738 3201 791 consonantias
3247 740 3740 816 dissonantiasque

2048 822 2377 889 perpendo;
2412 821 2549 875 item
2581 822 2625 875 si
2675 823 2949 893 diapason
2992 832 3424 885 consonantiam
3459 838 3741 905 temptare

2049 909 2300 975 voluero,
2340 916 2525 964 totum
2557 911 2738 965 tribus
2786 915 3042 983 partibus
3082 935 3228 984 seco,
3262 925 3433 991 atque
3463 923 3520 976 in
3567 940 3740 979 unam

2050 998 2307 1069 duasque
2358 998 2705 1054 distribuens
2763 1004 2989 1057 easdem
3045 1005 3215 1062 simul
3272 1011 3358 1063 vel
3409 1013 3744 1067 alterutram

2050 1088 2285 1157 pulsans
2318 1088 2495 1159 cquid
2546 1098 2843 1158 consonet,
2876 1094 2959 1145 vel
3004 1097 3155 1165 quod
3205 1097 3454 1154 dissonet
3502 1108 3745 1174 utraque

2050 1184 2343 1247 cognosco.
2380 1178 2568 1248 Tripla
2599 1195 2753 1247 vero,
2780 1197 2906 1249 quae
2938 1200 3001 1236 ex
3026 1186 3323 1253 permixtis
3355 1194 3743 1246 consonantiis

2052 1266 2325 1331 nascitur,
2362 1266 2440 1319 ita
2470 1268 2749 1335 redditur,
2776 1276 2839 1323 ut
2861 1271 2906 1323 si
2928 1278 3105 1326 totam
3136 1275 3194 1327 in
3222 1283 3469 1346 quatuor
3490 1281 3743 1349 partium

2051 1354 2427 1409 divisionibus
2453 1354 2480 1391 ά
2512 1358 2847 1427 partiamus,
2886 1366 3054 1431 atque
3090 1363 3149 1415 in
3189 1369 3302 1418 tres
3334 1372 3390 1420 et
3422 1384 3593 1422 unam
3626 1375 3748 1425 tota

2052 1443 2209 1497 nervi
2269 1445 2564 1513 prolixitas
2619 1448 2923 1515 dividatur,
2981 1450 3058 1503 ita
3116 1453 3580 1523 semisphtrrium
3635 1459 3744 1511 tri-

2056 1533 2161 1586 bus
2191 1535 2517 1604 appositum
2562 1538 2747 1606 triplae
2794 1541 3183 1608 proportionis
3230 1544 3638 1600 dissonantiam
3690 1553 3746 1602 et

1986 1659 2026 1712 B
2055 1624 2486 1676 consonantiam
2518 1624 2734 1679 reddat.

1536 2873 1904 2967 LIBER
1998 2874 2556 2987 QUINTUS.

1846 3023 2154 3038 _-_

323 3132 455 3183 Post
488 3129 859 3182 monocbordi
900 3128 1179 3198 regularis
1234 3127 1570 3182 divisionem
1624 3126 1945 3196 adjicienda
1990 3128 2029 3182 C
2059 3127 2211 3183 tione
2233 3129 2614 3200 perpendens.
2638 3124 2845 3183 Sensus
2868 3124 3023 3183 enim
3042 3143 3103 3181 ac
3126 3124 3463 3197 ratio,quasi
3488 3125 3749 3195 quaedam

246 3218 495 3271 arbitror
547 3233 665 3269 esse
715 3233 782 3269 ea
812 3217 870 3269 in
917 3218 1122 3285 quibus
1154 3224 1370 3269 veteres
1416 3215 1644 3269 musicae
1683 3217 1941 3267 doctores

247 3306 549 3360 sententiae
604 3306 930 3359 diversitate
982 3306 1323 3371 discordant,
1386 3304 1831 3372 habendumque
1874 3304 1942 3357 de

246 3396 518 3449 omnibus
548 3394 753 3447 subtile
781 3392 1081 3462 judicium,
1132 3400 1300 3463 atque
1352 3393 1408 3445 id
1468 3392 1614 3462 quod
1647 3392 1942 3462 proposito

247 3486 410 3539 deest
440 3486 622 3554 operi,
678 3484 980 3535 mediocris
1034 3484 1308 3535 doctrinae
1341 3490 1361 3515 °
1393 3480 1764 3550 dispositione
1809 3497 1941 3550 sup-

246 3574 522 3644 plendum
554 3580 658 3624 est.
723 3573 909 3623 Potest
951 3572 1103 3622 enim
1154 3570 1264 3622 alia
1293 3585 1522 3639 quoque
1554 3584 1677 3621 esse
1717 3567 1939 3635 divisio,

244 3664 305 3716 in
341 3678 454 3731 qua
487 3678 598 3713 non
630 3676 781 3713 unus
808 3660 1208 3711 tantummodo
1230 3674 1438 3711 nervus
1474 3657 1806 3721 assumitur,
1845 3656 1943 3725 qui

243 3752 449 3822 positis
487 3748 951 3819 proportionibus
980 3750 1000 3789 f
1040 3747 1277 3803 dividat.
1325 3748 1533 3800 Verum
1571 3752 1721 3812 octo,
1755 3750 1943 3815 'atque

245 3838 533 3911 ejusmodi
589 3838 804 3891 cithara
858 3838 980 3903 ﬁat,
1008 3846 1033 3879 Β
1078 3842 1174 3890 aut
1226 3837 1287 3890 in
1331 3835 1613 3907 pluribus,
1650 3839 1704 3887 et
1743 3830 1944 3905 quanti

244 3927 548 3984 necessarii
579 3931 709 3980 sunt
757 3926 938 3991 nervi,
974 3930 1090 3980 tota
1133 3926 1573 3996 proportionum
1604 3923 1750 3977 ratio
1783 3924 1944 3994 quasi

246 4018 430 4074 oculis
460 4017 713 4087 subjecta
734 4020 1019 4070 cernatur.

769 4146 806 4195 E
1350 4142 1385 4190 F

801 4659 1025 4712 CAPUT
1078 4657 1368 4711 PRIMUM.

242 4769 318 4821 De
347 4769 404 4819 vi
445 4767 767 4820 harmonicen
800 4772 849 4819 rt
891 4782 1007 4834 qua:
1054 4770 1163 4819 sint
1196 4766 1310 4832 ejus
1356 4762 1717 4815 instrumenta
1740 4754 1944 4823 judicit

460 4863 508 4909 et
539 4859 796 4925 quoniam
828 4872 995 4921 usque
1026 4858 1269 4909 scizsioiis
1304 4855 1543 4921 oporteat
1575 4848 1744 4901 credi.

315 4961 423 5015 Sed
479 4962 547 5014 de
599 4963 687 5014 his
740 4963 912 5032 paulo
970 4965 1100 5032 post
1154 4963 1496 5031 loquemur;
1556 4970 1707 5008 nunc
1758 4950 1945 5031 dicen-

243 5051 383 5105 dum
448 5058 531 5103 est
574 5068 702 5121 quae
761 5051 834 5106 sit
890 5053 973 5104 vis
1035 5050 1404 5111 harmonicae,
1441 5047 1508 5101 de
1550 5061 1661 5115 qua
1702 5046 1944 5094 tractare

243 5139 633 5207 instituentes,
694 5146 941 5211 quatuor
985 5141 1159 5193 libros
1216 5137 1598 5207 implevimus.
1673 5133 1945 5185 Naturam

238 5230 555 5297 verorejus
609 5232 637 5271 ιι
685 5248 916 5301 unoque
973 5229 1402 5299 exprimendam
1461 5225 1515 5277 in
1551 5223 1719 5292 hujus
1754 5218 1944 5290 quinti

240 5318 552 5370 voluminis
583 5319 784 5372 seriem
819 5319 1163 5372 distulimus.
1201 5313 1539 5370 Harmonica
1572 5317 1658 5364 est
1708 5308 1945 5362 facultas

240 5406 595 5460 differentias
623 5416 920 5461 acutorum
944 5414 999 5461 et
1017 5407 1278 5477 gravium
1302 5418 1570 5459 sonorum
1594 5415 1763 5453 sensu
1778 5412 1840 5450 ac
1861 5412 1946 5449 ra-

315 5544 341 5572 ⁸
397 5539 558 5604 Ενέιοι
628 5540 652 5581 ί)
718 5540 831 5595 Non
891 5540 1107 5606 legitur.
1160 5545 1179 5571 ο
1239 5534 1407 5601 Quod.
1463 5531 1491 5568 ἀ
1526 5533 1824 5585 Patiamur.
1884 5532 1905 5558 ο
1940 5516 2367 5603 ρίερρηείῑεὶοηρΣ
2438 5504 2457 5542 f
2509 5500 2817 5558 Dividatur.
2901 5494 3044 5548 sUt.

315 5609 433 5663 Non
493 5611 712 5663 (coitur.
777 5610 806 5645 ιι
850 5612 977 5663 Nec.
1041 5609 1302 5663 lAtoue.
1364 5614 1405 5643 ω
1456 5606 1700 5662 Sensum.
1778 5599 2141 5663 x"IPotzusque
2169 5582 2319 5658 quod
2346 5596 2406 5635 πη
2434 5590 2592 5634 sensu
2612 5577 2706 5628 aut
2731 5570 3002 5641 peccatur.

234 5640 252 5692 ί
313 5609 433 5665 Non
493 5611 712 5678 legitur.
777 5610 806 5645 κ
850 5612 977 5669 Nec.
1041 5609 1302 5677 lAtque.
1364 5614 1405 5643 ω
1456 5606 1700 5662 Sensum.

2054 3219 2335 3274 facultatis
2375 3218 2720 3273 harmonicaz
2752 3219 3132 3271 instrumenta
3166 3222 3315 3269 sunt.
3354 3216 3565 3269 Sensus
3588 3231 3748 3268 nam-

2054 3326 2163 3387 que
2210 3310 2508 3362 confusum
2542 3308 2811 3378 quiddam
2852 3324 2915 3361 ac
2963 3307 3221 3378 proxime
3276 3306 3405 3370 tale,
3463 3305 3631 3375 quale
3663 3307 3749 3356 est

2055 3401 2195 3455 illud
2244 3400 2395 3471 quod
2430 3398 2621 3466 sentit,
2672 3398 2930 3452 advertit.
2985 3396 3147 3450 Ratio
3182 3396 3193 3429 ί
3228 3402 3420 3448 autem
3469 3393 3749 3463 dijudicat

2053 3489 2441 3562 integritatem
2476 3494 2646 3558 atque
2672 3504 2811 3540 unas
2842 3484 3203 3557 persequitur
3238 3482 3608 3537 differentias.
3652 3483 3752 3534 lta-

2055 3597 2165 3651 que
2198 3596 2394 3633 sensus
2430 3578 2649 3632 invenit
2687 3576 2920 3647 quidem
2965 3575 3197 3628 confusa
3227 3590 3291 3626 ac
3320 3573 3586 3643 proxima
3607 3571 3751 3624 veri-

2054 3670 2173 3737 tati,
2238 3670 2438 3738 accipit
2498 3684 2627 3719 vero
2686 3668 2907 3718 ratione
2965 3663 3371 3733 integritatem.
3424 3660 3583 3714 Ratio
3617 3676 3748 3712 vero

2053 3760 2206 3828 ipsas
2237 3758 2471 3828 quidem
2492 3755 2708 3809 invenit
2730 3753 3139 3821 integritatem,
3161 3752 3363 3821 accipit
3385 3766 3543 3815 vero,
3574 3764 3746 3801 sensu

2054 3848 2346 3901 confusam
2397 3863 2460 3899 ac
2510 3844 2828 3915 proximam
2870 3841 3449 3895 verisimilitudinem.
3494 3840 3751 3907 Namque

2056 3956 2251 3994 sensus
2284 3937 2428 3992 nihil
2456 3934 2701 4004 concipit
2724 3930 3091 4002 integritatis,
3131 3929 3228 3982 sed
3259 3945 3438 3998 usque
3461 3926 3531 3980 ad
3564 3926 3753 3996 proxi-

2054 4047 2214 4086 mum
2246 4028 2415 4083 venit.
2468 4024 2629 4078 Ratio
2659 4039 2792 4077 vero
2823 4020 3115 4091 dijudicat,
3158 4020 3314 4071 velut
3340 4017 3386 4071 si
3416 4016 3545 4086 quis
3572 4032 3748 4069 manu

2056 4120 2331 4176 circulum
2364 4115 2590 4182 scribat,
2637 4113 2875 4167 fortasse
2908 4124 3041 4163 eum
3085 4105 3363 4160 circulum
3387 4120 3517 4183 vere
3550 4105 3749 4183 oculus

2056 4210 2389 4267 arbitretur.
2424 4180 2587 4260 Ratio
2614 4218 2746 4255 vero
2780 4200 2935 4254 nullo
2957 4197 3126 4253 modo
3158 4210 3278 4250 esse
3309 4195 3369 4249 id
3392 4180 3548 4265 quOd
3577 4180 3751 4245 simu-

2054 4300 2204 4352 Iatur
2234 4294 2523 4364 intelligit.
2560 4294 2673 4346 Hoc
2704 4306 2835 4343 vero
2868 4288 3077 4342 idcirco
3113 4289 3220 4352 est,
3244 4281 3519 4354 quoniam
3549 4294 3749 4334 sensus

2056 4390 2203 4443 circa
2246 4384 2548 4440 materiam
2595 4381 2856 4445 vertitur,
2904 4376 3235 4449 speciesque
3288 4374 3348 4426 in
3397 4388 3463 4426 ea
3494 4384 3750 4439 compre-

1981 4468 2023 4519 D
2063 4477 2351 4539 henditur,
2415 4490 2543 4544 qua:
2620 4470 2699 4525 ita
2744 4473 2875 4523 sunt
2931 4467 3103 4521 ﬂuide
3163 4469 3332 4533 atque
3390 4459 3743 4529 imperfecte.

2056 4571 2084 4613 ιι
2116 4570 2310 4637 Neque
2369 4562 2766 4625 determinate,
2828 4553 2922 4611 etl
2954 4571 3130 4626 usque
3187 4554 3255 4606 ad
3295 4566 3548 4619 unguem
3582 4563 3747 4617 expo-

2056 4659 2176 4724 Iite,
2209 4657 2351 4708 sicut
2382 4658 2464 4707 est
2521 4653 2646 4722 ipsa
2706 4648 2959 4703 materia.
2993 4647 3176 4709 Quare
3208 4651 3246 4677 ω
3288 4642 3476 4712 ipsum
3514 4653 3746 4708 quoque

2054 4747 2309 4801 confusio
2363 4742 2641 4813 sequitur,
2711 4742 2964 4793 mentem
3031 4748 3164 4785 vero
3215 4736 3385 4798 atque
3434 4727 3742 4790 rationem,

2054 4836 2326 4908 quoniam
2378 4832 2616 4886 materia
2662 4846 2773 4881 non
2824 4830 3102 4888 moratur,
3132 4820 3346 4889 species
3378 4834 3518 4888 quas
3550 4815 3749 4887 praevi-

2052 4929 2164 4993 det,
2196 4933 2404 4996 praeter
2458 4921 2697 4991 subjecti
2731 4915 3197 4970 communionem
3250 4910 3526 4970 intuetur,
3578 4914 3749 4975 atque

2052 5020 2181 5073 ideo
2228 5032 2351 5069 eam
2388 5011 2681 5081 integritas
2717 5005 3019 5060 comitatur
3052 5017 3114 5053 ac
3134 4999 3360 5063 veritas,
3396 5026 3420 5050 ο
3444 4997 3748 5067 potiusque

2054 5111 2115 5164 in
2147 5122 2376 5162 sensum
2410 5103 2564 5171 quod
2622 5100 2905 5170 peccatur,
2950 5096 3045 5145 aut
3080 5089 3268 5143 minus
3299 5092 3402 5152 est,
3433 5092 3529 5139 aut
3551 5100 3743 5137 emen-

2055 5199 2170 5261 dat,
2204 5197 2302 5247 aut
2332 5190 2600 5260 complet.
2639 5188 2895 5240 Fortasse
2916 5184 3101 5234 autem
3134 5177 3194 5231 id
3226 5175 3379 5247 quod
3404 5188 3601 5268 sensus
3632 5185 3747 5266 non

2055 5289 2299 5356 integre,
2331 5281 2427 5335 sed
2450 5278 2703 5341 confuse,
2739 5278 2907 5343 atque
2940 5270 3177 5322 veritate
3214 5265 3400 5319 minus
3433 5265 3594 5357 quasi
3624 5265 3747 5355 qui-

2055 5350 2511 5445 damvincallidus
2546 5369 2855 5424 testimator
2888 5357 3162 5431 agnoscit,
3194 5355 3253 5408 in
3286 5350 3524 5418 singulis
3558 5350 3748 5400 minus

3145 5486 3171 5522 ιι
3207 5486 3455 5550 Vimque.
3535 5477 3551 5511 ί
3589 5477 3746 5534 Vero.
