4152 6184
449 240 579 293 1287

1767 232 1878 287 AN.
1922 232 2128 286 MANL.
2170 230 2313 285 SEV.
2358 231 2586 287 BOETII

3800 228 3937 283 1288

445 378 654 432 habeat
688 372 879 428 errati.
932 371 1178 426 Collecta
1221 383 1354 424 vero
1393 367 1846 439 multiplicantur
1872 368 1933 421 in
1977 384 2134 422 sum-
2172 367 2220 423 A
2251 369 2552 422 harmonici
2574 376 2625 439 εί
2654 366 3007 434 Pythagorici
3066 367 3149 421 vel
3196 365 3576 432 Aristomenus,
3617 366 3704 421 uel
3763 366 3940 421 PtoIe-

447 482 621 532 mam,
654 469 824 534 atque
864 460 1072 514 idcirco
1107 468 1131 493 ⁸
1176 474 1441 529 magnam
1472 457 1688 512 faciunt
1727 458 2126 513 differentiam.

449 555 590 608 Nam
625 552 673 605 si
701 552 842 605 duas
894 548 1123 602 voculas
1160 552 1295 601 tono
1330 563 1529 600 sensus
1559 546 1769 600 distare
1801 546 2127 614 arbitretur,

447 657 634 711 neque
665 639 893 705 distent,
928 651 1239 706 rursusque
1270 636 1341 689 ab
1374 651 1489 689 una
1520 651 1718 689 earum
1748 638 1773 678 Ι)
1799 639 1935 689 tono
1968 639 2132 706 putet

446 732 654 787 distare
686 728 934 790 tertiam,
966 742 1153 797 neque
1184 726 1257 779 sit
1284 725 1510 794 integra
1547 740 1610 778 ac
1637 740 1772 778 vera
1796 725 1913 778 toni
1948 725 2021 778 sit
2052 724 2133 778 di-

445 817 672 872 stantia.
700 818 842 871 Item
885 814 1065 868 tertize
1117 819 1449 884 quartaque
1479 812 1602 866 toni
1631 828 1829 865 sensus
1863 811 2132 866 ditferen-

443 904 584 958 tiam
612 909 794 974 putet,
830 908 1000 973 atque
1025 902 1083 955 in
1116 902 1317 955 eadem
1349 917 1575 972 quoque
1605 906 1817 967 errent,
1851 917 2036 972 neque
2059 900 2133 954 sit

445 994 766 1048 dill‘erentia
792 993 934 1060 toni,
956 992 1024 1046 ab
1058 992 1162 1045 hac
1184 991 1355 1044 etiam
1375 997 1596 1061 quarta,
1623 990 1885 1061 quintam
1922 990 2130 1044 distare

444 1082 814 1137 semitonium
847 1085 1028 1152 putet,
1085 1096 1272 1151 neque
1320 1096 1465 1145 vere,
1498 1096 1683 1151 neque
1725 1080 1944 1151 integre
1972 1078 2131 1133 aesti-

446 1177 577 1239 met,
622 1172 682 1225 in
734 1170 975 1241 singulis
1011 1170 1250 1223 fortasse
1295 1168 1485 1221 minus
1548 1168 1807 1222 videatur
1854 1173 2126 1221 erratum.

443 1262 606 1325 Quod
652 1277 787 1315 vero
839 1260 899 1313 in
956 1260 1142 1331 primo
1197 1264 1335 1312 tono
1362 1274 1559 1311 sensus
1607 1257 1841 1327 reliquit
1870 1262 2041 1328 atque
2076 1257 2132 1311 id

443 1351 595 1422 quod
626 1350 687 1404 in
728 1349 975 1405 secundo
1008 1353 1063 1402 et
1094 1347 1262 1402 tertio
1294 1352 1464 1417 atque
1498 1347 1557 1400 in
1586 1352 1791 1417 quarto
1827 1346 2129 1400 semitonio

441 1444 737 1510 peccatum
758 1444 859 1507 est,
893 1438 952 1492 in
982 1454 1164 1492 unum
1191 1440 1605 1506 congregatum
1636 1440 1806 1507 atque
1827 1436 2131 1491 collectum

442 1529 671 1592 efﬁciet,
689 1533 753 1583 ut
773 1527 961 1600 prima
987 1544 1090 1582 vox
1120 1528 1191 1582 ad
1212 1527 1473 1598 quintam
1494 1541 1688 1580 vocem
1713 1526 1977 1597 diapente
2014 1542 2129 1580 non

442 1618 731 1672 contineat
773 1616 1230 1682 consonantiam,
1263 1615 1415 1686 quod
1445 1614 1741 1685 oportebat
1770 1615 1896 1668 ﬁeri
1932 1614 1980 1669 si
2009 1620 2126 1669 tres
2165 1651 2204 1705 Β

442 1713 605 1761 tonos
638 1722 701 1760 ac
729 1705 1094 1759 semitonium
1123 1721 1322 1758 sensus
1354 1704 1575 1774 integre
1602 1704 1928 1773 judicasset.
1964 1704 2126 1768 Quod

441 1796 619 1866 igitur
647 1795 707 1849 in
750 1794 987 1864 singulis
1016 1793 1167 1847 tonis
1203 1792 1392 1847 minus
1422 1793 1843 1863 pervidebatur,
1869 1793 1926 1847 id
1950 1794 2128 1847 colle-

441 1891 594 1939 ctum
626 1885 684 1937 in
713 1883 1141 1938 consonantiam
1173 1882 1467 1937 evidenter
1504 1882 1790 1953 apparuit.
1840 1886 2025 1954 Atque
2067 1886 2130 1935 ut

441 1974 806 2044 pervideatnr
835 1988 1069 2027 sensum
1113 1971 1348 2042 quidem
1376 1972 1610 2026 confusa
1639 1972 1928 2042 colligere,
1971 1972 2129 2025 nullo

441 2063 607 2117 modo
638 2067 828 2116 autem
879 2062 949 2115 ad
979 2061 1368 2131 integritatem
1412 2061 1651 2114 rationis
1681 2062 2006 2127 ascendere,
2052 2060 2131 2113 sic

440 2152 903 2207 consideremus:
942 2151 1097 2204 Datin
1146 2151 1296 2204 enim
1341 2150 1505 2203 linea:
1538 2150 1813 2221 majorem
1845 2151 2131 2204 minorem

438 2250 457 2275 θ
491 2257 560 2294 ne
593 2240 762 2294 aliam
793 2240 1067 2310 reperire,
1100 2239 1246 2293 nihil
1277 2242 1360 2293 est
1394 2239 1625 2293 difﬁcile
1658 2239 1866 2293 sensui.
1913 2241 2131 2309 Propo-

439 2329 547 2383 sita
574 2345 707 2383 vero
740 2344 1009 2382 mensura
1040 2329 1099 2381 in
1148 2332 1308 2381 tanto
1342 2328 1640 2398 majorem,
1678 2333 1904 2382 tantove
1949 2329 2132 2381 mino-

442 2433 564 2471 rem
601 2416 870 2487 reperiat,
925 2415 989 2469 id
1025 2432 1138 2469 non
1170 2415 1338 2470 faciet
1367 2432 1565 2475 sensus
1594 2416 1782 2486 prima
1811 2416 2126 2487 conceptio,

438 2506 537 2560 sed
592 2506 770 2559 solers
838 2505 1074 2558 rationis
1120 2505 1395 2559 inventio.
1455 2506 1552 2559 Vel
1599 2506 1645 2559 si
1692 2522 1890 2560 rursus
1939 2506 2129 2560 datam

438 2594 647 2649 lineam
691 2594 1054 2664 propositum
1102 2593 1174 2647 sit
1218 2595 1306 2647 vel
1357 2594 1672 2665 duplicare,
1707 2596 1794 2649 vel
1831 2594 2131 2650 dimidiam

437 2699 646 2751 secare,
680 2682 737 2736 id
766 2683 1003 2736 fortasse
1049 2682 1181 2736 licet
1216 2683 1391 2753 paulo
1437 2684 1725 2738 difﬁcilius
1777 2700 1949 2754 quam
1990 2700 2125 2737 con-

437 2772 559 2826 fuse
600 2771 875 2842 majorem
918 2770 1268 2825 minoremve
1326 2773 1602 2842 reperire,
1668 2773 1877 2843 poterit
1933 2776 2128 2826 tamen

437 2876 636 2915 sensus
676 2860 1007 2914 inventione
1049 2860 1336 2915 constitui.
1390 2861 1449 2915 Si
1496 2877 1628 2915 vero
1679 2862 2012 2932 imperetur,
2064 2863 2129 2914 ut

2239 456 2402 495 maeus
2432 455 2542 494 esse
2567 438 2775 493 dixere.

2313 528 2657 599 Hujusmodi
2702 527 2878 599 igitur
2936 526 3383 582 instrumentum
3442 526 3501 581 in
3544 543 3661 597 quo
3698 525 3937 580 rationis

2241 618 2493 673 adhibito
2527 617 2718 684 modo,
2769 632 3046 671 sonorum
3106 616 3441 671 differentias
3490 614 3931 686 perquiruntur,

2239 714 2476 763 vocatur
2526 706 2861 762 harmonica
2905 707 3127 777 regula,
3176 706 3238 760 in
3288 722 3401 777 qua
3432 722 3492 760 re
3538 707 3565 748 ιι
3612 705 3933 758 multorum

2240 798 2535 853 doctorum
2579 796 2877 850 sententia).
2909 794 3188 850 discordia
3214 795 3337 849 fuit.
3369 795 3609 858 Quidam
3646 795 3807 848 enim
3837 794 3933 864 qui

2238 887 2629 958 Pythagoricis
2681 886 2994 957 disciplinis
3051 884 3296 939 maxime
3346 884 3737 949 crediderunt,
3790 884 3933 937 hanc

2237 977 2617 1031 intentionem
2682 974 3032 1028 harmonica:
3096 989 3216 1027 esse
3273 973 3557 1039 dicebant,
3612 976 3680 1025 ut
3733 978 3932 1025 cuncta

2238 1064 2448 1120 rationi
2486 1067 2869 1118 consentanea
2900 1065 3295 1132 sequerentur.
3331 1060 3575 1114 Sensum
3608 1058 3769 1112 enim
3798 1060 3927 1113 dare

2239 1154 2503 1225 quaedam
2533 1152 2779 1223 quodam
2800 1151 2968 1205 modo
2990 1150 3207 1204 semina
3234 1148 3602 1219 cognitionis,
3646 1146 3928 1200 rationem

2238 1260 2372 1298 vero
2403 1242 2695 1314 perﬁcere.
2729 1241 3098 1295 Aristoxenus
3129 1255 3261 1292 vero
3294 1236 3609 1292 econtrario
3650 1235 3929 1289 rationem

2238 1333 2472 1404 quidem
2504 1331 2770 1386 comitem
2791 1346 2854 1385 ac
2876 1328 3275 1384 secundarium
3297 1342 3417 1381 esse
3454 1325 3699 1390 dicebat,
3734 1336 3932 1377 cuncta

2237 1438 2370 1476 vero
2398 1437 2594 1475 sensus
2617 1420 2837 1490 judicio
2884 1416 3200 1479 terminari,
3233 1422 3290 1471 et
3329 1416 3398 1470 ad
3428 1415 3555 1485 ejus
3584 1412 3928 1468 modulatio-

2237 1528 2375 1567 nem
2421 1526 2877 1580 consensumque
2931 1524 3051 1562 esse
3089 1507 3102 1541 ί
3149 1505 3481 1561 tenendum.
3528 1507 3577 1557 A
3621 1502 3930 1557 Ptolemaeo

2240 1605 2431 1656 autem
2481 1599 2732 1671 quodam
2780 1598 2948 1653 modo
2977 1594 3323 1650 harmonicen
3355 1592 3629 1648 deﬁnitur
3658 1590 3925 1657 intentio,

2238 1705 2304 1743 ea
2335 1689 2547 1743 scilicet
2580 1693 2642 1742 ut
2696 1687 2838 1741 nihil
2899 1686 3131 1740 auribus
3188 1683 3511 1754 rationique
3578 1680 3763 1752 possit
3813 1695 3930 1732 esse

2237 1775 2609 1831 contrarium.
2664 1775 2723 1829 Id
2746 1774 2901 1827 enim
2940 1772 3253 1827 secundum
3292 1771 3665 1825 Ptolemaeum
3703 1769 3923 1821 harmo-

2238 1868 2397 1920 nicus
2446 1865 2671 1919 videtur
2722 1863 3041 1930 intendere,
3092 1861 3239 1915 utid
3272 1859 3426 1931 quod
3478 1874 3680 1913 sensus
3706 1857 3926 1927 judicat

2238 1955 2384 2010 ratio
2435 1969 2666 2025 quoque
2714 1951 3052 2023 perpendat,
3099 1956 3157 2005 et
3216 1950 3295 2003 ita
3332 1949 3477 2003 ratio
3529 1946 3933 2017 proportiones

2238 2045 2490 2099 inveniat
2528 2048 2591 2098 ut
2620 2059 2691 2096 ne
2739 2058 2938 2096 sensus
2980 2041 3269 2107 reclamet,
3316 2038 3684 2108 duorumque
3726 2035 3930 2089 horum

2238 2131 2541 2187 concordia
2612 2130 2801 2185 omnis
2869 2130 3216 2183 harmonicen
3286 2127 3528 2181 intentio
3603 2125 3927 2178 misceatur.

2236 2225 2424 2293 Atque
2470 2222 2531 2275 in
2571 2237 2637 2274 eo
2689 2219 2934 2273 maxime
2978 2218 3380 2271 Aristoxenum
3411 2232 3474 2268 ac
3525 2214 3932 2285 Pythagoricos

2236 2310 2626 2381 reprehendit,
2700 2308 2855 2379 quod
2919 2306 3288 2361 Aristoxenus
3349 2302 3493 2358 nihil
3534 2303 3766 2364 rationi,
3836 2300 3934 2353 sed

2238 2406 2464 2454 tantum
2512 2398 2773 2452 sensibus
2827 2396 3027 2461 credit,
3060 2393 3469 2466 Pythagoricos
3515 2398 3743 2457 autemj
3777 2389 3934 2461 quod

2237 2489 2544 2542 minimum
2574 2486 2851 2554 sensibus,
2885 2484 3204 2556 plurimum
3234 2488 3429 2537 tamen
3454 2480 3935 2552 proportionibus

2237 2576 2477 2632 rationis
2503 2574 2822 2646 invigilant.

2906 2662 3132 2717 CAPUT
3163 2661 3261 2715 III.

2236 2774 2298 2828 In
2347 2788 2450 2841 quo
2511 2772 2873 2826 Aristoxenus
2934 2770 3016 2823 vel
3052 2767 3406 2835 Pythagorici
3470 2766 3553 2819 uel
3618 2766 3931 2819 Ptolemaeus

2378 2846 2704 2911 gravitatem
2725 2848 2889 2911 atque
2913 2856 3152 2894 acumem
3183 2845 3426 2893 constare
3451 2842 3776 2907 posuerunt.

434 2949 743 3020 propositze
773 2949 940 3003 lineae
970 2949 1144 3019 tripla
1173 2954 1441 3020 ponatur,
1473 2951 1561 3005 vel
1602 2950 1669 3005 ab
1703 2968 1770 3005 ea
1801 2967 1934 3021 pars
1960 2949 2129 3004 tertia
2167 2956 2207 3011 C
2310 2948 2591 3014 Quoniam
2611 2965 2745 3003 vero
2778 2964 2982 3002 sonum
3013 2963 3134 3001 esse
3155 2961 3355 3000 omnes
3385 2943 3756 2998 consentiunt
3783 2941 3930 2995 aeris

435 3039 738 3103 recidatur,
764 3038 852 3091 vel
877 3037 1199 3108 quadrupla
1227 3039 1625 3108 constituatur,
1657 3040 1747 3093 vel
1777 3054 1907 3109 pars
1927 3044 2131 3109 quarta

434 3132 724 3180 resecetur
754 3142 944 3180 nonne
976 3126 1309 3196 impossible
1337 3128 1407 3181 sit
1436 3129 1647 3197 sensui,
1683 3127 1794 3182 nisi
1824 3126 2128 3197 integritas

436 3215 670 3269 rationis
699 3215 949 3280 accedat,
970 3214 1078 3268 hoc
1099 3215 1249 3283 ideo,
1285 3217 1418 3287 quia
1450 3234 1551 3287 per
1571 3233 1870 3288 processus
1893 3216 2130 3287 quidem

434 3304 642 3357 rationi
683 3304 840 3357 locus
878 3303 1162 3370 accrescit,
1210 3303 1399 3358 deﬁcit
1429 3305 1640 3360 sensui.
1692 3306 1750 3361 Si
1798 3306 1952 3360 enim
1984 3309 2131 3359 octa-

434 3407 561 3445 vam
592 3397 816 3461 partem
846 3392 1151 3462 propositae
1182 3392 1349 3446 lineae
1380 3393 1606 3448 auferre
1640 3395 1849 3465 aliquis
1880 3396 2126 3464 impere-

433 3483 545 3543 tur,
574 3482 659 3533 vel
692 3480 949 3549 ejusdem
983 3480 1271 3550 octuplam
1316 3482 1451 3535 dare
1494 3488 1750 3553 cogatur,
1803 3483 1979 3538 totius
2011 3482 2132 3553 qui-

436 3568 565 3623 dem
619 3571 644 3611 εἰ
690 3568 991 3621 dimidiam
1039 3584 1264 3622 sumere
1328 3572 1712 3640 compellitur,
1761 3571 2129 3641 dimidimque

436 3656 756 3723 dimidiam,
796 3660 857 3710 ut
890 3656 962 3709 sit
992 3662 1217 3728 quarta,
1248 3663 1466 3729 quartze
1498 3668 1519 3694 θ
1546 3676 1675 3731 quae
1710 3661 2033 3727 dimidium,
2069 3665 2132 3714 ut

434 3745 510 3798 sit
540 3750 753 3799 octava.
797 3746 1126 3816 Rursusque
1166 3748 1343 3801 totius
1392 3748 1649 3819 duplam,
1683 3750 1988 3821 duplaeque
2029 3751 2129 3804 du-

439 3833 621 3903 plam,
654 3838 717 3887 ut
742 3834 815 3889 sit
843 3834 1189 3905 quadrupla,
1216 3836 1667 3909 quadruplasque
1686 3839 1941 3909 duplam,
1976 3841 2041 3893 ut
2060 3839 2130 3893 sit

434 3923 695 3992 octupla.
750 3924 949 3994 Itaque
996 3924 1057 3978 in
1103 3929 1262 3979 tanta
1306 3942 1497 3981 rerum
1533 3928 1943 3982 numerositate
1983 3928 2130 3982 nihil

436 4010 609 4064 efﬁcit
639 4026 857 4065 sensus.
904 4013 1079 4083 Cujus
1123 4030 1293 4067 omne
1325 4015 1606 4084 judicium
1649 4017 1923 4080 subitum,
1956 4021 2129 4087 atque

432 4098 493 4153 in
528 4100 827 4171 superﬁcie
859 4101 1113 4171 positum
1144 4103 1531 4175 integritatem
1553 4107 2127 4176 persecutionemque

434 4204 550 4243 non
581 4189 845 4259 explicat.
878 4190 1090 4244 Idcirco
1116 4207 1235 4245 non
1267 4197 1350 4246 est
1380 4194 1607 4248 aurium
1652 4196 1843 4249 sensui
1872 4195 2126 4249 dandum

435 4293 605 4331 omne
640 4277 946 4347 judicium,
993 4280 1091 4334 sed
1140 4280 1462 4336 exhibenda
1509 4288 1594 4337 est
1618 4283 1791 4338 etiam
1820 4284 1965 4338 ratio
1998 4300 2127 4355 quae

435 4370 725 4421 errantem
803 4383 1035 4422 sensum
1090 4375 1253 4439 regat
1309 4387 1371 4425 ac
1400 4376 1702 4443 temperet,
1762 4390 1876 4444 qua
1930 4373 2127 4427 labens

435 4471 631 4510 sensus
677 4455 1062 4527 deﬁciensque
1110 4458 1285 4513 veluti
1336 4460 1537 4515 baculo
1568 4462 1863 4517 innitatur.
1899 4463 2041 4517 Nam
2066 4467 2128 4517 ut

436 4544 677 4613 singulae
724 4550 873 4599 artes
920 4545 1134 4600 habent
1190 4547 1574 4605 instrumenta
1608 4552 1875 4623 quaedam
1919 4552 2128 4623 quibus

433 4633 644 4702 partim
696 4634 934 4688 confuse
987 4634 1205 4705 aliquid
1253 4638 1568 4693 informent
1634 4640 1745 4694 ut‘
1794 4640 2125 4707 asciculum,

434 4721 647 4789 partim
687 4737 823 4775 vero
868 4724 1020 4793 quod
1051 4729 1135 4777 est
1172 4724 1465 4796 integrum
1507 4728 1917 4799 deprehendat,
1942 4735 2003 4783 ut
2028 4730 2129 4783 cir-

435 4810 649 4862 cinum.
688 4810 771 4863 Ita
829 4812 998 4865 etiam
1050 4814 1382 4869 harmonica
1430 4817 1513 4870 vis
1555 4819 1728 4873 habet
1755 4820 1895 4873 duas
1930 4819 2129 4888 judicii

434 4903 663 4967 partes:
699 4916 879 4953 unum
932 4902 1166 4972 quidem
1208 4903 1557 4973 hujusmodi,
1590 4924 1691 4978 per
1724 4925 1895 4979 quam
1927 4924 2127 4962 sensus

434 4986 871 5056 comprehendit
902 4990 1285 5061 subjectorum
1319 4994 1670 5050 differentias
1700 5013 1924 5063 vocum,
1955 4998 2127 5051 aliam

432 5091 568 5129 vero
592 5092 693 5146 per
725 5093 895 5147 quam
929 5078 1181 5150 ipsarum
1214 5082 1670 5139 differentiarum
1701 5086 1937 5141 modum
1968 5100 2127 5141 men-

434 5182 748 5237 suramque
775 5169 1113 5224 considerat.

1125 5258 1350 5314 CAPUT
1383 5262 1452 5316 ll.

434 5342 581 5406 Quid
637 5345 726 5399 sid
782 5346 1097 5401 harmonica
1154 5350 1362 5417 regula,
1429 5352 1513 5405 uel
1578 5368 1741 5421 quam
1780 5353 2127 5408 intentionem

2166 4262 2209 4315 D

2236 3039 2683 3110 percussionem,
2708 3037 3003 3109 gravitatis
3033 3043 3203 3108 atque
3234 3033 3512 3089 acuminis
3544 3033 3933 3087 differentiam

2237 3129 2457 3183 diversa
2489 3128 2711 3182 ratione
2742 3126 3053 3197 ponebant,
3086 3126 3492 3179 Aristoxenum
3525 3123 3707 3176 secuti
3740 3127 3797 3175 et
3832 3122 3935 3192 Py-

2236 3216 2539 3287 thagorici.
2593 3216 2962 3271 Aristoxenus
3015 3216 3229 3286 quippe
3280 3228 3555 3268 sonorum
3584 3211 3935 3266 diﬁ'erentias

2235 3307 2549 3362 secundum
2582 3306 2945 3376 gravitatem,
2980 3309 3148 3375 atque
3195 3318 3438 3358 acumen
3469 3302 3497 3336 κ
3527 3300 3846 3355 arbitratur
3872 3300 3931 3353 in

2238 3396 2515 3469 qualitate
2562 3395 2909 3462 consistere;
2965 3392 3323 3465 Pythagorici
3361 3408 3493 3446 vero
3520 3391 3580 3445 iu
3612 3390 3936 3461 quantitate

2236 3486 2548 3556 ponebant.
2613 3484 2955 3539 Ptolemaeus
3017 3488 3211 3537 autem
3255 3479 3645 3552 Pythagoricis
3698 3479 3939 3550 propior

2236 3575 2476 3629 videtur.
2536 3573 2750 3627 Idcirco
2798 3572 3075 3644 quoniam
3132 3572 3253 3642 ipse
3314 3584 3543 3642 quoque
3599 3568 3939 3639 gravitatem

2239 3670 2410 3741 atque
2442 3680 2685 3717 acumen
2716 3679 2830 3717 non
2862 3662 2923 3716 in
2955 3661 3227 3733 qualitate
3258 3664 3441 3732 putat,
3477 3658 3575 3713 sed
3608 3659 3671 3711 in
3702 3657 3935 3729 quanti-

2237 3760 2352 3809 tate
2382 3753 2671 3807 constitui.
2706 3752 2927 3806 Etenim
2960 3751 3233 3822 spissiora
3264 3767 3327 3804 ac
3368 3748 3669 3803 subtiliora
3698 3762 3939 3817 corpora

2234 3859 2499 3910 acumen,
2524 3842 2745 3897 rariora
2771 3848 2827 3895 et
2842 3842 3092 3895 vastiora
3118 3841 3285 3895 edere
3314 3838 3678 3911 gravitatem,
3702 3843 3769 3890 ut
3790 3837 3938 3890 nihil

2237 3949 2391 3987 nunc
2440 3933 2509 3986 de
2552 3930 2892 3988 intensionis
2938 3928 3420 3999 relaxationisque
3471 3925 3642 3980 modo
3690 3924 3935 3978 dicatur.

2237 4023 2579 4093 Quanquam
2629 4022 2804 4075 etiam
2843 4036 2973 4075 cum
3030 4021 3322 4075 relaxatur
3353 4020 3369 4053 ι
3411 4018 3605 4087 aliqua
3664 4013 3831 4085 quasi
3861 4012 3941 4066 sit

2236 4112 2421 4169 rarius
2449 4116 2620 4183 atque
2669 4110 2931 4178 crassius,
2978 4125 3108 4164 cum
3166 4125 3298 4164 vero
3352 4106 3673 4163 intenditur
3699 4102 3941 4175 spissius

2236 4200 2518 4267 redditur,
2541 4199 2918 4271 subtiliusque
2945 4202 3239 4252 tenuatur.

2912 4287 3139 4342 CAPUT
3171 4286 3256 4340 IV.

2380 4381 2454 4433 De
2477 4392 2729 4432 sonorum
2755 4376 3081 4445 differentiis
3108 4374 3379 4430 Ptolemzi
3403 4373 3690 4427 sententia.

2311 4467 2410 4523 His
2438 4476 2477 4502 ιη
2506 4467 2685 4537 igitur
2714 4466 2792 4521 ita
2816 4464 3112 4537 expeditis,
3132 4461 3482 4520 diﬁ‘erentias
3512 4474 3791 4515 sonorum
3813 4458 3944 4512 Pto-

2237 4557 2473 4611 lemaeus
2495 4580 2524 4609 η
2571 4555 2773 4610 dividit
2814 4555 2924 4609 hoc
2954 4553 3162 4608 modo:
3219 4552 3434 4605 Vocum
3478 4550 3603 4604 aliae
3638 4551 3772 4602 sunt
3804 4546 3941 4601 uni-

2241 4662 2417 4712 sonte,
2453 4646 2581 4699 alias
2634 4645 2909 4699 minimae.
2962 4644 3231 4698 Unisonae
3288 4644 3441 4707 sunt,
3504 4653 3754 4710 quarum
3787 4651 3943 4690 unus

2241 4752 2412 4789 sonus
2444 4739 2547 4802 est,
2587 4735 2675 4789 vel
2703 4735 2763 4788 in
2809 4733 2985 4804 gravi,
3043 4733 3133 4787 vel
3168 4732 3228 4786 in
3278 4735 3464 4785 acuto.
3517 4731 3642 4783 Non
3675 4726 3945 4780 unisona:

2241 4840 2406 4889 vero;
2441 4824 2670 4895 quando
2704 4824 2814 4878 alia
2862 4829 2948 4877 est
2996 4822 3247 4893 gravior,
3281 4822 3395 4875 alia
3447 4818 3689 4873 acutior.
3725 4816 3947 4869 Harum

2238 4913 2452 4983 partim
2487 4915 2566 4968 ita
2611 4918 2764 4981 sunt,
2804 4918 2868 4967 ut
2898 4928 3098 4967 earum
3141 4911 3292 4965 inter
3334 4926 3392 4964 se
3423 4906 3747 4963 diﬁerentia
3788 4920 3951 4958 com-

2240 5001 2405 5055 muni
2448 5001 2561 5056 ﬁne
2596 5002 2895 5072 jungatur.
2958 5003 3085 5056 Non
3139 5001 3295 5054 enim
3350 4999 3594 5053 discreta
3625 5000 3729 5059 est,
3763 4993 3868 5046 sed
3917 5008 3950 5045 a

2240 5089 2401 5160 gravi
2432 5089 2493 5143 in
2527 5095 2758 5145 acutum
2788 5091 2867 5144 ita
2903 5088 3225 5156 deducitur,
3258 5090 3321 5141 ut
3347 5088 3624 5140 continua
3651 5082 3943 5136 videatur.

2238 5177 2377 5233 Aliae
2424 5194 2556 5232 vero
2603 5184 2737 5233 sunt
2791 5195 2905 5232 non
2964 5177 3245 5241 unisonae,
3307 5189 3555 5245 quarum
3614 5168 3953 5225 diﬁ‘erentia

2241 5266 2468 5321 silentio
2502 5266 2917 5321 interveniente
2940 5266 3341 5337 distinguitur,
3368 5268 3429 5318 ut
3454 5278 3586 5315 vero
3606 5275 3770 5314 voces
3790 5272 3951 5311 com-

2244 5355 2405 5409 muni
2434 5356 2549 5411 ﬁne
2581 5357 2923 5427 jungantur,
2965 5356 3031 5411 ﬁt
3059 5357 3169 5411 hoc
3198 5356 3368 5409 modo
3395 5370 3407 5407 :
3448 5352 3605 5408 Sicut
3632 5349 3781 5404 enim
3812 5362 3953 5402 cum

504 5469 908 5554 ξιμιιίξίηιᾳηι.
964 5473 989 5513 δ
1052 5474 1275 5554 Tenum
1345 5480 1394 5554 ο.
1429 5474 1521 5554 Ve.
1563 5477 1588 5518 (ἰ
1651 5475 2123 5554 Πίηιίάὶθιατθηξ.ξ³
2198 5478 2316 5554 Non
2348 5481 2589 5554 tegitur.
2626 5482 2647 5523 ί
2691 5481 3004 5554 Αεοίοιιιωη
3050 5481 3377 5554 Calepinus:
3427 5477 3715 5532 Asciacum
3756 5489 3785 5525 c
3814 5475 3954 5554 post

435 5536 852 5621 subscindendo‘
913 5545 1316 5621 carpentorum
1371 5545 1790 5621 instgimentum
1845 5554 1943 5602 est.
1984 5548 2178 5621 ΔΗιιέιιξ
2218 5536 2605 5607 diminutivum
2629 5554 2851 5621 asciola.
2894 5552 3025 5606 Inde
3049 5536 3257 5607 textum
3290 5552 3375 5603 hic
3394 5536 3950 5621 corruptumgopfihor-

434 5606 778 5675 Pythagorei.
839 5608 867 5646 ³³
920 5606 1086 5684 Ibid,
1151 5614 1348 5669 Multa.
1412 5614 1427 5649 ί
1492 5616 1855 5673 Tendendum.
1912 5632 1928 5685 j
1969 5606 2128 5685 Quid.
2162 5619 2192 5664 k
2238 5606 2992 5696 ArbitrabaturrlAliquid.
3042 5606 3087 5678 nt
3121 5624 3243 5683 Non
3275 5622 3493 5691 legitur.
3523 5606 3820 5676 iii-Divisit.
