4152 6184
203 270 343 325 1289

1608 267 1697 320 DE
1733 266 1988 321 MUSICA
2030 266 2162 322 LIB.
2206 268 2267 320 V.‘

3560 282 3696 337 i290

198 399 264 455 in
294 397 544 455 nubibus
581 412 747 451 arcus
778 396 1068 482 aspicitur,
1101 398 1183 451 ita
1223 398 1443 451 colores
1485 397 1717 452 sibimet
1761 400 1896 450 sunt
1932 401 1979 451 A
2006 398 2191 451 modis
2246 398 2522 470 diapason
2574 400 2807 472 quidem
2866 403 3102 474 duplici,
3156 404 3509 464 diatessaron
3562 428 3699 467 vero

199 487 455 561 proximi
488 506 502 542 :
528 492 593 541 ut
621 503 738 541 non
767 485 840 541 sit
864 491 1051 542 certus
1071 486 1223 554 ﬁnis,
1242 503 1373 541 cum
1404 488 1548 541 alter
1576 487 1646 541 ab
1676 488 1854 540 altero
1875 496 1900 520 ⁸

2008 487 2389 557 sesquitertio,
2423 505 2487 543 ac
2534 490 2804 560 diapente
2848 493 3216 565 sesquialtero
3247 504 3267 529 °
3290 496 3550 568 jungunt
3595 503 3700 573 Py-

205 578 586 648 disgregetur.
622 576 730 631 Sed
763 575 844 630 ita
870 576 1028 630 verbi
1063 577 1249 646 gratia
1278 593 1311 631 a
1353 576 1529 631 rubro
1562 575 1801 631 discedit
1829 575 1901 629 ad
2008 574 2307 647 thagorici,
2332 594 2401 632 ex
2427 580 2675 634 secundo
2693 580 2865 651 hujus
2883 582 3257 640 institutionis
3285 588 3512 643 Μιιεὶοω
3550 590 3700 647 libro

204 666 509 737 pallidum,
549 668 613 718 ut
642 680 746 735 per
773 663 1105 720 continuam
1144 665 1524 720 mutationem
1554 666 1613 719 in
1656 679 1899 736 sequen-

205 763 329 810 tem
352 758 609 808 vertatur
641 754 914 823 colorem,
945 754 1105 807 nullo
1137 754 1328 809 medio
1360 758 1631 826 certoque
1660 754 1903 808 interve-

207 844 427 911 niente,
475 842 573 915 qui
606 847 880 914 utrosque
910 843 1253 914 distinguat;
1286 845 1368 900 ita
1397 846 1571 899 etiam
1603 844 1730 899 ﬁeri
1760 844 1906 897 solet

209 933 271 986 in
302 932 549 995 vocibus,
580 936 645 986 ut
673 932 722 986 si
751 932 880 1003 quis
908 933 1187 1003 percutiat
1213 950 1454 987 nervum
1489 949 1737 1004 eumque
1766 932 1904 986 dum

209 1021 463 1091 percutit
484 1024 772 1091 torqueat,
801 1020 991 1075 evenit
1028 1025 1091 1075 ut
1124 1020 1184 1075 in
1228 1021 1513 1093 principio
1553 1022 1753 1093 pulsus
1784 1036 1908 1091 gra-

210 1110 337 1163 vior
366 1110 459 1176 sit,
493 1110 631 1163 dum
657 1114 959 1180 torquetur
989 1125 1122 1164 vero
1147 1126 1255 1163 vox
1286 1110 1385 1164 illa
1414 1114 1704 1177 tenuetur,
1728 1108 1907 1163 conti-

210 1198 431 1270 nuique
452 1198 597 1252 ﬁant
626 1198 813 1266 gravis
842 1198 989 1253 vocis
1020 1198 1243 1276 sonitu;
1274 1204 1331 1254 et
1368 1204 1571 1254 acutae.

902 1339 1130 1394 CAPUT
1168 1341 1233 1394 V.

538 1482 664 1549 Qua
694 1497 842 1537 voces
881 1483 1246 1538 enharmonia:
1270 1478 1399 1538 'sunt
1429 1488 1590 1553 aptae.

290 1628 435 1682 Cum
461 1624 639 1697 igitur
672 1641 792 1680 non
820 1625 1199 1681 unisonarum
1229 1642 1434 1681 vocum
1465 1626 1590 1680 alia:
1628 1625 1743 1680 sint
1772 1641 1916 1680 con-

217 1715 421 1781 tinuas,
454 1714 581 1769 aliae
612 1714 972 1785 disgregatze,
1003 1716 1292 1769 continua:
1318 1715 1554 1786 quidem
1591 1715 1731 1769 tales
1760 1718 1907 1781 sunt,
1953 1732 1995 1787 Β

217 1808 285 1858 ut
314 1804 467 1859 inter
490 1820 549 1858 se
581 1820 778 1858 earum
812 1804 1137 1859 differentia
1160 1803 1455 1859 communi
1485 1804 1600 1859 ﬁne
1636 1803 1917 1875 jungatur

223 1909 330 1947 nec
360 1892 570 1947 habeat
613 1894 801 1947 locum
847 1893 1212 1965 designatum
1254 1909 1363 1965 vox
1406 1898 1571 1948 acuta
1616 1894 1919 1964 gravisque

225 1997 402 2053 quem
440 1986 693 2036 teneant.
734 1960 1004 2036 Discretae
1043 1998 1177 2036 vero
1208 1960 1421 2036 habent
1449 1960 1918 2053 proprioslocos,

228 2071 322 2126 vel
343 2070 428 2125 uti
456 2072 674 2125 colores
696 2070 1070 2142 impermixti,
1094 2088 1340 2143 quorum
1369 2070 1694 2126 differentia
1721 2070 1922 2125 visitur

230 2176 334 2214 suo
364 2159 621 2230 quodam
667 2159 794 2213 loco
836 2159 1161 2213 constituta.
1196 2160 1495 2214 Continuus
1524 2158 1756 2229 quidem
1804 2172 1923 2211 non

231 2248 493 2303 nnisonae
532 2263 697 2302 voces
745 2248 817 2302 ab
863 2248 1201 2302 harmonica
1247 2248 1513 2301 facultate
1564 2250 1919 2318 separantur.

232 2338 377 2392 Sunt
415 2338 572 2391 enim
621 2337 730 2391 sibi
775 2337 913 2407 ipsis
957 2336 1281 2402 dissimiles,
1336 2352 1440 2390 nec
1482 2352 1665 2390 unum
1711 2335 1921 2407 aliquid

234 2430 633 2497 personantes.
664 2425 931 2480 Discretm
978 2440 1110 2480 vero
1138 2442 1305 2479 voces
1349 2425 1697 2479 harmoniam
1742 2424 1927 2493 subji-

236 2516 471 2569 ciuntur
499 2514 626 2568 arti.
659 2516 853 2569 Potest
881 2514 1037 2568 enim
1064 2514 1403 2568 distantium
1431 2514 1655 2585 sibique
1687 2512 1931 2568 dissimi-

238 2604 383 2658 lium
412 2619 615 2657 vocum
665 2602 989 2657 differentia
1018 2602 1394 2673 deprehendi,
1442 2602 1502 2655 in
1548 2602 1756 2672 quibus
1802 2618 1931 2672 quae

234 2692 452 2762 juncta:
511 2690 732 2745 efﬁcere
798 2691 979 2745 melos
1043 2690 1282 2761 possint,
1342 2688 1576 2763 ἕμμελεῖς
1642 2690 1931 2756 dicuntur,

240 2779 468 2851 ἐκμελεῖς
498 2785 690 2835 autem
723 2780 933 2852 quibus
955 2780 1172 2851 junctis
1203 2780 1352 2835 efﬁci
1381 2796 1497 2834 non
1526 2783 1733 2851 potest.

663 2922 713 2965 ο
914 2905 1142 2960 CAPUT
1180 2906 1270 2959 VI.

2010 670 2214 735 quarto
2246 668 2564 737 petendum
2592 674 2695 725 est.

2620 804 2634 819 ο
2668 796 2892 854 CAPUT
2909 800 3048 869 ζνιῐ.

2015 915 2168 981 Quod
2208 919 2568 987 reprehendat
2610 923 2919 979 Ptolemaeus
2966 927 3353 995 Pythagoricos
3387 930 3447 983 in
3482 945 3706 985 numero

2633 1014 3086 1080 propositionum.

2088 1145 2478 1215 Reprehendit
2560 1155 2752 1205 autem
2848 1153 3252 1225 Pythagoricos
3340 1158 3709 1226 Ptolemaeus,

2018 1236 2316 1305 totamque
2373 1253 2501 1291 eam
2558 1255 2733 1309 quam
2788 1242 3078 1311 praedictis
3134 1243 3293 1298 libris
3341 1247 3713 1317 exposuimus

2021 1323 2569 1381 demonstrationem
2594 1328 2856 1399 pluribus
2879 1332 3085 1399 modis,
3118 1331 3179 1387 in
3210 1349 3324 1404 quo
3352 1338 3541 1390 totum
3570 1337 3716 1392 illud

2023 1413 2197 1467 etiam
2237 1415 2393 1485 quod
2437 1416 2787 1473 diatessaron
2833 1436 2896 1473 ac
2927 1421 3193 1491 diapente
3234 1424 3607 1495 sesquialtero
3660 1430 3717 1480 et

2024 1502 2388 1571 sesquitertio
2418 1505 2796 1577 conjungunt,
2824 1508 2886 1562 in
2927 1511 3163 1582 reliquis
3188 1527 3323 1566 vero
3368 1514 3716 1585 superparti-

2024 1589 2333 1657 cularibus,
2363 1607 2495 1646 cum
2527 1594 2783 1663 ejusdem
2824 1596 2940 1651 sint
2967 1598 3215 1667 generis,
3242 1601 3428 1655 nullas
3475 1601 3717 1657 omnino

2026 1678 2317 1749 applicent
2348 1684 2775 1740 consonantias.

2653 1809 2880 1865 CAPUT
2920 1810 3058 1867 VIII.

2028 1932 2423 1987 Demonstratio
2461 1933 2753 1988 secundum
2788 1935 3131 1991 Ptolemzum
3176 1935 3460 2007 diapason‘
3489 1941 3542 1993 et
3596 1939 3720 1994 dia-

2544 2027 2786 2078 tessaron
2817 2028 3199 2081 consonantiae.

2102 2165 2308 2220 Probat
2337 2168 2527 2218 autem
2577 2182 2645 2219 ex
2694 2166 2967 2237 diapason
3011 2172 3068 2222 et
3113 2167 3468 2223 diatessaron
3513 2185 3723 2241 quam-

2035 2256 2167 2310 dam
2193 2254 2596 2325 symphoniam
2640 2254 2766 2309 ﬁeri
2796 2255 2905 2310 hoc
2935 2257 3127 2311 modo.
3181 2257 3465 2321 Quoniam
3493 2257 3521 2295 ἀ
3568 2258 3726 2313 enim

2036 2344 2310 2415 diapason
2336 2344 2713 2398 consonantia
2741 2345 2916 2399 talem
2965 2345 3118 2399 vocis
3148 2346 3322 2400 efﬁcit
3370 2348 3727 2418 conjunctio-

2037 2449 2193 2498 nem,
2221 2436 2285 2485 ut
2309 2448 2457 2485 unus
2488 2434 2658 2503 atque
2687 2432 2839 2487 idem
2870 2450 3078 2489 nervus
3107 2451 3227 2488 esse
3250 2434 3531 2505 videatur,
3554 2434 3729 2507 idque

2040 2521 2401 2593 Pythagorici
2440 2537 2669 2592 quoque
2711 2523 3093 2590 consentiunt,
3140 2524 3407 2595 quocirca
3448 2524 3496 2578 si
3536 2540 3650 2595 qua
3677 2523 3733 2579 ei

2042 2610 2413 2665 consonantia
2442 2610 2613 2663 fuerit
2642 2611 2853 2678 addita,
2887 2612 3110 2683 integra
3132 2613 3521 2685 inviolataque
3552 2629 3734 2667 serva-

2042 2706 2157 2754 tur.
2190 2700 2274 2754 Ita
2300 2698 2455 2752 enim
2486 2699 2763 2770 diapason
2793 2702 3173 2756 consonantiae
3202 2702 3437 2758 additur
3458 2710 3735 2773 tanquam

2045 2787 2149 2843 uni
2172 2804 2367 2842 nervo.
2401 2786 2483 2842 Sit
2510 2787 2686 2857 igitur
2717 2789 2993 2859 diapason
3034 2791 3411 2845 consonantia
3441 2807 3570 2862 quas
3608 2806 3738 2845 con-

2047 2878 2301 2931 tineatur
2317 2876 2470 2930 inter
2499 2877 2751 2947 hypaton
2772 2894 2973 2931 meson
2995 2883 3051 2932 et
3071 2882 3241 2933 neten
3261 2879 3735 2950 diezeugmenon.

2052 2967 2304 3036 Utraque
2364 2964 2487 3019 haec
2538 2966 2618 3019 ita
2670 2965 2779 3020 sibi
2832 2967 3134 3033 consentit,
3170 2976 3191 3001 θ
3253 2972 3309 3022 at
3368 2968 3742 3040 conjungitur

2051 3070 2210 3119 sono,
2239 3058 2301 3107 ut
2320 3070 2436 3107 una
2455 3070 2561 3108 vox
2585 3055 2747 3125 quasi
2772 3056 2943 3109 unius
2962 3056 3143 3123 nervi,
3167 3073 3285 3110 non
3309 3056 3473 3127 quasi
3494 3058 3743 3111 duorum

2053 3143 2229 3196 mixta
2257 3142 2435 3212 pellat
2477 3142 2756 3197 auditum.
2792 3143 3224 3215 Quamcumque
3253 3145 3436 3216 igttur
3471 3144 3605 3199 huic
3632 3143 3747 3199 dia-

2051 3247 2236 3302 pason
2295 3232 2680 3285 consonantiae
2710 3234 3144 3287 consonantiam
3186 3233 3569 3312 junrerimus,
3628 3249 3745 3288 ser-

250 3322 319 3375 Et
348 3321 455 3375 hoc
483 3322 717 3391 quidem
760 3325 845 3375 est
887 3321 1181 3375 Ptolemzei
1214 3320 1284 3375 de
1323 3337 1595 3375 sonorum
1628 3320 1947 3375 differentia
2054 3324 2219 3373 vatur
2248 3320 2489 3390 integra,
2525 3320 2660 3391 quia
2684 3321 2763 3374 ita
2786 3322 3053 3393 jungitur
3076 3327 3374 3393 tamquam
3399 3323 3499 3377 uni
3532 3323 3750 3376 vocula:

246 3409 550 3480 judicium.
584 3409 745 3463 Nunc
772 3414 962 3464 autem
984 3409 1121 3480 quid
1142 3426 1175 3463 a
1204 3410 1425 3464 caeteris
1458 3410 1689 3463 musicis
1720 3408 1781 3462 in
1811 3424 1949 3462 con-
2058 3426 2122 3462 ac
2154 3424 2346 3463 nervo.
2382 3408 2441 3463 Si
2479 3409 2655 3477 igitur
2697 3410 2908 3480 hypate
2959 3426 3157 3465 meson
3199 3417 3256 3465 et
3307 3415 3479 3465 neten
3517 3411 3754 3466 diezeu-

252 3499 652 3552 sonantiarum
694 3499 973 3569 positione
1014 3499 1296 3553 disteterit
1343 3498 1651 3553 dicendum
1684 3498 1945 3551 videtur:
2060 3514 2310 3567 gmenon
2340 3498 2468 3552 duas
2498 3498 2558 3551 in
2585 3484 2815 3552 acutum
2847 3500 3215 3554 deatessaron
3258 3500 3477 3555 fuerint
3514 3501 3753 3571 junctae,

257 3586 616 3657 Pythagorici
643 3588 800 3641 enim
845 3588 1242 3641 consonantias
1282 3587 1549 3658 diapente
1581 3604 1645 3640 ac
1673 3587 1952 3641 diatessa-
2063 3589 2083 3629 ί
2117 3587 2161 3639 si
2193 3586 2564 3657 conjungitur
2594 3594 2724 3642 nete
2757 3589 2993 3658 quidem
3040 3590 3498 3660 diezeugmenon
3531 3606 3598 3644 ea
3628 3606 3756 3661 quae

256 3692 369 3730 ron
400 3676 685 3747 simplices
732 3676 1107 3745 arbitrantur,
1141 3682 1311 3748 atque
1343 3694 1410 3731 ex
1440 3677 1529 3731 his
1559 3693 1735 3730 unam
1764 3676 1956 3746 diapa-
2062 3680 2148 3729 est
2178 3680 2306 3729 nete
2328 3676 2737 3747 hyperboleon,
2774 3677 2985 3747 hypate
3034 3683 3227 3733 autem
3274 3695 3471 3733 meson
3519 3695 3587 3733 ea
3631 3694 3762 3749 qua:

260 3780 370 3818 son
400 3764 834 3819 consonantiam
880 3766 1171 3836 jungunt;
1206 3781 1328 3820 esse
1377 3766 1550 3820 etiam
1596 3765 1861 3835 diapente
1892 3780 1957 3817 ac
2066 3769 2152 3818 est
2175 3780 2349 3831 mese,
2384 3769 2628 3834 utraque
2662 3765 2733 3818 ad
2766 3770 3071 3835 utramque
3102 3768 3457 3834 consonabit,
3507 3772 3563 3821 et
3605 3784 3762 3822 mese

262 3853 562 3923 diapason,
590 3858 646 3907 et
673 3852 764 3908 bis
795 3853 1093 3924 diapason,
1126 3855 1285 3907 illam
1316 3854 1605 3924 btriplicis
1636 3855 1782 3907 hanc
1813 3869 1956 3923 qua-
2067 3854 2137 3908 ad
2169 3858 2339 3908 neten
2368 3854 2844 3924 diezeugmenon,
2877 3860 2933 3909 et
2971 3856 3173 3910 eadem
3224 3873 3380 3911 mese
3410 3858 3481 3911 ad
3512 3857 3765 3928 hypaten

261 3942 479 4013 drupli.
520 3942 805 4012 Diapason
842 3958 977 3997 vero
1016 3957 1082 3996 ac
1128 3942 1480 3997 diatessaron
1528 3942 1960 3996 consonantiam
2068 3958 2292 3996 meson.
2320 3943 2461 3996 Item
2493 3947 2623 3997 nete
2652 3943 3041 4013 hyperboleon
3076 3945 3146 3997 ad
3176 3950 3351 3999 neten
3399 3945 3765 4015 diezeugme-

264 4046 388 4084 esse
417 4046 534 4085 non
564 4031 871 4099 aestimant,
898 4030 1110 4085 idcirco
1137 4031 1412 4101 quoniam
1434 4030 1812 4101 noninsuper
1839 4045 1963 4100 par-
2072 4047 2191 4085 non
2228 4036 2285 4084 et
2332 4032 2402 4084 ad
2462 4032 2711 4101 hypaten
2775 4048 2992 4085 meson.
3048 4034 3189 4085 Item
3235 4032 3281 4085 si
3330 4032 3399 4087 ad
3447 4033 3767 4102 graviorem

264 4119 497 4174 ticulari
540 4121 629 4175 vel
684 4120 991 4191 multiplici
1040 4120 1191 4174 cadit
1241 4120 1691 4191 comparatione,
1748 4120 1846 4174 sed
1901 4119 1965 4172 in
2071 4126 2296 4190 partem
2325 4129 2350 4163 Β
2379 4120 2681 4190 utriusque
2712 4120 3068 4174 diatessaron
3097 4121 3489 4174 consonantiae
3520 4121 3773 4174 relaxen-

266 4208 578 4279 multiplici
620 4209 1096 4280 superpartiente.
1154 4209 1250 4262 Est
1295 4210 1452 4264 enim
1493 4209 1615 4263 haec
1663 4208 1964 4279 proportio
2076 4214 2192 4275 tur,
2223 4209 2332 4262 erit
2363 4208 2436 4262 ad
2459 4210 2488 4250 ιι
2517 4224 2702 4263 meses
2727 4209 2963 4280 quidem
3007 4209 3262 4280 hypaton
3296 4209 3653 4263 diatessaron
3683 4225 3771 4263 re-

266 4314 477 4352 vocum
514 4303 578 4352 ut
606 4304 732 4352 octo
764 4299 833 4352 ad
862 4301 924 4364 3;
972 4298 1019 4352 si
1062 4298 1191 4369 quis
1230 4298 1386 4352 enim
1432 4298 1639 4352 horum
1684 4299 1745 4351 in
1775 4297 1965 4351 medio
2008 4318 2051 4371 Ι)
2078 4297 2269 4350 tinens
2289 4296 2718 4350 consonantiam
2740 4296 2949 4367 hypate
2980 4297 3253 4367 hypaton,
3286 4298 3356 4352 ad
3384 4302 3559 4351 neten
3583 4301 3775 4350 autem

270 4391 524 4457 quatuor
555 4391 749 4457 ponat,
788 4387 961 4441 efficit
1008 4386 1289 4441 terminos
1320 4387 1425 4440 hos
1470 4390 1501 4441 8
1542 4389 1576 4440 4
1615 4389 1668 4440 3.
1717 4387 1972 4450 Quorum
2081 4385 2534 4455 diezeugmenon
2595 4399 2910 4452 paramese.
2956 4384 3422 4456 Consonabitque
3466 4390 3522 4439 et
3560 4385 3776 4455 hypate

272 4482 405 4529 octo
437 4476 508 4530 ad
534 4478 569 4529 4
598 4476 874 4547 diapason
907 4475 1165 4530 efficiunt
1209 4477 1678 4542 consonantiam;
1711 4477 1746 4529 4
1796 4476 1867 4530 ad
1920 4479 1969 4541 3,
2080 4474 2329 4543 hypaton
2358 4473 2428 4526 ad
2458 4474 2708 4543 hypaten
2732 4488 2955 4541 meson,
2982 4477 3038 4527 et
3067 4473 3139 4528 ad
3174 4473 3188 4507 ί
3221 4478 3392 4528 neten
3423 4473 3783 4543 diezeugme-

270 4564 660 4630 diatessaron;
691 4568 816 4618 octo
844 4579 982 4617 vero
1021 4564 1094 4618 ad
1124 4565 1178 4629 3,
1210 4562 1273 4617 in
1319 4562 1624 4633 multiplici
1663 4579 1974 4634 superpar-
2083 4578 2201 4615 non
2233 4562 2304 4615 ad
2334 4576 2668 4632 paramesen
2700 4566 2755 4615 et
2788 4565 2918 4616 nete
2948 4562 3424 4632 diezeugmenon,
3468 4566 3526 4616 et
3573 4563 3643 4617 ad
3683 4563 3782 4635 hy-

272 4653 458 4707 tiente
486 4653 870 4707 constituitur.
906 4652 1045 4717 Qum
1090 4656 1285 4707 autem
1331 4652 1405 4705 sit
1449 4652 1748 4721 multiplex
1782 4668 1978 4721 super-
2084 4656 2217 4721 pate
2269 4667 2485 4705 meson.
2529 4650 2637 4704 Sed
2686 4667 2752 4704 eo
2802 4651 2971 4705 modo
3017 4656 3081 4705 ut
3140 4652 3370 4721 gravior
3413 4667 3542 4722 qua:
3588 4656 3674 4706 est
3713 4653 3787 4707 ad

272 4742 536 4813 partiens
589 4742 941 4812 comparatio
1000 4758 1066 4795 ex
1126 4740 1501 4795 arithmeticis
1548 4740 1712 4795 libris
1760 4756 1982 4810 cogno-
2087 4741 2195 4794 sibi
2237 4740 2468 4811 quidem
2505 4740 2821 4808 proximam
2872 4739 3228 4793 diatessaron
3280 4739 3528 4795 retineat
3580 4757 3785 4796 conso-

276 4831 557 4885 scendum
585 4835 689 4897 est,
723 4835 782 4884 et
817 4846 885 4885 ex
933 4829 1026 4885 his
1068 4845 1199 4901 quas
1245 4829 1492 4884 secundo
1540 4829 1714 4899 hujus
1761 4829 1982 4883 institu-
2090 4827 2372 4893 nantiam,
2401 4827 2472 4880 ad
2500 4827 2831 4881 ulteriorem
2854 4842 2985 4881 vero
3010 4827 3364 4883 diatessaron
3394 4845 3458 4883 ac
3487 4830 3787 4901 diapason,

275 4919 457 4974 tionis
487 4920 633 4974 libro
664 4920 1027 4990 digessimus.
1061 4919 1423 4990 Pythagorici
1454 4922 1646 4973 autem
1669 4934 1982 4973 consonan-
2090 4920 2153 4970 ut
2183 4916 2391 4987 hypate
2437 4915 2713 4985 hypaton,
2746 4914 2818 4968 ad
2869 4916 3122 4986 hypaten
3162 4933 3362 4972 meson
3407 4918 3785 4986 diatessaron,

276 5008 392 5063 tias
422 5007 482 5062 in
530 5008 947 5079 multiplicibus
987 5025 1051 5063 ac
1080 5007 1696 5078 superparticularibus
1736 5014 1979 5078 ponunt,
2093 5006 2165 5059 ad
2219 5010 2392 5059 neten
2455 5004 2909 5075 diezeugmenon
2966 5004 3320 5061 diatessaron
3375 5024 3440 5061 ac
3492 5009 3789 5078 diapason.

278 5097 433 5152 sicut
460 5097 522 5151 in
570 5098 773 5151 eodem
819 5096 967 5152 libro
1003 5096 1253 5151 secundo
1293 5101 1613 5168 quartaque
1644 5097 1981 5168 praedictum
2094 5095 2236 5147 Item
2264 5098 2395 5147 nete
2422 5092 2831 5163 hyperboleon,
2857 5108 2986 5163 quae
3007 5097 3091 5147 est
3113 5095 3357 5162 acutior,
3385 5096 3456 5149 ad
3478 5095 3585 5149 sibi
3613 5094 3796 5166 proxi-

280 5192 389 5241 est.
423 5188 472 5240 A
501 5185 1027 5256 superpatientibus
1064 5200 1197 5239 vero
1228 5200 1293 5238 ac
1341 5184 1760 5254 multiplicibus
1793 5200 1989 5253 super-
2097 5198 2252 5236 mam
2281 5185 2451 5234 neten
2481 5180 2933 5251 diezeugmenon
2957 5182 3313 5237 diatessaron
3334 5182 3795 5247 consonantiam,

280 5274 674 5347 partientibus
705 5272 1146 5330 consonantiam
1193 5277 1481 5345 separant.
1536 5272 1753 5337 Quibus
1795 5279 1987 5327 autem
2098 5273 2171 5326 ad
2201 5272 2453 5341 hypaten
2483 5285 2679 5323 meson
2714 5270 3069 5325 diatessaron
3101 5288 3166 5326 ac
3198 5272 3495 5343 diapason.

283 5480 301 5515 1
332 5416 385 5534 At
416 5408 787 5533 οἷερνοραεωο,
864 5407 895 5451 b
930 5406 1178 5476 Triplici.
1255 5413 1277 5440 °
1303 5404 1667 5474 Conjungunt.
1744 5400 1773 5440 ιι
1800 5406 1917 5460 Νοη

390 5494 456 5533 ne
482 5494 524 5533 e.

2040 5406 2176 5459 itur.

390 5494 524 5533 nete.

289 3040 456 3106 Quem
483 3054 763 3093 numerum
798 3040 1211 3108 proportionum
1240 3037 1595 3106 Pythagorici
1618 3041 1887 3093 statuunt.
1978 3029 2020 3084 C

318 3146 599 3201 Consonus
646 3150 843 3199 autem
890 3148 1167 3199 vocantur
1220 3161 1347 3215 qum
1409 3145 1689 3215 copulatae
1737 3143 1943 3199 mixtos

248 3249 565 3305 suavesque
586 3232 843 3287 efficiunt
862 3249 1051 3287 sonos.
1079 3232 1335 3287 Dissona:
1361 3248 1497 3287 vero
1525 3249 1655 3304 quae
1682 3232 1941 3287 minime.

2254 5410 2275 5435 ο
2305 5402 2503 5470 Atque.
2583 5400 2603 5442 ί
2631 5400 2781 5456 Sicut
2801 5401 3081 5469 jungitur.
3157 5410 3182 5444 ε
3216 5402 3486 5469 Utrisque.
3542 5402 3572 5442 ιι
3596 5402 3800 5455 Mesen.

681 5550 961 5617 PATBOL.
1011 5549 1235 5616 LXIII.

2325 5552 2331 5613 ξ
3362 5545 3441 5609 41
