4152 6184
490 310 639 364 129ι

1363 490 1489 538 Nete
1513 489 1870 552 hyperboleon

1363 564 1613 628 Paranete
1643 579 2002 643 hyperboleon

1346 654 1497 717 ‘Trite
1522 668 1886 731 hyperboleon

1356 758 1481 805 Nete
1498 757 1916 820 diezeugmenon

1356 847 1606 894 Paranete
1624 830 2005 909 dizeugmenon

1347 829 1643 836 Ὦ

1349 945 1486 993 Trite
1521 946 1933 1008 diezeugmenon

1352 1035 1622 1084 Paramese

1239 1087 1270 1119 ς

1155 1115 1210 1180 Ξ
1234 1115 1304 1180 ΕΙ
1346 1132 1492 1180 Mese

1348 1235 1599 1284 Lichanos
1624 1251 1808 1286 meson

1201 543 1241 656 ἓ

1167 663 1259 797 ἔ

772 831 947 1019 ἓως
1184 966 1224 997 Α

708 1015 764 1099 .5
1167 988 1219 1110 ’Ξ

636 1089 733 1209 ᾗ
791 1141 876 1226 ᾖ
1155 1115 1210 1180 Ξ
1234 1088 1261 1180 ἓ

617 1226 716 1315 .a
778 1226 853 1319 at
1157 1320 1193 1344 υ

634 1322 688 1379 Ω
1141 1344 1193 1431 ἔ

1147 1436 1208 1466 Α,

770 1490 876 1617 ’ἱ
1124 1473 1191 1565 ’έ

820 1615 876 1684 τε
1173 1624 1175 1626 .

835 1683 907 1761 Θ
1125 1678 1181 1745 ς

1112 1750 1225 1907 ἔξ

1345 1345 1635 1408 Parhypate
1657 1361 1839 1397 meson

1744 1430 2077 1438 *Ἦ

1341 1460 1541 1522 Hypata
1566 1475 1753 1513 meson

1807 1554 2091 1563 Ἢ

1337 1554 1612 1637 Lychanos
1639 1554 1876 1641 hypaton

475 785 525 830 ,Ξ

476 854 524 975 Ξ

485 1088 519 1117 cu

471 1124 519 1225 ἓ

484 1230 518 1253 ο)

483 1258 533 1317 ἓν

480 1353 515 1422 ἓ

479 1426 514 1481 ἓὲ

477 1486 528 1571 ἓ

462 1578 511 1607 ’τι

462 1614 510 1655 ,Ξ

462 1662 509 1703 Q

1338 1682 1629 1746 Parhypate
1656 1686 1890 1748 hypaton

1332 1780 1531 1842 Hypata
1563 1783 1796 1845 hypaton

1294 1856 2094 1879 ‘—

1331 1889 1909 1943 Proslambanomenon

1331 1890 1909 1943 Proslambanomenon
2107 1890 2116 1979 Ι

1188 2075 1312 2124 Nete
1340 2076 1703 2142 hyperboleon

1185 2174 1312 2223 Nete
1344 2176 1760 2242 diezeugmenon

1188 2324 1256 2374 Pa
1266 2340 1467 2377 ramese

1184 2457 1331 2507 Mese

1188 2590 1388 2654 Hypata
1413 2606 1596 2644 meson

1182 2688 1385 2751 Hypata
1411 2689 1648 2754 hypaton

756 2234 804 2288 Π
981 2238 1025 2299 Π
1135 2061 1145 2566 l

590 2962 885 3094 wa-
749 2971 1133 3108 ,Ι

574 3449 1113 3531 Ine-9‘:-

1103 3644 1327 3698 CAPUT
1370 3644 1453 3698 IX.

635 3738 760 3804 Quae
788 3744 861 3794 sit
886 3744 1196 3811 praprietas
1227 3743 1495 3811 diapason
1533 3747 1911 3800 consonantiae.

494 3826 609 3879 Hoc
653 3843 783 3883 vero
817 3828 1028 3885 idcirco
1063 3832 1294 3885 evenire
1342 3832 1657 3899 contendit,
1692 3835 1964 3903 quoniam
2005 3838 2129 3893 dia-

419 3929 596 3983 pason
625 3934 773 3988 pene
807 3936 922 3974 una
953 3922 1153 3975 vocula
1187 3926 1293 3987 est,
1325 3922 1570 3993 talisque
1602 3926 1982 3980 consonantia
2016 3933 2122 3994 est,

417 4007 481 4057 ut
510 4022 691 4061 unum
718 4000 1145 4080 quodammodo
1174 4011 1410 4082 efﬁngat
1441 4026 1669 4079 sonum,
1700 4018 1756 4067 et
1784 4014 1928 4069 sicut
1956 4016 2125 4070 dena-

416 4093 500 4147 rio
532 4111 795 4164 numero,
828 4099 927 4170 qui
966 4100 1137 4154 fuerit
1161 4101 1391 4155 additus
1422 4100 1573 4155 intra
1618 4118 1751 4155 eum
1783 4105 2002 4172 positus
2030 4105 2120 4159 in-

416 4188 575 4252 teger
620 4196 644 4218 δ
699 4185 1003 4243 inviolatus
1047 4195 1330 4257 servatur;
1366 4206 1495 4243 cum
1544 4191 1603 4244 in
1655 4191 1874 4244 caeteris
1925 4193 1991 4247 ad
2044 4193 2124 4247 ita

412 4273 651 4327 minime
683 4276 927 4344 eveniat,
974 4277 1053 4331 ita
1098 4280 1271 4333 etiam
1300 4280 1361 4333 in
1394 4279 1499 4332 hac
1542 4280 1935 4336 consonantia.
1975 4283 2120 4336 Nam

1799 317 1913 367 AN.
1966 274 2175 367 MANIC.

3850 322 3865 370 l
3878 322 3963 371 29‘!

2219 313 2362 366 δην.
2409 315 2645 369 BOETIi

2225 444 2362 498 Ain
2421 446 2725 515 multiplici
2782 446 3240 517 superpartiente
3296 447 3621 502 constituta.
3676 451 3873 519 Estque
3917 470 3969 506 ea

2291 535 2588 603 proportio
2647 535 2822 605 dupla
2864 536 3380 606 superbipartiens,
3436 542 3499 591 ut
3549 544 3675 591 octo
3727 540 3797 591 ad
3848 546 3963 605 tres;

2289 622 2501 677 habent
2533 624 2686 679 enim
2717 623 3032 678 ternarium
3059 630 3185 679 octo
3216 625 3321 692 bis,
3346 625 3601 697 duasque
3633 626 3757 696 ejus
3783 635 3959 697 partes,

2285 711 2340 765 id
2375 719 2457 767 est
2489 714 2628 768 duas
2659 715 2928 769 unitates.

2971 804 3193 859 CAPUT
3235 803 3295 857 X.

2425 893 2627 959 Quibus
2654 893 2831 947 modis
2860 894 3175 947 Ptolcmzus
3200 895 3582 948 consonantias
3612 899 3841 949 statuat.

2353 983 2415 1035 Et
2443 982 2511 1036 de
2542 983 3051 1053 Pythagoricorum
3084 981 3319 1054 quidem
3350 983 3622 1053 opinione
3650 986 3961 1039 Ptolemaeus

2278 1070 2357 1123 ita
2387 1071 2662 1141 dijudicat
2695 1088 2707 1124 :
2745 1071 2953 1142 quibus
3004 1088 3132 1125 vero
3181 1072 3369 1125 modis
3415 1072 3535 1139 ipse
3582 1075 3951 1128 consonantia-

2276 1175 2404 1213 rum
2436 1160 2836 1231 proportiones
2867 1176 3251 1230 numerosque
3297 1160 3553 1230 vestiget,
3593 1161 3731 1215 hinc
3757 1163 3950 1217 ordien-

2276 1249 2412 1303 dum
2440 1255 2541 1303 est.
2596 1251 2787 1317 Voces,
2835 1240 3043 1320 inqﬁit,
3078 1251 3227 1302 inter
3273 1267 3333 1303 se
3378 1249 3465 1303 vel
3518 1252 3783 1304 unisonm
3828 1258 3949 1317 sunt,

2271 1340 2359 1391 vel
2392 1355 2508 1392 non
2539 1340 2816 1393 unisonae.
2849 1341 2973 1393 Non
3004 1339 3378 1392 unisonarum
3407 1344 3599 1392 autem
3633 1357 3830 1394 vocum
3851 1343 3952 1395 aliis

2272 1428 2505 1498 quidem
2538 1434 2672 1483 sunt
2694 1429 3023 1499 aequisonae,
3046 1440 3068 1464 ο
3089 1429 3216 1481 alia:
3248 1429 3526 1495 emmelis,
3558 1429 3690 1482 alia:
3714 1429 3950 1489 dissonae,

2270 1518 2396 1572 aliae
2445 1519 2693 1573 ecmelis.
2748 1520 2813 1573 Et
2858 1518 3122 1572 unisonae
3168 1518 3397 1588 quidem
3453 1523 3590 1571 sunt
3624 1535 3756 1588 quae
3803 1536 3953 1573 unum

2267 1612 2439 1678 atque
2504 1608 2772 1663 eumdem
2828 1607 3124 1678 sigillatim
3192 1607 3373 1677 pulsas
3430 1606 3682 1662 reddunt
3752 1625 3948 1662 sonum.

2268 1698 2593 1768 Equisones
2625 1714 2758 1753 vero
2808 1714 2936 1768 quae
2987 1696 3157 1750 simul
3208 1696 3388 1766 pulsae
3439 1713 3623 1751 unum
3654 1713 3727 1751 ex
3758 1697 3951 1752 duobus

2267 1791 2440 1858 atque
2471 1787 2789 1858 simplicem
2812 1786 3239 1858 quodammodo
3262 1787 3518 1841 efﬁciunt
3543 1804 3789 1852 sonum,
3810 1794 3865 1842 ut
3885 1797 3953 1843 est

2265 1876 2564 1947 diapason,
2621 1890 2801 1947 eaque
2873 1876 3163 1946 duplicata
3218 1892 3345 1945 quae
3400 1880 3485 1929 est
3544 1876 3631 1930 bis
3675 1877 3949 1947 diapason.

2263 1964 2539 2019 Consonae
2570 1970 2761 2019 autem
2788 1969 3071 2035 suntquae
3093 1964 3476 2034 compositum
3504 1964 3950 2036 permixtumque

2261 2071 2493 2108 suavem
2526 2058 2716 2108 tamen
2766 2054 3024 2108 efﬁcirnt
3074 2069 3298 2117 sonum,
3335 2060 3401 2107 ut
3442 2054 3712 2124 diapente
3747 2072 3807 2108 ac
3849 2056 3947 2108 dia-

2260 2148 2534 2199 tessaron.
2588 2144 2857 2199 Emmelis
2907 2147 3099 2197 autem
3146 2148 3280 2196 sunt
3326 2159 3680 2215 quaecunque
3739 2145 3948 2215 quidem

2262 2249 2521 2286 consona)
2572 2250 2689 2287 non
2746 2238 2898 2300 sunt,
2958 2238 3196 2302 possunt
3240 2232 3425 2302 aptari
3481 2237 3673 2286 tamen
3721 2239 3867 2287 recte
3892 2236 3948 2287 ad

2265 2322 2462 2388 melos,
2496 2326 2558 2375 ut
2587 2327 2718 2375 sunt
2764 2322 2854 2375 hae
2905 2337 3033 2391 quae
3087 2322 3490 2375 consonantias
3532 2322 3812 2393 jungunt.
3847 2324 3948 2377 Dis-

2263 2426 2418 2464 sonae
2452 2428 2584 2464 vero
2615 2416 2747 2464 sunt
2776 2427 2903 2481 quae
2934 2427 3048 2464 non
3081 2411 3431 2481 permiscent
3457 2428 3643 2476 sonos,
3682 2418 3851 2483 atque
3880 2412 3950 2464 in-

2262 2500 2509 2553 suaviter
2540 2501 2753 2554 feriunt
2782 2516 3031 2554 sensum.
3081 2500 3319 2553 Ecmelis
3350 2516 3480 2552 vero
3515 2517 3644 2569 quae
3677 2517 3797 2553 non
3827 2500 3948 2554 reci-

2263 2588 2429 2657 piunt
2488 2589 2549 2641 in
2598 2589 3105 2641 consonantiarum
3149 2588 3574 2657 conjunctione,
3633 2588 3702 2641 de
3761 2589 3948 2659 quibus

2260 2677 2432 2747 paulo
2456 2678 2739 2746 posterius
2774 2677 2834 2730 in
2855 2676 3133 2729 divisione
3166 2676 3657 2729 tetrachordorum
3684 2677 3945 2730 dicemus.

2261 2765 2550 2828 Quoniam
2607 2766 2785 2837 igitur
2837 2765 3093 2819 univocis
3150 2765 3383 2836 quidem
3439 2766 3947 2835 comparationibus

2259 2856 2517 2925 proxime
2549 2860 2680 2909 sunt
2718 2853 3043 2925 zequivocae,
3076 2854 3394 2908 necessarie
3438 2859 3523 2925 e§_t
3556 2860 3616 2907 ut
3644 2854 3828 2925 aequis
3857 2870 3945 2908 nu-

2258 2944 2434 2998 meris
2477 2960 2541 2998 ea
2586 2959 2957 2997 numerorum
3004 2942 3363 3012 inaequalitas
3416 2913 3787 3012 adjungatur,
3831 2958 3943 3012 quae

2188 3048 2228 3103 ρ
2260 3037 2344 3086 est
2368 3033 2633 3103 proxima
2663 3033 2861 3104 aequis.
2894 3033 2989 3085 Est
3018 3037 3209 3085 autem
3236 3032 3398 3101 juxta
3428 3032 3817 3102 aequalitatem
3854 3046 3942 3084 nu-

2259 3138 2553 3176 merorum
2583 3138 2649 3176 ea
2682 3138 2811 3193 qua:
2841 3126 2925 3174 est
2962 3121 3155 3190 dupla.
3198 3121 3339 3173 Nam
3371 3124 3425 3174 et
3455 3119 3644 3190 prima
3683 3119 3941 3189 multipli—

2258 3211 2443 3265 citatis
2474 3212 2689 3282 species
2720 3215 2825 3277 est,
2851 3214 2906 3264 et
2936 3211 3120 3279 major
3147 3225 3421 3262 numerus
3451 3226 3581 3262 cum
3610 3208 3637 3244 ά
3673 3210 3939 3262 minorem

2257 3316 2565 3354 numerum
2586 3300 2937 3370 supervenit,
2962 3315 3130 3369 aequo
3151 3315 3282 3351 cum
3304 3298 3414 3367 ipsi
3436 3298 3645 3351 minori
3668 3304 3939 3352 transcen-

2256 3389 2355 3454 dit,
2392 3395 2453 3443 ut
2500 3390 2611 3443 duo
2661 3405 2843 3443 unum
2888 3404 3002 3441 uno
3046 3388 3570 3456 transgrediuntur,
3605 3387 3707 3457 qui
3764 3387 3935 3440 eidem

2254 3478 2460 3531 unitati
2510 3478 2747 3549 aequalis
2804 3492 2922 3543 eat;
2973 3476 3102 3546 jure
3147 3475 3324 3545 igitur
3380 3475 3591 3544 duplex
3650 3476 3935 3545 prOportio

2251 3565 2559 3634 zequisonis
2589 3569 2837 3635 aptatur,
2872 3564 2929 3618 id
2954 3568 3037 3617 est
3066 3564 3359 3633 diapason.
3390 3564 3476 3617 Bis
3506 3564 3786 3633 diapason
3816 3578 3933 3616 vero

2248 3653 2335 3707 bis
2365 3654 2603 3725 duplici,
2636 3655 2694 3709 id
2728 3659 2813 3708 est
2854 3653 3196 3724 quadruplo.
3229 3653 3367 3716 Quae
3398 3656 3591 3705 autem
3622 3652 3935 3722 prOportio-

2248 3760 2349 3797 nes
2394 3745 2657 3798 dividunt
2687 3742 2976 3813 duplicem
3027 3740 3460 3812 proportionem
3487 3742 3689 3811 primae
3721 3758 3787 3794 ac
3822 3757 3932 3793 ma-

2243 3832 2434 3900 ximae,
2468 3833 2557 3886 his
2604 3832 2867 3903 aptanda;
2915 3836 3048 3883 sunt
3084 3830 3476 3884 consonantiis
3518 3846 3649 3900 qua:
3682 3830 3936 3883 dividunt

2243 3921 2520 3991 diapason
2550 3930 2570 3955 ο
2614 3920 3229 3992 ωᾳυίοοηεοῑιαηίίδω.
3268 3919 3426 3973 Unde
3458 3919 3523 3972 iit
3568 3925 3633 3971 ut
3674 3919 3933 3987 diapente

2242 4012 2478 4081 quidem
2514 4011 2923 4080 sesquialterae,
2979 4009 3329 4062 diatessaron
3381 4023 3513 4060 vero
3562 4007 3932 4077 sesquitertiae

2240 4099 2656 4170 comparationi
2710 4100 3069 4169 copulentur.
3120 4099 3337 4152 Junctae
3381 4112 3516 4149 vero
3551 4099 3572 4138 ί
3619 4112 3930 4149 consonan-

2240 4189 2329 4242 tiae
2378 4205 2505 4243 cum
2562 4188 2871 4259 aequisonis
2930 4187 3070 4240 alias
3100 4186 3360 4240 efficiunt
3402 4186 3831 4247 consonantias,
3876 4189 3931 4236 ut

2234 4279 2504 4349 diapente
2535 4295 2599 4333 ac
2629 4278 2906 4348 diapason
2935 4277 2996 4331 in
3027 4275 3218 4346 triplo,
3251 4276 3607 4329 diatessaron
3639 4292 3703 4328 ac
3733 4275 3927 4342 diapa-

2197 1747 2237 1800 Β

408 4362 455 4414 si
487 4362 601 4417 duo
652 4365 836 4420 tribus
880 4367 1132 4437 adjicias,
1185 4368 1444 4438 quinque
1482 4368 1760 4422 continuo
1807 4370 2019 4436 reddis,
2054 4377 2118 4427 et
2156 4396 2201 4449 Β
2233 4380 2337 4418 Son
2366 4366 2428 4419 in
2460 4382 2526 4419 ea
2551 4366 2926 4437 proportione
2953 4381 3082 4435 quae
3109 4370 3194 4418 est
3215 4368 3342 4418 octo
3364 4364 3435 4418 ad
3464 4370 3579 4418 tres
3606 4374 3631 4407 ε
3664 4363 3928 4418 Emmelis

410 4453 633 4507 numeri
666 4455 882 4524 species
913 4456 1216 4511 immutata
1247 4462 1348 4510 est.
1378 4456 1434 4511 Si
1456 4473 1590 4511 vero
1620 4458 1849 4511 eosdem
1880 4458 2119 4517 denario

407 4542 600 4609 addas,
633 4544 936 4599 duodecim
968 4545 1188 4612 feceris,
1220 4552 1277 4599 et
1320 4546 1577 4599 binarius
1602 4546 1837 4615 junctus
1876 4548 2114 4604 denario

402 4637 770 4688 conservatus
827 4639 929 4688 est.
992 4635 1132 4688 Item
1201 4635 1487 4688 ternarius
1542 4634 1849 4706 czeterique
1909 4638 2110 4693 eodem

404 4721 570 4775 modo
604 4738 614 4776 :
649 4720 728 4778 ita
772 4722 951 4793 igitur
998 4724 1341 4794 symphonia
1390 4724 1665 4794 diapason
1699 4741 2109 4797 quamcunque

399 4808 569 4863 aliam
604 4811 917 4880 susceperit
949 4813 1382 4866 consonantiam
1427 4819 1631 4882 servat,
1680 4831 1783 4867 nec
1815 4815 2106 4884 immutat,

398 4914 500 4952 nec
545 4915 612 4953 ex
662 4915 912 4955 consona
964 4902 1255 4956 dissonam
1306 4902 1508 4956 reddit.
1574 4904 1714 4956 Nam
1773 4904 1917 4958 sicut
1974 4905 2105 4959 dia-

394 4991 566 5056 pente
622 4989 968 5058 symphonia
1019 4991 1219 5060 juncta
1270 4990 1543 5061 diapason
1604 4994 1994 5047 consonantiae
2039 4995 2101 5049 in

390 5076 564 5148 tripla
594 5076 803 5132 scilicet
836 5080 1205 5148 proportione
1248 5080 1524 5149 diapason
1557 5097 1621 5134 ac
1662 5081 1931 5151 diapente
1967 5099 2099 5137 con-

390 5167 711 5223 sonantiam
738 5174 944 5235 servat,
978 5169 1058 5222 ita
1087 5169 1261 5223 etiam
1291 5170 1647 5224 diatessaron
1678 5187 1806 5225 cum
1839 5171 1909 5225 sit
1953 5188 2099 5225 con-

388 5258 650 5312 sonantia
685 5259 887 5329 juncta
929 5273 1059 5310 cum
1108 5254 1406 5328 diapason,
1440 5260 1614 5313 aliam
1659 5262 2097 5316 consonantiam

388 5346 590 5409 reddit,
634 5352 691 5400 et
728 5347 793 5401 ﬁt
822 5346 1135 5401 secundum
1182 5348 1559 5401 Ptolemaeum
1611 5350 1844 5403 alterius
1893 5367 2099 5404 conso-

386 5435 596 5488 nantiae
626 5436 839 5490 additio
871 5437 901 5480 Ι)
932 5436 1168 5507 ejusque
1218 5440 1303 5489 est
1341 5437 1618 5507 diapason
1648 5454 1711 5490 ac
1738 5439 2091 5494 diatessaron

453 5559 924 5629 “Inviolatusque.
1000 5562 1029 5605 ἱ)
1083 5560 1220 5630 Ejus
1269 5576 1405 5629 quae.
1485 5570 1503 5594 ο
1554 5563 1693 5616 Atiae
1740 5580 2001 5619 consona.

382 5627 410 5671 ιι
434 5629 719 5685 Emmeles.

2082 5562 2117 5599 ιι
2175 5562 2388 5619 Minore
2463 5572 2483 5597 ο
2532 5562 3025 5631 Λῧίιιιὶεοηαητίαω.

2235 4459 2433 4508 autem
2465 4461 2598 4508 sunt
2627 4470 2754 4525 quae
2774 4455 3043 4525 diapente
3075 4470 3137 4508 ac
3165 4453 3518 4507 diatessaron
3551 4453 3840 4519 dividunt,
3870 4459 3927 4504 ut

2234 4548 2402 4598 tonus
2460 4550 2797 4615 ceeterzeque
2863 4543 3289 4614 proportiones,
3355 4543 3425 4597 de
3482 4543 3693 4613 quibus
3757 4543 3926 4611 paulo

2231 4633 2515 4704 posterius
2576 4634 2636 4687 in
2697 4632 2976 4687 divisione
3037 4631 3536 4686 tetrachordorum
3599 4632 3924 4702 loquemur,

2230 4724 2517 4794 simplices
2544 4739 2742 4778 earum
2773 4722 2986 4777 scilicet
3016 4727 3224 4791 partes.

2902 4812 3125 4865 CAPUT
3166 4811 3247 4865 XI.

2224 4902 2354 4967 Quae
2378 4905 2490 4957 sint
2518 4907 2822 4970 aquisonae,
2840 4902 2924 4955 vel
2955 4917 3072 4969 qua
3092 4915 3351 4966 consonate,
3380 4900 3463 4953 vel
3481 4915 3600 4967 quae
3624 4901 3920 4953 hemmelis.

2298 4992 2478 5060 Igitur
2509 4990 2815 5061 aequisonze
2848 4990 3083 5061 quidem
3116 4994 3249 5044 sunt
3284 4990 3560 5059 diapason
3593 5005 3657 5042 ac
3688 4989 3773 5041 bis
3809 4990 3923 5042 dia-

2220 5096 2424 5149 pason,
2469 5080 2745 5150 quoniam
2804 5096 3003 5134 earum
3052 5083 3511 5149 temperamento
3558 5079 3919 5147 mixtumque

2227 5185 2373 5223 unus
2426 5173 2597 5239 atque
2643 5170 2886 5239 simplex
2935 5168 3361 5240 quodammodo
3414 5166 3663 5221 efﬁcitur
3724 5181 3917 5218 sonus.

2220 5258 2621 5313 Consonantia’.
2651 5264 2841 5312 autem
2867 5263 3016 5325 sunt,
3046 5258 3250 5328 prima:
3267 5256 3505 5327 quidem
3533 5256 3770 5325 insuper
3790 5269 3915 5323 par-

2216 5348 2556 5401 ‘ticularibus
2586 5347 2960 5418 sesquialtera
2993 5352 3048 5401 et
3096 5346 3479 5417 sesquitertia,
3544 5345 3600 5397 id
3648 5350 3733 5396 est
3791 5344 3913 5395 dia-

2221 5443 2391 5508 pente
2450 5454 2513 5491 ac
2564 5438 2936 5503 diatessaron,
2989 5439 3045 5489 et
3089 5436 3364 5506 diapason
3413 5450 3473 5487 ac
3523 5433 3817 5502 diapente,
3863 5437 3916 5483 et

3105 5557 3125 5596 Ῑ
3204 5561 3476 5616 Οοηεοηκ.
3553 5566 3575 5598 ε
3620 5557 3906 5610 Emmetes.
