4152 6184
295 282 424 335 1293

1707 284 1794 336 DE
1833 283 2093 338 MUSICA
2134 283 2261 338 LIB.
2310 282 2366 338 ν.

3659 291 3792 344 1294

277 420 558 490 diapason
590 435 655 473 ac
703 418 1075 485 diatessaron,
1121 418 1212 474 ha:
1260 423 1395 472 sunt
1435 419 1765 490 compositae
1813 425 1986 491 atque
2025 421 2070 472 Α
2099 419 2443 475 divisionem
2514 422 2786 492 diapason
2837 422 2989 474 intra
3046 437 3144 475 sex
3203 426 3368 476 tonos
3422 422 3625 477 cadere
3684 423 3798 480 hoc

278 511 601 580 conjunctae
630 525 699 562 ex
729 507 1038 578 aequisonis
1069 510 1126 562 et
1162 508 1634 563 consonantibus.
1669 516 1694 542 ⁸
1713 508 1982 562 Emmelis

277 605 475 654 autem
502 597 712 669 reliqui
743 596 894 652 inter
922 597 1023 651 has
1065 596 1205 667 poni
1245 601 1506 668 possunt,
1559 601 1622 650 ut
1663 596 1816 650 inter
1857 595 1981 650 dia-

277 693 532 742 tessaron
566 703 630 741 ac
657 686 925 758 diapente
954 685 1281 742 differentia
1305 689 1499 753 tonus,
1536 686 1982 756 jungunturque

282 776 710 848 quodammodo
763 774 1071 846 aaquisonze
1124 775 1359 847 quidem
1397 791 1463 830 ex
1512 773 1979 840 consonantibus,

284 872 351 920 ut
379 866 656 937 diapason
687 881 755 919 ex
783 865 1137 919 diatessaron
1165 869 1223 920 et
1244 863 1530 935 diapente.
1574 861 1982 921 Consonantia:

282 961 480 1011 autem
507 971 575 1010 ex
595 953 684 1009 his
720 953 820 1024 qui
851 952 1110 1008 emmelis
1155 952 1282 1008 soni
1320 957 1616 1016 vocantur,
1675 955 1740 1006 ut
1782 950 1983 1005 eadem

282 1044 554 1115 diapente
611 1047 667 1096 et
721 1041 1072 1097 diatessaron
1121 1042 1272 1096 tonis
1313 1041 1648 1113 ceterisque
1696 1040 1982 1112 posterius

286 1133 543 1189 dicendis
573 1131 1072 1203 proportionibus;
1107 1131 1206 1186 sed
1257 1131 1544 1202 quomodo
1586 1130 1824 1203 quidem
1874 1129 1979 1184 ho-

284 1239 416 1276 rum
468 1222 730 1276 omnium
784 1218 1077 1291 proportio
1134 1219 1328 1290 colligi
1392 1219 1589 1290 possit,
1639 1235 1704 1272 ex
1744 1234 1810 1272 eo
1857 1217 1981 1270 loco

283 1311 629 1366 sumendum
660 1312 745 1363 est
774 1325 948 1379 quem
977 1313 1184 1379 quarto
1215 1308 1510 1362 volumine
1539 1306 1600 1361 in
1630 1306 1744 1361 ﬁne
1772 1305 1981 1360 descri-

2093 509 2267 562 modo
2302 525 2315 562 :
2349 509 2719 564 intendantur
2746 511 2903 565 enim
2952 513 3078 564 octo
3111 510 3359 576 chordze,
3410 510 3468 564 id
3501 515 3584 566 est
3608 514 3653 565 Α
3687 513 3725 566 Β
3754 513 3796 567 C

2090 598 2133 651 D
2169 598 2207 650 E
2238 597 2277 651 F
2307 598 2349 652 G
2384 600 2450 664 Η,
2485 597 2697 670 ﬁatque
2732 599 3125 670 sesquioctava
3165 603 3211 654 Α
3261 600 3306 653 Κ
3354 600 3478 670 ejus
3537 616 3668 670 qua:
3712 605 3797 656 est

2091 685 2195 751 BL,
2229 691 2286 740 et
2316 687 2404 742 BL
2433 688 2558 758 ejus
2592 704 2720 760 qua!
2750 692 2833 742 est
2875 688 2914 742 C
2946 688 3016 751 Μ,
3067 692 3123 742 et
3168 688 3208 743 C
3258 689 3306 742 Π
3353 688 3478 759 ejus
3529 705 3658 760 qua:
3709 694 3798 745 est

2090 775 2133 828 D
2164 774 2228 841 N,
2265 780 2321 829 et
2349 777 2392 829 D
2434 776 2475 829 Ν
2509 777 2631 846 ejus
2670 793 2798 848 qua!
2828 782 2911 831 est
2943 777 2983 830 Ε
3013 777 3072 844 Χ,
3111 780 3167 831 et
3209 777 3250 829 Ε
3281 779 3320 832 Χ
3360 777 3483 848 ejus
3531 793 3663 849 quas
3711 783 3798 833 est

2094 863 2132 916 F
2163 863 2227 929 Ο,
2260 868 2317 918 et
2343 864 2428 919 FO
2460 865 2583 936 ejus
2623 881 2751 937 quas
2783 871 2866 919 est
2895 868 2936 921 Ο
2969 868 3029 920 Ρ.
3065 867 3246 920 Erunt
3291 865 3469 935 igitur
3515 883 3619 922 sex
3649 867 3794 922 toni.

2092 951 2306 1006 Rursus
2327 953 2478 1008 inter
2526 954 2564 1008 F
2590 955 2633 1009 ϐ
2673 959 2728 1008 et
2772 956 2812 1010 G
2848 957 2886 1009 P
2916 956 2957 1008 H
3001 954 3242 1010 ducatur
3290 955 3514 1010 medius
3576 972 3788 1011 nervus

2091 1039 2162 1093 ad
2204 1040 2267 1094 R.
2303 1041 2420 1095 Erit
2441 1040 2686 1113 igiturA
2739 1043 2782 1096 Κ
2815 1043 2992 1113 dupla
3047 1043 3118 1097 ab
3182 1059 3249 1097 eo
3281 1043 3433 1114 quod
3489 1047 3574 1098 est
3620 1046 3663 1099 Η
3716 1045 3782 1100 R.

2091 1129 2273 1183 Pulsae
2299 1130 2475 1200 igitur
2500 1132 2668 1186 simul
2701 1135 2746 1187 Α
2777 1133 2823 1186 Κ
2857 1134 2896 1186 H
2925 1133 2969 1188 R
2994 1131 3269 1202 diapason
3313 1134 3789 1204 aequisonantiam

2089 1219 2502 1274 consonabant.
2534 1221 2591 1275 Si
2622 1237 2754 1275 vero
2803 1221 3011 1292 aliquis
3042 1222 3082 1276 G
3125 1222 3162 1274 P
3212 1223 3513 1292 percutiat,
3563 1237 3792 1293 semper

2091 1307 2198 1360 erit
2223 1309 2396 1378 paulo
2419 1310 2636 1364 acutior
2665 1327 2836 1381 quam
2865 1312 3030 1379 est;H
3073 1311 3140 1365 Β.
3189 1314 3265 1365 Ac
3311 1327 3415 1376 per
3465 1311 3575 1366 hoc
3604 1316 3790 1364 trans-

2088 1396 2341 1450 cendunt
2377 1414 2476 1451 sex
2505 1397 2628 1452 toni
2670 1398 2946 1470 diapason
2975 1399 3436 1453 consonantiam.
3462 1397 3520 1453 Si
3560 1399 3714 1453 enim
3744 1401 3790 1452 Α

281 1495 396 1544 tur.
431 1487 517 1562 lbi
547 1490 702 1544 enim
727 1485 1180 1558 deprehenditur
1217 1485 1658 1558 mquisonantia,
1703 1484 1975 1554 diapason
2090 1484 2135 1536 Κ
2168 1490 2224 1539 et
2251 1487 2294 1541 G
2324 1488 2363 1541 P
2395 1486 2670 1556 diapason
2708 1489 2918 1559 pulsati
2967 1493 3329 1555 resonarent,
3375 1493 3645 1543 tonorum
3692 1504 3790 1542 sex

2088 1578 2236 1627 esset
2264 1574 2543 1646 diapason
2572 1575 2965 1630 consonantia.
2998 1575 3056 1631 Si
3085 1591 3220 1630 vero
3251 1575 3342 1630 his
3371 1575 3528 1630 idem
3554 1579 3602 1630 Α
3631 1575 3678 1630 Κ
3733 1579 3791 1631 et

281 1595 348 1633 ac
373 1577 462 1633 bis
491 1577 792 1648 diapason,
832 1580 891 1630 et
936 1574 1327 1630 consonantia
1379 1574 1664 1646 simplices
1707 1573 1979 1645 diapente

278 1683 347 1722 ac
375 1667 747 1733 diatessaron,
777 1669 832 1720 et
861 1664 1250 1720 consonantiae
1299 1664 1652 1735 compositas,
1701 1663 1979 1734 diapason
2020 1723 2059 1778 Β
2088 1662 2130 1716 G
2161 1663 2202 1716 P
2234 1678 2351 1717 non
2380 1663 2829 1718 consonantibus
2864 1665 2912 1719 Α
2942 1664 2988 1718 Κ
3014 1668 3070 1718 et
3097 1666 3141 1720 ll
3172 1665 3217 1718 R
3261 1663 3536 1735 diapason
3584 1680 3790 1719 conso-

287 1774 341 1778 λ-
383 1757 637 1778 λέ---..ι-
697 1759 748 1778 ,Δ
801 1754 1067 1778 Δῖ------
1121 1771 1181 1778 --
1228 1753 1575 1778 .1:_s----_-..
1613 1756 1665 1778 ..ι
1712 1752 1804 1778 -..ἔ
1848 1754 1978 1778 -.ς-ιι
2093 1755 2294 1778 -ι--ιι-ιδ
2349 1756 2401 1778 ,ι
2436 1753 2474 1778 ἰ]
2501 1752 2541 1778 ι)
2571 1751 2788 1778 -,..-ιζ,ι-
2817 1755 2959 1778 ..ι---ι
2991 1768 3158 1778 -..μ-ι..
3195 1753 3231 1778 τ’
3263 1753 3303 1778 n
3356 1752 3623 1778 ,ΞΣ----Α-
3660 1769 3761 1778 -..-

281 1774 344 1812 ac
377 1757 660 1828 diapente,
693 1759 751 1810 et
797 1754 1072 1826 diapason
1118 1771 1182 1809 ac
1225 1753 1579 1808 diatessaron
1611 1756 1667 1808 et
1709 1752 1807 1825 qui
1847 1754 1982 1807 sunt
2021 1751 2059 1778 ⁰
2092 1755 2316 1818 narent,
2347 1756 2403 1806 et
2435 1753 2478 1806 ll
2501 1752 2545 1806 Β
2569 1751 2788 1807 acutior
2815 1755 2964 1806 esset
2988 1768 3163 1824 quam
3194 1753 3236 1807 G
3263 1753 3325 1820 P,
3354 1752 3630 1824 diapason
3657 1769 3791 1808 con-

283 1845 548 1901 emmelis
575 1844 726 1913 soni,
759 1848 822 1899 ut
848 1843 908 1898 in
939 1842 1060 1898 toni
1091 1841 1418 1898 differentia
1441 1841 1835 1898 consistentes.
2089 1840 2353 1895 sonantia
2384 1856 2481 1896 sex
2509 1844 2675 1896 tonos
2706 1837 3024 1896 excederet.
3068 1841 3228 1896 Nunc
3257 1857 3388 1896 vero
3421 1842 3554 1912 quia
3583 1858 3789 1896 conso-

2089 1929 2358 1983 nantibus
2381 1932 2427 1984 Α
2451 1929 2519 2000 {K
2551 1933 2609 1985 et
2638 1931 2680 1984 Η
2711 1931 2756 1986 R
2783 1930 2986 1985 eadem
3024 1931 3067 1986 ll
3095 1929 3158 2000 ΙΚ
3185 1929 3256 1985 ab
3288 1946 3353 1984 ea
3386 1947 3516 2003 quas
3562 1934 3646 1985 est
3674 1932 3716 1986 G
3749 1931 3790 1984 P

281 1401 527 1471 psimus,
556 1398 700 1453 ubib
730 1413 1006 1452 numerus
1043 1413 1216 1467 super
1252 1396 1665 1468 semisphieria,
1705 1395 1978 1450 tendeba-

2088 2018 2317 2087 gravior
2338 2018 2650 2086 invenitur,
2684 2034 2802 2074 non
2833 2022 3026 2089 potest
3053 2018 3305 2074 dubitari
3344 2019 3487 2091 quin
3534 2035 3628 2074 sex
3668 2019 3790 2074 toni

2088 2105 2363 2177 diapason
2408 2107 2845 2162 consonantiam
2901 2107 3199 2163 excedant.
3253 2110 3438 2178 Atque
3493 2107 3576 2162 ita
3617 2123 3790 2163 sensu

2089 2211 2320 2266 quoque
2341 2201 2528 2266 potest
2562 2195 2754 2268 colligi
2784 2196 3058 2268 diapason
3109 2195 3542 2251 consonantiam
3571 2200 3596 2242 δ
3639 2197 3790 2251 inter

2087 2300 2186 2338 sex
2235 2289 2404 2338 tonos
2450 2284 2672 2340 cadere.
2727 2284 2818 2339 Sic
2863 2285 3040 2357 igitur
3088 2285 3408 2341 Aristoxeni
3455 2301 3618 2341 error
3663 2285 3786 2340 sine

2088 2372 2447 2427 dubitatione
2468 2373 2848 2430 convincitur.

938 2023 1163 2079 CAPUT
1201 2024 1312 2078 ΧΠ.

321 2147 786 2216 Quemadmodum
823 2149 1190 2204 Aristoxenus
1228 2147 1577 2203 intervallum
1623 2146 1939 2203 consideret.

355 2276 502 2340 Quid
532 2291 663 2329 vero
695 2275 765 2330 de
789 2273 878 2328 his
907 2272 1274 2328 Aristoxenus
1303 2273 1510 2328 sentiat
1544 2273 1793 2328 breviter
1843 2289 1975 2343 ape-

280 2365 545 2420 riendum
577 2369 680 2418 est.
717 2377 740 2405 ο
770 2364 870 2418 ille
898 2363 1053 2418 enim
1082 2362 1358 2434 quoniam
1389 2362 1630 2417 minime
1660 2367 1968 2416 tractatum

275 2454 492 2508 rationi
520 2452 832 2520 constituit,
862 2453 960 2506 sed
990 2451 1217 2506 aurium
1269 2451 1487 2523 judicio
1515 2451 1840 2522 Ypermittit,
1889 2451 1976 2506 id-

276 2544 430 2598 circo
460 2559 621 2597 voces
646 2542 794 2614 ipsas
824 2540 998 2596 nullis
1021 2541 1278 2595 numeris
1311 2545 1491 2608 notat,
1523 2545 1585 2595 ut
1614 2557 1813 2595 earum
1853 2541 1979 2595 col-

276 2635 422 2705 ligat
446 2629 863 2704 proportiones,
891 2629 992 2684 sed
1039 2645 1238 2684 earum
1270 2629 1329 2684 in
1353 2629 1541 2684 medio
1596 2628 1978 2684 differentiam

275 2721 476 2791 sumit,
507 2725 570 2775 ut
598 2717 1046 2791 speculationem
1075 2734 1194 2774 non
1224 2717 1288 2772 in
1317 2716 1457 2788 ipsis
1485 2717 1742 2785 vocibus,
1774 2718 1874 2772 sed
1916 2717 1976 2771 in

275 2829 348 2868 eo
379 2809 534 2883 quod
556 2808 711 2863 inter
738 2823 797 2863 se
826 2807 1399 2875 diﬁ'eruut,collocet,
1433 2805 1606 2861 nimis
1629 2805 1974 2877 improvide,

275 2899 378 2973 qui
426 2895 812 2954 differentiam
853 2912 913 2952 se
955 2895 1099 2952 scire
1143 2895 1452 2951 arbitretur
1500 2911 1699 2950 earum
1747 2911 1972 2961 vocum,

276 3003 526 3062 quarum
573 2985 1031 3057 magnitudinem
1073 2985 1295 3040 nullam
1329 2998 1728 3040 meusuramve
1764 2983 1974 3038 consti-
2015 3007 2057 3061 ο

276 3083 420 3135 tuat.
448 3078 549 3132 Hic
576 3075 753 3147 igitur
783 3078 840 3130 et
863 3073 1214 3129 diatessaron
1246 3072 1684 3129 consonantiam
1727 3072 1974 3128 duorum

277 3174 549 3224 tonorum
595 3180 660 3219 ac
707 3163 996 3219 semitonii
1061 3179 1180 3220 esse
1236 3163 1529 3236 proponit,
1586 3168 1643 3218 et
1708 3161 1976 3234 diapente

2324 2630 3574 2777 ABCDEFHG

2318 2711 3576 3184 Ἦ

3007 3157 3048 3205 λ
3184 3144 3224 3191 θ

275 3258 456 3314 trium
487 3261 756 3310 tonorum
785 3267 851 3308 ac
883 3251 1026 3308 semi
1077 3251 1220 3321 onii,
1251 3257 1308 3308 et
1334 3252 1609 3324 diapason
1659 3267 1756 3306 sex
1804 3255 1972 3305 tono-

273 3365 430 3414 rum,
465 3344 620 3418 quod
648 3342 776 3398 ﬁeri
803 3358 923 3397 non
955 3358 1121 3415 posse
1149 3340 1541 3414 superioribus
1583 3338 1973 3395 voluminibus

275 3437 734 3493 demonstratum
763 3435 867 3488 est.

1320 4310 1391 5029 Η

926 5146 1152 5201 CAPUT
1189 5146 1334 5202 Xlll.

273 5259 576 5329 Descriptio
606 5259 934 5332 octochordi,
967 5277 1079 5333 qua
1123 5261 1428 5318 ostenditur
1474 5262 1744 5332 diapason
1791 5276 1975 5316 conso~

630 5354 880 5405 nuntiam
910 5353 1178 5407 minorem
1208 5366 1320 5407 esse
1338 5366 1435 5406 sea:
1466 5353 1628 5406 tonis.

275 5453 451 5507 Docet
489 5458 683 5510 autem
732 5456 1074 5513 Ptolemeus
1127 5473 1234 5530 per
1279 5457 1576 5530 cujusdam
1623 5455 1972 5511 octochordi.

2728 3493 2950 3549 CAPUT
2993 3491 3138 3548 XIV.

2188 3623 2535 3676 Diatessaron
2565 3622 2971 3673 consonantiam
3004 3611 3343 3672 tetrachordo
3368 3613 3662 3668 contineri.

2150 3746 2311 3799 Nunc
2341 3744 2412 3798 de
2451 3742 2949 3798 tetrachordorum
2984 3739 3265 3794 divisione
3316 3737 3623 3793 dicendum
3672 3738 3777 3791 est.

2080 3833 2303 3888 Etenim
2366 3833 2724 3887 diatessaron
2782 3829 3158 3883 consonantia
3215 3836 3464 3898 quatuor
3530 3825 3778 3881 efﬁcitur

2076 3922 2296 3989 nervis;
2324 3921 2536 3976 idcirco
2559 3921 2735 3975 etiam
2761 3918 3116 3973 diatessaron
3146 3921 3513 3988 nuncupatur
3543 3956 3560 3984 ,
3583 3919 3648 3970 ut
3673 3913 3778 3985 igi-

2075 4016 2170 4065 tur
2210 4011 2435 4065 duobus
2465 4009 2654 4065 nervis
2683 4008 3018 4063 altrinsecus
3046 4004 3247 4078 positis
3277 4014 3299 4039 ⁸
3320 4004 3393 4058 ad
3423 4004 3777 4060 diatessaron

2075 4099 2478 4171 symphoniam
2517 4096 2968 4153 consonantibus
3008 4093 3438 4149 tetrachordum
3467 4093 3584 4156 ﬁat,
3632 4092 3776 4146 duos

2075 4204 2303 4244 necesse
2329 4192 2414 4243 est
2442 4185 2612 4242 statui
2641 4185 2701 4241 in
2721 4184 2912 4240 medio
2942 4199 3168 4246 nervos,
3191 4182 3292 4254 qui
3317 4180 3406 4237 adi
3444 4198 3503 4237 se
3533 4181 3777 4238 invicem

2004 4281 2047 4335 D
2075 4282 2246 4349 atque
2278 4277 2348 4332 ad
2379 4282 2664 4332 extremos
2694 4279 2810 4330 tres
2841 4273 3242 4346 proportiones
3267 4270 3540 4328 efﬁciant.

2739 4465 2962 4522 CAPUT
3001 4465 3104 4520 XV.

2077 4592 2346 4659 Quomodo
2393 4592 2759 4648 Aristoxenus
2805 4591 2891 4646 vel
2927 4594 3110 4645 tonum
3158 4587 3399 4655 dividat,
3458 4587 3542 4643 vel
3578 4599 3777 4656 genera

2467 4692 2490 4735 t’
2515 4681 2741 4751 ejusque
2757 4679 3048 4734 divisionis
3075 4677 3382 4747 dispositio.

2152 4833 2265 4886 Hoc
2294 4830 2472 4902 igitur
2503 4831 2854 4886 diatessaron
2883 4829 3256 4885 Aristoxenus
3304 4841 3408 4898 per
3433 4841 3647 4897 genera
3675 4826 3778 4881 tali

2080 4921 2307 4976 ratione
2340 4921 2604 4992 partitur.
2641 4919 2853 4974 Dividit
2881 4918 3036 4973 enim
3067 4923 3268 4973 tonum
3297 4915 3358 4970 iu
3387 4916 3526 4971 duas
3564 4919 3777 4987 partes,

2082 5015 2252 5082 atque
2284 5008 2346 5064 id
2377 5009 2748 5064 semitonium
2777 5011 2958 5062 vocat.
2985 5007 3191 5062 Dividit
3210 5006 3271 5061 in
3297 5011 3411 5062 tres
3435 5010 3644 5077 partes,
3677 5019 3777 5059 cu-

2078 5100 2171 5169 jus
2202 5099 2428 5153 tertiam
2459 5097 2644 5153 diesin
2679 5102 2865 5160 ,vocat
2891 5096 3202 5151 chromatis
3239 5097 3449 5163 mollis,
3482 5092 3684 5149 dividit
3720 5091 3782 5146 in

2081 5189 2138 5254 4,
2165 5188 2328 5258 cujus
2356 5193 2622 5258 quartam
2654 5201 2782 5239 cum
2817 5186 3052 5256 propria
3096 5185 3421 5250 medietate,
3447 5183 3506 5236 id
3536 5185 3620 5236 est
3646 5196 3779 5235 cum

2085 5281 2281 5331 octava
2310 5278 2485 5330 totius
2507 5274 2652 5342 toni,
2682 5275 2931 5344 appellat
2953 5274 3136 5328 diesin
3162 5270 3473 5328 chromatis
3492 5269 3776 5324 hemiolii.

2083 5374 2109 5409 ε
2156 5365 2374 5419 Rursus
2419 5364 2598 5418 solam
2651 5367 2917 5435 quartam
2968 5364 3092 5433 ejus
3134 5365 3296 5416 vocat
3342 5358 3525 5414 diesin
3572 5358 3783 5414 enhar-

2086 5454 2332 5509 monios.

1391 4002 1454 4260 Ν

1391 4285 1454 5027 l

351 5606 375 5634 ⁸
399 5602 658 5660 Emmeles
676 5564 858 5662 autem
877 5611 1008 5663 sunt
1044 5607 1268 5678 reliqui.
1348 5608 1618 5669 .Nervus.
1697 5614 1718 5641 ⁶
1747 5606 1888 5676 Ipse.
1965 5602 1992 5640 ἀ
2033 5602 2207 5658 Intra.
2285 5610 2305 5637 °
2343 5602 2444 5658 Ac.
2513 5613 2535 5657 τ
2567 5603 2724 5672 Ejus,
2765 5615 2901 5670 qua.
2945 5610 2976 5655 ι
3010 5599 3133 5652 Hac
3159 5611 3266 5651 non
3297 5595 3569 5666 leguntur.
