4152 6184
391 324 522 379 1295

888 450 1148 506 FIGURA
1185 450 1569 505 GLAREANI.

617 521 985 583 Semitonium,
1008 522 1139 570 Toni
1170 520 1424 569 medietas
1458 520 1837 569 Semitonium.

970 617 1185 709 ΖΝ
1314 624 1824 854 ἡ

772 799 984 867 em
1052 794 1276 865 atas“
1309 795 1535 865 cura...
1610 790 1809 864 mea

737 901 1018 1050 Ε
1401 908 1439 946 4

1693 983 1723 1017 δ

750 1068 874 1127 Dufu
904 1084 928 1109 ί
968 1083 1024 1110 ro
1083 1069 1251 1125 uqu
1294 1057 1406 1111 τιν-ο
1463 1093 1468 1098 ι
1516 1067 1660 1129 Dufu
1702 1059 1813 1110 thro

742 1123 945 1199 multa
1122 1144 1177 1173 lu
1206 1125 1344 1175 nulla

737 1052 1853 1382 ἓ

806 1386 865 1510 40
922 1382 1038 1513 δί’]
1213 1409 1371 1489 Di.ng
1401 1379 1515 1471 egra
1575 1441 1590 1458 ι

869 1480 1015 1564 igitur
1041 1483 1134 1520 U'On
1161 1493 1179 1510 ι
1306 1478 1531 1537 hemh
1818 1512 1821 1513 ,

987 1591 1163 1653 μωρὰ

1151 1689 1318 1745 'nmuj'

473 1823 728 1875 Omnium
752 1821 1151 1885 intervallorum
1181 1836 1299 1885 quae
1328 1822 1382 1871 in
1411 1826 1540 1872 tono
1576 1828 1704 1874 sunt
1738 1822 2030 1874 secundum

920 1884 1302 1934 Aristoxenum
1333 1885 1542 1935 divisio.

1086 1978 1150 2013 AD
1181 1978 1437 2014 LECTOREM

456 2049 697 2103 Minutas
718 2045 1010 2099 divisiones
1032 2047 1259 2114 pingere
1283 2061 1389 2099 non
1417 2048 1711 2114 potuimus,
1746 2062 1881 2100 care
1911 2047 2092 2101 lector.

385 2134 515 2173 nam
567 2118 928 2172 Aristoxenus
977 2120 1160 2169 tonum
1217 2118 1277 2169 in
1321 2117 1605 2171 duodecim
1645 2122 1830 2185 partes
1870 2118 2090 2172 scindit.

393 2190 561 2245 Diesis
584 2203 709 2256 ergo
732 2187 1107 2241 enharmonios
1129 2187 1346 2241 habebit
1367 2193 1473 2242 tres
1489 2208 1509 2253 ;
1541 2188 1705 2242 diesis
1736 2194 1916 2242 autem
1944 2190 2095 2242 chro-

386 2263 551 2315 matis
579 2260 757 2313 mollis
785 2257 1002 2311 habebit
1032 2263 1285 2323 quatuor,
1320 2259 1532 2312 demum
1566 2260 1917 2313 hemitonium
1962 2275 2091 2322 sem;

388 2332 555 2386 diesis
582 2346 706 2384 vero
732 2330 1025 2383 chromatis
1058 2329 1275 2382 hemioli
1296 2335 1531 2397 quatuor
1560 2337 1609 2383 et
1630 2335 1788 2384 semis
1809 2330 2089 2384 obtinebit.

391 2402 547 2467 Quod
566 2404 616 2455 si
644 2400 901 2468 dupletur
928 2402 1193 2467 spatium,
1233 2405 1293 2453 ut
1319 2402 1486 2468 paulo
1510 2406 1635 2470 post
1664 2403 1901 2462 Boetius,
1933 2406 2092 2455 erunt

389 2488 511 2541 qua:
547 2472 792 2525 diximus
831 2470 1123 2541 intervalla
1169 2474 1351 2541 omnia
1401 2471 1689 2539 duplanda
1734 2472 1796 2525 ob
1843 2487 2092 2526 numeros

388 2539 787 2602 commodiores,
815 2539 961 2608 quod
1000 2540 1188 2595 doctus
1217 2540 1382 2607 facile
1407 2542 1572 2595 videt.
1617 2543 1762 2597 Vale.

462 2631 606 2686 Cum
643 2629 824 2700 igitur
852 2628 977 2682 haec
1006 2628 1087 2682 ita
1118 2629 1252 2696 sint,
1286 2646 1532 2701 cumque
1581 2646 1859 2700 generum
1891 2630 2091 2684 divisio

391 2719 705 2774 secundum
727 2733 860 2772 eum
892 2717 966 2771 sit
1003 2717 1233 2788 duplex,
1268 2734 1445 2771 unum
1482 2719 1729 2789 quidem
1778 2734 1961 2790 genus
2008 2724 2092 2774 est

389 2807 647 2873 mollius;
677 2806 831 2861 aliud
866 2821 1001 2859 vero
1032 2805 1341 2859 incitatius.
1376 2808 1441 2861 Et
1462 2807 1688 2861 mollius
1728 2807 1961 2878 quidem
2006 2813 2091 2862 est

390 2895 851 2962 enharmonium,
883 2894 1172 2949 incitatius
1196 2911 1324 2950 vero
1356 2895 1728 2950 diatonicum.
1769 2896 1938 2959 ~Inter
1966 2896 2089 2951 haec

389 3001 525 3040 vero
583 2982 841 3038 consistit
897 2982 1310 3037 chromaticum
1354 2983 1686 3037 incitatione
1730 2983 2088 3054 mollitieque

388 3073 766 3145 participans;
797 3071 945 3125 ﬁunt
974 3071 1151 3141 igitur
1180 3070 1497 3125 secundum
1514 3071 1670 3125 hunc
1690 3072 1956 3126 ordinem
1987 3071 2089 3125 dif-
2127 3082 2168 3137 ε

389 3162 641 3217 ferentia!
671 3162 1088 3232 permixtorum
1119 3176 1399 3231 generum
1429 3176 1546 3215 sex.
1573 3161 1695 3215 Una
1728 3161 1963 3232 quidem
1994 3177 2091 3216 en-

390 3250 703 3317 harmonii,
758 3252 787 3303 3
840 3253 1031 3303 autem
1102 3247 1456 3315 chromatici,
1500 3248 1573 3302 'id
1627 3253 1713 3302 est
1758 3246 2092 3303 chromatici

391 3338 599 3405 mollis,
631 3342 689 3392 et
715 3336 1048 3391 chromatici
1068 3336 1346 3403 hemiolii,
1377 3342 1434 3391 et
1453 3337 1791 3392 chromatici
1829 3336 2087 3392 thonizei.

392 3427 533 3481 Duas
572 3442 704 3481 vero
754 3426 993 3496 reliquae
1041 3424 1338 3491 diatonici,
1389 3425 1580 3479 mollis
1636 3431 1807 3496 atque
1848 3426 2089 3480 incitati.

393 3514 647 3577 Quorum
681 3512 941 3565 omnium
972 3512 1101 3563 talis
1123 3512 1436 3566 secundum
1467 3513 1869 3568 Aristoxenum
1890 3513 2093 3569 divisio

394 3603 498 3652 est.
531 3598 813 3662 Quoniam
844 3597 1000 3651 enim
1034 3604 1236 3667 quarta
1264 3614 1395 3669 pars
1423 3597 1549 3651 toni
1579 3598 1751 3652 diesis
1783 3600 2092 3654 enharmo-

394 3687 523 3742 nios
548 3686 871 3755 nuncupari
908 3685 1182 3755 praedicta
1210 3690 1312 3753 est,
1363 3686 1756 3757 quoniamque
1786 3687 2092 3743 Aristoxe-

393 3792 503 3831 nus
533 3792 653 3830 non
680 3790 847 3828 voces
877 3774 1030 3844 ipsas
1057 3775 1208 3829 inter
1245 3790 1305 3829 se
1334 3779 1650 3844 comparat,
1683 3775 1782 3829 sed
1816 3775 2087 3830 differen-

394 3865 536 3918 tiam
569 3877 774 3917 vocum
820 3862 1302 3933 intervallumque
1355 3862 1610 3929 metitur,
1668 3868 1725 3917 et
1782 3865 2096 3919 secundum

396 3968 530 4007 eum
555 3955 727 4006 tonus
758 3954 842 4004 est
874 3949 1180 4004 duodecim
1226 3949 1535 4017 unitatem,
1572 3950 1743 4021 hujus
1773 3950 1951 4022 igitur
1986 3952 2098 4007 erit

397 4057 527 4113 pars
552 4044 757 4112 quarta
786 4038 957 4093 diesis
987 4039 1393 4094 enharmonios
1438 4043 1577 4094 tres.
1634 4039 1917 4104 Quoniam
1960 4057 2095 4095 vero

397 4147 468 4185 ex
497 4129 720 4184 duobus
747 4128 901 4182 tonis
936 4144 999 4181 ac
1029 4127 1336 4182 semitonio
1377 4128 1732 4183 diatessaron
1774 4144 2095 4184 consonan-

396 4219 475 4273 tia
497 4218 785 4290 jungitur,
822 4216 933 4271 erit
951 4220 1071 4271 tota
1091 4216 1449 4271 diatessaron
1483 4233 1549 4270 ex
1582 4216 1672 4270 his
1704 4216 2007 4272 duodecim
2033 4234 2098 4272 ac

396 4324 495 4362 sex
522 4306 836 4361 unitatibus
862 4305 1186 4359 constituta.
1219 4305 1327 4359 Sed
1358 4304 1633 4376 quoniam
1668 4322 1818 4377 saepe
1851 4306 2021 4376 ﬁtjut
2049 4308 2095 4360 si

393 4411 577 4468 usque
615 4395 684 4449 ad
716 4398 939 4448 octavas
969 4394 1214 4447 velimus
1239 4393 1520 4447 deducere
1551 4399 1758 4464 partes,
1790 4411 1907 4448 non
1938 4395 2092 4449 inte-

392 4501 527 4557 gros
576 4497 872 4547 numeros,
903 4481 1003 4535 sed
1030 4481 1093 4534 in
1123 4480 1689 4552 aliquas'particulas
1719 4482 2102 4549 incurramus,

393 4573 608 4629 idcirco
647 4581 673 4605 ⁸
703 4569 939 4642 quidem
976 4568 1237 4625 facienda
1267 4574 1353 4624 est
1398 4575 1520 4625 tota
1567 4570 1921 4625 diatessaron
1974 4587 2104 4625 con-

395 4661 661 4718 sonantia
687 4663 774 4714 60.
814 4662 888 4715 At
916 4675 1050 4714 vero
1085 4661 1152 4714 24
1203 4663 1397 4727 tonus,
1458 4660 1826 4715 semitonium
1883 4661 2099 4715 duode-

394 4750 527 4819 cim,
558 4765 692 4820 pars
739 4753 962 4820 quarta,
1011 4764 1142 4820 quin
1196 4748 1368 4803 diesis
1413 4749 1821 4803 enharmonios
1868 4749 2096 4816 dicitur,

395 4854 514 4906 sex,
582 4842 780 4891 octava
824 4840 1017 4890 autem
1087 4840 1228 4906 tres;
1276 4836 1474 4907 juncta
1540 4853 1673 4891 vero
1725 4841 1919 4891 octava
1968 4853 2099 4891 cum

395 4928 620 4999 quarta,
650 4940 748 4978 sex
778 4923 994 4978 scilicet
1026 4939 1156 4978 cum
1188 4924 1394 4991 tribus,
1425 4930 1491 4980 ut
1516 4926 1685 4980 faciat
1719 4926 1903 4980 diesin
1929 4926 2096 4981 chro-

397 5014 566 5069 matis
591 5011 872 5081 hemiolii,
902 5018 1073 5067 erunt
1108 5029 1336 5069 novem.
1373 5014 1470 5068 His
1500 5014 1676 5085 igitur
1708 5014 1788 5068 ita
1813 5015 2093 5069 constitu-

396 5105 490 5167 tis,
520 5103 633 5158 tria
652 5117 887 5173 genere,
921 5102 1416 5172 enharmonicum,
1446 5102 1881 5169 chromaticum,
1913 5102 2096 5157 diato-

395 5193 613 5261 nicum,
647 5191 748 5245 has
779 5190 1115 5244 Aristoxeno
1147 5191 1414 5245 videntur
1438 5190 1647 5246 habere
1694 5190 2093 5262 proprietates,

398 5285 462 5336 ut
490 5280 603 5335 alia
627 5294 829 5334 eorum
869 5278 1131 5332 dicantur
1173 5279 1373 5349 spissa,
1425 5278 1536 5333 alia
1594 5279 1851 5333 minime.
1906 5278 2097 5349 Spissa

1746 320 1855 372 AN.
1897 318 2104 372 MANL.
2148 318 2302 373 SEV.
2357 318 2580 373 BOETII

2134 4359 2179 4412 D

3783 319 3915 371 1296

2122 450 2168 501 Α
2199 448 2454 504 vincunt.
2489 449 2615 502 Non
2644 447 2827 518 spissa
2849 462 2986 503 vero
3014 457 3035 483 ο
3060 463 3308 519 quorum
3336 448 3467 503 duae
3496 450 3911 520 preportiones

2197 554 2374 591 unam
2403 536 2687 608 reliquam
2719 540 2994 608 poterunt
3019 552 3323 608 superare;
3355 542 3442 593 est
3468 541 3663 593 autem
3694 539 3911 593 enhar-

2195 626 2457 681 monium
2476 632 2533 680 et
2561 626 2980 681 chromaticum
3027 627 3297 699 spissum,
3351 627 3712 684 diatonicum
3773 646 3909 686 vero

2199 730 2317 770 non
2342 715 2609 785 spissum.
2669 717 2865 787 Itaque
2911 716 3362 772 enharmonium
3412 718 3735 773 secundum
3784 720 3910 775 Ari-

2200 808 2501 859 stoxenum
2551 803 2831 859 dividitur
2891 804 2970 858 sic
3032 807 3087 872 6,
3121 808 3175 870 6,
3215 806 3306 872 48,
3362 810 3425 861 ut
3472 806 3624 862 inter
3678 823 3911 880 gravem

2196 908 2439 946 nervum
2470 907 2533 947 ac
2554 908 2733 963 prope
2772 908 3010 964 gravem
3036 894 3109 948 sit
3151 898 3357 965 quarta
3395 910 3529 965 pars
3569 898 3717 963 toni,
3767 913 3900 968 qua

2201 981 2412 1035 dicitur
2442 981 2613 1035 diesis
2642 981 3074 1050 enharmonios,
3107 998 3240 1039 cum
3290 984 3365 1039 sit
3391 989 3562 1039 tonus
3590 986 3662 1039 24
3710 986 3903 1041 unita-

2201 1072 2354 1126 tibus
2383 1071 2744 1127 constitutus.
2778 1074 2924 1127 Item
2944 1072 3261 1128 secundum
3288 1073 3656 1129 intervallum
3685 1091 3719 1129 a
3743 1076 3905 1147 gravi

2203 1161 2476 1231 nervoIad
2498 1162 2768 1231 gtertium,
2820 1161 2892 1215 sit
2928 1161 3130 1217 eadem
3165 1166 3371 1234 quarta
3406 1165 3432 1206 b
3458 1179 3594 1233 pars
3619 1164 3768 1219 toni.
3801 1164 3905 1219 Re-

2205 1249 2349 1320 liqui
2378 1265 2513 1304 vero
2558 1250 2658 1321 qui
2687 1254 2907 1306 restant
2932 1267 2999 1305 ex
3054 1251 3352 1323 sexaginta
3407 1251 3507 1323 qui
3556 1253 3736 1307 totius
3774 1269 3906 1325 pro-

2204 1338 2486 1408 portionis
2514 1344 2648 1394 sunt
2676 1339 2826 1393 inter
2852 1339 3088 1394 tertium
3119 1357 3151 1394 a
3180 1340 3341 1411 gravi
3362 1356 3533 1395 nervo
3567 1346 3739 1413 atque
3770 1358 3901 1397 acu-

2202 1426 2489 1481 tissimum
2520 1431 2790 1498 quartum
2810 1432 3109 1499 ponuntur
3130 1431 3221 1497 48,
3256 1434 3313 1485 et
3343 1429 3473 1484 duae
3502 1432 3908 1502 preportiones

2207 1516 2279 1571 ad
2305 1531 2539 1587 gravem
2568 1516 2804 1589 posita,
2836 1516 2891 1571 id
2923 1522 3008 1572 est
3034 1521 3065 1573 6
3099 1534 3164 1573 ac
3191 1521 3245 1587 6,
3276 1534 3456 1574 unam
3503 1519 3791 1592 reliquam
3838 1520 3908 1574 ad

2207 1610 2441 1660 acutum
2472 1605 2734 1676 locatam,
2763 1605 2824 1661 id
2854 1610 2940 1661 est
2977 1608 3067 1675 48,
3115 1623 3233 1662 non
3284 1609 3539 1664 vincunt.
3590 1608 3907 1663 Chremetis

2208 1711 2344 1751 vero
2373 1696 2561 1751 mollis
2590 1696 2739 1751 hanc
2768 1696 2901 1751 facit
2923 1696 3283 1768 {divisionem
3334 1701 3389 1766 8,
3435 1702 3491 1766 8,
3538 1699 3629 1767 44,
3676 1704 3745 1754 ut
3785 1703 3905 1753 octo

2134 1788 2174 1841 Β
2204 1790 2374 1857 atque
2403 1790 2531 1840 octo
2561 1785 2680 1841 sint
2705 1786 2891 1841 tertiae
2920 1789 3109 1857 partes
3136 1794 3450 1856 tonorum;
3489 1791 3577 1842 est
3607 1788 3767 1843 enim
3817 1793 3907 1843 to-

2204 1891 2315 1930 nus
2347 1878 2433 1942 (ut
2457 1874 2673 1929 dictum
2700 1874 2803 1945 est)
2832 1876 2903 1929 24
2933 1875 3243 1944 unitatem,
3276 1880 3334 1931 et
3361 1876 3571 1932 dicitur
3602 1876 3728 1931 toni
3772 1894 3909 1949 pars

2212 1961 2380 2016 tertia
2411 1961 2582 2015 diesis
2624 1961 2937 2016 chromatis
2974 1963 3183 2018 mollis.
3247 1965 3389 2017 Item
3443 1964 3757 2018 chromatis
3809 1964 3909 2019 he-

2204 2048 2388 2104 miolii
2417 2048 2769 2120 diatessaron
2797 2050 2877 2104 ita
2905 2050 3174 2122 partitur,
3203 2055 3255 2119 9,
3290 2054 3340 2117 9,
3397 2053 3486 2106 42.
3520 2053 3617 2107 Est
3642 2060 3664 2087 °
3713 2058 3910 2109 autem

2203 2137 2374 2191 diesis
2426 2137 2735 2193 chromatis
2812 2138 3077 2194 hemiolii
3157 2156 3290 2212 pars
3349 2145 3545 2195 octava
3595 2140 3718 2195 toni
3774 2156 3908 2196 cum

2203 2231 2428 2297 quarta,
2460 2226 2517 2281 id
2550 2231 2634 2282 est
2659 2242 2724 2281 ex
2752 2228 2823 2281 24
2850 2244 2949 2283 sex
2974 2244 3107 2283 cum
3153 2229 3352 2285 tribus.
3398 2230 3543 2284 Item
3588 2230 3900 2285 chromatis

2202 2314 2442 2369 thonizei
2470 2315 2602 2368 talis
2624 2316 2942 2375 secundum
2974 2317 3375 2371 Aristoxenum
3406 2317 3641 2388 partitio
3676 2324 3783 2384 est,
3821 2322 3906 2386 12,

2206 2406 2289 2471 12,
2323 2406 2409 2458 36.
2436 2404 2662 2459 Scilicet
2690 2408 2755 2459 ut
2783 2405 2844 2459 in
2874 2405 3098 2461 duobus
3128 2406 3443 2462 intervallis
3470 2407 3700 2477 singula
3734 2406 3908 2461 semi-

2200 2492 2358 2546 tonia
2414 2493 2743 2560 constituat,
2789 2497 2845 2548 et
2878 2495 3033 2564 quod
3094 2495 3385 2566 reliquum
3443 2500 3529 2550 est
3570 2484 3630 2549 in
3667 2495 3899 2550 ultimo.

2197 2584 2381 2651 Atque
2399 2581 2460 2635 in
2478 2581 2567 2636 his
2599 2582 2867 2637 omnibus
2897 2583 3027 2638 duas
3052 2584 3473 2656 proportiones,
3504 2601 3635 2656 quae
3648 2584 3903 2655 graviori

2200 2684 2374 2723 nervo
2404 2674 2540 2723 sunt
2557 2668 2851 2740 proximae,
2876 2670 3160 2742 reliquam
3188 2687 3319 2741 qua:
3348 2671 3429 2743 ad
3448 2676 3684 2726 acutum
3712 2673 3904 2743 posita

2199 2763 2302 2825 est,
2337 2756 2356 2792 ί
2396 2759 2792 2829 magnitudine
2821 2759 3061 2813 minime
3110 2765 3402 2831 superant,
3436 2766 3572 2815 sunt
3616 2762 3770 2816 enim
3814 2763 3908 2831 (ut

2198 2846 2415 2903 dictum
2444 2848 2551 2919 est)
2601 2847 2919 2918 spissorum
2977 2864 3276 2921 generum.
3335 2849 3526 2921 Spissa
3566 2851 3785 2922 quippe
3813 2867 3907 2921 ge-

2196 2952 2337 2990 nera
2365 2942 2501 2991 sunt
2529 2937 2978 2992 enharmonium
3025 2943 3199 3010 atque
3230 2938 3669 2993 chromaticum.
3707 2938 3905 2993 Diato-

2198 3025 2327 3079 nica
2348 3041 2484 3080 vero
2524 3025 2728 3080 divisio
2776 3026 2901 3097 ipsa
2946 3042 3180 3098 quoque
3228 3032 3312 3082 est
3341 3027 3574 3098 duplex.
3609 3028 3679 3081 Et
3717 3028 3906 3082 mollis

2201 3114 2435 3185 quidem
2461 3114 2739 3169 diatonici
2790 3115 2994 3171 divisio
3024 3120 3111 3171 est
3148 3117 3255 3171 hoc
3301 3117 3494 3185 modo,
3547 3119 3633 3183 12,
3684 3120 3771 3183 18,
3816 3118 3902 3184 30,

2198 3207 2264 3257 ut
2297 3206 2358 3256 12
2389 3203 2758 3259 semitonium
2784 3205 2880 3271 sit,
2913 3204 3111 3260 decem
3142 3208 3198 3260 et
3224 3210 3350 3261 octo
3399 3206 3802 3273 semitonium,
3851 3212 3907 3260 et

2201 3296 2405 3363 quarta
2427 3309 2559 3363 pars
2589 3294 2735 3360 toni,
2764 3302 2789 3337 Β
2816 3296 2884 3349 32
2911 3310 3046 3349 vero
3077 3295 3233 3366 quod
3262 3295 3554 3367 reliquum
3598 3300 3703 3349 est.
3754 3295 3901 3359 Quo-

2199 3396 2331 3434 rum
2360 3382 2558 3436 decem
2591 3387 2648 3436 et
2682 3387 2810 3437 octo
2840 3388 2898 3438 et
2929 3387 2993 3438 12
3024 3383 3284 3439 efﬁciunt
3302 3385 3391 3452 30,
3424 3400 3531 3438 nec
3560 3389 3904 3455 superantur

2201 3469 2271 3524 ab
2310 3486 2376 3524 ea
2405 3476 2567 3541 parte
2595 3487 2724 3542 quae
2752 3471 2980 3544 reliqua
3025 3477 3129 3527 est.
3176 3475 3318 3528 Item
3371 3473 3642 3528 diatonici
3686 3474 3903 3527 incitati

2197 3559 2331 3613 talis
2360 3559 2593 3629 partitio
2623 3565 2730 3628 est,
2759 3566 2825 3616 ut
2850 3561 3223 3617 semitonium
3253 3578 3319 3616 ac
3349 3562 3493 3616 duos
3523 3562 3732 3617 habeat
3764 3565 3903 3616 inte-

2201 3663 2332 3717 gros
2360 3652 2529 3703 tonos
2563 3652 2645 3717 12,
2667 3651 2758 3718 24,
2785 3651 2877 3717 24,
2911 3667 2980 3705 ex
3010 3651 3219 3722 quibus
3251 3652 3322 3705 24
3351 3656 3407 3705 et
3452 3654 3534 3719 12,
3577 3650 3635 3705 id
3679 3657 3767 3706 est
3814 3653 3897 3715 36,

2202 3752 2317 3789 non
2347 3742 2692 3807 superantur
2730 3754 2762 3792 a
2790 3739 3016 3810 reliqua
3044 3743 3207 3809 parte
3246 3756 3378 3811 quas
3404 3739 3477 3794 ad
3518 3746 3752 3794 acutum
3796 3746 3899 3805 est,

2204 3824 2301 3878 sed
2330 3825 2525 3894 potius
2579 3826 2834 3882 vincunt.
2898 3830 2993 3883 Est
3030 3828 3209 3899 igitur
3253 3829 3569 3884 secundum
3617 3828 3902 3883 Aristoxe.

2206 3929 2347 3967 num
2374 3914 2867 3971 tetrachordorum
2883 3916 3160 3987 praedicta
3182 3916 3439 3989 partitio,
3469 3934 3598 3989 quae
3643 3918 3898 3989 subjecta

2206 4001 2587 4073 descriptione
2613 4008 2987 4059 monstratur.

2294 4174 2492 4223 Divisio
2504 4174 2755 4226 diatonici
2806 4177 3006 4227 Divisio
3020 4177 3271 4229 diatonici
3318 4179 3513 4229 Divisio
3525 4179 3839 4229 chromatici

2418 4237 2620 4287 incitati
2934 4240 3111 4289 mollis
3451 4243 3670 4292 thoniaei

2359 4325 2697 4377 Diatessaron
2875 4329 3210 4380 Diatessaron

3401 4331 3746 4381 Diatesearon

2373 4468 2708 4539 ‘\
3407 4474 3652 4530 /:.\

2360 4603 3761 4785 amomum

2325 4803 3408 4872 son
3474 4821 3695 4876 ...ιι

2600 4989 2981 5033 GLAREANUS
3024 4990 3103 5030 AD
3148 4985 3510 5029 LECTORBM.

2274 5106 2381 5161 Nos
2431 5108 2599 5159 totum
2654 5105 2927 5173 negotium
2964 5104 3025 5157 in
3048 5099 3383 5157 tetrachordi
3422 5095 3779 5166 hyperboleon
3814 5094 3901 5145 ita

2206 5192 2287 5265 (ut
2323 5192 2497 5263 spero)
2530 5192 2945 5260 declaravimus,
2984 5195 3047 5245 ut
3064 5190 3233 5258 facile
3262 5189 3422 5243 lector
3442 5184 3739 5240 consideret
3767 5179 3905 5250 quid

2204 5299 2285 5338 me
2313 5286 2451 5337 Deus
2481 5282 2653 5337 voluit
2683 5281 2980 5335 elaborare.
3013 5280 3192 5335 Multa
3220 5283 3401 5332 tamen
3426 5291 3493 5330 ea-
3522 5271 3903 5343 :superioribus

398 5375 551 5437 sunt,
581 5372 607 5413 b
631 5382 881 5439 quorum
909 5367 1037 5421 duae
1084 5366 1373 5437 graviores
1421 5368 1823 5438 proportiones
1858 5384 1871 5421 :
1918 5382 2096 5421 unam
2197 5370 2670 5442 praesupponenda
2714 5375 2862 5438 sunt,
2912 5374 2975 5424 ut
3008 5368 3271 5439 quomodo
3307 5381 3362 5421 se
3418 5364 3619 5419 divisio
3649 5374 3903 5428 generum

399 5473 527 5512 eam
554 5473 686 5529 quas
726 5457 794 5511 ad
827 5460 1058 5510 acutum
1116 5456 1377 5527 apposita
1416 5462 1501 5510 est
1526 5456 1928 5527 magnitudine
1977 5470 2094 5511 non

472 5621 497 5647 ⁸
524 5614 645 5670 Non
683 5612 899 5678 legitur.
975 5612 1002 5653 Ι)
1031 5610 1168 5677 Qua.
1246 5620 1267 5645 ⁸
1297 5613 1433 5678 Qua.
1509 5596 1617 5666 d’6.
1697 5621 1717 5647 ο
1744 5616 1933 5669 Enim.

2204 5461 2417 5525 habeat,
2451 5460 2658 5529 alioqui
2686 5460 2903 5515 inutilis
2946 5460 3052 5514 erit
3103 5457 3277 5513 labor.
3320 5456 3545 5518 σείσω,
3588 5453 3664 5505 mi
3719 5450 3901 5515 lector,

2025 5612 2044 5647 ί
2075 5611 2530 5680 Magnitudinem.
2607 5623 2636 5667 s
2668 5613 2756 5669 30.
