4152 6184
239 250 364 303 1301

1552 243 1896 300 EPISTOLA
1935 243 2400 318 PR/EFATOBIA
2417 282 2430 298 .

3621 246 3754 302 1302

234 380 455 434 tandem
477 380 669 444 fuerit,
710 375 990 429 ebarbara
1021 376 1212 443 lingua
1241 379 1426 430 Graeca
1462 376 1739 428 volumina
1767 381 1945 430 trans-
1986 381 2027 433 A
2059 379 2306 433 omnibus
2343 393 2492 447 xque
2520 377 2997 445 diligentissimus)
3025 381 3371 446 praetermitti
3401 377 3743 447 quandoque,

227 473 407 537 ferens
443 469 757 523 semilatina
785 464 1050 519 reddidit.
1088 467 1228 521 Nam
1257 465 1526 518 voeubula
1572 465 1820 532 quaedam
1861 471 1940 520 ita

227 565 288 614 ut
311 561 499 627 jacent
545 557 781 610 barbara
813 555 1063 614 dimittit.
1108 570 1229 608 cum
1261 559 1438 608 tamen
1478 555 1666 607 Latini
1694 569 1794 606 sua
1845 555 1940 609 ha-

230 649 392 701 beant
421 653 471 700 et
507 645 727 714 quidem
775 646 980 712 optima
1025 659 1086 696 ac
1116 642 1530 711 probatissima.
1568 642 1739 707 Quam
1795 648 1937 697 enim

229 736 666 804 quadrilateram
737 737 970 803 ﬁguram
1012 731 1292 785 rhombum
1344 735 1393 784 et
1448 731 1620 785 erci
1663 737 1711 784 et
1762 737 1938 786 nostri

227 827 533 894 appellant,
567 825 659 877 ille
680 823 838 876 verbo
869 820 1103 890 quodam
1143 820 1223 890 (ut
1249 822 1329 872 ita
1361 819 1562 886 dicam)
1593 823 1797 874 exotico
1830 823 1936 874 hel-

227 916 435 966 muaim
465 918 638 978 vocat,
668 918 717 966 et
750 913 872 965 huic
911 913 1154 978 afﬁnem,
1188 925 1352 977 quam
1389 910 1560 964 Graeci
1589 909 1935 964 rhomboiden

227 1002 441 1067 dicunt,
473 1003 706 1055 similem
748 1002 1060 1054 helmuaim.
1099 1000 1238 1054 Sunt
1277 1002 1326 1050 et
1357 999 1484 1051 aliae
1516 998 1764 1065 quaedam
1796 1014 1932 1066 qua-

227 1091 513 1145 drilaterx
542 1095 754 1162 ﬁgurae,
788 1104 925 1159 quas
959 1087 1137 1142 Graeci
1158 1090 1422 1157 trapezia,
1457 1090 1632 1141 nostri
1660 1089 1933 1141 mensulas

226 1181 533 1235 nominant.

757 1444 1234 1573 [:7
1258 1397 1710 1589 ἓ

298 1752 412 1804 Has
453 1752 634 1802 noster
662 1749 747 1802 hic
778 1751 1044 1818 interpres
1065 1750 1255 1803 Latini
1283 1755 1446 1816 atque
1491 1752 1664 1808 Graeci
1693 1753 1944 1820 vocabuli

221 1855 478 1911 peraeque
506 1841 754 1905 ignarus,
811 1839 1171 1904 helmuarifas
1205 1838 1380 1894 dicere
1408 1857 1519 1895 non
1553 1847 1786 1897 veretur.
1833 1843 1943 1896 Sed

225 1933 336 1983 sint
361 1944 493 1982 sane
521 1928 630 1982 hxc
672 1929 810 1981 levia
836 1933 885 1981 et
905 1944 1010 1982 non
1040 1930 1212 1982 multa
1242 1931 1714 1986 animadversione
1741 1933 1933 2002 digna.

226 2019 373 2074 Illud
402 2024 540 2072 certe
581 2017 658 2087 (ni
686 2017 877 2088 fallor)
909 2017 1131 2082 defendi
1170 2020 1326 2073 nulla
1358 2026 1700 2076 excusatione
1738 2027 1934 2092 potest,

227 2109 374 2177 quod
425 2123 607 2162 rerum
657 2107 1014 2174 deﬁnitiones,
1066 2108 1262 2175 quibus
1310 2114 1372 2162 ut
1419 2114 1714 2180 principiis
1770 2115 1934 2167 totius

225 2199 470 2251 scientia
516 2199 740 2261 utimur,
773 2201 823 2249 et
853 2196 1229 2261 confundenda
1280 2200 1457 2263 falsas
1503 2202 1666 2268 facit,
1706 2203 1757 2254 et
1797 2218 1934 2271 quas

227 2286 482 2341 Euclides
516 2287 737 2339 minime
784 2287 1076 2339 somniavit
1106 2289 1164 2338 in
1193 2302 1380 2342 earum
1420 2291 1590 2343 locum
1623 2305 1741 2358 qux
1781 2293 1933 2346 illius

227 2381 406 2438 erant,
445 2377 729 2429 temerario
760 2375 995 2443 quodam
1025 2389 1164 2428 ausu
1195 2382 1474 2446 supponit.
1496 2381 1636 2434 Nam
1667 2383 1854 2434 statim
1873 2385 1934 2435 in

228 2468 387 2519 initio
430 2467 607 2532 operis
667 2466 865 2518 lineam
909 2465 1281 2531 hujuscemodi
1326 2467 1658 2535 deﬁnitionis
1705 2474 1932 2525 termino

229 2555 473 2608 claudit:
509 2554 679 2606 Linea
710 2558 788 2606 est
818 2553 1097 2618 longitudo
1121 2556 1238 2606 sine
1269 2555 1582 2620 latitudine,
1615 2559 1770 2626 cujus
1801 2562 1929 2626 qui-

231 2641 351 2694 dem
380 2644 746 2695 extremitates
776 2647 904 2694 sunt
935 2641 1045 2694 dua
1081 2648 1305 2709 puncta.
1343 2647 1462 2698 ch
1509 2661 1631 2698 vero
1669 2646 1846 2713 ﬁnitio
1884 2651 1934 2702 ei

233 2731 387 2784 lineae
435 2730 832 2784 accommodari
862 2733 1083 2785 minime
1133 2737 1310 2800 potest
1363 2750 1528 2801 quam
1560 2736 1932 2804 peripheriam

233 2820 412 2873 Graeci
456 2823 758 2885 nominant,
814 2835 932 2874 cum
987 2821 1085 2874 illa
1139 2825 1394 2874 extremis
1457 2823 1628 2878 nullis
1678 2828 1926 2893 ﬁniatur,

230 2925 550 2981 quanquam
582 2910 808 2977 quidam
847 2926 913 2963 ex
943 2911 1330 2964 recentioribus
1368 2913 1518 2978 falsa
1573 2915 1931 2968 translatione

233 2999 459 3068 decepti,
501 3000 638 3052 hanc
667 3005 926 3067 tanquam
966 3000 1213 3053 Euclidis
1245 3016 1426 3053 veram
1450 3002 1817 3065 deﬁnitionem
1848 3005 1935 3057 de-

231 3088 453 3154 fendere
482 3093 764 3149 conantur,
801 3088 1033 3142 dicentes
1080 3089 1453 3157 peripheriam
1508 3092 1726 3158 quidem
1756 3098 1932 3147 extre-

234 3182 337 3230 mis
395 3184 444 3231 et
488 3178 689 3246 ﬁnibus
720 3182 844 3231 actu
895 3193 1096 3243 carere,
1147 3179 1461 3246 aptitudine
1490 3196 1611 3234 vero
1636 3180 1717 3250 (ut
1753 3198 1933 3236 eorum

234 3269 364 3318 utar
393 3265 662 3331 vocabulo)
696 3263 830 3333 ﬁnes
861 3270 910 3318 et
943 3267 1200 3318 terminos
1229 3281 1538 3332 agnoscere,
1575 3269 1721 3335 quod
1745 3271 1934 3336 perri-

235 3353 474 3407 diculum
516 3359 611 3407 est.
641 3353 923 3422 Siquidem
953 3355 1132 3408 eodem
1171 3357 1411 3422 exemplo
1457 3357 1655 3410 lineam
1684 3361 1801 3425 ipse
1849 3358 1935 3410 de-

230 3442 421 3507 ﬁniam
478 3441 871 3507 longitudinem
931 3443 1069 3496 citra
1121 3443 1487 3510 latitudinem,
1550 3460 1667 3509 quae
1715 3444 1936 3513 quidem

234 3533 490 3582 extremis
537 3534 737 3596 careat,
785 3530 930 3599 quod
959 3533 1009 3584 si
1051 3532 1371 3585 reclamabis
1401 3537 1451 3584 et
1489 3533 1688 3586 lineam
1716 3534 1934 3601 objicies

235 3622 438 3670 rectam
464 3620 698 3686 ﬁnitam,
744 3620 1071 3687 respondebo
1125 3636 1241 3673 eam
1287 3621 1489 3688 ﬁnibus
1526 3622 1811 3677 habilitate
1835 3640 1933 3694 po-

237 3708 516 3774 tentiaque
556 3723 772 3772 vacare,
813 3711 1059 3776 quamvis
1089 3714 1216 3762 actu
1249 3725 1354 3763 non
1376 3715 1546 3764 vacet.
1581 3713 1935 3776 Quamobrem

236 3799 334 3848 aut
363 3800 594 3863 utraque
617 3796 854 3865 deﬁnitio
882 3798 1193 3866 recipienda
1215 3803 1311 3865 est,
1337 3815 1441 3867 quo
1461 3801 1603 3852 nihil
1633 3805 1805 3868 potest
1826 3816 1935 3854 esse

236 3884 552 3952 absurdius,
585 3891 682 3938 aut
708 3891 939 3954 utraque
964 3888 1283 3954 rejicienda.
1321 3889 1473 3952 Quod
1501 3891 1802 3942 rectissima
1840 3907 1932 3943 ra-

239 3978 382 4028 tione
407 3976 530 4041 ﬁeri
564 3975 849 4041 constabit,
895 3977 944 4029 si
996 3980 1116 4045 quis
1159 3977 1565 4030 animadvertat
1593 3994 1756 4045 quam
1787 3982 1934 4032 incu-

237 4067 387 4118 riose
417 4067 661 4132 egregius
687 4067 787 4118 iste
816 4067 1082 4134 interpres
1127 4066 1264 4120 duas
1302 4082 1484 4120 rerum
1515 4069 1666 4136 longe
1697 4069 1933 4122 aliarum

239 4153 576 4222 deﬁnitiones
597 4156 653 4207 in
682 4170 846 4208 unam
893 4157 1053 4222 quasi
1089 4157 1326 4221 formam
1366 4136 1734 4225 conﬁnxerit,
1767 4163 1934 4226 atque

238 4243 314 4296 ad
345 4259 510 4296 unam
556 4248 766 4296 tantum
813 4260 927 4298 rem
980 4244 1341 4312 deﬁniendum
1385 4249 1758 4314 assumpserit.
1795 4248 1932 4302 Nam

243 4333 492 4388 Euclides
518 4349 636 4386 cum
668 4334 864 4386 lineam
898 4333 1227 4401 deﬁnivisset
1265 4335 1658 4402 longitudinem
1681 4337 1823 4389 citra
1854 4339 1935 4390 la-

241 4423 554 4484 titudinem,
592 4425 969 4492 essentque'ex
999 4424 1154 4477 lineis
1186 4425 1436 4493 quxdam
1479 4427 1644 4490 ﬁnitae
1666 4430 1716 4478 et
1745 4430 1928 4480 termi-

236 4514 404 4576 natae,
442 4528 566 4565 mox
605 4513 900 4565 declaravit
931 4514 1030 4581 qui
1053 4518 1226 4567 essent
1248 4514 1398 4568 linea:
1428 4517 1561 4583 ﬁnes
1600 4520 1650 4568 et
1689 4517 1926 4578 termini,

238 4603 488 4668 inquiens
514 4617 524 4652 :
549 4602 721 4654 Linex
748 4615 872 4653 vero
902 4606 1141 4655 extrema
1165 4606 1371 4670 puncta
1391 4608 1536 4656 sunt.
1561 4603 1634 4656 At
1651 4603 1735 4656 hic
1750 4608 1928 4656 noster

239 4695 350 4742 tam
380 4689 572 4757 lepidae
594 4690 955 4745 traductionis
985 4696 1174 4745 auctor
1202 4707 1269 4744 ex
1297 4691 1533 4744 duarum
1556 4691 1930 4759 deﬁnitionum

235 4780 600 4848 permixtione
637 4781 1054 4849 confusioneque
1100 4796 1266 4834 unum
1315 4782 1477 4848 quasi
1514 4796 1706 4849 corpus
1737 4781 1927 4850 deﬁni-

238 4870 400 4920 tionis
433 4869 661 4934 collegit,
703 4885 764 4922 ac
808 4870 908 4924 soli
939 4870 1092 4923 linea:
1121 4885 1412 4936 congruere
1452 4871 1744 4938 aptarique
1773 4885 1931 4938 posse

232 4957 477 5024 putavit.
511 4956 604 5010 Ad
617 4958 834 5025 plenam
864 4957 1038 5026 igitur
1058 4958 1208 5011 linea:
1230 4958 1592 5026 deﬁnitionem
1613 4959 1753 5012 nihil
1781 4959 1934 5012 aliud

213 5045 638 5113 'corrogandum
685 5052 782 5114 est,
810 5053 1006 5116 praeter
1053 5047 1113 5100 id
1165 5047 1310 5114 quod
1357 5047 1562 5100 dictum
1619 5052 1698 5102 est
1739 5049 1934 5101 lineam

240 5135 636 5202 longitudinem
662 5151 772 5190 esse
814 5139 954 5190 citra
1002 5136 1369 5190 latitudinem.
1406 5137 1493 5191 Sic
1535 5139 1676 5190 enim
1711 5139 1935 5190 circum-

241 5227 516 5277 currentes
549 5225 718 5279 lineas
748 5231 940 5291 rectas,
988 5230 1039 5279 et
1067 5228 1335 5292 flexuosas
1380 5227 1775 5294 complectitur,
1812 5229 1938 5278 item

241 5311 435 5381 ﬁnitas
457 5316 668 5380 pariter
697 5320 862 5382 atque
900 5317 1164 5382 inﬁnitas.
1216 5316 1298 5367 Ex
1332 5315 1528 5383 quibus
1569 5315 1785 5383 quidem
1815 5317 1938 5382 inﬁ-

243 5405 391 5454 nitas
427 5403 596 5456 lineas
626 5406 779 5470 prior
822 5404 974 5456 nobis
1013 5404 1133 5470 jam
1157 5405 1437 5470 inﬁrmata
1480 5402 1718 5470 deﬁnitio
1760 5406 1939 5454 mani-

247 5492 543 5554 festissime
580 5507 685 5544 non
732 5492 1044 5559 recipiebat.
1097 5492 1213 5558 Age
1244 5491 1585 5544 ostendamus
1617 5505 1757 5542 nunc
1784 5492 1944 5542 etiam

254 5579 503 5633 Euelidis
549 5579 887 5648 deﬁnitiones
917 5580 986 5633 ab
1017 5581 1111 5634 hoc
1140 5585 1324 5634 nostro
1362 5583 1652 5648 interprete
1678 5577 1760 5646 (ut
1783 5583 1860 5631 est
1888 5581 1944 5630 in

1975 1656 2015 1708 Β

2055 473 2106 521 et
2134 469 2276 521 alias
2307 468 2574 536 quasdam
2603 483 2704 537 pro
2730 468 2840 521 illis
2861 465 3133 532 adhiberi,
3166 470 3222 519 in
3251 481 3355 534 quo
3397 466 3614 531 quidem
3644 481 3750 521 non

2050 559 2281 612 multum
2313 556 2638 624 inquirendo
2675 555 3060 609 laborabimus.
3111 557 3250 610 Nam
3287 557 3475 608 statim
3503 559 3628 622 post
3657 554 3750 608 di-

2051 652 2164 699 etas
2221 646 2607 713 descriptiones
2657 645 2856 698 lineam
2924 649 3124 698 rectam
3173 645 3256 697 his
3301 644 3481 696 verbis
3528 643 3748 712 deﬁnit:

2049 737 2217 789 Linea
2237 739 2383 787 recta
2403 739 2480 786 est
2509 733 2578 785 ab
2605 748 2710 786 uno
2744 738 2945 801 puncto
2985 733 3059 786 ad
3098 732 3270 786 alium
3307 733 3626 785 brevissima
3655 749 3747 785 ex-

2051 826 2241 886 tensio,
2281 826 2340 874 in
2381 824 2751 875 extremitates
2781 837 2910 876 suas
2934 827 3222 891 utrumque
3259 837 3442 875 eorum
3464 823 3747 888 recipiens.

2053 914 2168 967 Non
2198 914 2279 963 ita
2324 910 2596 976 Euclides,
2649 911 2744 963 sed
2774 910 3137 978 deﬁnitionem
3187 912 3497 963 universam
3545 909 3750 961 brevis-

2044 1005 2180 1054 sime
2223 1001 2430 1065 colligit
2459 1002 2518 1052 in
2559 1000 2697 1053 hunc
2745 999 2961 1052 modum
2991 1016 3002 1052 :
3037 1002 3199 1055 Recta
3238 1000 3383 1052 linea
3426 1003 3503 1052 est
3535 1013 3653 1066 qua:
3685 1014 3752 1051 ex

2044 1105 2199 1158 aequo
2247 1104 2347 1142 sua
2393 1093 2599 1157 puncta
2637 1089 2936 1157 interjacet.
2979 1091 3093 1144 Non
3142 1103 3292 1142 secus
3338 1091 3397 1140 in
3443 1087 3751 1156 deﬁnitione

2043 1179 2207 1246 plane
2245 1180 2552 1246 superﬁciei
2597 1177 2837 1244 aberrat,
2884 1193 3011 1230 nam
3056 1193 3176 1231 cum
3219 1177 3474 1231 Euclides
3517 1179 3596 1229 sic
3620 1177 3750 1243 defi-

2044 1271 2200 1320 niat:
2238 1268 2410 1320 Plana
2451 1269 2758 1337 superﬁcies
2804 1271 2882 1320 est
2931 1282 3049 1336 quae
3100 1282 3166 1320 ex
3210 1281 3361 1334 xquo
3410 1281 3537 1319 suas
3574 1266 3746 1320 lineas

2043 1355 2350 1424 interjacet,
2384 1357 2476 1409 ille
2504 1355 2796 1425 quamdam
2819 1357 2972 1423 longe
2997 1356 3166 1409 aliam
3192 1359 3513 1409 commentus
3547 1359 3624 1408 est
3655 1354 3749 1408 de-

2041 1447 2341 1512 ﬁnitionem
2397 1445 2489 1497 hoc
2542 1444 2733 1498 modo:
2797 1446 2970 1498 Plana
3029 1443 3344 1513 superﬁcies
3396 1448 3473 1496 est
3517 1443 3583 1496 ab
3639 1459 3750 1498 una

2045 1537 2185 1588 linea
2213 1534 2287 1586 ad
2316 1535 2482 1586 aliam
2517 1536 2757 1587 extensio
2801 1536 2859 1586 in
2886 1535 3252 1587 extremitates
3295 1547 3424 1587 suas
3456 1535 3744 1600 recipiens.

2043 1624 2147 1679 Sed
2173 1625 2279 1677 haec
2310 1628 2471 1692 atque
2493 1623 2606 1676 alia
2632 1623 3006 1690 hujuscemodi
3031 1623 3198 1691 plura
3218 1620 3424 1690 partim
3469 1623 3658 1674 inscite
3697 1627 3747 1675 et

2058 1713 2269 1767 indocte
2300 1713 2590 1776 translata,
2629 1714 2837 1779 partim
2864 1716 3026 1765 etiam
3062 1715 3349 1764 immutata
3369 1715 3418 1764 et
3447 1714 3680 1775 inversa,
3700 1713 3750 1763 si

2053 1808 2345 1872 utrumque
2367 1802 2657 1866 diligenter
2675 1803 2843 1866 legere
2865 1799 3164 1870 aliquando
3189 1800 3290 1853 tibi
3317 1801 3623 1867 contigerit,
3649 1815 3746 1867 per

2054 1897 2103 1944 te
2145 1895 2261 1960 ipse
2298 1889 2560 1956 facillime
2597 1889 2980 1958 deprehendes.
3023 1891 3176 1944 Nunc
3206 1904 3324 1958 quae
3357 1891 3416 1940 in
3447 1890 3748 1956 cxpositore

2051 1981 2324 2048 Campano
2357 1983 2415 2033 in
2455 1983 2696 2050 primum
2725 1980 3103 2032 elementorum
3157 1979 3358 2030 librum
3409 1980 3617 2043 notavi,
3651 1993 3746 2029 ex-

2043 2071 2252 2138 plicare
2301 2070 2400 2122 tibi
2429 2067 2737 2135 aggredior.
2775 2069 2841 2122 In
2882 2083 2991 2135 qua
3028 2066 3247 2135 quidem
3284 2081 3342 2118 re
3389 2065 3456 2118 ab
3503 2065 3745 2120 omnibus

2044 2162 2182 2212 viris
2217 2159 2406 2224 doctis,
2443 2158 2638 2227 quibus
2669 2158 2779 2210 haec
2812 2162 2998 2210 nostra
3030 2157 3199 2223 legere
3233 2158 3402 2208 otium
3435 2157 3558 2219 erit,
3605 2159 3744 2223 peti-

2047 2253 2158 2301 tum
2203 2251 2656 2317 impetratumque
2699 2261 2808 2299 esse
2858 2245 3036 2311 velim,
3078 2259 3144 2297 ne
3169 2259 3253 2297 eos
3303 2246 3413 2296 viri
3447 2247 3745 2296 auctoritas

2044 2340 2219 2405 magis
2237 2342 2463 2400 moveat,
2496 2351 2659 2405 quam
2675 2337 2819 2388 ratio
2849 2339 2972 2402 ipsa
3011 2340 3059 2388 et
3079 2337 3300 2388 veritas.
3336 2333 3613 2400 Leguntur
3636 2336 3743 2384 ita-

2045 2444 2146 2496 que
2176 2427 2262 2496 (ut
2303 2426 2374 2479 ad
2414 2441 2524 2479 rem
2563 2427 2739 2493 ipsam
2762 2425 2881 2492 jam
2913 2421 3147 2492 veniam)
3196 2422 3346 2491 apud
3375 2421 3654 2475 Euclidem
3684 2423 3744 2474 in

2043 2519 2217 2585 primo
2265 2517 2637 2568 elementorum
2695 2513 2832 2565 libro
2878 2513 2983 2564 duo
3013 2511 3363 2575 theoremata,
3405 2523 3633 2578 quorum
3654 2509 3743 2561 al-

2043 2611 2214 2659 terum
2241 2607 2537 2672 reciprocat
2567 2607 2730 2669 atque
2757 2603 2988 2654 recurrit
3021 2600 3095 2652 ad
3123 2600 3371 2652 alterum.
3416 2597 3584 2650 Ambo
3621 2612 3744 2650 vero

2044 2695 2357 2746 deductione
2400 2691 2473 2743 ad
2529 2689 2918 2742 incommodum
2964 2704 2997 2740 a
3047 2689 3320 2756 Campano
3371 2685 3744 2740 demonstrata

2041 2790 2186 2837 sunt.
2224 2781 2327 2836 Sed
2348 2785 2404 2832 ut
2437 2779 2572 2846 quid
2593 2779 2782 2830 ordiar
2809 2778 3030 2846 planius
3061 2777 3356 2841 intelligas,
3393 2777 3574 2841 accipe
3615 2777 3743 2842 pri-

2042 2887 2182 2923 mum
2209 2873 2534 2923 theoremata
2564 2871 2688 2936 ipsa
2718 2883 2836 2920 cum
2854 2882 3034 2919 eorum
3094 2865 3529 2928 deductionibus,
3570 2862 3652 2917 ita
3681 2869 3742 2917 ut

1977 2944 2016 2998 (ἶ
2045 2961 2144 3011 illa
2175 2960 2302 3024 legit
2332 2961 2494 3024 atque
2525 2958 2726 3009 astruit
2759 2957 3086 3024 Campanus.
3116 2953 3319 3006 Deinde
3351 2952 3487 3021 quid
3506 2954 3742 3018 fortasse

2042 3051 2340 3114 peccaverit
2374 3047 2483 3109 ille,
2521 3045 2758 3111 quidque
2785 3058 2879 3096 nos
2909 3041 3228 3108 sentiamus,
3260 3042 3493 3096 breviter
3525 3041 3736 3107 audies,

2045 3138 2376 3192 theoremata
2405 3138 2576 3202 igitur
2598 3137 2704 3188 haec
2736 3139 2882 3186 sunt.

2188 3233 2383 3287 Omnis
2406 3233 2681 3302 trianguli
2709 3231 2936 3300 longius
2958 3231 3110 3284 latus
3134 3231 3341 3299 majori
3367 3230 3580 3300 angulo

2685 3303 3011 3373 oppositum
3035 3307 3138 3355 est.

2116 3397 2204 3449 Sit
2231 3400 2288 3446 ut
2318 3392 2592 3458 triangulo
2615 3391 2662 3444 Α
2683 3393 2723 3445 Β
2753 3392 2810 3456 C,
2836 3392 3070 3458 angulus
3098 3393 3143 3445 Α
3170 3393 3243 3444 sit
3260 3390 3438 3458 major
3458 3391 3655 3456 angulo
3680 3391 3736 3446 C.

2043 3487 2170 3536 Dico
2210 3482 2356 3550 quod
2387 3482 2530 3533 latus
2557 3481 2595 3535 C
2626 3482 2667 3533 B
2693 3479 2872 3546 majus
2906 3483 3012 3532 erit
3051 3481 3217 3533 latere
3239 3481 3286 3533 A
3322 3482 3366 3533 Β
3392 3498 3406 3544 ;
3432 3481 3481 3532 si
3501 3481 3641 3532 enim
3669 3483 3740 3532 sit

2043 3574 2266 3642 aequale,
2301 3573 2405 3625 erit
2431 3586 2527 3639 per
2577 3573 2606 3621 5
2649 3569 2882 3634 angulus
2929 3569 2976 3622 A
3008 3569 3236 3636 xqualis
3263 3569 3461 3636 angulo
3505 3570 3560 3632 C,
3596 3568 3742 3636 quod

2045 3667 2122 3714 est
2151 3665 2339 3714 contra
2378 3659 2737 3727 hypothesim.
2786 3659 2856 3713 Si'
2882 3661 3060 3710 autem
3108 3659 3155 3711 A
3195 3659 3231 3710 Β
3258 3660 3328 3711 sit
3354 3657 3554 3724 majus,
3589 3673 3738 3711 rese-

2043 3755 2191 3803 cetur
2240 3749 2313 3800 ad
2341 3749 2708 3815 xqualitatem
2739 3746 2777 3799 C
2825 3747 2866 3797 B
2903 3760 3000 3812 per
3041 3748 3091 3797 3.
3128 3747 3326 3814 Sitque
3377 3748 3424 3798 D
3460 3748 3501 3799 B
3533 3749 3740 3810 aequale

2046 3840 2084 3894 C
2122 3837 2191 3903 Β,
2243 3839 2344 3889 erit
2391 3852 2517 3904 ergo
2550 3850 2644 3902 per
2682 3838 2710 3886 5
2759 3834 2994 3898 angulus
3040 3836 3086 3886 D
3116 3833 3153 3888 C
3183 3836 3226 3887 B
3264 3836 3490 3901 aequalis
3537 3836 3739 3902 angulo

2045 3931 2086 3981 B
2110 3931 2154 3980 D
2184 3929 2256 3990 C;
2289 3925 2383 3977 sed
2414 3927 2452 3977 B
2481 3927 2524 3977 D
2555 3925 2593 3978 C
2613 3928 2690 3975 est
2711 3922 2888 3989 major
2919 3923 3122 3988 angulo
3153 3925 3196 3976 B
3222 3923 3272 3976 Α
3307 3925 3460 3992 Cper
3497 3927 3555 3976 16
3577 3941 3590 3990 ;
3614 3940 3738 3990 ergo

2045 4018 2085 4068 B
2118 4016 2154 4070 Ο
2202 4018 2242 4068 D
2271 4018 2348 4066 est
2378 4013 2555 4079 major
2588 4013 2624 4063 Β
2675 4012 2723 4063 Α
2772 4013 2845 4066 C:
2910 4026 3076 4078 quare
3108 4014 3275 4066 multo
3312 4012 3513 4078 fortius
3561 4016 3739 4082 major

2046 4107 2092 4158 Α
2117 4106 2155 4160 C
2187 4105 2374 4172 Bpars
2404 4107 2529 4166 toto,
2563 4099 2708 4168 quod
2741 4105 2818 4152 est
2851 4101 3200 4167 impossibile.

3208 4355 3220 4628 Ι

3173 4209 3213 4260 C

3121 4343 3143 4360 ,.
3158 4330 3163 4334 ι
3177 4297 3226 4360 f/l

2833 4362 3118 4580 //
3132 4378 3168 4440 /

2603 4580 2832 4758 /
3201 4631 3209 4758 ἐ

2562 4759 2784 4806 ﬁ-.._-
2853 4803 2856 4805 .
2934 4763 3202 4808 '_____-J

2507 4865 2540 4911 B
2863 4865 2896 4912 D
3180 4863 3220 4910 Δ

2187 4973 2385 5026 Omnis
2413 4973 2693 5044 trianguli
2715 4973 2918 5044 majori
2949 4971 3162 5040 angulo
3181 4968 3408 5040 longius
3430 4969 3576 5022 latus

2685 5043 3015 5115 oppositum
3043 5048 3144 5095 est.

2118 5153 2200 5204 Sit
2225 5157 2282 5203 ut
2311 5153 2364 5202 in
2384 5153 2722 5213 trianguloA
2751 5153 2790 5204 B
2815 5153 2852 5206 C
2871 5150 3070 5203 latusB
3090 5150 3127 5204 C
3149 5153 3220 5202 sit
3240 5148 3425 5215 majus
3443 5144 3674 5199 late-reA
3700 5145 3740 5196 B

2054 5224 2175 5275 Dico
2207 5222 2350 5289 quod
2395 5223 2628 5287 angulus
2659 5223 2706 5275 Α
2751 5225 2853 5274 erit
2884 5222 3063 5288 major
3101 5221 3298 5284 angulo
3331 5220 3386 5283 C,
3428 5223 3478 5270 et
3507 5220 3584 5268 est
3605 5230 3742 5289 Acon-

2049 5287 2601 5359 versa—praecedentis.
2634 5293 2694 5345 Si
2717 5295 2863 5344 enim
2890 5287 3236 5360 sitxquatis,
3270 5296 3395 5360 tunc
3412 5303 3508 5354 per
3536 5289 3568 5360 6_
3598 5287 3740 5360 latus

2051 5366 2097 5416 A
2133 5365 2171 5416 B
2202 5358 2278 5415 ρει
2302 5364 2507 5428 xquale
2558 5365 2714 5415 lateri
2743 5365 2784 5416 B
2811 5364 2848 5418 Ο
2875 5363 3020 5431 quod
3045 5358 3125 5415 est
3162 5367 3350 5414 contra
3378 5358 3734 5431 hypothesim_.

2055 5437 2113 5488 Si
2136 5439 2313 5486 autem
2335 5437 2372 5486 C
2402 5437 2474 5484 sit
2505 5437 2698 5498 major,
2738 5442 2864 5488 tunc
2884 5429 2992 5503 “per
3013 5433 3399 5503 praecedentem
3437 5430 3579 5482 latus
3618 5429 3668 5480 Α
3700 5429 3740 5480 Β

2054 5509 2130 5558 est
2160 5506 2336 5571 majus
2371 5505 2536 5556 latere
2559 5507 2598 5558 B
2635 5505 2671 5559 C
2699 5506 2845 5574 quod
2871 5501 2947 5560 est
2972 5501 3159 5558 contra
3181 5501 3547 5569 hypothesim:
3575 5515 3743 5568 quare

2056 5580 2326 5628 astruitur
2355 5578 2708 5644 propositum.
