4152 6184
421 229 553 284 1303

938 403 1643 908 \t

404 927 495 982 Sic
526 927 852 996 Campanus.
894 928 1001 983 Sed
1042 932 1103 981 ut
1154 930 1213 980 in
1242 942 1348 995 quo
1392 929 1545 983 nobis
1587 934 1767 987 minus
1809 942 1949 991 recte
1978 953 2099 991 sen-

402 1018 539 1070 sisse
591 1017 865 1083 videatur,
926 1018 1152 1083 facilius
1179 1021 1480 1088 percipias,
1530 1037 1708 1088 pauca
1757 1026 2005 1092 quaedam
2034 1045 2101 1083 ex

404 1104 690 1159 dialectica
716 1107 981 1172 facultate
1004 1109 1210 1174 partim
1237 1114 1558 1175 praenotare,
1592 1114 1798 1177 partim
1826 1116 2099 1171 intermis-

403 1207 517 1247 cere
544 1199 769 1262 oportet.
816 1195 957 1249 Sunt
1008 1196 1178 1260 igitur
1206 1197 1264 1248 in
1297 1198 1446 1249 omni
1485 1202 1777 1262 quaestione
1802 1204 1884 1269 (ut
1925 1206 2102 1259 Philo-

401 1283 568 1350 sopho
600 1286 660 1336 in
688 1287 973 1351 postremis
1004 1284 1316 1351 Analyticis
1337 1285 1539 1356 placet)
1565 1287 1685 1351 duo,
1708 1306 1936 1357 quorum
1962 1295 2098 1347 alte-

401 1385 526 1423 rum
558 1370 747 1425 datum
790 1377 887 1439 est,
935 1375 1226 1440 quaesitum
1278 1375 1529 1441 alterum,
1569 1382 1630 1429 ut
1662 1382 1711 1430 si
1749 1384 1991 1447 positum
2043 1386 2099 1437 in

403 1462 698 1525 quxstione
715 1462 889 1525 fuerit
918 1477 989 1513 an
1020 1462 1225 1527 cwlum,
1260 1462 1449 1516 datum
1468 1468 1566 1529 est,
1598 1466 1691 1518 sed
1706 1483 1779 1519 an
1808 1471 2101 1525 rotundum

401 1548 475 1600 sit
504 1551 789 1615 quaeritur.
824 1549 903 1603 At
935 1550 1241 1618 Campanus
1267 1554 1551 1620 proposita
1571 1553 1898 1610 theoremata
1926 1561 1985 1611 in
2007 1560 2101 1612 da-

405 1640 517 1688 tum
547 1641 711 1704 atque
756 1642 1042 1704 quxsitum
1066 1653 1412 1706 nequaquam
1438 1646 1577 1695 recte
1617 1642 1838 1697 solvisse
1865 1646 2097 1702 videtur.

401 1723 541 1778 Nam
570 1727 630 1777 in
670 1728 859 1794 priore
893 1728 1216 1779 theoremate
1257 1727 1519 1793 majorem
1548 1732 1809 1797 angulum
1847 1734 1954 1787 sibi
1974 1735 2101 1789 duri

401 1813 661 1880 postulat,
711 1818 760 1866 et
804 1814 1032 1867 subinde
1060 1817 1255 1882 quaerit
1299 1830 1371 1868 an
1427 1817 1512 1870 illi
1564 1818 1747 1885 majus
1801 1822 1945 1876 latus
1973 1827 2103 1879 site

402 1903 617 1965 regione
632 1904 1002 1956 constitutum.
1028 1901 1343 1970 Contraque
1368 1906 1427 1958 in
1456 1910 1751 1973 posteriore
1777 1911 1956 1978 majus
1979 1915 2102 1980 qui-

404 1986 524 2041 dem
553 1989 697 2043 latus
728 1989 854 2043 dari
890 1991 1029 2053 vult,
1079 2006 1150 2043 an
1178 2007 1299 2045 vero
1340 1994 1412 2045 sit
1442 1994 1645 2062 majori
1683 1999 1885 2064 angulo
1914 2000 2099 2054 obver-

403 2091 522 2129 sum
552 2080 766 2146 quxrit,
803 2079 950 2146 quod
978 2083 1165 2133 contra
1191 2081 1513 2145 faciendum
1546 2088 1644 2137 est.
1674 2087 1815 2141 Nam
1846 2092 2023 2155 quivis
2046 2091 2103 2144 in

404 2164 833 2232 dialectica,mea
859 2166 1082 2236 quidem
1103 2170 1476 2236 sententia,vel
1492 2171 1835 2228 mediocriter
1852 2178 2101 2233 eruditus

402 2254 569 2318 facile
596 2255 781 2309 videre
815 2260 1011 2324 potest,
1043 2260 1101 2310 in
1131 2272 1187 2311 eo
1218 2258 1540 2313 theoremate
1574 2276 1678 2329 quo
1712 2267 1885 2318 omnis
1917 2267 2100 2321 trian-

404 2343 524 2408 guli
553 2344 767 2410 longius
797 2345 941 2398 latus
972 2346 1175 2413 majori
1203 2347 1403 2413 angulo
1424 2353 1611 2401 contra
1630 2354 1950 2420 respondere
1973 2372 2099 2424 pro-

400 2432 649 2498 ponitur,
679 2432 890 2497 longius
920 2434 1139 2500 quidem
1169 2435 1313 2488 latus
1346 2438 1615 2503 trianguli
1643 2438 1771 2493 dari
1798 2442 2100 2513 subjicique

406 2522 667 2585 oportere,
707 2534 779 2572 an
802 2535 929 2573 vero
955 2522 1156 2589 majori
1183 2524 1381 2589 angulo
1425 2527 1498 2577 sit
1536 2541 1563 2577 e
1595 2530 1807 2593 regione
1837 2535 2096 2603 positum,

407 2609 582 2672 quaeri
609 2621 671 2659 ac
712 2608 1029 2676 praedicari,
1076 2618 1367 2676 contraque
1398 2614 1455 2664 in
1496 2628 1744 2669 converso
1779 2618 2102 2677 theoremate

405 2694 667 2761 majorem
698 2696 915 2765 quidem
946 2699 1208 2764 angulum
1246 2700 1481 2767 concedi,
1528 2702 1739 2770 longius
1792 2723 1915 2761 vero
1955 2712 2099 2764 latus

405 2784 641 2849 inquiri.
677 2785 756 2837 0b
788 2786 885 2839 hoc
914 2802 1038 2840 vero
1063 2792 1345 2855 peccatum
1377 2798 1711 2845 consecutum
1743 2800 1839 2860 est,
1874 2802 1923 2849 et
1945 2799 2101 2853 aliud

1886 263 2187 403 NICOLA;
2200 271 2449 328 JUDECI

3786 315 3923 371 1304

2214 415 2549 479 commearet,
2581 428 2688 469 non
2715 418 2830 472 alia
2873 422 3176 482 collectione
3204 445 3369 499 quam
3404 437 3483 491 ad
3520 441 3918 505 incommodum

2211 493 2437 551 ducente
2477 504 2741 559 astruxit.
2786 508 2970 579 Atque
3027 515 3108 569 ita
3145 493 3355 577 nu—llam

2209 590 2411 640 rectam
2451 596 2909 666 assertoriamque
2953 601 3029 655 ad
3057 620 3121 658 ea
3148 622 3269 675 quae
3298 612 3529 671 dicimus
3571 621 3906 681 theoremata

2211 674 2515 742 colligenda
2566 680 2873 752 Campanus
2920 674 3196 761 adhibuit,
3256 702 3402 767 quod
3443 674 3908 781 tamerioportui—t

2209 776 2330 816 cum
2361 767 2486 834 ipsa
2506 772 2581 822 sit
2610 771 2686 824 ad
2702 775 3094 836 incommodum
3122 784 3343 842 ducente
3364 796 3565 861 potior.
3588 767 3713 854 Haec
3752 811 3905 872 sunt,

2210 852 2288 903 mi
2316 855 2538 919 Donate,
2569 876 2689 928 qua
2716 869 2980 931 quantum
3010 870 3086 923 ad
3108 852 3391 945 proposita
3417 852 3907 948 theoremata'atti:

2209 945 2318 1005 net,
2344 945 2402 995 in
2420 944 2696 1015 Campano
2722 956 3164 1022 reprehendenda
3184 944 3487 1025 censuimus
3503 990 3527 1035 ,·
3545 976 3642 1028 sed
3658 978 3768 1033 hxc
3790 997 3909 1048 quae

2210 1030 2445 1085 strictim
2471 1033 2896 1111 disputavimus,
2928 1049 3050 1103 illos
3078 1067 3185 1106 non
3214 1062 3399 1112 exacte
3422 1030 3909 1135 subtiliterque‘in-

2212 1118 2511 1176 tellecturos
2546 1132 2687 1182 certo
2716 1133 2846 1197 scio,
2877 1140 2976 1205 qui
2998 1146 3300 1207 postremos
3332 1149 3652 1218 Analgticos
3682 1118 3907 1212 (aristo-

2213 1207 2329 1260 telis
2352 1224 2459 1263 non
2483 1211 2900 1281 diligentissime
2926 1226 3172 1293 legerint.
3224 1207 3508 1305 Reliquum
3535 1207 3905 1308 igiturestvut

2209 1295 2310 1404 iJlla
2357 1301 2482 1368 ipsa
2530 1304 2861 1363 theoremata
2905 1295 3376 1381 (quemadmodum
3410 1295 3905 1404 polliciti

2211 1382 2649 1459 demonstremus,
2705 1398 2961 1455 traducta
3017 1409 3195 1461 tamen
3246 1382 3431 1480 prius:
3460 1421 3520 1469 ut
3565 1382 3903 1476 traducenda

2210 1478 2384 1528 erant.
2439 1477 2712 1537 Solvemus
2742 1488 2917 1553 igitur
2946 1497 2996 1546 et
3030 1477 3420 1564 separabimus-
3438 1505 3714 1563 theorema
3742 1517 3906 1579 prin-

2211 1562 2384 1629 cipale
2412 1566 2467 1619 in
2492 1567 2681 1624 datum
2702 1579 2865 1644 atque
2886 1562 3190 1651 quaesitum,
3212 1593 3274 1640 ut
3290 1597 3519 1661 oportet,
3553 1600 3605 1649 et
3624 1562 3709 1650 add
3726 1562 3902 1668 ipsum

3178 1647 3186 1651 .
3318 1647 3337 1658 ι,
3507 1647 3519 1661 1
3559 1647 3595 1649 τί
3628 1647 3695 1650 ’⁷⁷⁷
3728 1647 3902 1668 'r"‘"'

2139 1647 2177 1695 B
2207 1655 2561 1710 astruendum
2599 1667 2896 1720 assertoria
2940 1668 3396 1733 demonstratione
3434 1686 3672 1742 utemur.
3709 1687 3905 1744 Poste-

2211 1740 2329 1793 rius
2358 1756 2481 1797 vero
2523 1746 2813 1819 theorema,
2861 1758 3007 1823 quod
3044 1760 3120 1814 ad
3157 1768 3465 1836 principale
3499 1777 3759 1844 recurrit,
3790 1792 3909 1831 cum

2202 1829 2654 1894 praedicationem
2696 1847 2894 1907 praeter
2936 1829 3195 1905 naturam
3240 1859 3522 1920 sortiatur,
3566 1862 3906 1919 demonstra-

2213 1914 2354 1970 tione
2386 1920 2461 1973 ad
2485 1922 2897 1986 'incommodum
2932 1937 3253 2003 perducente
3293 1914 3525 2001 breviter
3566 1914 3907 2019 colligemus.

2211 2006 2703 2098 Demonstrationes
2729 2020 2903 2084 igitur
2931 2026 3083 2093 ipsas
3112 2032 3484 2098 aggredimur,
3518 2006 3764 2095 intende.

2318 2094 2513 2153 Omnis
2552 2102 2827 2175 trianguli
2862 2113 3047 2201 majus
3090 2094 3239 2201 lat-us
3274 2122 3377 2177 sub
3416 2094 3638 2197 majore
3692 2133 3908 2201 angulo

2884 2188 3272 2253 protenditur.

2279 2254 2365 2353 Sit
2393 2260 2535 2313 enim
2557 2264 2895 2333 triangulum
2924 2273 2975 2327 Α
2996 2275 3038 2328 Β
3058 2277 3098 2331 C
3127 2279 3332 2336 habens
3347 2283 3490 2339 latus
3509 2289 3657 2355 quod
3682 2297 3764 2345 est
3798 2296 3844 2348 A
3872 2296 3909 2351 C

2207 2343 2386 2410 majus
2416 2362 2473 2401 eo
2529 2350 2695 2407 latere
2733 2358 2879 2424 quod
2927 2367 3006 2416 est
3050 2366 3102 2419 A
3130 2368 3194 2435 Β,
3230 2372 3319 2424 aio
3383 2343 3645 2443 angulum

2206 2431 2256 2485 A
2279 2433 2321 2486 Β
2344 2435 2393 2485 0
2422 2437 2520 2490 sub
2548 2455 2652 2508 quo
2676 2443 2819 2499 latus
2849 2449 2898 2502 A
2931 2450 2970 2506 C
2985 2431 3335 2521 protenditur
3358 2431 3619 2532 majorem
3649 2431 3909 2525 esse

2208 2522 2332 2586 gulo
2369 2525 2413 2577 B
2445 2525 2484 2580 Ο
2505 2530 2578 2597 Α,
2611 2534 2701 2585 cui
2718 2541 2906 2591 contra
2934 2546 3221 2611 respondet
3252 2549 3394 2605 latus
3498 2557 3579 2621 B;

2209 2612 2390 2678 majus
2422 2620 2501 2669 est
2534 2619 2678 2675 latus
2708 2623 2757 2677 Α
2789 2625 2829 2680 C
2868 2643 3032 2696 quam
3059 2634 3109 2687 Α
3138 2637 3201 2701 Β,
3246 2612 3611 2697 constituatur
3632 2648 3747 2714 ipsi

2207 2704 2416 2769 aequale
2446 2708 2627 2774 ipsum
2654 2711 2705 2764 A
2743 2716 2803 2780 D,
2839 2722 2892 2770 et
2912 2724 3280 2786 protrahatur
3306 2731 3487 2796 ipsum
3514 2734 3556 2785 B
3588 2736 3635 2787 D
3652 2704 3833 2803 tatus,
3856 2745 3906 2791 et

2209 2792 2466 2856 quoniam
2486 2799 2754 2867 trianguli
2779 2806 2925 2872 quod
2952 2816 3030 2862 est
3050 2812 3093 2864 B
3124 2815 3165 2866 D
3196 2815 3234 2870 C
3254 2792 3488 2873 exterior
3507 2826 3746 2890 angulus
3763 2792 3903 2881 estis

406 2871 558 2938 longe
596 2873 798 2942 majus.
841 2875 1060 2930 Nullum
1107 2879 1249 2929 enim
1299 2893 1365 2930 ex
1411 2884 1709 2947 propositis
1755 2883 2095 2943 theorematis
2136 2915 2175 2969 ε
2209 2881 2307 2941 qui
2326 2885 2404 2934 εει
2431 2882 2482 2936 Α
2520 2887 2645 2953 ΠΒ,
2677 2871 2854 2959 mali”
2883 2899 3071 2966 utique
3102 2903 3203 2955 θνίτ
3249 2907 3506 2962 interiore
3558 2871 3627 2965 εἷο
3672 2914 3903 2969 adverso

404 2963 700 3014 assertoria
717 2962 1173 3018 demonstratione
1190 2966 1498 3033 Campanus
1514 2972 1876 3038 astruxit,sed
1890 2979 2094 3030 utrum-

404 3062 505 3114 que
526 3048 600 3100 ad
622 3050 1016 3104 incommodum
1028 3051 1251 3105 ducente
1264 3054 1519 3120 ostendit,
1544 3058 1688 3123 quod
1703 3061 1759 3111 in
1778 3066 2092 3131 geometria,

401 3134 498 3187 ubi
522 3135 650 3193 ﬁeri
676 3143 872 3204 potest,
902 3140 986 3192 vel
1005 3143 1241 3193 maxime
1269 3143 1553 3196 vitandum
1582 3149 1677 3211 est,
1710 3148 1769 3198 in
1796 3163 1905 3214 qua
1924 3153 2095 3205 solent

400 3221 883 3279 demonstrationes
947 3226 1138 3294 afferri
1182 3244 1249 3282 ex
1296 3232 1574 3297 prioribus
1632 3236 1937 3291 notioribus
1987 3256 2091 3293 na-

400 3315 554 3379 turae,
582 3328 689 3367 non
725 3316 867 3368 notis
899 3315 1074 3377 modo,
1099 3318 1285 3385 quales
1306 3325 1431 3373 sunt
1451 3335 1571 3389 quae
1590 3327 1891 3379 assertorix
1916 3335 2093 3383 recta:-

397 3415 500 3467 que
526 3403 903 3469 appellantur.
941 3403 1133 3473 Hujus
1163 3422 1288 3459 vero
1310 3410 1483 3460 errati
1501 3412 1652 3475 origo
1683 3416 1847 3478 atque
1868 3416 2093 3470 initium

397 3487 711 3554 huiusmodi
736 3492 870 3555 fuit.
901 3492 1045 3545 Nam
1072 3493 1384 3559 Campanus
1423 3498 1601 3562 priori
1619 3498 1933 3555 theoremati
1951 3520 2090 3571 prae-

394 3573 718 3629 dicationem
742 3582 943 3644 praeter
961 3584 1219 3633 naturam
1240 3580 1408 3649 dedit,
1435 3584 1696 3651 majorem
1724 3591 1867 3642 enim
1912 3608 2089 3660 angu-

395 3661 506 3715 lum
536 3665 807 3731 trianguli
834 3666 1079 3733 subjicit,
1102 3673 1152 3720 et
1172 3669 1438 3737 prxdicat
1469 3672 1682 3738 longius
1703 3676 1846 3731 latus
1870 3694 1884 3731 :
1918 3682 2091 3749 siqui-

392 3747 512 3802 dem
554 3753 615 3803 in
657 3757 801 3805 omni
846 3757 1139 3821 quaestione
1194 3757 1469 3826 subjectus
1505 3765 1764 3817 terminus
1817 3772 1913 3832 est,
1948 3747 2093 3836 quod

392 3833 559 3888 datur
582 3855 600 3902 ;
619 3839 978 3907 praedicatus,
1006 3844 1151 3911 quod
1170 3850 1455 3916 quaeritur.
1479 3850 1578 3902 Est
1598 3856 1792 3907 autam
1812 3833 1974 3923 prius
1988 3875 2089 3928 per
2116 3886 2131 3897 ι

388 3927 646 3979 naturam
712 3930 1053 3996 triangulum
1113 3934 1287 3987 latera
1350 3936 1563 4004 habere,
1615 3955 1779 4008 quam
1835 3927 2083 4013 angulos,

387 4026 516 4065 nam
552 4029 619 4067 ex
649 4016 882 4071 laterum
920 4018 1147 4075 coitione
1175 4025 1370 4090 anguli
1403 4030 1676 4095 proﬁcisci
1701 4038 2086 4103 procrearique

385 4100 806 4169 intelliguntur;
840 4109 937 4174 qui
960 4111 1133 4173 igitur
1171 4112 1395 4179 subjicit
1424 4118 1685 4181 angulum
1716 4100 2011 4189 trianguli,
2033 4131 2086 4179 et

387 4188 530 4242 latus
550 4192 839 4259 prxdicat,
872 4197 918 4248 is
948 4197 1091 4249 illud
1120 4200 1265 4265 quod
1304 4202 1464 4255 alteri
1484 4204 1705 4271 accidit,
1734 4208 1851 4275 ejus
1872 4188 2077 4278 prxdi-
2116 4206 2160 4259 D

385 4280 590 4331 cationi
633 4282 858 4349 subjicit
900 4287 989 4337 cui
1038 4287 1257 4354 accidit,
1295 4305 1358 4342 ac
1401 4290 1464 4343 ob
1520 4292 1583 4345 id
1634 4296 2081 4362 praedicationem

378 4371 767 4433 prxposteram
794 4375 845 4424 et
863 4379 1074 4427 naturae
1098 4381 1431 4431 contrarium
1459 4382 1618 4445 facit.
1651 4385 1825 4447 Quam
1857 4388 2077 4444 Aristo-

384 4452 509 4507 teles
540 4460 637 4509 aut
664 4459 820 4512 modo
854 4462 1300 4529 praedicationem
1326 4473 1500 4522 censet
1539 4473 1945 4543 appellandam,
1980 4485 2078 4533 aut

376 4543 823 4609 praedicationem
853 4550 1068 4616 quidem
1083 4567 1189 4605 non
1206 4555 1549 4624 simpliciter,
1569 4560 1663 4612 sed
1677 4576 1775 4628 per
1793 4567 2041 4621 accidens
2052 4587 2074 4633 ,-

378 4630 479 4685 ubi
506 4633 681 4697 igitur
702 4636 1019 4702 praedicatio
1034 4645 1235 4706 prater
1255 4648 1512 4698 naturam
1530 4647 1777 4716 habetur,
1798 4659 1895 4706 aut
1919 4630 2070 4723 difﬁ;

378 4719 498 4785 cile,
529 4726 625 4774 aut
654 4730 793 4778 certe
821 4727 1153 4794 impossibile
1184 4733 1264 4783 est
1291 4738 2071 4806 assertoriamﬁemonstratio-

376 4818 496 4859 nem
525 4812 940 4866 accommodare.
976 4817 1048 4869 In
1078 4816 1449 4885 hujuscemodi
1472 4839 1703 4893 namque
1731 4829 2069 4887 demonstra-

378 4894 520 4946 tione
547 4910 756 4949 necesse
779 4904 855 4952 est
885 4906 935 4953 et
962 4905 1189 4971 majoris
1223 4910 1585 4965 extremitatis
1614 4930 1732 4982 qua:
1762 4920 1820 4970 in
1852 4923 2066 4975 conclu-

2204 2972 2489 3026 constituto
2543 2980 2744 3045 angulo
2790 2983 2833 3035 D
2889 2984 2928 3039 C
2971 2989 3032 3053 B,
3079 2994 3306 3056 aequalis
3357 3011 3480 3052 vero
3527 3005 3608 3053 est
3663 3006 3899 3069 angulus

2200 3060 2243 3111 Α
2265 3059 2311 3111 D
2334 3060 2376 3111 B
2396 3062 2509 3129 ipsi
2535 3064 2583 3117 Α
2615 3068 2658 3120 Β
2681 3070 2728 3121 D
2755 3074 2972 3139 angulo,
3008 3092 3134 3130 nam
3164 3081 3307 3136 latus
3344 3100 3551 3152 quoque
3577 3090 3628 3143 Α
3658 3091 3699 3143 Β
3736 3059 3899 3146 lateri

2205 3145 2251 3198 A
2285 3147 2332 3200 D
2358 3162 2571 3217 aequum
2600 3162 2735 3210 erat.
2767 3161 2947 3228 Major
2965 3165 3149 3233 itaque
3194 3177 3271 3223 est
3300 3145 3535 3239 angulus
3565 3180 3615 3231 A
3639 3178 3690 3231 Β
3718 3182 3899 3248 Dipso

2200 3232 2252 3287 Α
2284 3236 2323 3290 C
2368 3237 2412 3289 B
2442 3243 2659 3310 angulo,
2700 3249 2867 3303 multo
2898 3232 3073 3317 igitur
3101 3259 3279 3325 major
3300 3232 3402 3315 erit
3431 3266 3667 3330 angulus
3696 3232 3751 3321 1;

2202 3324 2400 3390 angulo
2447 3330 2498 3382 A
2540 3330 2579 3385 C
2627 3333 2687 3387 B.
2731 3335 2914 3392 Omnis
2970 3345 3144 3408 igitur
3191 3324 3462 3417 trianguli
3503 3324 3693 3421 rnajus
3748 3324 3896 3411 latus

2202 3413 2299 3465 sub
2352 3418 2559 3485 majore
2608 3425 2809 3489 angulo
2864 3433 3250 3496 protenditur:
3291 3413 3437 3506 quod
3482 3413 3765 3510 oportebat
3809 3446 3895 3499 de-

2199 3507 2520 3559 monstrare.

3030 3600 3065 3647 Β

2604 4129 2690 4202 c’
2860 4154 2904 4208 D
3386 4129 3471 4220 ἶ

2300 4242 2499 4296 Omnis
2518 4246 2793 4318 trianguli
2814 4254 2919 4308 sub
2941 4259 3159 4334 majore
3181 4262 3392 4331 angulo
3422 4265 3609 4334 majus
3639 4269 3788 4322 latus

2860 4330 3244 4394 protenditur.

2186 4486 2296 4540 lum
2326 4504 2382 4542 eo
2412 4495 2509 4555 qui
2536 4500 2615 4547 est
2653 4497 2695 4549 B
2726 4498 2767 4553 C
2792 4500 2863 4553 Α.
2890 4502 2998 4556 Aio
3047 4506 3190 4560 latus
3221 4524 3431 4578 quoque
3456 4514 3506 4567 Α
3544 4514 3585 4569 C
3610 4517 3727 4583 ipso
3755 4486 3805 4571 τί
3835 4520 3878 4572 Β

2185 4575 2349 4629 latere
2377 4580 2558 4647 majus
2587 4598 2739 4650 esse;
2782 4602 2910 4642 nam
2952 4594 3000 4643 si
3025 4595 3210 4661 majus
3253 4613 3361 4652 non
3389 4603 3483 4666 sit,
3535 4610 3636 4657 aut
3666 4608 3877 4673 xquale

2183 4666 2283 4717 erit
2310 4668 2490 4734 ipsum
2516 4671 2565 4722 Α
2606 4671 2645 4725 C
2670 4674 2781 4740 ipsi
2806 4675 2855 4728 Α
2900 4678 2962 4743 Β,
2993 4685 3089 4732 aut
3112 4684 3291 4739 minus
3316 4702 3328 4740 :
3374 4692 3584 4756 xquale
3613 4666 3738 4745 sane
3764 4710 3877 4747 non

2178 4757 2259 4804 est
2286 4755 2466 4821 ipsum
2485 4758 2532 4810 A
2575 4759 2623 4809 Ο
2649 4762 2758 4828 ipsi
2782 4765 2835 4815 Α
2868 4763 2941 4829 Β,
2975 4770 3203 4835 aequalis
3234 4776 3376 4829 enim
3402 4755 3548 4841 foret
3576 4783 3738 4833 etiam
3765 4798 3871 4834 an-

2177 4841 2336 4906 gulus
2356 4844 2403 4895 A
2431 4845 2474 4897 Β
2503 4845 2542 4900 C
2565 4849 2764 4914 angulo
2793 4852 2844 4905 A
2876 4853 2915 4908 C
2942 4855 2985 4907 B
3011 4871 3024 4908 :
3057 4862 3216 4926 atqui
3243 4876 3349 4917 non
3369 4872 3529 4930 erat;
3558 4883 3665 4922 non
3692 4869 3872 4936 igitur

2173 4930 2381 4994 aequale
2421 4938 2500 4986 est
2542 4935 2721 5002 ipsum
2773 4939 2822 4992 A
2868 4941 2919 4993 0
2962 4943 3105 4997 latus
3154 4949 3265 5015 ipsi
3305 4955 3350 5006 Α
3386 4953 3429 5005 Β
3456 4954 3656 5019 ξιατεινί.
3681 4930 3874 5025 deque

2172 5031 2296 5068 vero
2326 5021 2505 5072 minus
2535 5028 2614 5075 est
2634 5025 2812 5091 ipsum
2839 5028 2887 5082 A
2912 5030 2952 5085 ο
2979 5032 3097 5099 ipso
3119 5038 3170 5086 Α
3230 5038 3291 5102 Β,
3342 5042 3521 5093 minor
3566 5048 3704 5097 enim
3722 5047 3871 5110 foret

2172 5105 2406 5168 angulus
2425 5108 2475 5160 A
2501 5108 2552 5160 Β
2577 5112 2616 5164 C
2643 5114 2844 5178 angulo
2869 5117 2919 5170 A
2940 5118 2980 5172 C
3005 5120 3081 5172 B:
3124 5125 3285 5190 atqui
3312 5141 3420 5179 non
3442 5136 3560 5183 erat
3584 5147 3597 5195 ;
3622 5105 3869 5197 si

2171 5193 2349 5244 minus
2374 5199 2453 5247 est
2480 5198 2667 5266 ipsum
2687 5202 2738 5255 A
2770 5202 2809 5257 C
2841 5204 2984 5259 latus
3015 5208 3133 5275 ipso
3164 5211 3214 5262 A
3247 5212 3290 5265 Β
3325 5213 3510 5280 latere,
3531 5193 3872 5271 demonstra-

2170 5283 2282 5332 tum
2307 5288 2487 5336 autem
2512 5292 2590 5338 est
2617 5303 2787 5357 neque
2813 5296 3020 5357 aequale
3052 5297 3139 5349 illi
3164 5313 3293 5366 esse,
3333 5303 3516 5370 majus
3545 5308 3729 5373 itaque
3755 5310 3866 5361 erit

2166 5370 2345 5433 ipsum
2374 5372 2424 5424 A
2472 5372 2511 5427 C
2548 5373 2691 5428 latus
2720 5380 2838 5444 ipso
2885 5381 2936 5434 Α
2971 5378 3015 5436 Β
3053 5384 3235 5438 latere.
3273 5389 3459 5442 Omnis
3489 5370 3662 5456 igitur
3694 5396 3867 5447 trian-

2161 5456 2280 5522 guli
2309 5458 2408 5511 sub
2439 5462 2647 5529 majore
2679 5467 2878 5530 angulo
2909 5469 3090 5537 majus
3131 5471 3276 5527 latus
3302 5477 3684 5546 protenditur,
3716 5482 3865 5548 quod

2162 5548 2441 5612 oportebat
2471 5551 2856 5608 demonstrare.

372 4982 525 5034 sione
545 4983 903 5053 prxdicatur,
930 4995 981 5042 et
1008 4995 1232 5047 minoris
1255 5001 1638 5067 extremitatis,
1665 5020 1782 5070 quae
1802 5009 1858 5059 in
1878 5010 2064 5064 eadem

371 5069 681 5138 subjicitur,
728 5087 947 5129 causam
978 5093 1090 5132 esse
1125 5083 1380 5138 medium.
1430 5088 1505 5140 At
1550 5092 1675 5157 ﬁeri
1714 5095 1861 5147 nullo
1910 5099 2063 5152 modo

366 5260 534 5300 causa
553 5263 663 5303 esse
676 5254 951 5307 statuatur
964 5296 976 5308 .
997 5256 1136 5311 Hinc
1157 5267 1367 5314 coactus
1384 5268 1461 5316 est
1479 5264 1786 5335 Campanus
1802 5273 1860 5324 in
1880 5276 2059 5341 priore

368 5333 707 5406 theoremate,
762 5342 909 5409 quod
951 5344 1010 5397 in
1052 5345 1244 5401 datum
1285 5354 1448 5419 atque
1479 5333 1766 5421 quaesitum
1810 5333 2058 5430 imperite

364 5426 635 5492 secuisset,
669 5426 1123 5511 demonstratione
1148 5437 1235 5489 uti
1262 5437 1337 5490 ad
1370 5442 1763 5500 incommodum
1807 5449 2050 5520 ducente,

362 5511 413 5562 et
430 5514 562 5580 quia
575 5513 717 5569 illud
729 5497 969 5586 putabat
974 5523 1284 5594 principale
1300 5531 1592 5597 posterius,
1618 5497 2050 5613 quod
