4152 6184
268 314 400 369 i305

494 1079 529 1129 c
562 1057 1745 1145 /—————_AA

261 1211 360 1264 Ha
399 1215 527 1264 sunt
573 1212 750 1278 igitur
791 1213 1169 1282 hujuscemodi
1220 1218 1611 1277 theorematum
1631 1221 1963 1281 demonstra-

258 1300 431 1353 tiones
461 1314 580 1353 cum
602 1301 817 1367 faciles,
854 1306 968 1357 tum
994 1308 1290 1361 verissima
1319 1312 1371 1361 et
1398 1324 1518 1377 qua
1547 1312 1786 1367 mamime
1815 1330 1960 1383 qua-

254 1386 434 1441 drent.
471 1387 577 1442 Sed
612 1392 906 1457 antequam
936 1396 987 1446 te
1019 1392 1315 1462 dimittam,
1348 1398 1465 1451 voto
1495 1400 1694 1455 audias
1724 1407 1776 1456 et
1803 1405 1961 1459 aliud

256 1475 536 1543 quoddam
596 1476 758 1544 hujus
790 1477 1025 1535 hominis
1048 1487 1293 1538 erratum
1324 1486 1677 1543 leviusculum
1700 1492 1954 1561 fortasse,

256 1569 422 1633 turpe
460 1570 639 1619 tamen
668 1572 718 1620 et
748 1570 868 1622 viro
895 1570 1220 1640 philosopho
1252 1588 1359 1628 non
1392 1577 1792 1643 negligendum.
1826 1582 1957 1637 Ha-

252 1652 412 1707 betur
470 1658 612 1708 enim
667 1657 727 1709 in
779 1656 960 1711 eodem
1011 1659 1410 1715 Elementomm
1445 1665 1625 1731 primo
1675 1664 1957 1732 problema

248 1742 588 1810 istiusmodi,
638 1743 713 1797 ad
759 1743 950 1799 datam
995 1748 1446 1818 rectamzlineam,
1480 1750 1773 1820 datumque
1803 1756 1863 1806 in
1890 1768 1954 1807 ea

248 1836 538 1900 punctum,
586 1832 715 1887 dato
745 1834 944 1902 angulo
987 1815 1261 1891 rectilineo
1294 1853 1507 1904 aquum
1558 1815 1819 1907 angulum
1864 1857 1950 1896 re-
1992 1815 2032 1868 Β

247 1921 535 1974 ctilineum
577 1924 900 1977 constituere
929 1942 947 1977 :
976 1923 1093 1996 [hoc
1136 1941 1260 1981 vero
1288 1929 1366 1982 sic
1396 1928 1527 1996 legit
1574 1928 1819 2002 [legens],
1850 1930 1950 1986 de-

246 2008 404 2063 ducit
427 2010 758 2078 Campanus.

248 2097 393 2151 Data
419 2102 577 2152 recta
603 2098 759 2180 linea
781 2114 956 2171 super
981 2104 1296 2180 terminum
1318 2105 1441 2180 ejus
1471 2107 1713 2180 cuilibet
1733 2110 1945 2180 angulo

466 2170 764 2239 proposito
793 2186 1027 2242 aequum
1056 2170 1686 2248 angulum'designare.

330 2275 419 2331 Sit
446 2275 579 2330 data
605 2276 750 2331 linea
777 2280 822 2332 F
846 2280 912 2344 E,
940 2284 993 2334 et
1019 2282 1132 2335 sint
1158 2282 1311 2337 linea
1337 2286 1380 2339 B
1400 2285 1442 2339 A
1482 2288 1809 2341 continentes
1849 2304 1946 2343 an-

252 2364 446 2431 gulum
475 2363 666 2418 datum
688 2369 780 2420 cui
805 2368 1126 2423 subtendam
1171 2371 1345 2425 basim
1372 2373 1430 2429 Ο.
1465 2373 1642 2443 Super
1680 2382 1945 2446 punctum

256 2454 305 2506 F
333 2452 487 2507 linea
511 2455 558 2508 E
586 2455 632 2508 F
669 2454 914 2523 juberem
929 2457 1126 2524 facere
1164 2461 1427 2527 aqualem
1457 2464 1717 2529 angulum
1746 2466 1944 2533 angulo

245 2540 399 2607 dato,
449 2541 524 2594 ad
569 2543 765 2597 lineam
785 2546 833 2598 E
858 2546 906 2598 F
938 2545 1182 2615 adjungo
1212 2549 1266 2601 F
1298 2552 1345 2603 D
1384 2552 1646 2619 aqualem
1685 2553 1838 2609 linea
1864 2556 1939 2623 A,

236 2634 290 2682 et
314 2645 381 2682 ea:
410 2632 454 2683 Υ
482 2632 527 2684 Ε
554 2646 707 2684 sumo
739 2634 781 2686 F
826 2634 868 2688 G
892 2636 1155 2702 aqualem
1183 2638 1247 2702 B,
1281 2642 1332 2692 et
1360 2654 1427 2692 ea:
1460 2640 1511 2692 G
1538 2642 1587 2695 E
1636 2656 1786 2695 sumo
1817 2642 1861 2697 G
1890 2644 1943 2697 H

232 2720 498 2787 aqualem
540 2720 579 2775 C
625 2726 676 2774 et
717 2737 881 2788 super
907 2729 1115 2790 puncta
1143 2727 1192 2780 F
1217 2730 1267 2778 et
1298 2724 1349 2778 G
1389 2727 1632 2783 describo
1665 2729 1800 2785 duos
1827 2734 1937 2785 cir-

231 2807 383 2860 culos
416 2810 461 2861 D
499 2810 545 2862 K
576 2814 625 2862 et
652 2811 700 2864 K
748 2810 819 2863 Η
843 2812 1138 2866 secundum
1185 2816 1547 2882 quantitatem
1579 2816 1817 2872 duarum
1862 2818 1939 2871 li-

230 2910 462 2949 nearum
492 2898 535 2951 F
571 2900 616 2953 D
658 2903 708 2952 et
740 2899 781 2955 G
813 2901 882 2966 Η,
924 2905 975 2954 et
1019 2903 1400 2958 intersecantes
1439 2919 1494 2958 se
1541 2907 1601 2958 in
1631 2911 1831 2975 puncto
1864 2908 1931 2972 K,

228 2986 379 3038 sicut
417 2984 595 3040 docuit
635 2988 963 3055 pracedens,
1014 2989 1299 3060 ductisque
1332 2992 1489 3046 lineis
1542 2996 1589 3048 K
1630 2995 1676 3047 F
1717 2999 1767 3048 et
1795 2996 1844 3049 Κ
1891 2995 1936 3051 G

229 3077 391 3126 erunt
418 3076 657 3141 aquatia
688 3076 792 3129 duo
821 3078 1001 3133 latera
1030 3080 1078 3133 K
1104 3081 1150 3133 F
1183 3084 1234 3134 et
1260 3082 1307 3134 F
1333 3080 1376 3136 G
1408 3082 1697 3149 trianguli,
1730 3084 1778 3137 K
1806 3083 1860 3136 F
1882 3085 1933 3136 G
1973 3105 2016 3160 ο

227 3160 440 3214 duobus
470 3163 730 3218 lateribus
760 3166 809 3219 A
836 3168 953 3220 etB
984 3169 1272 3237 trianguli,
1318 3170 1369 3224 Α
1399 3171 1442 3224 Β
1475 3170 1514 3225 C
1542 3175 1591 3223 et
1624 3171 1769 3225 basis
1802 3170 1847 3226 G
1876 3174 1930 3229 Κ

226 3251 458 3318 aqualis
481 3251 601 3305 basi
617 3251 690 3307 C:
714 3269 839 3322 ergo
862 3270 963 3323 per
991 3260 1235 3311 octavam
1287 3260 1525 3326 angulus
1547 3259 1603 3312 K
1616 3260 1661 3312 F
1686 3261 1729 3316 ϐ
1747 3274 1931 3329 aqua-

225 3338 296 3391 lis
334 3343 439 3394 erit
460 3343 662 3409 angulo
691 3348 933 3398 contento
962 3344 1031 3399 ab
1051 3349 1095 3402 Α
1121 3350 1173 3401 et
1198 3347 1264 3413 B,
1289 3346 1437 3415 quod
1453 3352 1533 3402 est
1555 3352 1923 3418 propositum.

1573 328 1913 389 EPISTOLA
1950 333 2446 392 PREFATOBIA.

3621 355 3755 409 1306

1995 467 2043 519 Α
2071 466 2308 522 invenies
2337 483 2455 523 eam
2485 484 2521 523 a
2568 474 2717 527 seria
2748 473 2997 530 doctrina
3021 477 3342 548 philosopho
3373 484 3607 551 probari
3649 501 3757 541 non

2074 553 2277 624 decere,
2303 572 2431 612 nam
2458 575 2578 614 cum
2615 566 2787 616 artem
2817 569 3028 620 natura
3066 569 3319 622 amulam
3347 585 3457 625 esse
3492 579 3756 643 oporteat,

2072 646 2303 714 ipsaque
2327 651 2531 702 natura
2557 656 2972 719 supervacaneis
3014 670 3121 709 non
3150 657 3407 725 abundet,
3439 675 3547 715 non
3573 667 3759 732 artiﬁ-

2074 733 2211 786 ciose
2259 733 2558 791 describere
2593 738 2933 806 judicandus
2974 748 3072 810 est,
3121 748 3219 814 qui
3248 747 3424 815 plura
3455 751 3515 802 in
3546 749 3759 805 descri-

2074 819 2243 875 bendo
2282 826 2522 891 congerit
2568 841 2735 894 quam
2783 831 2980 897 quibus
3010 832 3088 888 ad
3133 833 3645 893 demonstrationem
3676 842 3762 893 uti

2072 913 2434 967 necessarium
2474 915 2567 980 sit,
2613 916 2759 984 quod
2788 918 3098 989 Campanus
3143 925 3318 977 nescio
3362 926 3623 993 quomodo
3653 941 3761 980 non

2073 996 2303 1068 devitat,
2318 1001 2413 1055 sed
2429 1005 2766 1071 apertissime
2781 1008 3053 1072 incurrit;
3075 1011 3211 1078 quid
3227 1015 3369 1066 enim
3388 1014 3498 1068 sibi
3522 1015 3639 1069 vult
3659 1015 3759 1069 illa

2071 1085 2302 1142 duorum
2346 1092 2672 1146 circulorum
2720 1094 3042 1164 designatio,
3102 1100 3239 1167 quid
3292 1100 3397 1157 illa
3453 1107 3529 1157 tot
3575 1103 3761 1159 eadem

2069 1178 2377 1240 quantitate
2405 1178 2803 1251 linearum_tam
2822 1184 3060 1239 sollicita
3088 1186 3288 1243 ductio.
3311 1191 3500 1247 Nonne
3522 1198 3756 1265 poterat,

2071 1279 2132 1318 ac
2157 1268 2396 1320 maxime
2415 1267 2659 1337 debebat,
2693 1271 2820 1325 dato
2841 1275 3059 1339 angulo,
3093 1278 3191 1343 qui
3208 1277 3258 1331 Α
3290 1283 3340 1331 et
3365 1280 3410 1333 B
3444 1281 3602 1335 lineis
3631 1297 3758 1337 con-

2072 1356 2353 1420 tineretur,
2382 1360 2434 1409 et
2475 1355 2597 1411 basi
2635 1359 2674 1414 ϐ
2724 1359 2960 1428 adjecta,
3016 1366 3294 1419 anxietate
3324 1368 3443 1433 illa,
3492 1374 3543 1423 et
3596 1374 3760 1439 quasi

2070 1444 2378 1497 morositate
2407 1443 2787 1514 descriptionis
2828 1454 3212 1519 pratermissa,
3246 1459 3433 1509 statim
3463 1462 3758 1528 assumptis

2069 1530 2242 1585 tribus
2273 1532 2431 1585 lineis
2460 1549 2573 1602 qua
2604 1541 2775 1589 essent
2803 1536 3102 1606 designatis
3130 1544 3383 1612 aquales,
3420 1548 3759 1614 triangulum

2066 1620 2424 1674 constituere?
2461 1622 2620 1687 Quod
2645 1627 2765 1693 ﬁeri
2809 1626 2964 1680 licere
2992 1643 3059 1682 ea:
3104 1634 3383 1699 superiore
3423 1635 3757 1702 problemata

2063 1706 2277 1761 abunde
2306 1709 2605 1763 constabat.
2655 1711 2830 1777 Quare
2857 1717 2955 1779 qui
2983 1718 3298 1773 istiusmodi
3322 1722 3600 1790 problema
3627 1723 3757 1777 dili-

2061 1798 2276 1863 gentius
2299 1801 2653 1868 pressiusque
2679 1801 2953 1856 ostendere
2995 1806 3155 1873 volet,
3200 1811 3248 1861 is
3292 1809 3375 1879 (ut
3421 1811 3633 1881 opinor)
3676 1815 3754 1867 sic

2061 1884 2455 1941 demonstrabit
2487 1904 2501 1941 :

2567 2709 2611 2764 Ο
2789 2710 2829 2764 C
3067 2714 3105 2765 Β

2045 2853 2149 2931 Ad‘
2164 2854 2355 2931 datam
2380 2861 2594 2931 rectam
2624 2859 2857 2931 lineam,
2882 2861 3195 2931 datumque
3227 2860 3289 2915 in
3333 2877 3400 2914 ea
3429 2865 3729 2931 punctum,

2118 2923 2248 2978 dato
2270 2926 2480 3049 atlgulo
2501 2929 2796 2985 rectilineo
2824 2948 3056 3003 aequum
3078 2923 3357 3003 a'ngulum
3376 2923 3733 2986 rectilineuui

2118 3001 2297 3049 constl
2328 3013 2480 3049 uere.

2116 3001 2480 3051 constituere.

2108 3135 2195 3191 Sit
2215 3137 2350 3191 data
2372 3143 2517 3193 recta
2536 3140 2682 3194 linea
2708 3142 2758 3196 A
2781 3144 2844 3205 B,
2872 3141 3170 3207 datumque
3196 3145 3255 3196 in
3282 3159 3347 3197 ea
3367 3146 3629 3212 punctum
3654 3143 3727 3208 A,

2038 3223 2201 3279 datus
2226 3241 2351 3281 vero
2380 3230 2613 3295 angulus
2640 3231 2950 3285 rectilineus
2980 3233 3025 3284 D
3053 3230 3092 3287 Ο
3120 3234 3199 3285 E:
3229 3236 3433 3300 aperiet
3451 3232 3624 3298 igitur
3656 3230 3731 3283 ad

2036 3321 2223 3376 datam
2241 3329 2443 3378 rectam
2465 3327 2660 3379 lineam
2683 3327 2781 3381 AB
2811 3332 2862 3381 et
2878 3327 2952 3381 ad
2973 3327 3166 3382 datum
3192 3330 3252 3381 in
3277 3344 3340 3382 ea
3362 3332 3627 3397 punctum
3647 3328 3696 3382 Α
3712 3367 3727 3393 ,

2035 3409 2165 3463 dato
2211 3413 2410 3479 angulo
2436 3414 2709 3468 rectilineo
2737 3417 2785 3469 D
2815 3415 2854 3471 C
2879 3418 2947 3483 E,
2987 3418 3251 3484 aqualem
3279 3416 3540 3482 angulum
3572 3417 3731 3469 recti-

2036 3497 2234 3552 lineum
2278 3503 2615 3555 constituere.
2648 3503 2956 3558 Sumuntur
2999 3505 3059 3557 in
3108 3504 3265 3557 lineis
3294 3505 3341 3557 E
3393 3505 3441 3557 D
3487 3506 3538 3557 et
3593 3502 3632 3559 C
3681 3503 3730 3558 E

2028 3590 2237 3652 puncta
2261 3586 2280 3656 (
2311 3588 2361 3640 si
2387 3587 2547 3658 lubet)
2564 3591 2681 3658 D,et
2708 3592 2776 3655 E,
2806 3596 2857 3644 et
2889 3592 3255 3659 protrahatur
3274 3592 3321 3643 D
3366 3592 3429 3654 E,
3458 3595 3509 3645 et
3536 3605 3605 3645 ea:
3633 3592 3730 3643 tri-

2034 3672 2132 3727 bus
2158 3676 2318 3728 rectis
2366 3677 2521 3730 lineis
2544 3677 2596 3730 Α
2642 3678 2689 3731 F
2714 3683 2765 3731 et
2817 3679 2866 3732 Α
2900 3678 2945 3734 G
2974 3682 3026 3731 et
3070 3680 3116 3732 F
3156 3678 3221 3742 G,
3269 3692 3388 3746 qua
3413 3683 3542 3732 sunt
3582 3677 3730 3734 datis

2030 3762 2190 3813 rectis
2231 3762 2386 3815 lineis
2420 3763 2597 3816 tribus
2635 3764 2676 3819 C
2706 3767 2752 3818 D
2780 3769 2830 3817 et
2874 3764 2914 3819 C
2942 3767 2990 3819 E
3017 3770 3068 3819 et
3098 3768 3147 3819 D
3184 3767 3232 3819 E
3261 3767 3519 3834 aquales,
3550 3768 3727 3820 trian-

2036 3848 2221 3916 gulum
2249 3853 2613 3904 constituatur
2659 3853 2709 3906 A
2742 3853 2788 3905 F
2814 3853 2884 3918 G,
2908 3855 2988 3906 ita
3017 3858 3080 3907 ut
3106 3854 3335 3922 aqualis
3363 3855 3436 3907 sit
3464 3856 3589 3922 ipsa
3611 3854 3650 3910 Ο
3680 3855 3725 3909 D

2030 3936 2193 4003 linea,
2238 3939 2350 4006 ipsi
2376 3938 2428 3992 Λ
2450 3940 2509 4001 F,
2541 3941 2666 4007 ipsa
2688 3954 2812 3993 vero
2847 3940 2886 3995 Ο
2914 3942 2962 3994 Ε
2992 3942 3105 4009 ipsi
3131 3945 3173 3996 Α
3211 3941 3275 4003 G,
3304 3946 3576 4010 postremo
3603 3945 3729 4009 ipsa

2034 4025 2075 4077 D
2102 4025 2149 4076 E
2179 4027 2290 4094 ipsi
2319 4027 2431 4080 FG.
2468 4026 2730 4092 Quoniam
2773 4029 2946 4093 igitur
2988 4028 3112 4082 dua
3147 4030 3299 4082 linea
3328 4033 3484 4083 recta
3525 4032 3572 4083 D
3608 4029 3648 4084 Ο
3676 4033 3727 4081 et

2029 4112 2069 4168 Ο
2093 4115 2143 4167 E
2169 4113 2381 4167 duabus
2416 4116 2576 4169 rectis
2598 4115 2752 4169 lineis
2774 4117 2819 4169 F
2847 4120 2885 4171 Α
2918 4120 2969 4169 et
2997 4117 3048 4171 A
3073 4115 3123 4169 G
3146 4117 3378 4186 aquales
3399 4121 3527 4170 sunt
3547 4118 3725 4172 altera

2029 4201 2211 4269 alteri,
2244 4208 2295 4256 et
2328 4204 2473 4257 basis
2527 4206 2573 4257 D
2620 4206 2667 4258 E
2710 4205 2832 4258 basi
2857 4206 2902 4258 F
2930 4205 2972 4260 G
2998 4220 3157 4275 aqua
3200 4206 3450 4271 habetur,
3485 4207 3723 4273 angulus

2030 4304 2240 4358 quoque
2282 4293 2328 4345 D
2379 4293 2418 4349 ϐ
2471 4295 2518 4347 Ε
2563 4294 2766 4361 angulo
2815 4294 2934 4348 ΡΛ
2983 4294 3028 4349 G
3059 4295 3289 4363 aqualis
3319 4296 3443 4349 erit.
3494 4294 3588 4348 Ad
3620 4293 3719 4347 da-

1963 4396 2007 4450 ι)
2037 4382 2149 4430 tam
2175 4380 2361 4446 itaque
2406 4384 2607 4434 rectam
2650 4382 2847 4434 lineam
2894 4386 2941 4435 Α
2983 4383 3027 4436 Β
3058 4382 3352 4447 datumque
3378 4384 3437 4435 in
3475 4397 3539 4435 ea
3574 4397 3724 4450 pun—

2030 4471 2175 4519 ctum
2204 4467 2427 4533 A,dato
2457 4470 2655 4536 angulo
2686 4471 3027 4525 rectilineoD
3059 4469 3103 4525 C
3133 4471 3200 4532 Ε,
3227 4471 3454 4539 aqualis
3489 4471 3723 4538 angulus

2028 4556 2336 4609 rectilineus
2366 4557 2409 4610 F
2442 4556 2491 4611 Α
2520 4557 2563 4611 G
2595 4561 2921 4613 constitutus
2964 4563 3059 4611 est.
3110 4557 3265 4623 Quod
3292 4558 3572 4626 oportebat
3621 4560 3722 4625 fa-

2027 4657 2159 4696 cere.
2178 4643 2534 4698 Addidissem
2554 4660 2763 4713 quoque
2782 4647 2897 4699 alia
2916 4647 3083 4713 plura
3105 4647 3258 4713 longe
3276 4649 3442 4700 etiam
3457 4649 3720 4714 graviora

2025 4737 2211 4784 errata
2238 4733 2349 4786 nisi
2376 4731 2774 4800 melepistolam
2798 4733 3030 4787 scribere
3056 4736 3433 4789 meminissem.
3473 4735 3580 4790 Sed
3606 4737 3723 4789 Eu-

2024 4818 2218 4873 clidem
2237 4821 2416 4888 ipsum
2446 4822 2746 4889 aliquando
2761 4824 2999 4887 fortasse
3023 4838 3135 4875 una
3166 4822 3522 4891 perlegemus,
3554 4840 3724 4879 anno-

2024 4907 2365 4976 tabimusque
2404 4912 2587 4962 omnia
2641 4912 2699 4962 in
2747 4910 2944 4979 quibus
2997 4913 3175 4965 nostri
3218 4928 3254 4965 a
3305 4916 3454 4966 recta
3506 4916 3719 4968 ratione

2020 4995 2296 5051 discedere
2312 4996 2660 5051 videbuntur.
2692 4999 2918 5052 Interim
2948 5001 3057 5054 hac
3084 5015 3267 5069 pauca
3298 5002 3421 5067 tibi,
3445 5004 3521 5056 mi
3543 5005 3718 5056 Dona-

2021 5089 2089 5151 te,
2116 5087 2453 5154 scripsimus,
2506 5090 2566 5140 ut
2597 5091 2771 5140 essent
2802 5088 2953 5156 apud
2984 5094 3033 5142 te
3061 5091 3181 5158 ejus
3209 5089 3583 5144 benevolentia
3629 5094 3716 5143 at-

2019 5188 2123 5242 que
2167 5173 2522 5228 observantia
2563 5176 2768 5243 pignus
2811 5190 2920 5243 qua
2971 5180 3022 5231 te
3054 5178 3419 5245 prosequebar
3449 5175 3522 5245 (et
3568 5192 3713 5231 nunc

2016 5277 2228 5331 quoque
2257 5264 2577 5331 prosequor)
2600 5278 2719 5316 cum
2738 5268 2936 5318 nostra
2958 5266 3244 5319 Patavina
3262 5265 3712 5333 philosophomm

273 5331 403 5383 Hac
454 5330 748 5401 descriptio
794 5339 1058 5404 primiore
1078 5345 1299 5409 aspectu
1335 5338 1471 5397 satis
1502 5347 1635 5399 scite
1664 5348 1909 5417 satisque
2017 5330 2303 5402 academia
2332 5354 2508 5402 rector
2530 5330 2616 5405 hic
2635 5366 2841 5418 ageres.
2880 5353 3026 5407 Vale.
3060 5355 3147 5407 Ea:
3172 5330 3444 5407 Patavina
3474 5330 3713 5420 philoso-

202 5418 440 5473 sollicite
460 5421 617 5485 facta
638 5423 893 5491 videtur;
917 5426 1013 5481 sed
1040 5432 1088 5482 si
1117 5432 1326 5484 curiose
1345 5435 1651 5503 attenteque
1681 5434 1902 5503 lectites,

2011 5437 2247 5505 phorum
2274 5437 2554 5505 palastra.
