4152 6184
415 275 549 329 1307

1718 268 1834 323 ΑΝ.
1875 267 2082 323 MANL.
2124 265 2276 323 SEV.
2319 263 2571 323 ΒΟΕΤῘῘ.

3764 270 3911 323 1308

408 387 3900 424 Ε

1529 486 2033 576 EUCLIDIS
2101 487 2787 577 MEGARENSIS

657 658 2195 825 GEOMETRIZE
2318 658 3026 818 LIBRI
3159 657 3654 820 DUO

942 894 1085 957 AB
1131 893 1303 956 AN.
1355 892 1686 956 MANL.
1742 889 2265 955 SEVERINO
2314 890 2691 954 BOETIO
2740 890 3365 961 TBANSLATI.

1695 1138 2065 1232 LIBER
2179 1134 2659 1232 PRIMUS.

484 1395 629 1460 Quia
677 1411 830 1461 vero,
882 1394 959 1448 mi
1009 1393 1215 1448 Patrici
1271 1398 1696 1464 geometrarum
1744 1393 2101 1447 exercitatis-
2137 1398 2184 1449 A
2285 1394 2428 1447 Cum
2454 1408 2588 1447 vero
2616 1395 2769 1446 recta
2802 1391 2955 1446 linea
2985 1408 3157 1463 super
3226 1396 3441 1447 rectam
3486 1394 3704 1448 lineam
3754 1400 3906 1449 stans

416 1484 579 1551 sime,
624 1483 867 1538 Euclidis
921 1484 989 1537 de
1022 1484 1156 1537 artis
1212 1482 1573 1552 geometricas
1612 1482 1813 1552 ﬁguris
1866 1482 2103 1536 obscure

416 1574 658 1645 prolata,
690 1578 744 1627 te
777 1574 1133 1640 adhortante,
1169 1572 1508 1643 exponenda
1538 1572 1613 1642 [et
1646 1571 1915 1625 lucidiore
1947 1572 2101 1625 aditu

415 1663 755 1735 expolienda
783 1662 1025 1733 suscepi,
1060 1661 1341 1733 imprimis
1372 1660 1509 1732 quid
1540 1660 1612 1715 sit
1654 1676 1925 1714 mensura
1956 1661 2103 1715 deﬁ-

420 1753 695 1807 niendum
727 1751 956 1822 opinor.

1080 1842 1155 1892 De
1192 1854 1460 1892 mensura.

487 1931 749 1985 Mensura
795 1943 928 1982 vero
975 1931 1059 1983 est
1109 1927 1387 1998 quidquid
1432 1927 1706 1997 pondere,
1767 1927 2101 1997 capacitate,

413 2018 792 2091 longitudine,
854 2017 1177 2082 altitudine,
1238 2017 1542 2071 latitudine
1610 2016 1919 2087 animoque
1965 2018 2106 2071 ﬁni-

414 2115 525 2165 tur.
570 2106 922 2178 Principium
970 2111 1162 2161 autem
1202 2122 1487 2160 mensurae
1536 2111 1813 2177 punctum
1846 2112 2100 2162 vocatur.

408 2200 689 2255 Punctum
734 2202 836 2265 est,
871 2197 1033 2267 cujus
1089 2212 1222 2267 pars
1254 2196 1412 2249 nulla
1443 2202 1542 2249 est.
1598 2194 1771 2250 Linea
1815 2211 1947 2250 vero
1982 2196 2104 2251 sine

412 2286 715 2341 latitudine
763 2285 1064 2356 longitudo
1122 2289 1224 2349 est,
1275 2284 1441 2339 lineae
1492 2300 1626 2339 vero
1699 2284 1843 2339 ﬁnes
1894 2290 2103 2356 puncta

413 2380 563 2431 sunt.

907 2466 981 2517 De
1001 2463 1281 2531 generibus
1319 2464 1602 2516 linearum.

485 2555 659 2607 Recta
698 2552 848 2606 linea
886 2557 972 2605 est
1002 2568 1128 2622 quae
1160 2552 1457 2622 aequaliter
1486 2552 1545 2605 in
1592 2551 1708 2604 suis
1738 2552 2103 2621 protenditur

413 2644 658 2714 punctis.
713 2642 1049 2713 Superﬁcies
1090 2658 1222 2695 vero
1273 2646 1357 2694 est
1406 2642 1559 2712 quod
1600 2641 1960 2710 longitudine
2012 2642 2098 2695 la—

415 2732 775 2803 titudineque
813 2736 1092 2785 censetur.
1142 2730 1477 2800 Superﬁciei
1527 2736 1721 2785 autem
1762 2731 1903 2785 ﬁnes
1936 2732 2103 2785 lineae

418 2827 568 2877 sunt.

1090 2890 1257 2939 Recta
1285 2890 1445 2939 linea.

488 3048 661 3101 Plana
706 3046 1034 3117 superﬁcies
1084 3046 1292 3101 dicitur
1337 3063 1467 3117 quae
1508 3047 1808 3117 aequaliter
1847 3047 1907 3101 in
1937 3050 2106 3102 rectis

418 3137 537 3191 suis
563 3136 728 3190 lineis
760 3136 1106 3191 continetur.

978 3276 1300 3341 Superﬁcies
1329 3279 1510 3341 plana.

802 3395 1704 3744 [Ξ

880 3780 951 3830 De
980 3779 1263 3843 generibus
1303 3780 1645 3844 angulorum.

492 3863 700 3917 Planus
739 3866 985 3935 angulus
1019 3872 1104 3920 est
1133 3867 1376 3921 duarum
1412 3867 1697 3921 linearum
1730 3866 1788 3920 in
1820 3866 1993 3936 plano
2026 3865 2109 3918 in-

419 3950 597 4005 vicem
632 3968 751 4007 sese
783 3955 1166 4025 tangentium,
1197 3960 1251 4010 et
1290 3972 1409 4009 non
1444 3956 1505 4009 in
1533 3956 1749 4010 directo
1789 3955 2107 4025 jacentium

421 4039 489 4093 ad
519 4040 851 4096 alterutram
885 4046 1196 4099 conclusio.

1062 4206 1099 4289 ἐ

1048 4292 1112 4454 ἓ

1063 4485 1099 4511 ω

1051 4649 1099 4691 Qa

489 4782 724 4846 Quando
798 4791 991 4841 autem
1054 4806 1181 4860 quae
1244 4789 1518 4859 angulum
1585 4788 1880 4841 continent
1940 4788 2107 4842 linere

418 4876 587 4924 recta:
623 4878 771 4939 sunt,
816 4878 952 4929 tunc
986 4879 1313 4933 rectilineus
1347 4877 1594 4948 angulus
1624 4877 1971 4930 nominatur.

1278 5034 1327 5075 ’Ὀ

1277 5080 1313 5135 Ξ

1264 5138 1324 5276 ἓ.

1271 5389 1319 5500 ξ.

1002 5548 1200 5599 Rectus
1219 5548 1230 5613 Ι
1257 5550 1458 5601 Rectus
1528 5624 1543 5636 .

2216 1482 2430 1537 circum
2468 1498 2527 1536 se
2554 1499 2749 1554 aequos
2782 1482 2887 1537 sibi
2919 1482 3165 1537 invicem
3194 1483 3390 1538 fecerit
3420 1485 3686 1555 angulos,
3720 1490 3907 1538 rectus

2215 1576 2298 1625 est
2319 1576 2563 1643 uterque
2586 1573 2898 1643 aequalium
2928 1573 3295 1643 angulorum.
3323 1576 3389 1627 Et
3409 1574 3560 1627 linea
3590 1590 3766 1644 super
3791 1590 3904 1627 rec-

2214 1666 2331 1715 tam
2380 1661 2593 1715 lineam
2649 1668 2804 1715 stans
2852 1663 3341 1734 perpendicularis
3380 1663 3606 1718 dicitur.
3654 1663 3899 1717 Obtusus

2212 1752 2457 1821 angulus
2521 1752 2703 1821 major
2758 1754 2911 1807 recto
2966 1757 3071 1821 est,
3151 1758 3349 1807 acutus
3406 1757 3599 1808 autem
3657 1754 3903 1823 angulus

2212 1847 2363 1896 recto
2394 1840 2587 1895 minor
2628 1846 2729 1896 est.

2726 2006 2967 2061 Obtusus

2743 2335 2817 2386 De
2844 2332 3029 2397 fmodis
3080 2336 3403 2403 ﬁgurarum.

2286 2420 2492 2489 Figura
2526 2424 2609 2475 est
2640 2420 2795 2493 quod
2825 2421 2929 2474 sub
2966 2420 3160 2492 aliquo
3192 2422 3282 2477 vel
3311 2420 3618 2494 aliquibus
3651 2422 3901 2477 terminis

2212 2512 2553 2565 continetur.

2283 2599 2581 2653 Terminus
2614 2617 2747 2655 vero
2774 2601 2926 2671 quod
2958 2600 3233 2672 cujusque
3257 2606 3340 2655 est
3364 2601 3510 2655 finis.

2146 2698 2184 2750 Β
2288 2688 2542 2743 Circulus
2585 2706 2717 2743 vero
2749 2695 2832 2744 est
2872 2691 3057 2761 ﬁgura
3087 2691 3349 2761 quaedam
3380 2691 3565 2761 plana.
3582 2695 3641 2743 et
3669 2690 3898 2743 circum-

2219 2776 2388 2831 ducta
2421 2784 2476 2831 et
2496 2779 2600 2832 sub
2634 2796 2747 2832 una
2780 2779 2931 2833 linea
2978 2784 3266 2845 contenta,
3328 2796 3457 2850 qua:
3489 2780 3897 2833 circumferen-

2216 2866 2293 2920 tia
2325 2873 2577 2935 vocatur,
2614 2869 2683 2922 ad
2727 2885 2899 2940 quam
2950 2887 2980 2922 a
3022 2875 3235 2941 puncto
3264 2870 3414 2940 quod
3475 2870 3629 2923 intra
3661 2870 3895 2939 ﬁguram

2217 2956 2466 3025 positum
2513 2962 2598 3011 est
2649 2974 2847 3012 omnes
2895 2976 3021 3030 qua!
3056 2958 3316 3013 incidunt
3368 2964 3532 3012 recta:
3577 2959 3747 3013 lineae
3805 2958 3896 3011 sibi

2216 3046 2458 3099 invicem
2499 3051 2630 3100 sunt
2665 3048 2954 3118 aequales;
2996 3049 3101 3103 hoc
3134 3065 3266 3103 vero
3307 3052 3586 3120 punctum
3650 3052 3892 3102 centrum

2218 3134 2416 3189 circuli
2448 3136 2799 3190 nominatur.

2290 4486 2617 4542 Diametrus
2668 4491 2859 4541 autem
2905 4486 3101 4541 circuli
3141 4491 3225 4541 est
3253 4491 3403 4542 recta
3444 4488 3702 4558 quaedam
3748 4487 3878 4540 linea

2218 4592 2321 4644 per
2350 4582 2612 4631 centrum
2644 4577 2830 4644 ducta,
2890 4582 2947 4630 et
2994 4577 3064 4631 ab
3099 4581 3337 4648 utraque
3370 4582 3529 4647 parte
3560 4576 3620 4629 in
3666 4578 3879 4629 circum-

2218 4663 2460 4719 ferentia
2491 4665 2689 4719 circuli
2718 4665 3046 4733 terminata,
3075 4682 3203 4736 quae
3235 4666 3293 4719 in
3325 4666 3465 4719 duas
3494 4682 3685 4736 aequas
3714 4668 3881 4736 partes

2219 4753 2498 4808 circulum
2530 4754 2748 4808 divxdit.

2290 4843 2690 4897 Semicirculus
2738 4859 2871 4896 vero
2911 4847 2994 4897 est
3041 4843 3210 4912 plana
3261 4844 3443 4913 ﬁgura
3474 4860 3601 4913 qua:
3646 4842 3744 4895 sub
3772 4840 3881 4894 dia-

2218 4937 2424 4997 metro,
2452 4937 2507 4985 et
2525 4946 2591 4986 ea
2625 4948 2799 5002 quam
2830 4932 3143 4986 diametrus
3177 4932 3580 5003 apprehendit,
3614 4930 3883 4985 circumfe-

2217 5020 2403 5074 rentia
2433 5020 2782 5077 continetur.

2280 5496 2613 5553 Rectilineaa
2644 5498 2841 5569 ﬁgurae
2893 5507 3025 5555 sunt
3061 5518 3189 5572 quas
3231 5503 3334 5555 sub
3369 5502 3533 5557 rectis
3565 5503 3726 5556 lineis
3754 5516 3873 5553 con-

2204 5585 2478 5642 tinentur.
