4152 6184
245 283 380 338 1309
1160 289 1712 350 ῙΝΤΕΒΡΗΕΤΑΤΙΟ
1750 295 1956 353 EUCLI

2117 301 2572 362 GEOMETRIE.
2618 307 2746 362 LIB.
2795 310 2834 363 Ι.
3613 315 3742 366 1310

318 416 597 473 Trilatera
623 417 858 489 quidem
895 417 1080 491 ﬁgura
1121 427 1206 477 est
1252 438 1379 496 quae
1428 424 1535 480 sub
1564 426 1748 483 tribus
1778 428 1943 485 rectis
1982 434 2027 486 Α

249 505 416 560 lineis
446 505 790 561 continetur.

323 594 718 658 Quadrilatera
747 600 960 664 autem,
993 614 1123 670 quae
1153 600 1258 657 sub
1290 605 1558 674 quatuor.

325 682 592 738 Finitima
631 699 765 738 vero
810 688 1153 743 mensuralis
1198 695 1283 744 est
1326 691 1480 747 linea
1530 708 1659 764 quas
1705 698 1805 750 aut
1841 711 1946 767 pro

326 714 592 738 ruuuuua
638 714 765 738 vctu
810 714 1153 743 Lucuauruus
1198 714 1283 744 σει
1326 714 1480 747 unca
1530 714 1659 764 qua:
1705 714 1805 750 aur
1841 714 1946 767 pro
3032 714 3067 800 \

251 771 446 844 aliqua
495 771 983 844 Observationum,
1031 782 1130 833 aut
1175 779 1368 853 aliquo
1414 782 1797 840 terminorum
1847 785 1947 840 ob—
2649 714 3067 981 /)xygonium

251 865 528 916 servatur.

320 949 656 981 Hamus---
709 949 904 981 ξιιμ-η...
965 954 1146 981 α-....-
1203 961 1282 981 --Α
1358 975 1473 981 ---μ
1535 961 1627 981 ---ι
1683 962 1938 981 _1__‘n__.,
2677 979 2898 981 ⁸

250 865 528 916 servatur.

320 949 662 1006 lultilatera
709 949 905 1023 itaque
964 954 1152 1027 ﬁgura
1200 961 1304 1026 est,
1352 975 1480 1030 quae
1531 961 1636 1017 sub
1682 962 1946 1034 pluribus

249 1056 424 1112 quam
455 1045 704 1112 quatuor
732 1042 1006 1099 lateribus
1035 1046 1379 1103 continetur.

2691 1047 2766 1099 De
2792 1047 3098 1110 quadratis.

885 1136 962 1189 De
993 1137 1308 1205 triangulis.
2125 1135 2651 1199 Quadrilaterarum
2669 1150 2800 1188 vero
2819 1135 3131 1206 ﬁgurarum
3148 1143 3494 1213 quadratum
3509 1152 3739 1200 vocatur

319 1217 734 1290 Equilaterum
783 1220 962 1292 igitur
1010 1225 1366 1297 triangulum
1425 1230 1510 1283 est
1564 1229 1717 1300 quod
1761 1229 1944 1284 tribus
2054 1224 2205 1295 quod
2237 1227 2318 1280 est
2348 1223 2747 1296 sequilaterum
2780 1229 2949 1295 atque
2976 1231 3415 1302 rectiangulum.

247 1307 428 1380 aequis
454 1307 728 1364 lateribus
758 1312 1085 1368 continetur
1116 1324 1157 1370 ⁸.

1079 1435 1118 1462 κΧ

958 1737 1243 1800 Equilater
1271 1731 1352 1849 \\
1989 1731 2033 1785 B
2603 1731 2611 1849 ι
2712 1791 3045 1849 Quadratum

314 1947 587 2003 lsosceles
616 1950 807 2002 autem
847 1944 934 1996 est
981 1939 1137 2012 quod
1169 1941 1284 1998 duo
1315 1951 1712 2012 tantummodo
1759 1957 1938 2013 latera

2121 1971 2284 2024 Parte
2318 1969 2495 2024 altera
2524 1970 2754 2040 longius
2796 1989 2930 2026 vero
2986 1979 3068 2027 est
3114 1974 3268 2044 quod
3317 1975 3736 2047 rectiangulum

242 2035 452 2091 habeat
477 2037 739 2109 equalia.

2046 2060 2280 2131 quidem
2306 2063 2410 2127 est,
2446 2059 2544 2113 sed
2571 2060 2972 2130 aaquilaterum
3003 2079 3118 2116 non
3147 2069 3250 2118 est.

2526 2170 2710 2178 pg.

2969 2172 3281 2183 ,ς--ἣ

2613 2246 2767 2294 Parte
2793 2246 2959 2292 altera
2989 2243 3202 2304 longius

2524 2190 2532 2484 Ι

3269 2197 3283 2474 Ι

977 2524 1282 2600 lsosceles\
2119 2524 2412 2580 Rhombus
2444 2543 2576 2582 vero
2607 2533 2692 2583 est
2723 2528 2875 2600 quod
2917 2527 3316 2598 aequilaterum
3350 2525 3586 2597 quidem
3627 2528 3730 2593 est,

2047 2617 2144 2669 sed
2177 2616 2593 2687 rectiangulum
2623 2635 2739 2672 non
2771 2623 2873 2673 est.

317 2789 618 2845 Scalenum
649 2805 780 2845 vero
813 2792 968 2864 quod
1015 2793 1126 2848 tria
1175 2795 1353 2851 latera
1389 2794 1564 2852 habet
1604 2797 1933 2870 inaequalia.
2638 2745 2863 3096 /

592 2924 781 3096 /
845 2927 1325 3096 \
1979 3031 2019 3083 (ἶ
2724 3056 2863 3096 Rhnn

489 2924 781 3192 /
845 2927 1654 3209 \
1979 3031 2019 3083 C
2638 2924 2986 3113 /Rh0mbus

873 3107 1150 3159 Scalenum
2640 3104 2702 3209 \\

873 3107 1150 3159 Scalenum

489 3104 591 3192 /
873 3107 1150 3159 Scalenum
1339 3104 1654 3209 \
2813 3104 2985 3113 νῆ’-⁷
3071 3104 3082 3118 ’

311 3261 574 3332 Amplius
620 3263 1010 3318 trilaterarum
1053 3262 1371 3334 ﬁgurarum
1421 3267 1849 3339 orthogonium,
1883 3268 1940 3323 id
2640 3104 3082 3480 \/

311 3355 326 3404 t
354 3350 800 3423 rectiangulom,
821 3352 1176 3424 triangulum
1207 3353 1443 3424 quidem
1472 3362 1556 3411 est
1582 3358 1734 3429 quod
1765 3355 1939 3411 habet

320 3441 515 3480 malum
552 3456 728 3480 nnnm
761 3446 978 3480 var-him
1010 3454 1036 3480 ι.

240 3355 326 3404 est
354 3350 800 3423 rectiangulum,
821 3352 1176 3424 triangulum
1207 3353 1443 3424 quidem
1472 3362 1556 3411 est
1582 3358 1734 3429 quod
1765 3355 1939 3411 habet

241 3441 519 3510 angulum
552 3456 732 3496 unum
760 3446 981 3497 rectum
1010 3454 1056 3498 ι.

2118 3515 2501 3571 Rhomboides
2541 3521 2733 3572 autem
2779 3523 2860 3571 est
2892 3515 3045 3586 quod
3077 3515 3135 3568 in
3168 3514 3518 3568 contrarium
3552 3515 3731 3568 collo-

2047 3592 2199 3642 catas
2226 3589 2404 3641 lineas
2430 3593 2599 3659 atque
2631 3589 2868 3659 angulos
2898 3587 3070 3659 habet
3099 3587 3368 3659 aequales,
3397 3602 3511 3639 non
3541 3591 3730 3639 autem

2045 3659 2214 3712 rectis
2241 3660 2463 3729 angulis
2493 3658 2598 3714 nec
2629 3658 2811 3730 aequis
2841 3658 3113 3712 lateribus
3144 3658 3488 3711 continetur.

2341 3791 2560 4016 \
2645 3854 3009 3904 Rhomboides
3151 3776 3380 4005 \

2119 4084 2328 4136 Praeter
2355 4078 2476 4132 haec
2507 4080 2698 4150 autem
2732 4092 2930 4150 omnes
2957 4076 3358 4147 quadrilateras
3391 4079 3590 4150 ﬁgurae
3623 4084 3732 4133 tra-

951 4139 1320 4203 υηιιοεοηὶιιαι
1379 4139 1385 4226 l
2047 4153 2231 4226 pezia,
2264 4151 2323 4205 id
2353 4155 2439 4204 est
2465 4147 2740 4202 mensulae
2774 4139 3163 4202 nominantur.

903 2734 1327 2745 Ἥ

1626 3201 1661 3211 κ,

2609 3769 3030 3780 __________

2343 3776 2602 3784 ___...————~

808 4258 1146 4272 Ἦ

2863 4255 3054 4264 __.__———

312 4306 765 4378 Amblygonium
799 4323 1012 4388 autem,
1049 4319 1205 4392 quod
1236 4318 1432 4375 Latine
1465 4313 1936 4385 obtusiangulum
1979 4324 2021 4378 D
2653 4345 2904 4399 Mensula
3057 4267 3176 4397 \

312 4396 476 4464 citur,
509 4403 592 4452 est
619 4403 775 4472 quod
805 4407 1072 4464 obtusum
1102 4409 1275 4466 habet
1307 4406 1602 4480 angulum.
2459 4265 2469 4559 Ι

1363 4516 1406 4559 Λ
2661 4548 3176 4557 __.___

242 4395 476 4464 dicitur,
509 4403 592 4452 est
619 4403 775 4472 quod
805 4407 1072 4464 obtusum
1102 4409 1275 4466 habet
1307 4406 1602 4480 angulum.

2117 4612 2502 4678 Parallelze,id
2529 4615 2612 4665 est
2641 4611 2875 4667 alternae
2897 4617 3064 4665 rectze
3092 4613 3278 4680 lineae,
3304 4619 3730 4684 nuncupantur,

2045 4723 2174 4776 qua:
2198 4705 2394 4758 eadem
2425 4702 2597 4771 plana
2625 4701 2925 4771 superﬁcie
2955 4701 3240 4754 collocatae
3271 4708 3443 4774 atque
3462 4702 3730 4774 utrinque

2044 4794 2340 4864 productae
2375 4792 2435 4844 in
2462 4794 2663 4843 neutra
2691 4797 2851 4860 parte
2882 4796 3250 4844 concurrunt.

2469 4262 2842 4276 __________

2661 4548 3082 4557 —___-————

988 4516 1406 4980 Λ

2738 4877 3053 4925 Parrallelze.

910 5008 1359 5073 l/Ambligonium
1385 5008 1393 5083 1
2281 5017 2355 5068 De
2383 5014 2734 5083 petitionibus
2765 5028 2882 5081 quae
2909 5019 3035 5067 sunt
3067 5017 3124 5066 in
3153 5019 3492 5081 geometrica.

817 5073 908 5169 χλ
1039 5073 1390 5163 κίκι-κέ
2114 5073 2424 5140 Petitiones
2451 5101 2585 5138 vero
2615 5100 2743 5155 quae
2767 5073 3054 5154 postulata
3075 5073 3464 5156 (ut'veteribus
3497 5084 3734 5154 placuit)

810 5161 1056 5192 9/1
2041 5174 2328 5238 dicuntur,
2362 5172 2620 5243 quinque
2651 5177 2801 5225 sunt.

306 5256 676 5327 Oxygonium
707 5275 864 5324 vero,
899 5259 956 5314 id
996 5263 1082 5314 est
1109 5259 1558 5331 acutiangulum,
1603 5266 1688 5316 est
1715 5261 1776 5316 in
1818 5277 1931 5333 quo
2115 5261 2323 5327 Prima,
2359 5266 2421 5315 ut
2449 5261 2518 5314 ab
2547 5260 2702 5314 omni
2732 5264 2944 5331 puncto
2974 5259 3035 5316 in
3066 5277 3235 5316 omne
3262 5265 3537 5332 punctum
3574 5265 3728 5313 recta

234 5351 352 5402 tres
384 5349 586 5419 anguli
617 5353 749 5404 sunt
773 5350 945 5406 acuti.
2042 5352 2195 5406 linea
2227 5352 2466 5406 ducatur
2498 5351 2769 5421 postulat.

313 5510 338 5535 ⁸
367 5505 466 5586 Ha}
510 5511 973 5586 sequentesutres
1007 5507 1217 5580 trigoni
1247 5509 1462 5581 species
1494 5510 1934 5580 distinguuntur
2113 5513 2137 5552 δ
2166 5512 2261 5586 Ha;
2292 5514 2597 5586 sequentes
2619 5513 2756 5586 _tres
2790 5508 3004 5586 trigoni
3035 5507 3252 5579 species
3295 5507 3732 5578 distinguuntur

241 5575 559 5632 secundum
586 5575 892 5652 inequalia
919 5575 1118 5638 latera:
1275 5575 1294 5581 ”
1673 5575 1701 5580 ⁷
2045 5581 2358 5638 secundum
2373 5575 2699 5652 inaequales
2730 5575 2986 5649 angulos.
