4152 6184
256 308 393 361 13⁸29
1157 308 1717 368 INTERPRETATIO
1757 310 1902 368 EUC‘

2034 311 2082 366 lS
2119 310 2566 370 GEOMETRI/E.
2608 314 2739 371 LIB.
2780 316 2830 371 Ι.
3612 321 3748 376 1330

1967 450 2010 501 Α
2116 449 2176 500 1η
2206 447 2594 518 superioribus
2624 466 2757 504 vero
2793 451 3007 506 dictum
3039 456 3124 507 est
3149 453 3218 506 ad
3249 454 3444 509 datum
3466 460 3744 526 punctum

2042 536 2189 590 datae
2215 545 2384 592 rectas
2421 538 2585 591 lineae
2628 540 2909 610 aequalem
2955 547 3167 594 rectam
3210 543 3418 596 lineam
3468 545 3745 602 collocare

1551 649 1600 702 1η
2043 631 2329 694 oportere.
2367 627 2473 680 Sed
2505 627 2676 697 hujus
2708 628 2844 682 artis
2875 629 3202 699 expertibus
3225 630 3463 685 obscure
3495 632 3740 688 difﬁcul-

2042 718 2258 783 terque.
2294 715 2397 769 Sed
2431 732 2529 769 nos
2562 717 2819 769 animum
2849 718 3070 771 lectoris
3122 719 3285 788 quasi
3327 720 3735 777 introducendo

2040 803 2384 857 oblectantes
2412 805 2584 873 hujus
2607 806 3008 875 subsequentis
3041 808 3243 877 ﬁgurae
3275 808 3740 879 explanationem

2042 893 2240 962 positis
2274 893 2594 947 litterarum
2626 894 3025 966 linearumque
3082 897 3294 950 notulis
3344 899 3737 968 patefacimus.

2042 982 2124 1036 Sit
2151 981 2384 1052 quidem
2425 982 2622 1035 datum
2655 989 2930 1053 punctum
2960 988 3024 1050 A,
3060 986 3190 1038 data
3218 1001 3350 1039 vero
3385 994 3534 1040 recta
3582 988 3741 1045 linea

2043 1069 2084 1124 B
2117 1070 2174 1136 C,
2205 1075 2430 1140 oportet
2460 1071 2640 1140 igitur
2671 1072 2738 1125 ad
2775 1077 3052 1141 punctum
3100 1077 3143 1127 Α
3192 1079 3362 1128 rectae
3407 1075 3574 1131 lineae
3629 1078 3668 1132 Β
3700 1078 3741 1133 C

2045 1175 2268 1230 mquam
2302 1167 2514 1215 rectam
2543 1162 2752 1215 lineam
2778 1163 3083 1230 collocare;
3114 1164 3459 1234 adjungatur
3481 1167 3636 1220 enim
3667 1167 3739 1222 ab

2044 1251 2086 1304 A
2116 1254 2326 1318 puncto
2357 1250 2424 1303 ad
2449 1251 2487 1304 Β
2528 1255 2804 1320 punctum
2839 1256 2992 1305 recta
3021 1252 3172 1306 linea
3221 1269 3287 1306 ea
3317 1267 3444 1324 qua?
3488 1259 3572 1308 est
3597 1258 3644 1310 A
3674 1257 3736 1323 Β,

2045 1341 2101 1389 et
2127 1339 2508 1392 constituatur
2538 1356 2711 1408 super
2737 1343 2782 1393 Α
2816 1342 2854 1394 Β
2884 1346 3095 1393 rectam
3120 1341 3352 1406 lineam,
3381 1343 3736 1415 triangulum

2045 1427 2439 1496 mquilaterum
2473 1429 2623 1498 quod
2652 1434 2736 1481 est
2768 1430 2808 1482 D
2835 1430 2880 1482 A
2909 1430 2968 1495 Β,
2996 1435 3052 1483 et
3081 1430 3386 1499 ejiciantur
3413 1432 3474 1486 in
3517 1437 3736 1488 rectum

2051 1515 2090 1567 D
2121 1520 2186 1581 A,
2218 1517 2258 1568 D
2293 1517 2352 1579 Β,
2388 1522 2555 1569 rectae
2579 1517 2768 1585 lineae,
2795 1518 2863 1571 ad
2897 1521 2940 1570 A
2962 1519 3002 1572 G
3043 1523 3100 1572 et
3131 1521 3167 1572 Β
3195 1520 3267 1586 Μ,
3302 1524 3357 1574 et
3390 1525 3585 1576 centro
3612 1522 3738 1593 qui-

2047 1603 2173 1657 dem
2210 1605 2270 1669 B,
2303 1607 2485 1675 spatio
2516 1611 2711 1659 autem
2745 1608 2783 1659 Β
2812 1607 2869 1672 C,
2898 1606 3144 1660 circulus
3164 1609 3519 1664 describatur
3542 1611 3581 1665 C
3614 1613 3732 1679 ΒΕ,

2045 1697 2101 1745 et
2132 1709 2330 1745 rursus
2366 1698 2562 1747 centro
2591 1695 2824 1764 quidem
2868 1697 3144 1766 D,fspatio
3177 1703 3368 1752 autem
3397 1699 3438 1752 D
3469 1700 3535 1764 E,
3559 1700 3736 1754 circu-

2036 1779 2126 1836 lus
2160 1781 2517 1836 describatur
2565 1783 2603 1836 F
2647 1783 2691 1836 K
2736 1783 2792 1837 L.
2842 1783 3126 1847 Quoniam
3169 1786 3344 1856 igitur
3384 1788 3424 1841 Β
3453 1793 3730 1856 punctum

2037 1876 2296 1925 centrum
2328 1877 2431 1938 est,
2468 1871 2507 1926 C
2542 1873 2578 1926 F
2616 1874 2655 1926 Ε
2685 1873 2906 1939 circuli,
2949 1890 3118 1945 aequa
3149 1881 3234 1929 est
3261 1877 3300 1930 C
3329 1877 3367 1929 Β
3402 1880 3451 1929 ei
3484 1893 3612 1947 quae
3643 1883 3734 1931 est

2039 1962 2079 2015 Β
2114 1962 2168 2014 Β.
2203 1961 2416 2015 Rursus
2448 1961 2724 2031 quoniam
2751 1963 2796 2017 D
2819 1966 3093 2033 punctum
3117 1969 3375 2017 centrum
3405 1970 3506 2028 est,
3539 1967 3578 2020 F
3613 1967 3650 2020 L
3686 1966 3732 2019 K

2034 2051 2249 2112 circuli,
2290 2066 2454 2120 mque
2485 2055 2567 2103 est
2594 2051 2634 2103 υ
2682 2050 2720 2103 L
2752 2051 2804 2103 ei
2837 2067 2963 2118 quae
2996 2057 3079 2105 est
3107 2053 3150 2105 D
3186 2054 3240 2106 Β.
3276 2053 3526 2116 Quarum
3566 2071 3732 2124 aequa

2034 2143 2117 2193 est
2147 2141 2186 2194 Ι)
2225 2143 2267 2192 Α
2297 2139 2348 2192 ei
2380 2155 2508 2209 quae
2540 2144 2622 2192 est
2658 2140 2699 2192 D
2733 2140 2795 2204 Β,
2828 2141 3230 2210 aequilaterum
3265 2141 3420 2194 enim
3468 2143 3729 2213 triangu-

2031 2228 2151 2282 lum
2183 2232 2266 2280 est
2301 2227 2351 2282 id
2391 2229 2546 2299 quod
2576 2233 2660 2282 est
2691 2230 2734 2283 D
2764 2232 2804 2283 A
2843 2230 2903 2282 Β.
2937 2230 3181 2300 Reliqua
3223 2230 3400 2300 igitur
3422 2233 3468 2284 Α
3534 2231 3572 2284 L
3602 2232 3731 2284 reli-

2030 2333 2159 2388 quae
2193 2318 2232 2371 B
2269 2317 2307 2371 F
2339 2317 2527 2372 existit
2558 2319 2815 2389 aequalis.
2844 2317 2951 2372 Sed
2993 2323 3050 2372 et
3090 2319 3128 2372 Β
3163 2319 3201 2372 Β
3232 2318 3284 2372 ei
3315 2334 3444 2390 quae
3495 2323 3580 2373 est
3613 2321 3652 2372 Β
3689 2319 3729 2374 C

2025 2423 2190 2477 aequa
2222 2423 2343 2461 esse
2377 2411 2690 2461 monstrata
2723 2413 2824 2462 est.
2859 2409 2927 2461 Et
2973 2409 3011 2460 Β
3043 2407 3082 2462 C
3114 2408 3167 2461 ei
3194 2424 3323 2479 quae
3349 2413 3434 2462 est
3480 2411 3527 2464 Α
3555 2409 3594 2463 L
3619 2409 3725 2463 erit

2024 2496 2281 2567 aequalis.
2313 2496 2396 2550 Ad
2427 2496 2624 2550 datum
2651 2496 2829 2566 igitur
2850 2501 3124 2567 punctum
3150 2497 3206 2550 id
3235 2497 3385 2568 quod
3413 2502 3557 2552 estA
3581 2498 3725 2553 datm

2018 2590 2188 2639 rectae
2216 2585 2382 2638 lineae
2414 2585 2469 2638 ei
2504 2601 2633 2656 quae
2665 2590 2749 2638 est
2799 2586 2838 2638 Β
2872 2586 2930 2649 C,
2973 2599 3141 2655 aequa
3171 2585 3353 2638 locata
3390 2590 3473 2640 est
3502 2602 3567 2639 ea
3597 2603 3726 2657 quae

2019 2677 2104 2728 est
2133 2678 2178 2729 A
2215 2676 2270 2740 L,
2306 2675 2456 2744 quod
2491 2673 2792 2742 oportebat
2823 2673 3007 2726 facere
3038 2679 3102 2727 ut
3135 2675 3383 2744 subjecta
3416 2675 3723 2745 descriptio

2019 2767 2240 2816 monet.

401 1019 1332 1437 ῑμί

1379 1391 1416 1438 Η
1770 1391 1808 1439 G

302 1473 442 1527 Nam
480 1470 674 1526 omnia
712 1487 1070 1543 quaecunque
1113 1477 1247 1527 sunt
1290 1488 1662 1527 numerorum
1714 1474 1934 1527 ratione

228 1579 332 1616 sua
355 1565 638 1615 constant.
675 1562 738 1614 Et
770 1562 1338 1632 praportionabiliter
1367 1562 1464 1616 alii
1513 1579 1579 1615 ex
1636 1561 1759 1616 aliis
1791 1580 1934 1616 con-

225 1652 544 1706 stituuntur
565 1650 1038 1704 circumferentia
1058 1651 1381 1721 aequalitate
1419 1651 1930 1720 multiplicationi-

221 1741 329 1796 bus
362 1740 478 1794 suis
508 1739 743 1810 quidem
787 1739 1138 1804 excedentes,
1189 1744 1363 1811 atque
1411 1739 1737 1794 alternatim
1787 1756 1924 1812 pro-
1972 1737 2012 1790 Β

221 1829 588 1902 portionibus
619 1828 735 1882 suis
759 1829 1072 1882 terminum
1099 1827 1390 1883 facientes.

719 1917 788 1969 De
823 1915 1023 1986 ﬁguris
1062 1917 1420 1982 geometricis.

289 2007 476 2077 Supra
503 2003 821 2075 positarum
861 2003 1040 2074 igitur
1076 2001 1562 2073 speculationibus
1595 2001 1916 2074 figurarum

219 2095 290 2151 ab
319 2094 550 2149 Euclide
578 2092 859 2147 succincte
892 2092 1245 2163 obscureque
1274 2091 1532 2163 prolatis,
1575 2095 1633 2145 et
1674 2108 1707 2145 a
1757 2093 1920 2146 nobis

216 2185 458 2238 verbum
509 2181 772 2236 videlicet
818 2181 887 2234 de
939 2181 1112 2234 verbo
1172 2179 1626 2250 exprimentibus
1677 2180 1917 2235 strictim

216 2271 532 2337 translatis,
565 2269 827 2340 quaedam
851 2267 1107 2322 iteranda
1129 2268 1575 2338 repetendaque,
1606 2272 1670 2321 ut
1692 2268 1918 2322 animus

216 2363 446 2416 lectoris
473 2376 591 2415 non
617 2358 963 2413 obscuritate
987 2358 1364 2424 deterreatur,
1408 2357 1505 2411 sed
1535 2373 1568 2410 a
1609 2357 1770 2410 nobis
1819 2374 1916 2428 po-

212 2451 328 2505 tius
356 2450 594 2520 alicujus
616 2447 864 2518 exempli
895 2449 1018 2502 luce
1040 2447 1230 2501 infusa
1258 2447 1591 2512 delectetur,
1622 2445 1908 2500 videntur.

209 2539 356 2594 Sunt
383 2539 539 2593 enim
571 2555 603 2592 a
647 2537 813 2592 nobis
861 2536 1126 2608 quaedam
1178 2534 1310 2588 huic
1364 2535 1525 2604 operi
1583 2534 1907 2603 inserenda,

205 2628 343 2682 huic
373 2629 479 2682 arti
509 2627 667 2681 valde
699 2624 1041 2690 necessaria,
1076 2627 1132 2677 et
1167 2621 1508 2694 supradictis
1555 2623 1906 2693 responden-

203 2717 303 2785 tia,
337 2721 394 2770 et
433 2714 910 2786 subsequentibus
939 2711 1353 2774 convenientia,
1398 2711 1468 2764 ad
1518 2726 1646 2780 qua:
1694 2711 1905 2764 intelli-

201 2805 392 2876 genda
423 2806 750 2875 quicunque
782 2804 842 2856 in
873 2805 1204 2856 nostrorum
1229 2797 1720 2853 arithmeticorum
1742 2799 1901 2852 theo-

200 2895 516 2949 rematibus
561 2893 870 2946 instructus
926 2888 1243 2953 accesserit,
1292 2885 1630 2957 expeditiori
1683 2887 1900 2940 intelli-

200 2984 400 3054 gentia
434 2982 679 3036 ducitur.

264 3073 666 3143 Supradictum
697 3069 873 3139 igitur
901 3070 1006 3134 est,
1029 3081 1201 3137 supra
1219 3065 1413 3120 datam
1434 3068 1645 3119 rectam
1685 3063 1895 3118 lineam

194 3162 560 3216 terminatam
632 3158 984 3228 triangulum
1067 3154 1462 3226 aequilaterum
1553 3153 1896 3206 constituere

195 3256 485 3321 oportere,
519 3248 615 3302 sed
647 3246 816 3300 nimis
839 3246 1116 3311 involute,
1165 3243 1296 3314 qua}
1319 3243 1388 3297 de
1415 3258 1475 3296 re
1497 3241 1671 3311 hujus
1703 3257 1893 3295 exem-

197 3339 278 3410 pli
309 3343 503 3392 notam
531 3335 902 3405 subjecimus.
938 3333 1023 3388 Sit
1052 3332 1182 3386 data
1207 3338 1360 3385 recta
1405 3331 1558 3385 linea
1589 3329 1895 3384 terminata

196 3429 244 3480 A
276 3428 336 3491 Β,
372 3431 596 3496 oportet
623 3425 799 3494 igitur
829 3437 1000 3491 super
1030 3437 1154 3475 eam
1203 3435 1330 3490 quae
1360 3429 1445 3472 est
1471 3421 1518 3472 Α
1558 3419 1596 3471 Β
1634 3417 1892 3489 triangu-

194 3515 319 3568 lum
355 3515 750 3584 aaquilaterum
795 3510 1159 3572 constituere,
1204 3510 1259 3560 et
1297 3511 1492 3560 centro
1539 3506 1774 3577 quidem
1824 3510 1890 3573 A,

194 3604 381 3672 spatio
412 3618 541 3655 vero
568 3605 615 3655 A
645 3603 707 3666 Β,
739 3599 984 3652 circulus
1013 3597 1291 3651 scribatur
1320 3598 1360 3650 B
1410 3596 1450 3650 C
1476 3597 1516 3649 Ε
1558 3596 1620 3649 D.
1659 3596 1721 3649 Et
1758 3611 1889 3648 rur-

192 3707 289 3744 sus
321 3696 514 3744 centro
556 3692 618 3756 Β,
651 3689 838 3759 spatio
887 3690 1078 3740 autem
1120 3686 1168 3738 Α
1215 3685 1275 3749 Β,
1321 3685 1562 3737 circulus
1610 3683 1890 3736 scribatur

192 3782 238 3833 A
267 3780 306 3834 C
335 3780 374 3833 F
404 3781 464 3842 D,
495 3783 552 3832 et
597 3777 668 3831 ab
701 3793 767 3830 eo
799 3777 1010 3846 puncto
1045 3773 1200 3843 quod
1242 3777 1328 3826 est
1355 3772 1416 3838 G,
1450 3787 1565 3842 quo
1600 3787 1658 3824 se
1688 3770 1888 3824 circuli

189 3868 473 3934 dividunt,
505 3866 572 3920 ad
603 3881 668 3919 ea
699 3868 911 3936 puncta
935 3878 1065 3933 quae
1100 3866 1234 3914 sunt
1274 3863 1320 3915 Α
1363 3862 1424 3928 Β,
1477 3860 1881 3930 adjungantur.

191 3959 380 4012 Rectus
409 3956 576 4009 lineae
606 3954 646 4008 (Ζ
676 3956 741 4018 Α,
788 3953 828 4007 C
856 3953 917 4006 B.
967 3950 1251 4014 Quoniam
1297 3948 1474 4018 igitur
1515 3951 1562 4002 Α
1605 3954 1885 4017 punctum

188 4048 452 4100 centrum
483 4048 588 4109 est,
616 4043 657 4095 Β
690 4041 729 4096 C
762 4041 802 4094 E
830 4040 874 4093 D
904 4038 1122 4104 circuli,
1149 4052 1317 4108 aequa
1346 4041 1430 4089 est
1479 4038 1525 4089 A
1575 4037 1614 4091 Β
1665 4036 1717 4088 ei
1759 4052 1885 4106 quae

191 4139 276 4188 est
305 4135 353 4186 Α
383 4134 442 4187 C.
481 4133 718 4195 Rursus,
759 4128 1037 4200 quoniam
1073 4128 1113 4181 Β
1153 4129 1432 4196 punctum
1478 4129 1563 4178 est
1600 4130 1880 4191 centrum,

185 4226 233 4277 Α
265 4223 304 4277 C
337 4223 376 4276 F
408 4222 448 4275 Ι)
477 4219 673 4275 circuli
701 4234 864 4288 aqua
893 4221 980 4271 est
1007 4217 1045 4270 Β
1076 4217 1123 4268 Α
1153 4213 1207 4268 ei
1236 4228 1366 4284 quae
1396 4217 1483 4266 est
1524 4213 1562 4266 Β
1585 4213 1644 4267 C.
1677 4211 1784 4266 Sed
1827 4217 1885 4266 et

187 4315 234 4366 A
269 4312 308 4365 Β
338 4310 387 4362 ei
420 4324 548 4380 quae
575 4306 719 4361 estC
748 4310 794 4359 A
825 4321 992 4375 aqua
1021 4319 1142 4357 esse
1173 4306 1491 4356 monstrata
1534 4306 1619 4354 est
1651 4305 1707 4355 et
1731 4302 1780 4357 A
1821 4301 1878 4355 C.
1943 4321 1985 4375 ι)

189 4399 376 4469 Igitur
406 4397 456 4450 ei
504 4411 632 4466 qua:
665 4399 750 4448 est
781 4395 820 4446 Β
857 4393 897 4447 C
927 4393 1035 4446 erit
1061 4390 1321 4462 aequalis.
1374 4391 1508 4444 Tres
1555 4390 1734 4460 igitur
1779 4406 1908 4460 quae

199 4492 336 4541 sunt
367 4487 406 4540 C
434 4489 504 4550 Α,
534 4488 580 4539 Α
606 4486 667 4547 Β,
703 4484 743 4536 Β
774 4483 832 4549 C,
863 4498 991 4552 quae
1019 4479 1374 4535 sibiinvicem
1406 4483 1563 4548 sunt,
1607 4479 1904 4550 aequilate-

190 4593 324 4631 rum
364 4575 546 4645 igitur
579 4578 665 4627 est
696 4572 736 4628 C
765 4573 812 4625 Α
849 4572 887 4625 Β
914 4571 1288 4640 triangulum.
1319 4569 1386 4622 Et
1407 4567 1779 4621 constitutum
1824 4573 1908 4622 est

186 4681 370 4735 supra
399 4665 591 4718 datam
623 4665 835 4714 rectam
867 4659 1077 4712 lineam
1111 4657 1478 4713 terminatam
1509 4672 1632 4710 eam
1665 4673 1793 4728 quae
1825 4665 1909 4713 est

179 4758 226 4810 A
266 4755 305 4807 Β
339 4753 494 4826 quod
530 4748 845 4823 oportebat
865 4748 1069 4802 facere.

1937 3031 1977 3087 Ο

2499 2942 3274 3318 βλ

2463 4153 3234 4881 2

2083 5028 2273 5082 Tertio
2303 5028 2478 5098 igitur
2512 5030 2635 5083 loco
2667 5030 2930 5100 superius
2956 5029 3025 5082 ab
3050 5030 3278 5084 Euclide
3307 5031 3595 5100 prolatum
3629 5035 3713 5084 est

2013 5117 2235 5171 duabus
2263 5120 2426 5171 rectis
2459 5119 2624 5172 lineis
2653 5119 2710 5171 in
2751 5118 3071 5188 aequalibus
3102 5120 3406 5189 propositis
3432 5136 3464 5170 a
3496 5119 3709 5186 majore

2011 5205 2224 5257 minori
2276 5221 2501 5276 aequam
2532 5210 2742 5260 rectam
2769 5204 2984 5259 lineam
3027 5205 3359 5259 abscindere
3388 5204 3707 5271 convenire,

2014 5295 2110 5347 sed
2144 5295 2314 5347 nimis
2332 5295 2590 5360 strictim,
2625 5300 2679 5348 et
2702 5295 2773 5348 ob
2807 5294 2860 5348 id
2895 5295 3133 5348 confuse
3164 5295 3551 5362 involuteque.
3597 5293 3709 5345 Nos

2012 5401 2146 5437 Vcro
2187 5389 2248 5436 ut
2271 5385 2497 5438 animus
2527 5383 2752 5437 lectoris
2801 5383 2870 5437 ad
2911 5383 3257 5437 enodatioris
3313 5381 3708 5450 intelligentia!

2015 5487 2328 5536 accessum,
2355 5472 2518 5541 quasi
2547 5472 2890 5543 quibusdam
2925 5471 3195 5541 gradibus
3225 5471 3487 5535 ducatur,
3539 5470 3709 5541 hujus

2014 5560 2460 5629 descriptionem
2503 5560 2765 5614 formula
2810 5559 3175 5629 subjecimus.
3224 5557 3347 5612 Sint
3392 5557 3538 5612 datm
3581 5558 3707 5613 dum

2015 5654 2185 5704 rectae
2216 5649 2402 5703 linem.
