4130 6180
401 299 531 354 1331

1699 315 1816 369 AN.
1864 315 2074 374 MANL.
2114 316 2275 375 θεν.
2322 320 2577 377 BOETII.

3768 341 3906 393 1332

466 436 780 536 [umquales
881 439 990 547 EC
1021 441 1087 538 l),
1115 445 1173 540 et
1203 442 1488 547 stit'rnajor
1525 449 1571 499 Α
1602 449 1660 509 B,
1707 454 1932 519 oportet
1978 451 2080 523 igi-
2119 454 2167 510 A
2264 457 2477 513 Acutus
2520 463 2710 516 autem
2743 464 2989 534 angulus
3024 471 3108 522 est
3152 472 3534 541 compressior
3573 481 3756 543 recto,
3807 478 3908 547 qui

392 529 488 578 tur
513 541 545 577 a
575 527 790 595 majore
821 529 864 580 A
899 529 937 580 Β
961 529 1171 583 minori
1211 533 1251 586 C
1283 533 1326 586 D
1358 551 1582 605 aequam
1624 537 1836 593 lineam
1877 541 2097 597 abscin-

393 615 567 680 dere;
600 615 905 670 collocetur
963 619 1113 673 enim
1155 621 1223 674 ad
1278 623 1323 675 Α
1382 630 1656 693 punctum
1707 628 1760 681 ei
1825 646 1953 700 quae
2013 638 2096 687 est

393 704 432 757 C
477 704 518 756 D
563 720 731 774 requa
783 722 850 759 ea
898 723 1027 777 qua:
1095 713 1178 761 est
1228 713 1270 763 A
1327 712 1383 764 Ε.
1439 713 1503 766 Et
1547 720 1742 767 centro
1803 719 1869 782 Α,
1908 719 2092 788 spatio

387 806 520 845 vero
550 794 597 845 A
625 793 684 858 E,
713 793 957 848 circulus
986 797 1342 853 describatur
1386 801 1425 854 E
1451 802 1492 855 G
1525 803 1600 868 F;
1657 805 1930 873 quoniam
1982 808 2092 879 igi-

385 882 481 932 tur
507 882 555 934 A
582 887 858 950 punctum
889 891 1151 942 centrum
1195 891 1278 941 est
1315 889 1354 942 E
1381 890 1420 943 G
1445 891 1482 943 F
1531 890 1747 959 circuli,
1796 911 1960 966 aequa
2010 902 2094 952 est

384 970 431 1021 A
464 969 504 1021 Ε
536 969 588 1023 ei
620 985 750 1040 quae
778 977 864 1026 est
890 976 937 1026 A
976 974 1036 1027 G.
1071 974 1179 1030 Sed
1210 977 1332 1030 etC
1369 979 1410 1031 D
1441 978 1494 1031 ei
1522 996 1650 1049 quae
1677 987 1763 1035 est
1805 987 1851 1037 Α
1901 986 1940 1038 Ε
1971 993 2094 1042 erat

386 1057 644 1128 aequalis,
672 1065 728 1113 et
753 1061 790 1114 C
821 1062 863 1115 D
888 1062 941 1116 ei
971 1079 1097 1134 quae
1139 1071 1223 1120 est
1247 1069 1293 1119 Α
1329 1067 1370 1121 G
1394 1067 1502 1121 erit
1549 1070 1804 1140 aequalis.
1860 1073 2091 1130 Duabus

384 1147 564 1217 igitur
585 1149 732 1203 datis
775 1152 942 1204 rectis
995 1152 1162 1207 lineis
1224 1155 1607 1227 inaequalibus
1639 1159 1721 1214 eis
1775 1177 1901 1232 quae
1961 1169 2092 1221 sunt

383 1239 430 1290 A
459 1237 519 1302 Β,
553 1238 592 1290 C
624 1238 687 1305 D,
722 1256 753 1292 a
774 1241 988 1310 majore
1016 1259 1142 1313 qua:
1167 1250 1250 1298 est
1280 1247 1326 1299 Α
1349 1248 1404 1311 Β,
1433 1247 1642 1302 minori
1674 1267 1801 1320 quae
1828 1258 1911 1304 est
1942 1253 1981 1307 C
2022 1256 2086 1322 Ι),

384 1326 620 1395 aequalis
649 1327 836 1383 abcisa
866 1336 950 1385 est
974 1348 1039 1385 ea
1072 1348 1196 1403 quae
1245 1339 1330 1389 est
1377 1338 1424 1390 A
1478 1337 1542 1406 G,
1593 1341 1744 1409 quod
1796 1342 2072 1410 oporteba

384 1414 596 1470 facere.

851 2029 1701 2904 is}

458 3497 552 3551 His
577 3498 750 3552 etiam
771 3501 1212 3569 compendiosis,
1254 3507 1310 3555 et
1340 3506 1534 3557 tamen
1578 3504 1752 3574 hujus
1802 3506 1938 3560 artis
1986 3523 2089 3560 ru-

388 3585 553 3639 dibus
597 3588 1038 3657 pernecessariis
1092 3590 1616 3646 introductionibus
1655 3593 1837 3648 lector
1894 3593 2090 3648 initia-

389 3678 501 3742 tus,
543 3675 590 3728 si
638 3676 699 3730 in
753 3677 1042 3748 aliquibus
1101 3681 1365 3750 superius
1417 3683 1723 3752 propositis
1779 3683 2094 3738 vacillando

390 3763 719 3832 abhorreat,
749 3782 852 3836 per
867 3783 925 3820 se
949 3767 1162 3822 similes
1182 3769 1500 3840 ﬁgurarum
1525 3771 1940 3843 descriptiones
1969 3773 2091 3828 sine

390 3853 577 3908 omnis
627 3855 1029 3925 impedimenti
1077 3859 1485 3914 reclamatione
1540 3861 1873 3918 adinvenire
1903 3867 2095 3934 potest

389 3947 447 3997 et
487 3959 853 4014 componere.

459 4031 566 4087 Sed
587 4033 705 4103 jam
748 4050 894 4105 opus
924 4040 1008 4090 est
1028 4035 1096 4090 ad
1134 4037 1557 4107 geometricalis
1588 4055 1803 4094 mensae
1833 4040 2091 4095 traditio-

389 4138 521 4177 nem
561 4122 630 4177 ab
660 4124 906 4195 Archyta
953 4141 1072 4178 non
1130 4127 1358 4181 sordido
1408 4127 1581 4198 hujus
1631 4129 1948 4200 disciplinae
1987 4146 2086 4184 au-

387 4217 538 4266 ctore
571 4212 768 4267 Latino
809 4215 1298 4270 accommodatam
1329 4217 1553 4284 venire,
1583 4217 1629 4270 si
1658 4219 1818 4289 prius
1859 4219 2087 4288 priami-

386 4317 533 4367 sero,
573 4302 725 4371 quod
759 4301 874 4356 sint
901 4319 1111 4371 genera
1161 4307 1531 4375 angulorum,
1578 4311 1634 4360 et
1691 4307 1995 4370 linearum,
2029 4311 2084 4361 et
2122 4344 2165 4396 Β

384 4406 569 4461 pauca
598 4389 790 4444 dixero
821 4391 888 4445 de
919 4393 1346 4447 summitatibus
1367 4399 1421 4448 et
1451 4395 1926 4449 extremitatibus.

458 4478 903 4533 Rationabilium
941 4497 1077 4551 ergo
1125 4483 1468 4553 angulorum
1501 4500 1712 4554 genera
1767 4488 1899 4537 sunt
1951 4485 2078 4553 tria,

386 4567 495 4621 hoc
527 4573 607 4622 est
644 4574 884 4636 rectum,
919 4569 1114 4632 hebes,
1174 4576 1429 4639 acutum,
1493 4579 1549 4626 et
1596 4573 1812 4626 habens
1868 4574 2082 4643 species

386 4673 591 4711 novem
619 4674 632 4710 :
665 4663 778 4712 tres
804 4666 1087 4713 rectarum
1110 4660 1416 4728 linearum,
1444 4666 1555 4717 tres
1577 4669 1771 4717 autem
1796 4669 2081 4718 rectarum

388 4750 444 4798 et
474 4746 1020 4817 circumferentium,
1068 4755 1123 4804 et
1168 4755 1283 4804 tres
1321 4751 1543 4806 hebetis
1592 4757 1646 4807 et
1678 4753 2081 4807 circumferen'

385 4833 553 4886 tium.

456 4923 661 4976 Rectns
691 4926 933 4993 angulus
973 4932 1056 4981 est
1093 4929 1572 5000 orthygrammos,
1610 4930 1668 4983 id
1698 4935 1782 4984 est
1809 4932 1974 4985 rectis
2018 4932 2081 4985 li-

385 5011 510 5066 neis
532 5012 994 5081 comprehensus,
1029 5016 1222 5071 Latine
1253 5018 1527 5074 normalis
1557 5020 1892 5088 appellatus.
1939 5020 2082 5085 Quo-

386 5102 535 5157 tiens
592 5116 725 5154 vero
787 5106 938 5155 recta
985 5105 1134 5159 linea
1177 5123 1350 5176 super
1390 5115 1600 5162 rectam
1647 5108 1859 5162 lineam
1905 5116 2078 5176 stans,

386 5203 551 5258 pares
577 5187 818 5257 angulos
849 5187 1063 5254 fecerit,
1106 5199 1158 5244 et
1186 5191 1341 5246 linea
1370 5193 1858 5264 perpendicularis
1881 5195 2082 5265 juncta

386 5277 578 5343 fuerit,
611 5275 820 5330 efﬁciet
840 5278 1259 5348 rectiangulum
1279 5281 1651 5352 triangulum.

458 5366 636 5420 Hebes
665 5368 909 5437 angulus
949 5373 1030 5420 est
1075 5368 1206 5437 plus
1251 5372 1541 5436 normalis,
1575 5371 1684 5425 hoc
1713 5377 1798 5425 est
1845 5372 2082 5426 rectian-

389 5456 509 5524 guli
550 5459 890 5526 positionem
936 5457 1228 5525 excedens,
1276 5459 1409 5528 quia
1451 5467 1508 5513 et
1551 5461 1597 5514 si
1626 5461 1947 5531 triangulus
1993 5479 2078 5516 se-

390 5545 641 5600 cundum
666 5547 815 5601 hanc
843 5547 1187 5617 positionem
1239 5549 1582 5602 constitutus
1608 5551 1800 5619 fuerit,
1833 5570 2075 5624 perpen-

389 5633 656 5690 dicularis
696 5639 852 5690 extra
880 5636 1153 5692 ﬁnitimas
1182 5638 1360 5706 lineas
1389 5638 1711 5694 habebitur.

2205 545 2254 597 si
2281 563 2312 599 a
2344 554 2496 602 recta
2527 549 2674 604 linea
2706 569 2834 622 quas
2876 557 3024 610 sedis
3056 557 3181 611 loco
3218 559 3390 614 fuerit
3428 567 3642 616 rectam
3691 565 3908 620 lineam

2205 637 2519 691 secundum
2569 655 2730 694 suam
2788 642 3221 701 inclinationem
3285 649 3558 716 emiserit,
3612 651 3908 725 similique

2202 725 2546 781 cohibitione
2576 733 2791 784 rectam
2826 732 3037 788 lineam
3070 735 3132 789 in
3161 752 3457 791 occursum
3487 741 3802 810 exceperit,
3841 743 3913 796 ef-

2201 810 2351 866 ﬁciet
2379 813 2733 885 triangulum
2772 820 2874 890 qui
2920 823 3458 894 perpendicularem
3502 827 3659 882 intra
3689 833 3810 882 tres
3849 830 3911 883 li-

2201 916 2338 955 neas
2367 902 2621 959 habebit.

2957 1571 3212 1580 .———-—

2274 2082 2581 2139 Linearum
2609 2099 2744 2140 vero
2775 2099 2989 2156 genera
3019 2089 3152 2141 sunt
3178 2087 3304 2156 tria,
3357 2096 3606 2163 rectum,
3659 2095 3916 2154 circum-

2203 2171 2414 2240 ferens,
2437 2173 2777 2230 ﬂexuosum.

2277 2260 2448 2315 Becta
2476 2260 2626 2316 linea
2652 2263 2845 2334 itaque
2875 2267 2962 2319 est
2992 2279 3120 2335 quae
3161 2267 3459 2338 aequaliter
3485 2270 3544 2326 in
3574 2273 3704 2328 suis
3737 2276 3916 2348 signis

2205 2350 2389 2421 posita
2406 2355 2506 2417 est,
2530 2369 2659 2423 qua:
2681 2353 2979 2425 aequaliter
2997 2351 3056 2407 in
3071 2354 3306 2424 planitie
3327 2360 3512 2430 posita
3538 2378 3658 2418 non
3676 2381 3914 2423 concur-

2205 2439 2296 2493 rit.
2323 2438 2735 2495 Circumferens
2757 2458 2892 2497 vero
2921 2443 3073 2498 linea
3094 2448 3178 2498 est
3201 2447 3365 2517 cujus
3390 2449 3552 2520 signa
3575 2469 3644 2508 ex
3662 2461 3912 2529 utraque

2204 2533 2366 2599 parte
2398 2534 2646 2597 curvata,
2674 2535 2729 2584 et
2757 2548 2789 2584 a
2819 2547 2878 2585 se
2909 2532 3153 2587 invicem
3184 2533 3455 2592 distantia
3503 2556 3622 2595 non
3667 2560 3911 2598 concur-

2205 2622 2361 2685 runt,
2413 2633 2544 2688 quae
2599 2618 2764 2687 signa
2807 2619 2855 2673 si
2893 2621 3284 2691 convenerint,
3337 2626 3582 2682 circulus
3634 2647 3759 2686 non
3807 2633 3909 2687 cir-

2206 2707 2528 2761 cumferens
2576 2706 2728 2762 linea
2787 2708 2957 2764 debet
3003 2711 3304 2781 appellari.
3389 2717 3663 2773 Flexuosa
3715 2726 3908 2777 autem

2205 2796 2361 2850 linea
2393 2800 2494 2863 est,
2519 2798 2891 2853 multiformis
2921 2800 3077 2854 velut
3114 2802 3391 2859 arborum
3438 2812 3536 2861 aut
3567 2808 3906 2878 ﬂuminum,

2207 2889 2545 2941 caeterornm
2576 2887 2895 2958 signorum,
2923 2889 2987 2944 in
3016 2907 3262 2963 quorum
3302 2895 3680 2954 similitudine
3729 2908 3789 2956 et
3829 2919 3909 2957 ar-

2208 2974 2539 3030 cisiniorum
2571 2994 2843 3049 agrorum
2872 2979 3071 3035 ﬁnitur
3114 2986 3466 3056 extremitas,
3498 2993 3552 3041 et
3589 2991 3905 3047 multorum

2136 3046 2177 3102 (ἶ
2208 3081 2337 3136 quae
2368 3046 2633 3121 similiter
2656 3067 2717 3122 in
2745 3085 2911 3141 aqua
2939 3070 3090 3125 linea
3116 3076 3251 3127 sunt
3273 3046 3517 3130 formata
3539 3046 3903 3136 naturaliter.

2277 3153 2695 3211 Summitatum
2733 3157 2912 3228 igitur
2943 3175 3156 3230 genera
3185 3166 3318 3217 sunt
3346 3164 3481 3229 duo,
3517 3170 3828 3223 summitas
3858 3177 3910 3226 et

2199 3244 2374 3315 plana
2401 3245 2721 3300 summitas.
2762 3247 3073 3304 Summitas
3104 3255 3188 3305 est
3237 3254 3549 3309 secundum
3590 3262 3907 3328 geometri-

2202 3350 2328 3388 cam
2376 3334 2827 3405 appellationem
2885 3355 3013 3411 quaa
3059 3340 3422 3412 longitudine
3475 3344 3904 3422 latitudineque

2200 3423 2580 3492 protenditur.

2825 4098 3281 4139 W

2926 4213 3168 4291 35mins

2264 4481 2620 4536 Summitatis
2650 4486 2841 4537 autem
2877 4483 3018 4538 ﬁnes
3051 4484 3216 4538 linea
3248 4491 3400 4540 sunt.

2264 4571 2439 4626 Plana
2463 4587 2597 4625 vero
2629 4572 2929 4626 summitas
2977 4579 3061 4627 est
3108 4590 3236 4644 quae
3267 4575 3567 4647 aequaliter
3615 4581 3787 4636 rectis
3832 4584 3895 4637 li-

2191 4661 2314 4714 neis
2341 4661 2597 4732 undique
2641 4677 2863 4715 versum
2895 4661 3115 4716 ﬁnitur.

2260 4751 2530 4805 Omnium
2560 4755 2752 4805 autem
2791 4751 3190 4805 summitatum
3239 4753 3299 4807 in
3372 4754 3687 4811 vinciundo
3758 4761 3883 4816 duae

2191 4845 2326 4893 sunt
2351 4839 2797 4908 observationes,
2829 4839 3084 4893 enormis
3115 4846 3173 4893 et
3198 4841 3391 4912 liquis.

2261 4928 2522 4982 Enormis
2548 4945 2679 4982 vero
2724 4935 2828 4998 est,
2864 4945 2994 5001 quae
3023 4945 3128 5000 per
3173 4946 3346 4986 omne
3392 4933 3540 4987 latus
3595 4937 3767 4993 rectis
3817 4940 3882 4994 1i-

2189 5019 2312 5074 neis
2343 5018 2682 5072 continetur.

2265 5107 2455 5177 Liquis
2485 5111 2672 5160 autem
2720 5112 2960 5178 estquae
3002 5108 3303 5164 minuendi
3337 5110 3552 5166 laboris
3602 5131 3796 5179 causa,
3832 5123 3883 5172 et

2191 5197 2342 5250 salva
2375 5205 2660 5249 rectorum
2689 5197 3037 5268 angulorum
3082 5198 3326 5267 ratione,
3376 5203 3696 5259 secundum
3737 5205 3881 5278 ipsas

2191 5285 2587 5339 extremitates
2617 5287 3000 5340 subtenditur.

2263 5373 2696 5430 Extremitatum
2722 5377 2935 5446 quippe
2957 5392 3168 5447 genera
3199 5382 3332 5431 sunt
3357 5379 3492 5446 duo,
3517 5382 3710 5449 ﬁunum
3736 5386 3878 5455 quod

2187 5478 2291 5531 pro
2322 5461 2528 5532 rigore,
2576 5468 2630 5517 et
2681 5465 2920 5518 alterum
2971 5465 3126 5536 quod
3161 5472 3418 5522 servatur
3447 5485 3552 5539 pro
3607 5474 3872 5527 ﬂexuoso.

2190 5553 2368 5622 Rigor
2393 5557 2477 5607 est
2501 5553 2780 5625 quidquid
2811 5554 2960 5610 inter
2990 5556 3108 5610 duo
3142 5556 3304 5627 signa
3336 5558 3516 5614 veluti
3552 5561 3612 5615 in
3646 5563 3871 5618 modum

2189 5642 2354 5696 lineae
2384 5642 2661 5698 directum
2700 5644 3064 5716 prospicitur.
