  <div class='ocr_page' id='page_1' title='image "/cluster/home/n/w/nwhite01/storage/ocr_20150623/63/hvd.32044073498800/673.png"; bbox 0 0 4152 6184; ppageno 0'>
   <div class='ocr_carea' id='block_1_1' title="bbox 365 246 500 309">
    <p class='ocr_par' dir='ltr' id='par_1_1' title="bbox 365 246 500 309">
     <span class='ocr_line' id='line_1_1' title="bbox 365 246 500 309; baseline -0.052 0"><span class='ocrx_word' id='word_1_1' title='bbox 365 246 500 309; x_wconf 75' lang='grc'><strong>1335</strong></span> 
     </span>
    </p>
   </div>
   <div class='ocr_carea' id='block_1_2' title="bbox 1717 240 2544 301">
    <p class='ocr_par' dir='ltr' id='par_1_2' title="bbox 1717 240 2544 301">
     <span class='ocr_line' id='line_1_2' title="bbox 1717 240 2544 301; baseline -0.005 -1"><span class='ocrx_word' id='word_1_2' title='bbox 1717 244 1829 300; x_wconf 76' lang='grc' dir='ltr'><strong>ΑΝ.</strong></span> <span class='ocrx_word' id='word_1_3' title='bbox 1867 242 2075 300; x_wconf 76' lang='lat' dir='ltr'><strong>MANL.</strong></span> <span class='ocrx_word' id='word_1_4' title='bbox 2116 242 2270 301; x_wconf 80' lang='lat' dir='ltr'><strong>SEV.</strong></span> <span class='ocrx_word' id='word_1_5' title='bbox 2318 240 2544 299; x_wconf 85' lang='lat' dir='ltr'><strong>BOETII</strong></span> 
     </span>
    </p>
   </div>
   <div class='ocr_carea' id='block_1_3' title="bbox 3739 244 3894 302">
    <p class='ocr_par' dir='ltr' id='par_1_3' title="bbox 3739 244 3894 302">
     <span class='ocr_line' id='line_1_3' title="bbox 3739 244 3894 302; baseline 0.039 -6"><span class='ocrx_word' id='word_1_6' title='bbox 3739 244 3894 302; x_wconf 59' lang='lat'><strong>133:</strong></span> 
     </span>
    </p>
   </div>
   <div class='ocr_carea' id='block_1_4' title="bbox 359 373 3874 449">
    <p class='ocr_par' dir='ltr' id='par_1_4' title="bbox 359 373 3874 449">
     <span class='ocr_line' id='line_1_4' title="bbox 359 373 3874 449; baseline 0 -19"><span class='ocrx_word' id='word_1_7' title='bbox 359 377 422 432; x_wconf 91' lang='lat' dir='ltr'><strong>in</strong></span> <span class='ocrx_word' id='word_1_8' title='bbox 465 376 739 446; x_wconf 85' lang='lat' dir='ltr'><strong>millenis,</strong></span> <span class='ocrx_word' id='word_1_9' title='bbox 769 379 824 431; x_wconf 91' lang='lat' dir='ltr'><strong>et</strong></span> <span class='ocrx_word' id='word_1_10' title='bbox 869 376 1278 449; x_wconf 89' lang='lat' dir='ltr'><strong>multiplicator</strong></span> <span class='ocrx_word' id='word_1_11' title='bbox 1307 378 1559 442; x_wconf 90' lang='lat' dir='ltr'><strong>centum,</strong></span> <span class='ocrx_word' id='word_1_12' title='bbox 1601 375 1808 446; x_wconf 81' lang='lat' dir='ltr'><strong>digitos</strong></span> <span class='ocrx_word' id='word_1_13' title='bbox 1834 376 1896 429; x_wconf 91' lang='lat' dir='ltr'><strong>in</strong></span> <span class='ocrx_word' id='word_1_14' title='bbox 1922 375 2059 428; x_wconf 87' lang='lat' dir='ltr'><strong>mil-</strong></span> <span class='ocrx_word' id='word_1_15' title='bbox 2097 375 2145 429; x_wconf 78' lang='grc' dir='ltr'><strong>Α</strong></span> <span class='ocrx_word' id='word_1_16' title='bbox 2173 380 2444 429; x_wconf 92' lang='lat' dir='ltr'><strong>centenus</strong></span> <span class='ocrx_word' id='word_1_17' title='bbox 2476 390 2580 445; x_wconf 91' lang='lat' dir='ltr'><strong>per</strong></span> <span class='ocrx_word' id='word_1_18' title='bbox 2623 389 2701 441; x_wconf 92' lang='lat' dir='ltr'><strong>se,</strong></span> <span class='ocrx_word' id='word_1_19' title='bbox 2751 373 2845 429; x_wconf 86' lang='lat' dir='ltr'><strong>vel</strong></span> <span class='ocrx_word' id='word_1_20' title='bbox 2888 373 3192 429; x_wconf 83' lang='lat' dir='ltr'><strong>ulteriores</strong></span> <span class='ocrx_word' id='word_1_21' title='bbox 3237 390 3339 446; x_wconf 90' lang='lat' dir='ltr'><strong>per</strong></span> <span class='ocrx_word' id='word_1_22' title='bbox 3370 376 3708 447; x_wconf 88' lang='lat' dir='ltr'><strong>semetipsos</strong></span> <span class='ocrx_word' id='word_1_23' title='bbox 3737 377 3874 431; x_wconf 73' lang='lat' dir='ltr'><strong>divi-</strong></span> 
     </span>
    </p>
   </div>
   <div class='ocr_carea' id='block_1_5' title="bbox 359 465 2058 536">
    <p class='ocr_par' dir='ltr' id='par_1_5' title="bbox 359 465 2058 536">
     <span class='ocr_line' id='line_1_5' title="bbox 359 465 2058 536; baseline -0.002 -14"><span class='ocrx_word' id='word_1_24' title='bbox 359 466 528 532; x_wconf 87' lang='lat' dir='ltr'><strong>lenis,</strong></span> <span class='ocrx_word' id='word_1_25' title='bbox 555 471 611 521; x_wconf 92' lang='lat' dir='ltr'><strong>et</strong></span> <span class='ocrx_word' id='word_1_26' title='bbox 639 465 907 521; x_wconf 79' lang='lat' dir='ltr'><strong>articulos</strong></span> <span class='ocrx_word' id='word_1_27' title='bbox 935 466 994 520; x_wconf 92' lang='lat' dir='ltr'><strong>iu</strong></span> <span class='ocrx_word' id='word_1_28' title='bbox 1017 465 1264 532; x_wconf 87' lang='lat' dir='ltr'><strong>decenis,</strong></span> <span class='ocrx_word' id='word_1_29' title='bbox 1295 471 1352 519; x_wconf 91' lang='lat' dir='ltr'><strong>et</strong></span> <span class='ocrx_word' id='word_1_30' title='bbox 1382 466 1791 536; x_wconf 90' lang='lat' dir='ltr'><strong>multiplicator</strong></span> <span class='ocrx_word' id='word_1_31' title='bbox 1814 465 2058 535; x_wconf 90' lang='lat' dir='ltr'><strong>milleni,</strong></span> 
     </span>
    </p>
   </div>
   <div class='ocr_carea' id='block_1_6' title="bbox 361 553 2060 626">
    <p class='ocr_par' dir='ltr' id='par_1_6' title="bbox 361 553 2060 626">
     <span class='ocr_line' id='line_1_6' title="bbox 361 553 2060 626; baseline 0 -16"><span class='ocrx_word' id='word_1_32' title='bbox 361 555 572 626; x_wconf 79' lang='lat' dir='ltr'><strong>digitos</strong></span> <span class='ocrx_word' id='word_1_33' title='bbox 602 554 664 607; x_wconf 94' lang='lat' dir='ltr'><strong>in</strong></span> <span class='ocrx_word' id='word_1_34' title='bbox 706 553 935 609; x_wconf 89' lang='lat' dir='ltr'><strong>decenis</strong></span> <span class='ocrx_word' id='word_1_35' title='bbox 965 558 1022 609; x_wconf 92' lang='lat' dir='ltr'><strong>et</strong></span> <span class='ocrx_word' id='word_1_36' title='bbox 1063 554 1330 609; x_wconf 83' lang='lat' dir='ltr'><strong>articulos</strong></span> <span class='ocrx_word' id='word_1_37' title='bbox 1379 553 1439 608; x_wconf 91' lang='lat' dir='ltr'><strong>in</strong></span> <span class='ocrx_word' id='word_1_38' title='bbox 1472 554 1747 624; x_wconf 75' lang='lat' dir='ltr'><strong>centenis,</strong></span> <span class='ocrx_word' id='word_1_39' title='bbox 1777 558 1834 608; x_wconf 93' lang='lat' dir='ltr'><strong>et</strong></span> <span class='ocrx_word' id='word_1_40' title='bbox 1856 556 2060 610; x_wconf 87' lang='lat' dir='ltr'><strong>multi-</strong></span> 
     </span>
    </p>
   </div>
   <div class='ocr_carea' id='block_1_7' title="bbox 357 640 2060 713">
    <p class='ocr_par' dir='ltr' id='par_1_7' title="bbox 357 640 2060 713">
     <span class='ocr_line' id='line_1_7' title="bbox 357 640 2060 713; baseline 0.001 -17"><span class='ocrx_word' id='word_1_41' title='bbox 357 642 602 713; x_wconf 91' lang='lat' dir='ltr'><strong>plicator</strong></span> <span class='ocrx_word' id='word_1_42' title='bbox 647 641 871 696; x_wconf 83' lang='lat' dir='ltr'><strong>centeni</strong></span> <span class='ocrx_word' id='word_1_43' title='bbox 914 641 1153 710; x_wconf 89' lang='lat' dir='ltr'><strong>milleni,</strong></span> <span class='ocrx_word' id='word_1_44' title='bbox 1208 640 1389 696; x_wconf 83' lang='lat' dir='ltr'><strong>millia</strong></span> <span class='ocrx_word' id='word_1_45' title='bbox 1425 641 1736 697; x_wconf 89' lang='lat' dir='ltr'><strong>habebunt.</strong></span> <span class='ocrx_word' id='word_1_46' title='bbox 1772 643 2060 698; x_wconf 90' lang='lat' dir='ltr'><strong>Centenus</strong></span> 
     </span>
    </p>
   </div>
   <div class='ocr_carea' id='block_1_8' title="bbox 358 729 2062 801">
    <p class='ocr_par' dir='ltr' id='par_1_8' title="bbox 358 729 2062 801">
     <span class='ocr_line' id='line_1_8' title="bbox 358 729 2062 801; baseline 0.002 -18"><span class='ocrx_word' id='word_1_47' title='bbox 358 746 516 796; x_wconf 90' lang='lat' dir='ltr'><strong>vero,</strong></span> <span class='ocrx_word' id='word_1_48' title='bbox 547 745 710 800; x_wconf 69' lang='lat' dir='ltr'><strong>aeque</strong></span> <span class='ocrx_word' id='word_1_49' title='bbox 734 729 1124 801; x_wconf 88' lang='lat' dir='ltr'><strong>suimetipsius</strong></span> <span class='ocrx_word' id='word_1_50' title='bbox 1161 730 1596 801; x_wconf 89' lang='lat' dir='ltr'><strong>multiplicator,</strong></span> <span class='ocrx_word' id='word_1_51' title='bbox 1639 730 1848 801; x_wconf 83' lang='lat' dir='ltr'><strong>digitos</strong></span> <span class='ocrx_word' id='word_1_52' title='bbox 1870 730 1931 785; x_wconf 90' lang='lat' dir='ltr'><strong>in</strong></span> <span class='ocrx_word' id='word_1_53' title='bbox 1962 732 2062 786; x_wconf 89' lang='lat' dir='ltr'><strong>de-</strong></span> 
     </span>
    </p>
   </div>
   <div class='ocr_carea' id='block_1_9' title="bbox 359 818 2063 892">
    <p class='ocr_par' dir='ltr' id='par_1_9' title="bbox 359 818 2063 892">
     <span class='ocr_line' id='line_1_9' title="bbox 359 818 2063 892; baseline 0 -18"><span class='ocrx_word' id='word_1_54' title='bbox 359 819 515 874; x_wconf 90' lang='lat' dir='ltr'><strong>cenis</strong></span> <span class='ocrx_word' id='word_1_55' title='bbox 566 821 625 872; x_wconf 91' lang='lat' dir='ltr'><strong>et</strong></span> <span class='ocrx_word' id='word_1_56' title='bbox 676 818 944 872; x_wconf 85' lang='lat' dir='ltr'><strong>articulos</strong></span> <span class='ocrx_word' id='word_1_57' title='bbox 991 820 1051 873; x_wconf 90' lang='lat' dir='ltr'><strong>in</strong></span> <span class='ocrx_word' id='word_1_58' title='bbox 1109 818 1362 873; x_wconf 78' lang='lat' dir='ltr'><strong>centenis</strong></span> <span class='ocrx_word' id='word_1_59' title='bbox 1390 822 1447 875; x_wconf 89' lang='lat' dir='ltr'><strong>et</strong></span> <span class='ocrx_word' id='word_1_60' title='bbox 1476 819 1742 874; x_wconf 86' lang='lat' dir='ltr'><strong>millenis.</strong></span> <span class='ocrx_word' id='word_1_61' title='bbox 1796 820 2063 892; x_wconf 87' lang='lat' dir='ltr'><strong>Multipli-</strong></span> 
     </span>
    </p>
   </div>
   <div class='ocr_carea' id='block_1_10' title="bbox 359 906 2062 977">
    <p class='ocr_par' dir='ltr' id='par_1_10' title="bbox 359 906 2062 977">
     <span class='ocr_line' id='line_1_10' title="bbox 359 906 2062 977; baseline 0.001 -15"><span class='ocrx_word' id='word_1_62' title='bbox 359 922 492 962; x_wconf 88' lang='lat' dir='ltr'><strong>cans</strong></span> <span class='ocrx_word' id='word_1_63' title='bbox 554 907 765 977; x_wconf 79' lang='lat' dir='ltr'><strong>digitos</strong></span> <span class='ocrx_word' id='word_1_64' title='bbox 817 906 877 960; x_wconf 90' lang='lat' dir='ltr'><strong>in</strong></span> <span class='ocrx_word' id='word_1_65' title='bbox 947 907 1203 962; x_wconf 82' lang='lat' dir='ltr'><strong>centenis</strong></span> <span class='ocrx_word' id='word_1_66' title='bbox 1274 912 1332 962; x_wconf 89' lang='lat' dir='ltr'><strong>et</strong></span> <span class='ocrx_word' id='word_1_67' title='bbox 1390 908 1659 962; x_wconf 86' lang='lat' dir='ltr'><strong>articulos</strong></span> <span class='ocrx_word' id='word_1_68' title='bbox 1727 909 1789 962; x_wconf 91' lang='lat' dir='ltr'><strong>in</strong></span> <span class='ocrx_word' id='word_1_69' title='bbox 1836 910 2062 964; x_wconf 88' lang='lat' dir='ltr'><strong>decenis</strong></span> 
     </span>
    </p>
   </div>
   <div class='ocr_carea' id='block_1_11' title="bbox 358 995 2063 1068">
    <p class='ocr_par' dir='ltr' id='par_1_11' title="bbox 358 995 2063 1068">
     <span class='ocr_line' id='line_1_11' title="bbox 358 995 2063 1068; baseline 0 -17"><span class='ocrx_word' id='word_1_70' title='bbox 358 995 614 1051; x_wconf 87' lang='lat' dir='ltr'><strong>centenis</strong></span> <span class='ocrx_word' id='word_1_71' title='bbox 658 1001 714 1050; x_wconf 90' lang='lat' dir='ltr'><strong>et</strong></span> <span class='ocrx_word' id='word_1_72' title='bbox 739 1001 1045 1051; x_wconf 89' lang='lat' dir='ltr'><strong>centenum</strong></span> <span class='ocrx_word' id='word_1_73' title='bbox 1074 997 1375 1052; x_wconf 90' lang='lat' dir='ltr'><strong>millenum</strong></span> <span class='ocrx_word' id='word_1_74' title='bbox 1411 996 1820 1066; x_wconf 74' lang='lat' dir='ltr'><strong>multiplicans,</strong></span> <span class='ocrx_word' id='word_1_75' title='bbox 1854 997 2063 1068; x_wconf 79' lang='lat' dir='ltr'><strong>digitos</strong></span> 
     </span>
    </p>
   </div>
   <div class='ocr_carea' id='block_1_12' title="bbox 356 1084 2062 1140">
    <p class='ocr_par' dir='ltr' id='par_1_12' title="bbox 356 1084 2062 1140">
     <span class='ocr_line' id='line_1_12' title="bbox 356 1084 2062 1140; baseline 0.001 -2"><span class='ocrx_word' id='word_1_76' title='bbox 356 1085 422 1139; x_wconf 93' lang='lat' dir='ltr'><strong>in</strong></span> <span class='ocrx_word' id='word_1_77' title='bbox 451 1084 676 1139; x_wconf 90' lang='lat' dir='ltr'><strong>decenis</strong></span> <span class='ocrx_word' id='word_1_78' title='bbox 706 1085 955 1139; x_wconf 87' lang='lat' dir='ltr'><strong>millenis</strong></span> <span class='ocrx_word' id='word_1_79' title='bbox 975 1097 996 1120; x_wconf 76' lang='grc' dir='ltr'><strong><em>ο</em></strong></span> <span class='ocrx_word' id='word_1_80' title='bbox 1042 1091 1062 1135; x_wconf 86' lang='grc' dir='ltr'>ἰ</span> <span class='ocrx_word' id='word_1_81' title='bbox 1109 1090 1165 1140; x_wconf 92' lang='lat' dir='ltr'><strong>et</strong></span> <span class='ocrx_word' id='word_1_82' title='bbox 1190 1086 1457 1140; x_wconf 86' lang='lat' dir='ltr'><strong>articulos</strong></span> <span class='ocrx_word' id='word_1_83' title='bbox 1485 1086 1543 1138; x_wconf 90' lang='lat' dir='ltr'><strong>in</strong></span> <span class='ocrx_word' id='word_1_84' title='bbox 1574 1086 1832 1140; x_wconf 87' lang='lat' dir='ltr'><strong>centenis</strong></span> <span class='ocrx_word' id='word_1_85' title='bbox 1877 1087 2062 1140; x_wconf 89' lang='lat' dir='ltr'><strong>mille-</strong></span> 
     </span>
    </p>
   </div>
   <div class='ocr_carea' id='block_1_13' title="bbox 358 1172 2065 1245">
    <p class='ocr_par' dir='ltr' id='par_1_13' title="bbox 358 1172 2065 1245">
     <span class='ocr_line' id='line_1_13' title="bbox 358 1172 2065 1245; baseline 0.001 -19"><span class='ocrx_word' id='word_1_86' title='bbox 358 1173 450 1226; x_wconf 89' lang='lat' dir='ltr'><strong>nis</strong></span> <span class='ocrx_word' id='word_1_87' title='bbox 474 1172 502 1199; x_wconf 83' lang='lat'>&quot;</span> <span class='ocrx_word' id='word_1_88' title='bbox 529 1172 555 1224; x_wconf 81' lang='grc' dir='ltr'><strong>ἶ</strong></span> <span class='ocrx_word' id='word_1_89' title='bbox 579 1176 635 1227; x_wconf 90' lang='lat' dir='ltr'><strong>et</strong></span> <span class='ocrx_word' id='word_1_90' title='bbox 663 1173 944 1228; x_wconf 89' lang='lat' dir='ltr'><strong>decenum</strong></span> <span class='ocrx_word' id='word_1_91' title='bbox 993 1175 1292 1228; x_wconf 91' lang='lat' dir='ltr'><strong>millenum</strong></span> <span class='ocrx_word' id='word_1_92' title='bbox 1335 1174 1721 1244; x_wconf 88' lang='lat' dir='ltr'><strong>multiplicans</strong></span> <span class='ocrx_word' id='word_1_93' title='bbox 1760 1174 1973 1245; x_wconf 91' lang='lat' dir='ltr'><strong>digitos</strong></span> <span class='ocrx_word' id='word_1_94' title='bbox 2004 1175 2065 1228; x_wconf 94' lang='lat' dir='ltr'><strong>in</strong></span> 
     </span>
    </p>
   </div>
   <div class='ocr_carea' id='block_1_14' title="bbox 357 1261 2064 1318">
    <p class='ocr_par' dir='ltr' id='par_1_14' title="bbox 357 1261 2064 1318">
     <span class='ocr_line' id='line_1_14' title="bbox 357 1261 2064 1318; baseline 0.001 -2"><span class='ocrx_word' id='word_1_95' title='bbox 357 1261 609 1317; x_wconf 90' lang='lat' dir='ltr'><strong>millenis</strong></span> <span class='ocrx_word' id='word_1_96' title='bbox 634 1263 657 1289; x_wconf 79' lang='lat'><em>&quot;</em></span> <span class='ocrx_word' id='word_1_97' title='bbox 682 1268 704 1312; x_wconf 88' lang='grc' dir='ltr'>ῐ</span> <span class='ocrx_word' id='word_1_98' title='bbox 727 1267 785 1317; x_wconf 91' lang='lat' dir='ltr'><strong>et</strong></span> <span class='ocrx_word' id='word_1_99' title='bbox 825 1263 1094 1317; x_wconf 85' lang='lat' dir='ltr'><strong>articulos</strong></span> <span class='ocrx_word' id='word_1_100' title='bbox 1142 1263 1202 1316; x_wconf 91' lang='lat' dir='ltr'><strong>in</strong></span> <span class='ocrx_word' id='word_1_101' title='bbox 1256 1262 1482 1317; x_wconf 90' lang='lat' dir='ltr'><strong>decenis</strong></span> <span class='ocrx_word' id='word_1_102' title='bbox 1533 1262 1781 1316; x_wconf 83' lang='lat' dir='ltr'><strong>millenis</strong></span> <span class='ocrx_word' id='word_1_103' title='bbox 1812 1265 1833 1284; x_wconf 78' lang='lat'>&#39;</span> <span class='ocrx_word' id='word_1_104' title='bbox 1864 1269 1885 1313; x_wconf 88' lang='grc' dir='ltr'>ῖ</span> <span class='ocrx_word' id='word_1_105' title='bbox 1931 1262 2064 1318; x_wconf 89' lang='lat' dir='ltr'><strong>sub-</strong></span> 
     </span>
    </p>
   </div>
   <div class='ocr_carea' id='block_1_15' title="bbox 363 1351 2064 1425">
    <p class='ocr_par' dir='ltr' id='par_1_15' title="bbox 363 1351 2064 1425">
     <span class='ocr_line' id='line_1_15' title="bbox 363 1351 2064 1425; baseline 0.001 -21"><span class='ocrx_word' id='word_1_106' title='bbox 363 1351 620 1425; x_wconf 87' lang='lat' dir='ltr'><strong>tendent.</strong></span> <span class='ocrx_word' id='word_1_107' title='bbox 649 1351 909 1405; x_wconf 88' lang='lat' dir='ltr'><strong>Millenus</strong></span> <span class='ocrx_word' id='word_1_108' title='bbox 959 1351 1161 1406; x_wconf 88' lang='lat' dir='ltr'><strong>itidem</strong></span> <span class='ocrx_word' id='word_1_109' title='bbox 1187 1351 1440 1422; x_wconf 90' lang='lat' dir='ltr'><strong>seipsum</strong></span> <span class='ocrx_word' id='word_1_110' title='bbox 1467 1351 1873 1419; x_wconf 83' lang='lat' dir='ltr'><strong>multiplicans.</strong></span> <span class='ocrx_word' id='word_1_111' title='bbox 1910 1352 2064 1422; x_wconf 88' lang='lat' dir='ltr'><strong>digi-</strong></span> 
     </span>
    </p>
   </div>
   <div class='ocr_carea' id='block_1_16' title="bbox 357 1439 2067 1495">
    <p class='ocr_par' dir='ltr' id='par_1_16' title="bbox 357 1439 2067 1495">
     <span class='ocr_line' id='line_1_16' title="bbox 357 1439 2067 1495; baseline 0.001 -2"><span class='ocrx_word' id='word_1_112' title='bbox 357 1442 450 1494; x_wconf 86' lang='lat' dir='ltr'><strong>tos</strong></span> <span class='ocrx_word' id='word_1_113' title='bbox 495 1439 558 1494; x_wconf 93' lang='lat' dir='ltr'><strong>in</strong></span> <span class='ocrx_word' id='word_1_114' title='bbox 603 1439 830 1495; x_wconf 91' lang='lat' dir='ltr'><strong>decenis</strong></span> <span class='ocrx_word' id='word_1_115' title='bbox 879 1445 934 1494; x_wconf 90' lang='lat' dir='ltr'><strong>et</strong></span> <span class='ocrx_word' id='word_1_116' title='bbox 983 1441 1256 1494; x_wconf 88' lang='lat' dir='ltr'><strong>articulos</strong></span> <span class='ocrx_word' id='word_1_117' title='bbox 1303 1441 1363 1494; x_wconf 93' lang='lat' dir='ltr'><strong>in</strong></span> <span class='ocrx_word' id='word_1_118' title='bbox 1419 1439 1696 1494; x_wconf 86' lang='lat' dir='ltr'><strong>centenis.</strong></span> <span class='ocrx_word' id='word_1_119' title='bbox 1733 1441 1796 1494; x_wconf 87' lang='lat' dir='ltr'><strong>Et</strong></span> <span class='ocrx_word' id='word_1_120' title='bbox 1843 1441 2067 1495; x_wconf 84' lang='lat' dir='ltr'><strong>centeni</strong></span> 
     </span>
    </p>
   </div>
   <div class='ocr_carea' id='block_1_17' title="bbox 358 1528 2069 1600">
    <p class='ocr_par' dir='ltr' id='par_1_17' title="bbox 358 1528 2069 1600">
     <span class='ocr_line' id='line_1_17' title="bbox 358 1528 2069 1600; baseline -0.002 -16"><span class='ocrx_word' id='word_1_121' title='bbox 358 1528 583 1585; x_wconf 90' lang='lat' dir='ltr'><strong>milleni</strong></span> <span class='ocrx_word' id='word_1_122' title='bbox 612 1528 1028 1600; x_wconf 90' lang='lat' dir='ltr'><strong>multiplicator</strong></span> <span class='ocrx_word' id='word_1_123' title='bbox 1067 1529 1273 1600; x_wconf 87' lang='lat' dir='ltr'><strong>digitos</strong></span> <span class='ocrx_word' id='word_1_124' title='bbox 1302 1529 1362 1584; x_wconf 90' lang='lat' dir='ltr'><strong>in</strong></span> <span class='ocrx_word' id='word_1_125' title='bbox 1397 1529 1654 1582; x_wconf 88' lang='lat' dir='ltr'><strong>centenis</strong></span> <span class='ocrx_word' id='word_1_126' title='bbox 1685 1529 1936 1584; x_wconf 90' lang='lat' dir='ltr'><strong>millenis</strong></span> <span class='ocrx_word' id='word_1_127' title='bbox 1985 1531 2002 1550; x_wconf 84' lang='lat'><strong>‘</strong></span> <span class='ocrx_word' id='word_1_128' title='bbox 2049 1536 2069 1580; x_wconf 86' lang='grc' dir='ltr'>ῖ</span> 
     </span>
    </p>
   </div>
   <div class='ocr_carea' id='block_1_18' title="bbox 360 1617 2066 1674">
    <p class='ocr_par' dir='ltr' id='par_1_18' title="bbox 360 1617 2066 1674">
     <span class='ocr_line' id='line_1_18' title="bbox 360 1617 2066 1674; baseline 0.001 -2"><span class='ocrx_word' id='word_1_129' title='bbox 360 1622 419 1672; x_wconf 86' lang='lat' dir='ltr'><strong>et</strong></span> <span class='ocrx_word' id='word_1_130' title='bbox 443 1618 712 1673; x_wconf 84' lang='lat' dir='ltr'><strong>articulos</strong></span> <span class='ocrx_word' id='word_1_131' title='bbox 742 1617 801 1672; x_wconf 92' lang='lat' dir='ltr'><strong>in</strong></span> <span class='ocrx_word' id='word_1_132' title='bbox 829 1617 1078 1673; x_wconf 90' lang='lat' dir='ltr'><strong>millenis</strong></span> <span class='ocrx_word' id='word_1_133' title='bbox 1108 1619 1130 1640; x_wconf 80' lang='lat'>&#39;</span> <span class='ocrx_word' id='word_1_134' title='bbox 1161 1624 1183 1669; x_wconf 87' lang='grc' dir='ltr'>ἰ</span> <span class='ocrx_word' id='word_1_135' title='bbox 1219 1623 1275 1672; x_wconf 95' lang='lat' dir='ltr'><strong>et</strong></span> <span class='ocrx_word' id='word_1_136' title='bbox 1324 1619 1606 1673; x_wconf 92' lang='lat' dir='ltr'><strong>decenum</strong></span> <span class='ocrx_word' id='word_1_137' title='bbox 1637 1618 1940 1674; x_wconf 90' lang='lat' dir='ltr'><strong>millenum</strong></span> <span class='ocrx_word' id='word_1_138' title='bbox 1970 1635 2066 1674; x_wconf 83' lang='lat' dir='ltr'><strong>ex-</strong></span> 
     </span>
    </p>
   </div>
   <div class='ocr_carea' id='block_1_19' title="bbox 361 1706 2071 1778">
    <p class='ocr_par' dir='ltr' id='par_1_19' title="bbox 361 1706 2071 1778">
     <span class='ocr_line' id='line_1_19' title="bbox 361 1706 2071 1778; baseline 0.002 -18"><span class='ocrx_word' id='word_1_139' title='bbox 361 1722 613 1761; x_wconf 89' lang='lat' dir='ltr'><strong>crescere</strong></span> <span class='ocrx_word' id='word_1_140' title='bbox 673 1707 885 1761; x_wconf 89' lang='lat' dir='ltr'><strong>faciens</strong></span> <span class='ocrx_word' id='word_1_141' title='bbox 944 1707 1153 1778; x_wconf 87' lang='lat' dir='ltr'><strong>digitos</strong></span> <span class='ocrx_word' id='word_1_142' title='bbox 1183 1706 1246 1761; x_wconf 90' lang='lat' dir='ltr'><strong>in</strong></span> <span class='ocrx_word' id='word_1_143' title='bbox 1301 1707 1489 1761; x_wconf 89' lang='lat' dir='ltr'><strong>decies</strong></span> <span class='ocrx_word' id='word_1_144' title='bbox 1551 1706 1708 1762; x_wconf 90' lang='lat' dir='ltr'><strong>mille</strong></span> <span class='ocrx_word' id='word_1_145' title='bbox 1742 1708 1944 1776; x_wconf 88' lang='lat' dir='ltr'><strong>millia,</strong></span> <span class='ocrx_word' id='word_1_146' title='bbox 2015 1712 2071 1764; x_wconf 90' lang='lat' dir='ltr'><strong>et</strong></span> 
     </span>
    </p>
   </div>
   <div class='ocr_carea' id='block_1_20' title="bbox 362 1794 2068 1854">
    <p class='ocr_par' dir='ltr' id='par_1_20' title="bbox 362 1794 2068 1854">
     <span class='ocr_line' id='line_1_20' title="bbox 362 1794 2068 1854; baseline 0.002 -5"><span class='ocrx_word' id='word_1_147' title='bbox 362 1794 632 1849; x_wconf 89' lang='lat' dir='ltr'><strong>articulos</strong></span> <span class='ocrx_word' id='word_1_148' title='bbox 663 1794 723 1849; x_wconf 92' lang='lat' dir='ltr'><strong>in</strong></span> <span class='ocrx_word' id='word_1_149' title='bbox 754 1795 1007 1850; x_wconf 89' lang='lat' dir='ltr'><strong>centenis</strong></span> <span class='ocrx_word' id='word_1_150' title='bbox 1039 1795 1287 1850; x_wconf 91' lang='lat' dir='ltr'><strong>millenis</strong></span> <span class='ocrx_word' id='word_1_151' title='bbox 1307 1808 1327 1830; x_wconf 80' lang='grc' dir='ltr'><strong><em>ο</em></strong></span> <span class='ocrx_word' id='word_1_152' title='bbox 1353 1801 1375 1846; x_wconf 85' lang='grc' dir='ltr'><strong>ἴ</strong></span> <span class='ocrx_word' id='word_1_153' title='bbox 1417 1796 1630 1851; x_wconf 88' lang='lat' dir='ltr'><strong>habere</strong></span> <span class='ocrx_word' id='word_1_154' title='bbox 1682 1796 2016 1852; x_wconf 91' lang='lat' dir='ltr'><strong>dinoscetur</strong></span> <span class='ocrx_word' id='word_1_155' title='bbox 2040 1799 2068 1854; x_wconf 80' lang='lat'><strong>?</strong></span> 
     </span>
    </p>
   </div>
   <div class='ocr_carea' id='block_1_21' title="bbox 364 1884 2069 1955">
    <p class='ocr_par' dir='ltr' id='par_1_21' title="bbox 364 1884 2069 1955">
     <span class='ocr_line' id='line_1_21' title="bbox 364 1884 2069 1955; baseline 0.001 -17"><span class='ocrx_word' id='word_1_156' title='bbox 364 1885 619 1938; x_wconf 87' lang='lat' dir='ltr'><strong>Decenns</strong></span> <span class='ocrx_word' id='word_1_157' title='bbox 650 1888 842 1938; x_wconf 91' lang='lat' dir='ltr'><strong>autem</strong></span> <span class='ocrx_word' id='word_1_158' title='bbox 877 1884 1148 1938; x_wconf 89' lang='lat' dir='ltr'><strong>millenus</strong></span> <span class='ocrx_word' id='word_1_159' title='bbox 1179 1884 1592 1955; x_wconf 88' lang='lat' dir='ltr'><strong>multiplicator</strong></span> <span class='ocrx_word' id='word_1_160' title='bbox 1620 1891 1851 1940; x_wconf 88' lang='lat' dir='ltr'><strong>centum</strong></span> <span class='ocrx_word' id='word_1_161' title='bbox 1883 1887 2069 1941; x_wconf 92' lang='lat' dir='ltr'><strong>mille-</strong></span> 
     </span>
    </p>
   </div>
   <div class='ocr_carea' id='block_1_22' title="bbox 360 1971 2069 2043">
    <p class='ocr_par' dir='ltr' id='par_1_22' title="bbox 360 1971 2069 2043">
     <span class='ocr_line' id='line_1_22' title="bbox 360 1971 2069 2043; baseline 0.002 -17"><span class='ocrx_word' id='word_1_162' title='bbox 360 1972 445 2039; x_wconf 89' lang='lat' dir='ltr'><strong>ni,</strong></span> <span class='ocrx_word' id='word_1_163' title='bbox 477 1971 682 2042; x_wconf 87' lang='lat' dir='ltr'><strong>digitos</strong></span> <span class='ocrx_word' id='word_1_164' title='bbox 711 1972 770 2026; x_wconf 91' lang='lat' dir='ltr'><strong>in</strong></span> <span class='ocrx_word' id='word_1_165' title='bbox 817 1973 1024 2027; x_wconf 90' lang='lat' dir='ltr'><strong>millies</strong></span> <span class='ocrx_word' id='word_1_166' title='bbox 1056 1973 1212 2027; x_wconf 92' lang='lat' dir='ltr'><strong>mille</strong></span> <span class='ocrx_word' id='word_1_167' title='bbox 1245 1974 1448 2040; x_wconf 90' lang='lat' dir='ltr'><strong>millia,</strong></span> <span class='ocrx_word' id='word_1_168' title='bbox 1480 1979 1535 2028; x_wconf 89' lang='lat' dir='ltr'><strong>et</strong></span> <span class='ocrx_word' id='word_1_169' title='bbox 1557 1974 1856 2043; x_wconf 70' lang='lat' dir='ltr'><strong>:articulos</strong></span> <span class='ocrx_word' id='word_1_170' title='bbox 1884 1975 1944 2028; x_wconf 93' lang='lat' dir='ltr'><strong>in</strong></span> <span class='ocrx_word' id='word_1_171' title='bbox 1972 1977 2069 2030; x_wconf 88' lang='lat' dir='ltr'><strong>de-</strong></span> 
     </span>
    </p>
   </div>
   <div class='ocr_carea' id='block_1_23' title="bbox 365 2059 2072 2135">
    <p class='ocr_par' dir='ltr' id='par_1_23' title="bbox 365 2059 2072 2135">
     <span class='ocr_line' id='line_1_23' title="bbox 365 2059 2072 2135; baseline 0.003 -21"><span class='ocrx_word' id='word_1_172' title='bbox 365 2059 521 2115; x_wconf 89' lang='lat' dir='ltr'><strong>cenis</strong></span> <span class='ocrx_word' id='word_1_173' title='bbox 549 2060 798 2115; x_wconf 88' lang='lat' dir='ltr'><strong>millenis</strong></span> <span class='ocrx_word' id='word_1_174' title='bbox 839 2061 1061 2129; x_wconf 88' lang='lat' dir='ltr'><strong>itidem,</strong></span> <span class='ocrx_word' id='word_1_175' title='bbox 1107 2078 1282 2134; x_wconf 87' lang='lat' dir='ltr'><strong>seque</strong></span> <span class='ocrx_word' id='word_1_176' title='bbox 1330 2062 1876 2134; x_wconf 80' lang='lat' dir='ltr'><strong>ipsum‘adaugens,</strong></span> <span class='ocrx_word' id='word_1_177' title='bbox 1917 2063 2072 2135; x_wconf 90' lang='lat' dir='ltr'><strong>digi-</strong></span> 
     </span>
    </p>
   </div>
   <div class='ocr_carea' id='block_1_24' title="bbox 365 2149 2073 2208">
    <p class='ocr_par' dir='ltr' id='par_1_24' title="bbox 365 2149 2073 2208">
     <span class='ocr_line' id='line_1_24' title="bbox 365 2149 2073 2208; baseline 0.002 -4"><span class='ocrx_word' id='word_1_178' title='bbox 365 2153 454 2205; x_wconf 88' lang='lat' dir='ltr'><strong>tos</strong></span> <span class='ocrx_word' id='word_1_179' title='bbox 482 2151 544 2204; x_wconf 91' lang='lat' dir='ltr'><strong>in</strong></span> <span class='ocrx_word' id='word_1_180' title='bbox 583 2149 838 2204; x_wconf 90' lang='lat' dir='ltr'><strong>centenis</strong></span> <span class='ocrx_word' id='word_1_181' title='bbox 865 2151 1114 2205; x_wconf 91' lang='lat' dir='ltr'><strong>millenis</strong></span> <span class='ocrx_word' id='word_1_182' title='bbox 1149 2157 1206 2206; x_wconf 92' lang='lat' dir='ltr'><strong>et</strong></span> <span class='ocrx_word' id='word_1_183' title='bbox 1243 2152 1512 2206; x_wconf 87' lang='lat' dir='ltr'><strong>articulos</strong></span> <span class='ocrx_word' id='word_1_184' title='bbox 1541 2152 1602 2206; x_wconf 94' lang='lat' dir='ltr'><strong>in</strong></span> <span class='ocrx_word' id='word_1_185' title='bbox 1630 2152 1789 2207; x_wconf 91' lang='lat' dir='ltr'><strong>mille</strong></span> <span class='ocrx_word' id='word_1_186' title='bbox 1824 2153 2073 2208; x_wconf 88' lang='lat' dir='ltr'><strong>millenis</strong></span> 
     </span>
    </p>
   </div>
   <div class='ocr_carea' id='block_1_25' title="bbox 364 2237 2071 2309">
    <p class='ocr_par' dir='ltr' id='par_1_25' title="bbox 364 2237 2071 2309">
     <span class='ocr_line' id='line_1_25' title="bbox 364 2237 2071 2309; baseline 0.002 -17"><span class='ocrx_word' id='word_1_187' title='bbox 364 2237 579 2293; x_wconf 91' lang='lat' dir='ltr'><strong>habere</strong></span> <span class='ocrx_word' id='word_1_188' title='bbox 630 2238 1114 2309; x_wconf 85' lang='lat' dir='ltr'><strong>deprehendetur.</strong></span> <span class='ocrx_word' id='word_1_189' title='bbox 1147 2240 1434 2296; x_wconf 90' lang='lat' dir='ltr'><strong>Centenus</strong></span> <span class='ocrx_word' id='word_1_190' title='bbox 1462 2245 1656 2295; x_wconf 91' lang='lat' dir='ltr'><strong>autem</strong></span> <span class='ocrx_word' id='word_1_191' title='bbox 1686 2241 1957 2296; x_wconf 90' lang='lat' dir='ltr'><strong>millenus</strong></span> <span class='ocrx_word' id='word_1_192' title='bbox 1985 2258 2071 2297; x_wconf 89' lang='lat' dir='ltr'><strong>se-</strong></span> 
     </span>
    </p>
   </div>
   <div class='ocr_carea' id='block_1_26' title="bbox 365 2326 2076 2400">
    <p class='ocr_par' dir='ltr' id='par_1_26' title="bbox 365 2326 2076 2400">
     <span class='ocr_line' id='line_1_26' title="bbox 365 2326 2076 2400; baseline 0.003 -19"><span class='ocrx_word' id='word_1_193' title='bbox 365 2326 564 2399; x_wconf 84' lang='lat' dir='ltr'><strong>ipsum</strong></span> <span class='ocrx_word' id='word_1_194' title='bbox 613 2327 1024 2399; x_wconf 89' lang='lat' dir='ltr'><strong>multiplicans,</strong></span> <span class='ocrx_word' id='word_1_195' title='bbox 1067 2328 1276 2400; x_wconf 89' lang='lat' dir='ltr'><strong>digitos</strong></span> <span class='ocrx_word' id='word_1_196' title='bbox 1325 2329 1387 2383; x_wconf 90' lang='lat' dir='ltr'><strong>in</strong></span> <span class='ocrx_word' id='word_1_197' title='bbox 1433 2329 1662 2383; x_wconf 90' lang='lat' dir='ltr'><strong>decenis</strong></span> <span class='ocrx_word' id='word_1_198' title='bbox 1712 2330 1960 2385; x_wconf 89' lang='lat' dir='ltr'><strong>millenis</strong></span> <span class='ocrx_word' id='word_1_199' title='bbox 2018 2336 2076 2386; x_wconf 92' lang='lat' dir='ltr'><strong>et</strong></span> 
     </span>
    </p>
   </div>
   <div class='ocr_carea' id='block_1_27' title="bbox 368 2416 1860 2490">
    <p class='ocr_par' dir='ltr' id='par_1_27' title="bbox 368 2416 1860 2490">
     <span class='ocr_line' id='line_1_27' title="bbox 368 2416 1860 2490; baseline 0.003 -20"><span class='ocrx_word' id='word_1_200' title='bbox 368 2416 641 2471; x_wconf 89' lang='lat' dir='ltr'><strong>articulos</strong></span> <span class='ocrx_word' id='word_1_201' title='bbox 671 2416 733 2470; x_wconf 92' lang='lat' dir='ltr'><strong>in</strong></span> <span class='ocrx_word' id='word_1_202' title='bbox 762 2416 1016 2471; x_wconf 88' lang='lat' dir='ltr'><strong>centenis</strong></span> <span class='ocrx_word' id='word_1_203' title='bbox 1041 2417 1292 2471; x_wconf 89' lang='lat' dir='ltr'><strong>millenis</strong></span> <span class='ocrx_word' id='word_1_204' title='bbox 1322 2417 1525 2472; x_wconf 90' lang='lat' dir='ltr'><strong>itidem</strong></span> <span class='ocrx_word' id='word_1_205' title='bbox 1549 2418 1860 2490; x_wconf 56' lang='lat' dir='ltr'><strong>zsnpponit.</strong></span> 
     </span>
    </p>
   </div>
   <div class='ocr_carea' id='block_1_28' title="bbox 866 2506 1574 2562">
    <p class='ocr_par' dir='ltr' id='par_1_28' title="bbox 866 2506 1574 2562">
     <span class='ocr_line' id='line_1_28' title="bbox 866 2506 1574 2562; baseline 0.003 -3"><span class='ocrx_word' id='word_1_206' title='bbox 866 2507 940 2560; x_wconf 88' lang='lat' dir='ltr'><strong>De</strong></span> <span class='ocrx_word' id='word_1_207' title='bbox 956 2506 1315 2560; x_wconf 77' lang='lat' dir='ltr'><strong>divisionibus</strong></span> <span class='ocrx_word' id='word_1_208' title='bbox 1335 2507 1574 2562; x_wconf 85' lang='lat' dir='ltr'><strong>rubrica.</strong></span> 
     </span>
    </p>
   </div>
   <div class='ocr_carea' id='block_1_29' title="bbox 442 2590 2076 2667">
    <p class='ocr_par' dir='ltr' id='par_1_29' title="bbox 442 2590 2076 2667">
     <span class='ocr_line' id='line_1_29' title="bbox 442 2590 2076 2667; baseline 0.002 -20"><span class='ocrx_word' id='word_1_209' title='bbox 442 2590 764 2647; x_wconf 90' lang='lat' dir='ltr'><strong>Divisiones</strong></span> <span class='ocrx_word' id='word_1_210' title='bbox 791 2592 992 2664; x_wconf 88' lang='lat' dir='ltr'><strong>igitur,</strong></span> <span class='ocrx_word' id='word_1_211' title='bbox 1024 2595 1377 2666; x_wconf 88' lang='lat' dir='ltr'><strong>quantalibet</strong></span> <span class='ocrx_word' id='word_1_212' title='bbox 1413 2596 1534 2666; x_wconf 90' lang='lat' dir='ltr'><strong>jam</strong></span> <span class='ocrx_word' id='word_1_213' title='bbox 1573 2599 1806 2667; x_wconf 85' lang='lat' dir='ltr'><strong>experte</strong></span> <span class='ocrx_word' id='word_1_214' title='bbox 1843 2595 2076 2651; x_wconf 89' lang='lat' dir='ltr'><strong>lectoris</strong></span> 
     </span>
    </p>
   </div>
   <div class='ocr_carea' id='block_1_30' title="bbox 371 2680 2078 2751">
    <p class='ocr_par' dir='ltr' id='par_1_30' title="bbox 371 2680 2078 2751">
     <span class='ocr_line' id='line_1_30' title="bbox 371 2680 2078 2751; baseline 0.003 -16"><span class='ocrx_word' id='word_1_215' title='bbox 371 2680 602 2736; x_wconf 88' lang='lat' dir='ltr'><strong>animus</strong></span> <span class='ocrx_word' id='word_1_216' title='bbox 631 2682 1012 2751; x_wconf 82' lang='lat' dir='ltr'><strong>introductus,</strong></span> <span class='ocrx_word' id='word_1_217' title='bbox 1059 2684 1224 2737; x_wconf 88' lang='lat' dir='ltr'><strong>facile</strong></span> <span class='ocrx_word' id='word_1_218' title='bbox 1251 2683 1402 2738; x_wconf 89' lang='lat' dir='ltr'><strong>valet</strong></span> <span class='ocrx_word' id='word_1_219' title='bbox 1442 2684 1769 2751; x_wconf 88' lang='lat' dir='ltr'><strong>dinoscere;</strong></span> <span class='ocrx_word' id='word_1_220' title='bbox 1828 2685 2078 2740; x_wconf 85' lang='lat' dir='ltr'><strong>breviter</strong></span> 
     </span>
    </p>
   </div>
   <div class='ocr_carea' id='block_1_31' title="bbox 371 2770 2076 2846">
    <p class='ocr_par' dir='ltr' id='par_1_31' title="bbox 371 2770 2076 2846">
     <span class='ocr_line' id='line_1_31' title="bbox 371 2770 2076 2846; baseline 0.003 -21"><span class='ocrx_word' id='word_1_221' title='bbox 371 2771 588 2825; x_wconf 90' lang='lat' dir='ltr'><strong>etenim</strong></span> <span class='ocrx_word' id='word_1_222' title='bbox 621 2771 690 2825; x_wconf 91' lang='lat' dir='ltr'><strong>de</strong></span> <span class='ocrx_word' id='word_1_223' title='bbox 747 2770 837 2824; x_wconf 93' lang='lat' dir='ltr'><strong>his</strong></span> <span class='ocrx_word' id='word_1_224' title='bbox 890 2776 948 2826; x_wconf 94' lang='lat' dir='ltr'><strong>et</strong></span> <span class='ocrx_word' id='word_1_225' title='bbox 980 2775 1374 2828; x_wconf 87' lang='lat' dir='ltr'><strong>summotenus</strong></span> <span class='ocrx_word' id='word_1_226' title='bbox 1427 2773 1656 2842; x_wconf 88' lang='lat' dir='ltr'><strong>dicturi,</strong></span> <span class='ocrx_word' id='word_1_227' title='bbox 1711 2773 1758 2828; x_wconf 89' lang='lat' dir='ltr'><strong>si</strong></span> <span class='ocrx_word' id='word_1_228' title='bbox 1809 2790 1938 2846; x_wconf 70' lang='lat' dir='ltr'><strong>quae</strong></span> <span class='ocrx_word' id='word_1_229' title='bbox 1975 2774 2076 2830; x_wconf 91' lang='lat' dir='ltr'><strong>ob-</strong></span> 
     </span>
    </p>
   </div>
   <div class='ocr_carea' id='block_1_32' title="bbox 373 2859 2079 2932">
    <p class='ocr_par' dir='ltr' id='par_1_32' title="bbox 373 2859 2079 2932">
     <span class='ocr_line' id='line_1_32' title="bbox 373 2859 2079 2932; baseline 0.003 -18"><span class='ocrx_word' id='word_1_230' title='bbox 373 2875 538 2914; x_wconf 90' lang='lat' dir='ltr'><strong>scura</strong></span> <span class='ocrx_word' id='word_1_231' title='bbox 579 2859 1017 2929; x_wconf 81' lang='lat' dir='ltr'><strong>intervenerint,</strong></span> <span class='ocrx_word' id='word_1_232' title='bbox 1064 2861 1328 2932; x_wconf 84' lang='lat' dir='ltr'><strong>diligenti</strong></span> <span class='ocrx_word' id='word_1_233' title='bbox 1381 2863 1660 2918; x_wconf 90' lang='lat' dir='ltr'><strong>lectorum</strong></span> <span class='ocrx_word' id='word_1_234' title='bbox 1708 2863 1977 2918; x_wconf 86' lang='lat' dir='ltr'><strong>exercitio</strong></span> <span class='ocrx_word' id='word_1_235' title='bbox 2008 2864 2079 2919; x_wconf 91' lang='lat' dir='ltr'><strong>ad</strong></span> 
     </span>
    </p>
   </div>
   <div class='ocr_carea' id='block_1_33' title="bbox 372 2947 2078 3023">
    <p class='ocr_par' dir='ltr' id='par_1_33' title="bbox 372 2947 2078 3023">
     <span class='ocr_line' id='line_1_33' title="bbox 372 2947 2078 3023; baseline 0.002 -20"><span class='ocrx_word' id='word_1_236' title='bbox 372 2947 770 3020; x_wconf 89' lang='lat' dir='ltr'><strong>investiganda</strong></span> <span class='ocrx_word' id='word_1_237' title='bbox 817 2949 1249 3006; x_wconf 86' lang='lat' dir='ltr'><strong>committimus.</strong></span> <span class='ocrx_word' id='word_1_238' title='bbox 1312 2949 1372 3005; x_wconf 92' lang='lat' dir='ltr'><strong>Si</strong></span> <span class='ocrx_word' id='word_1_239' title='bbox 1423 2952 1670 3007; x_wconf 90' lang='lat' dir='ltr'><strong>decenus</strong></span> <span class='ocrx_word' id='word_1_240' title='bbox 1723 2967 1830 3023; x_wconf 91' lang='lat' dir='ltr'><strong>per</strong></span> <span class='ocrx_word' id='word_1_241' title='bbox 1871 2968 1950 3020; x_wconf 88' lang='lat' dir='ltr'><strong>se,</strong></span> <span class='ocrx_word' id='word_1_242' title='bbox 1990 2953 2078 3007; x_wconf 92' lang='lat' dir='ltr'><strong>vel</strong></span> 
     </span>
    </p>
   </div>
   <div class='ocr_carea' id='block_1_34' title="bbox 2169 463 3874 537">
    <p class='ocr_par' dir='ltr' id='par_1_34' title="bbox 2169 463 3874 537">
     <span class='ocr_line' id='line_1_34' title="bbox 2169 463 3874 537; baseline 0.001 -18"><span class='ocrx_word' id='word_1_243' title='bbox 2169 464 2340 519; x_wconf 91' lang='lat' dir='ltr'><strong>dendi</strong></span> <span class='ocrx_word' id='word_1_244' title='bbox 2408 466 2829 534; x_wconf 87' lang='lat' dir='ltr'><strong>proponantur,</strong></span> <span class='ocrx_word' id='word_1_245' title='bbox 2904 463 3159 518; x_wconf 91' lang='lat' dir='ltr'><strong>minores</strong></span> <span class='ocrx_word' id='word_1_246' title='bbox 3219 481 3252 518; x_wconf 95' lang='lat' dir='ltr'><strong>a</strong></span> <span class='ocrx_word' id='word_1_247' title='bbox 3294 465 3610 535; x_wconf 89' lang='lat' dir='ltr'><strong>majoribus</strong></span> <span class='ocrx_word' id='word_1_248' title='bbox 3685 469 3874 537; x_wconf 87' lang='lat' dir='ltr'><strong>quoad</strong></span> 
     </span>
    </p>
   </div>
   <div class='ocr_carea' id='block_1_35' title="bbox 2167 551 3876 624">
    <p class='ocr_par' dir='ltr' id='par_1_35' title="bbox 2167 551 3876 624">
     <span class='ocr_line' id='line_1_35' title="bbox 2167 551 3876 624; baseline 0.001 -17"><span class='ocrx_word' id='word_1_249' title='bbox 2167 568 2350 624; x_wconf 89' lang='lat' dir='ltr'><strong>usque</strong></span> <span class='ocrx_word' id='word_1_250' title='bbox 2381 551 2708 606; x_wconf 88' lang='lat' dir='ltr'><strong>dividantur</strong></span> <span class='ocrx_word' id='word_1_251' title='bbox 2753 555 2886 606; x_wconf 89' lang='lat' dir='ltr'><strong>sunt</strong></span> <span class='ocrx_word' id='word_1_252' title='bbox 2929 552 3325 619; x_wconf 87' lang='lat' dir='ltr'><strong>subtrahendi,</strong></span> <span class='ocrx_word' id='word_1_253' title='bbox 3381 554 3730 624; x_wconf 64' lang='lat' dir='ltr'><strong>singulArem</strong></span> <span class='ocrx_word' id='word_1_254' title='bbox 3774 571 3876 608; x_wconf 87' lang='lat' dir='ltr'><strong>au-</strong></span> 
     </span>
    </p>
   </div>
   <div class='ocr_carea' id='block_1_36' title="bbox 2168 641 3878 711">
    <p class='ocr_par' dir='ltr' id='par_1_36' title="bbox 2168 641 3878 711">
     <span class='ocr_line' id='line_1_36' title="bbox 2168 641 3878 711; baseline 0.001 -15"><span class='ocrx_word' id='word_1_255' title='bbox 2168 645 2285 696; x_wconf 90' lang='lat' dir='ltr'><strong>tem</strong></span> <span class='ocrx_word' id='word_1_256' title='bbox 2326 641 2632 696; x_wconf 90' lang='lat' dir='ltr'><strong>divisorem</strong></span> <span class='ocrx_word' id='word_1_257' title='bbox 2678 642 2878 696; x_wconf 91' lang='lat' dir='ltr'><strong>decem</strong></span> <span class='ocrx_word' id='word_1_258' title='bbox 2929 645 2986 696; x_wconf 92' lang='lat' dir='ltr'><strong>et</strong></span> <span class='ocrx_word' id='word_1_259' title='bbox 3047 642 3293 711; x_wconf 91' lang='lat' dir='ltr'><strong>centeni,</strong></span> <span class='ocrx_word' id='word_1_260' title='bbox 3337 647 3438 696; x_wconf 90' lang='lat' dir='ltr'><strong>aut</strong></span> <span class='ocrx_word' id='word_1_261' title='bbox 3488 643 3734 708; x_wconf 90' lang='lat' dir='ltr'><strong>milleni,</strong></span> <span class='ocrx_word' id='word_1_262' title='bbox 3779 661 3878 711; x_wconf 70' lang='lat' dir='ltr'><strong>aut</strong></span> 
     </span>
    </p>
   </div>
   <div class='ocr_carea' id='block_1_37' title="bbox 2167 730 3875 804">
    <p class='ocr_par' dir='ltr' id='par_1_37' title="bbox 2167 730 3875 804">
     <span class='ocr_line' id='line_1_37' title="bbox 2167 730 3875 804; baseline 0 -18"><span class='ocrx_word' id='word_1_263' title='bbox 2167 732 2536 798; x_wconf 88' lang='lat' dir='ltr'><strong>ulteriorum,</strong></span> <span class='ocrx_word' id='word_1_264' title='bbox 2587 731 2676 785; x_wconf 86' lang='lat' dir='ltr'><strong>vel</strong></span> <span class='ocrx_word' id='word_1_265' title='bbox 2729 731 3009 785; x_wconf 90' lang='lat' dir='ltr'><strong>decenum</strong></span> <span class='ocrx_word' id='word_1_266' title='bbox 3063 730 3369 785; x_wconf 87' lang='lat' dir='ltr'><strong>divisorem</strong></span> <span class='ocrx_word' id='word_1_267' title='bbox 3419 748 3478 786; x_wconf 91' lang='lat' dir='ltr'><strong>se</strong></span> <span class='ocrx_word' id='word_1_268' title='bbox 3533 738 3875 804; x_wconf 87' lang='lat' dir='ltr'><strong>sequentum</strong></span> 
     </span>
    </p>
   </div>
   <div class='ocr_carea' id='block_1_38' title="bbox 2171 818 3876 892">
    <p class='ocr_par' dir='ltr' id='par_1_38' title="bbox 2171 818 3876 892">
     <span class='ocr_line' id='line_1_38' title="bbox 2171 818 3876 892; baseline 0 -18"><span class='ocrx_word' id='word_1_269' title='bbox 2171 825 2400 891; x_wconf 90' lang='lat' dir='ltr'><strong>sumpta</strong></span> <span class='ocrx_word' id='word_1_270' title='bbox 2434 818 2755 875; x_wconf 76' lang='lat' dir='ltr'><strong>differentia</strong></span> <span class='ocrx_word' id='word_1_271' title='bbox 2804 835 2902 874; x_wconf 91' lang='lat' dir='ltr'><strong>eos</strong></span> <span class='ocrx_word' id='word_1_272' title='bbox 2929 819 3183 874; x_wconf 88' lang='lat' dir='ltr'><strong>dividere</strong></span> <span class='ocrx_word' id='word_1_273' title='bbox 3234 824 3479 890; x_wconf 90' lang='lat' dir='ltr'><strong>oportet.</strong></span> <span class='ocrx_word' id='word_1_274' title='bbox 3512 819 3876 892; x_wconf 88' lang='lat' dir='ltr'><strong>Compositns</strong></span> 
     </span>
    </p>
   </div>
   <div class='ocr_carea' id='block_1_39' title="bbox 2172 908 3874 979">
    <p class='ocr_par' dir='ltr' id='par_1_39' title="bbox 2172 908 3874 979">
     <span class='ocr_line' id='line_1_39' title="bbox 2172 908 3874 979; baseline -0.001 -16"><span class='ocrx_word' id='word_1_275' title='bbox 2172 913 2365 964; x_wconf 90' lang='lat' dir='ltr'><strong>autem</strong></span> <span class='ocrx_word' id='word_1_276' title='bbox 2412 910 2658 964; x_wconf 89' lang='lat' dir='ltr'><strong>decenus</strong></span> <span class='ocrx_word' id='word_1_277' title='bbox 2688 924 2819 963; x_wconf 92' lang='lat' dir='ltr'><strong>cum</strong></span> <span class='ocrx_word' id='word_1_278' title='bbox 2855 908 3134 979; x_wconf 89' lang='lat' dir='ltr'><strong>singulari</strong></span> <span class='ocrx_word' id='word_1_279' title='bbox 3163 924 3267 979; x_wconf 90' lang='lat' dir='ltr'><strong>per</strong></span> <span class='ocrx_word' id='word_1_280' title='bbox 3314 910 3593 963; x_wconf 90' lang='lat' dir='ltr'><strong>secundas</strong></span> <span class='ocrx_word' id='word_1_281' title='bbox 3640 911 3731 964; x_wconf 91' lang='lat' dir='ltr'><strong>vel</strong></span> <span class='ocrx_word' id='word_1_282' title='bbox 3763 915 3874 963; x_wconf 88' lang='lat' dir='ltr'><strong>ter-</strong></span> 
     </span>
    </p>
   </div>
   <div class='ocr_carea' id='block_1_40' title="bbox 2170 997 3879 1070">
    <p class='ocr_par' dir='ltr' id='par_1_40' title="bbox 2170 997 3879 1070">
     <span class='ocr_line' id='line_1_40' title="bbox 2170 997 3879 1070; baseline 0 -18"><span class='ocrx_word' id='word_1_283' title='bbox 2170 998 2294 1052; x_wconf 91' lang='lat' dir='ltr'><strong>tias.</strong></span> <span class='ocrx_word' id='word_1_284' title='bbox 2352 997 2420 1051; x_wconf 89' lang='lat' dir='ltr'><strong>Et</strong></span> <span class='ocrx_word' id='word_1_285' title='bbox 2474 998 2742 1068; x_wconf 87' lang='lat' dir='ltr'><strong>deinceps</strong></span> <span class='ocrx_word' id='word_1_286' title='bbox 2799 997 3116 1052; x_wconf 88' lang='lat' dir='ltr'><strong>secundum</strong></span> <span class='ocrx_word' id='word_1_287' title='bbox 3167 997 3694 1053; x_wconf 89' lang='lat' dir='ltr'><strong>denominationem</strong></span> <span class='ocrx_word' id='word_1_288' title='bbox 3753 1015 3879 1070; x_wconf 88' lang='lat' dir='ltr'><strong>par-</strong></span> 
     </span>
    </p>
   </div>
   <div class='ocr_carea' id='block_1_41' title="bbox 2171 1086 3877 1158">
    <p class='ocr_par' dir='ltr' id='par_1_41' title="bbox 2171 1086 3877 1158">
     <span class='ocr_line' id='line_1_41' title="bbox 2171 1086 3877 1158; baseline 0.001 -19"><span class='ocrx_word' id='word_1_289' title='bbox 2171 1087 2337 1154; x_wconf 91' lang='lat' dir='ltr'><strong>tium,</strong></span> <span class='ocrx_word' id='word_1_290' title='bbox 2389 1086 2669 1148; x_wconf 90' lang='lat' dir='ltr'><strong>decenum</strong></span> <span class='ocrx_word' id='word_1_291' title='bbox 2706 1086 2795 1140; x_wconf 88' lang='lat' dir='ltr'><strong>vel</strong></span> <span class='ocrx_word' id='word_1_292' title='bbox 2844 1086 3186 1157; x_wconf 89' lang='lat' dir='ltr'><strong>simplicem,</strong></span> <span class='ocrx_word' id='word_1_293' title='bbox 3228 1088 3316 1140; x_wconf 90' lang='lat' dir='ltr'><strong>vel</strong></span> <span class='ocrx_word' id='word_1_294' title='bbox 3364 1088 3748 1158; x_wconf 88' lang='lat' dir='ltr'><strong>compositum</strong></span> <span class='ocrx_word' id='word_1_295' title='bbox 3793 1088 3877 1141; x_wconf 87' lang='lat' dir='ltr'><strong>di-</strong></span> 
     </span>
    </p>
   </div>
   <div class='ocr_carea' id='block_1_42' title="bbox 2171 1176 3881 1245">
    <p class='ocr_par' dir='ltr' id='par_1_42' title="bbox 2171 1176 3881 1245">
     <span class='ocr_line' id='line_1_42' title="bbox 2171 1176 3881 1245; baseline 0 -16"><span class='ocrx_word' id='word_1_296' title='bbox 2171 1176 2396 1230; x_wconf 90' lang='lat' dir='ltr'><strong>visurus</strong></span> <span class='ocrx_word' id='word_1_297' title='bbox 2427 1179 2530 1229; x_wconf 90' lang='lat' dir='ltr'><strong>est.</strong></span> <span class='ocrx_word' id='word_1_298' title='bbox 2567 1176 2882 1230; x_wconf 89' lang='lat' dir='ltr'><strong>Centenum</strong></span> <span class='ocrx_word' id='word_1_299' title='bbox 2931 1191 3066 1230; x_wconf 91' lang='lat' dir='ltr'><strong>vero</strong></span> <span class='ocrx_word' id='word_1_300' title='bbox 3097 1176 3421 1245; x_wconf 91' lang='lat' dir='ltr'><strong>millenum,</strong></span> <span class='ocrx_word' id='word_1_301' title='bbox 3449 1178 3539 1231; x_wconf 86' lang='lat' dir='ltr'><strong>vel</strong></span> <span class='ocrx_word' id='word_1_302' title='bbox 3569 1177 3881 1231; x_wconf 87' lang='lat' dir='ltr'><strong>ulteriores</strong></span> 
     </span>
    </p>
   </div>
   <div class='ocr_carea' id='block_1_43' title="bbox 2171 1264 3884 1337">
    <p class='ocr_par' dir='ltr' id='par_1_43' title="bbox 2171 1264 3884 1337">
     <span class='ocr_line' id='line_1_43' title="bbox 2171 1264 3884 1337; baseline 0 -19"><span class='ocrx_word' id='word_1_303' title='bbox 2171 1280 2278 1334; x_wconf 91' lang='lat' dir='ltr'><strong>per</strong></span> <span class='ocrx_word' id='word_1_304' title='bbox 2324 1265 2605 1318; x_wconf 91' lang='lat' dir='ltr'><strong>decenum</strong></span> <span class='ocrx_word' id='word_1_305' title='bbox 2658 1264 3062 1335; x_wconf 89' lang='lat' dir='ltr'><strong>compositum,</strong></span> <span class='ocrx_word' id='word_1_306' title='bbox 3110 1265 3154 1318; x_wconf 91' lang='lat' dir='ltr'><strong>si</strong></span> <span class='ocrx_word' id='word_1_307' title='bbox 3203 1264 3450 1336; x_wconf 91' lang='lat' dir='ltr'><strong>diligens</strong></span> <span class='ocrx_word' id='word_1_308' title='bbox 3504 1266 3884 1337; x_wconf 85' lang='lat' dir='ltr'><strong>investigator</strong></span> 
     </span>
    </p>
   </div>
   <div class='ocr_carea' id='block_1_44' title="bbox 2176 1351 3884 1424">
    <p class='ocr_par' dir='ltr' id='par_1_44' title="bbox 2176 1351 3884 1424">
     <span class='ocr_line' id='line_1_44' title="bbox 2176 1351 3884 1424; baseline 0.001 -17"><span class='ocrx_word' id='word_1_309' title='bbox 2176 1353 2493 1419; x_wconf 88' lang='lat' dir='ltr'><strong>accesserit,</strong></span> <span class='ocrx_word' id='word_1_310' title='bbox 2542 1358 2772 1423; x_wconf 90' lang='lat' dir='ltr'><strong>sumpta</strong></span> <span class='ocrx_word' id='word_1_311' title='bbox 2823 1351 3146 1408; x_wconf 65' lang='lat' dir='ltr'><strong>differentia</strong></span> <span class='ocrx_word' id='word_1_312' title='bbox 3175 1357 3231 1407; x_wconf 94' lang='lat' dir='ltr'><strong>et</strong></span> <span class='ocrx_word' id='word_1_313' title='bbox 3267 1354 3470 1424; x_wconf 89' lang='lat' dir='ltr'><strong>primis</strong></span> <span class='ocrx_word' id='word_1_314' title='bbox 3517 1355 3774 1409; x_wconf 85' lang='lat' dir='ltr'><strong>articulis</strong></span> <span class='ocrx_word' id='word_1_315' title='bbox 3804 1356 3884 1409; x_wconf 89' lang='lat' dir='ltr'><strong>di-</strong></span> 
     </span>
    </p>
   </div>
   <div class='ocr_carea' id='block_1_45' title="bbox 2175 1441 3884 1513">
    <p class='ocr_par' dir='ltr' id='par_1_45' title="bbox 2175 1441 3884 1513">
     <span class='ocr_line' id='line_1_45' title="bbox 2175 1441 3884 1513; baseline 0.002 -19"><span class='ocrx_word' id='word_1_316' title='bbox 2175 1441 2447 1508; x_wconf 90' lang='lat' dir='ltr'><strong>videndo,</strong></span> <span class='ocrx_word' id='word_1_317' title='bbox 2472 1441 2562 1494; x_wconf 88' lang='lat' dir='ltr'><strong>vel</strong></span> <span class='ocrx_word' id='word_1_318' title='bbox 2609 1441 2932 1495; x_wconf 91' lang='lat' dir='ltr'><strong>secundatis</strong></span> <span class='ocrx_word' id='word_1_319' title='bbox 2957 1442 3256 1513; x_wconf 88' lang='lat' dir='ltr'><strong>appositis,</strong></span> <span class='ocrx_word' id='word_1_320' title='bbox 3291 1443 3472 1497; x_wconf 89' lang='lat' dir='ltr'><strong>auctis</strong></span> <span class='ocrx_word' id='word_1_321' title='bbox 3502 1449 3694 1498; x_wconf 88' lang='lat' dir='ltr'><strong>autem</strong></span> <span class='ocrx_word' id='word_1_322' title='bbox 3733 1444 3884 1498; x_wconf 85' lang='lat' dir='ltr'><strong>divi-</strong></span> 
     </span>
    </p>
   </div>
   <div class='ocr_carea' id='block_1_46' title="bbox 2177 1530 3884 1601">
    <p class='ocr_par' dir='ltr' id='par_1_46' title="bbox 2177 1530 3884 1601">
     <span class='ocr_line' id='line_1_46' title="bbox 2177 1530 3884 1601; baseline 0.001 -16"><span class='ocrx_word' id='word_1_323' title='bbox 2177 1530 2365 1586; x_wconf 91' lang='lat' dir='ltr'><strong>dendo</strong></span> <span class='ocrx_word' id='word_1_324' title='bbox 2413 1530 2743 1601; x_wconf 90' lang='lat' dir='ltr'><strong>suppositis,</strong></span> <span class='ocrx_word' id='word_1_325' title='bbox 2800 1530 2978 1584; x_wconf 88' lang='lat' dir='ltr'><strong>dividi</strong></span> <span class='ocrx_word' id='word_1_326' title='bbox 3021 1547 3186 1601; x_wconf 88' lang='lat' dir='ltr'><strong>posse</strong></span> <span class='ocrx_word' id='word_1_327' title='bbox 3229 1537 3543 1601; x_wconf 85' lang='lat' dir='ltr'><strong>pernoscet.</strong></span> <span class='ocrx_word' id='word_1_328' title='bbox 3591 1532 3884 1588; x_wconf 89' lang='lat' dir='ltr'><strong>Centenus</strong></span> 
     </span>
    </p>
   </div>
   <div class='ocr_carea' id='block_1_47' title="bbox 2180 1619 3884 1689">
    <p class='ocr_par' dir='ltr' id='par_1_47' title="bbox 2180 1619 3884 1689">
     <span class='ocr_line' id='line_1_47' title="bbox 2180 1619 3884 1689; baseline 0.001 -15"><span class='ocrx_word' id='word_1_329' title='bbox 2180 1623 2374 1674; x_wconf 90' lang='lat' dir='ltr'><strong>autem</strong></span> <span class='ocrx_word' id='word_1_330' title='bbox 2406 1635 2442 1673; x_wconf 80' lang='grc' dir='ltr'>ιί</span> <span class='ocrx_word' id='word_1_331' title='bbox 2465 1619 2708 1689; x_wconf 88' lang='lat' dir='ltr'><strong>singulis</strong></span> <span class='ocrx_word' id='word_1_332' title='bbox 2733 1619 3110 1689; x_wconf 81' lang='lat' dir='ltr'><strong>compositus,</strong></span> <span class='ocrx_word' id='word_1_333' title='bbox 3132 1624 3440 1675; x_wconf 89' lang='lat' dir='ltr'><strong>centenum</strong></span> <span class='ocrx_word' id='word_1_334' title='bbox 3461 1621 3549 1674; x_wconf 86' lang='lat' dir='ltr'><strong>vel</strong></span> <span class='ocrx_word' id='word_1_335' title='bbox 3577 1619 3884 1676; x_wconf 90' lang='lat' dir='ltr'><strong>millenum</strong></span> 
     </span>
    </p>
   </div>
   <div class='ocr_carea' id='block_1_48' title="bbox 2176 1705 3884 1781">
    <p class='ocr_par' dir='ltr' id='par_1_48' title="bbox 2176 1705 3884 1781">
     <span class='ocr_line' id='line_1_48' title="bbox 2176 1705 3884 1781; baseline 0.001 -19"><span class='ocrx_word' id='word_1_336' title='bbox 2176 1708 2286 1763; x_wconf 92' lang='lat' dir='ltr'><strong>hoc</strong></span> <span class='ocrx_word' id='word_1_337' title='bbox 2330 1711 2494 1779; x_wconf 90' lang='lat' dir='ltr'><strong>pacto</strong></span> <span class='ocrx_word' id='word_1_338' title='bbox 2526 1705 2783 1761; x_wconf 87' lang='lat' dir='ltr'><strong>dividere</strong></span> <span class='ocrx_word' id='word_1_339' title='bbox 2827 1707 3212 1778; x_wconf 85' lang='lat' dir='ltr'><strong>cognoscitur.</strong></span> <span class='ocrx_word' id='word_1_340' title='bbox 3245 1708 3486 1781; x_wconf 88' lang='lat' dir='ltr'><strong>Snmpto</strong></span> <span class='ocrx_word' id='word_1_341' title='bbox 3538 1710 3715 1781; x_wconf 87' lang='lat' dir='ltr'><strong>igitur</strong></span> <span class='ocrx_word' id='word_1_342' title='bbox 3767 1726 3884 1764; x_wconf 90' lang='lat' dir='ltr'><strong>uno</strong></span> 
     </span>
    </p>
   </div>
   <div class='ocr_carea' id='block_1_49' title="bbox 2181 1795 3886 1866">
    <p class='ocr_par' dir='ltr' id='par_1_49' title="bbox 2181 1795 3886 1866">
     <span class='ocr_line' id='line_1_49' title="bbox 2181 1795 3886 1866; baseline 0.002 -17"><span class='ocrx_word' id='word_1_343' title='bbox 2181 1795 2636 1862; x_wconf 89' lang='lat' dir='ltr'><strong>dividendorum,</strong></span> <span class='ocrx_word' id='word_1_344' title='bbox 2694 1795 2852 1866; x_wconf 90' lang='lat' dir='ltr'><strong>quod</strong></span> <span class='ocrx_word' id='word_1_345' title='bbox 2919 1795 3212 1852; x_wconf 89' lang='lat' dir='ltr'><strong>residuum</strong></span> <span class='ocrx_word' id='word_1_346' title='bbox 3252 1798 3447 1864; x_wconf 89' lang='lat' dir='ltr'><strong>fuerit,</strong></span> <span class='ocrx_word' id='word_1_347' title='bbox 3505 1799 3739 1853; x_wconf 85' lang='lat' dir='ltr'><strong>divisori</strong></span> <span class='ocrx_word' id='word_1_348' title='bbox 3801 1804 3886 1852; x_wconf 88' lang='lat' dir='ltr'><strong>est</strong></span> 
     </span>
    </p>
   </div>
   <div class='ocr_carea' id='block_1_50' title="bbox 2179 1885 3886 1958">
    <p class='ocr_par' dir='ltr' id='par_1_50' title="bbox 2179 1885 3886 1958">
     <span class='ocr_line' id='line_1_50' title="bbox 2179 1885 3886 1958; baseline 0.002 -21"><span class='ocrx_word' id='word_1_349' title='bbox 2179 1885 2621 1954; x_wconf 65' lang='lat' dir='ltr'><strong>cozequandum,</strong></span> <span class='ocrx_word' id='word_1_350' title='bbox 2676 1889 2733 1938; x_wconf 89' lang='lat' dir='ltr'><strong>et</strong></span> <span class='ocrx_word' id='word_1_351' title='bbox 2789 1885 2943 1955; x_wconf 90' lang='lat' dir='ltr'><strong>quod</strong></span> <span class='ocrx_word' id='word_1_352' title='bbox 2991 1886 3559 1957; x_wconf 89' lang='lat' dir='ltr'><strong>superabundaverit,</strong></span> <span class='ocrx_word' id='word_1_353' title='bbox 3619 1888 3886 1958; x_wconf 87' lang='lat' dir='ltr'><strong>sepositis</strong></span> 
     </span>
    </p>
   </div>
   <div class='ocr_carea' id='block_1_51' title="bbox 2178 1972 3883 2047">
    <p class='ocr_par' dir='ltr' id='par_1_51' title="bbox 2178 1972 3883 2047">
     <span class='ocr_line' id='line_1_51' title="bbox 2178 1972 3883 2047; baseline 0.001 -19"><span class='ocrx_word' id='word_1_354' title='bbox 2178 1973 2609 2028; x_wconf 86' lang='lat' dir='ltr'><strong>reservandum.</strong></span> <span class='ocrx_word' id='word_1_355' title='bbox 2661 1972 2979 2043; x_wconf 88' lang='lat' dir='ltr'><strong>Singularis</strong></span> <span class='ocrx_word' id='word_1_356' title='bbox 3023 1978 3215 2028; x_wconf 91' lang='lat' dir='ltr'><strong>autem</strong></span> <span class='ocrx_word' id='word_1_357' title='bbox 3260 1976 3368 2043; x_wconf 91' lang='lat' dir='ltr'><strong>vel,</strong></span> <span class='ocrx_word' id='word_1_358' title='bbox 3413 1982 3474 2029; x_wconf 91' lang='lat' dir='ltr'><strong>ut</strong></span> <span class='ocrx_word' id='word_1_359' title='bbox 3517 1976 3615 2030; x_wconf 92' lang='lat' dir='ltr'><strong>alii</strong></span> <span class='ocrx_word' id='word_1_360' title='bbox 3661 1978 3883 2047; x_wconf 90' lang='lat' dir='ltr'><strong>volunt,</strong></span> 
     </span>
    </p>
   </div>
   <div class='ocr_carea' id='block_1_52' title="bbox 2179 2059 3886 2135">
    <p class='ocr_par' dir='ltr' id='par_1_52' title="bbox 2179 2059 3886 2135">
     <span class='ocr_line' id='line_1_52' title="bbox 2179 2059 3886 2135; baseline 0.003 -21"><span class='ocrx_word' id='word_1_361' title='bbox 2179 2059 2470 2115; x_wconf 90' lang='lat' dir='ltr'><strong>munitum</strong></span> <span class='ocrx_word' id='word_1_362' title='bbox 2504 2077 2606 2131; x_wconf 87' lang='lat' dir='ltr'><strong>per</strong></span> <span class='ocrx_word' id='word_1_363' title='bbox 2653 2060 3110 2132; x_wconf 69' lang='lat' dir='ltr'><strong>coaequationem</strong></span> <span class='ocrx_word' id='word_1_364' title='bbox 3157 2062 3446 2133; x_wconf 90' lang='lat' dir='ltr'><strong>majorum</strong></span> <span class='ocrx_word' id='word_1_365' title='bbox 3486 2069 3571 2117; x_wconf 89' lang='lat' dir='ltr'><strong>est</strong></span> <span class='ocrx_word' id='word_1_366' title='bbox 3604 2065 3886 2135; x_wconf 90' lang='lat' dir='ltr'><strong>multipli-</strong></span> 
     </span>
    </p>
   </div>
   <div class='ocr_carea' id='block_1_53' title="bbox 2180 2148 3886 2224">
    <p class='ocr_par' dir='ltr' id='par_1_53' title="bbox 2180 2148 3886 2224">
     <span class='ocr_line' id='line_1_53' title="bbox 2180 2148 3886 2224; baseline 0.003 -22"><span class='ocrx_word' id='word_1_367' title='bbox 2180 2148 2448 2216; x_wconf 88' lang='lat' dir='ltr'><strong>candum,</strong></span> <span class='ocrx_word' id='word_1_368' title='bbox 2482 2158 2539 2204; x_wconf 89' lang='lat' dir='ltr'><strong>et</strong></span> <span class='ocrx_word' id='word_1_369' title='bbox 2569 2149 2765 2220; x_wconf 86' lang='lat' dir='ltr'><strong>digitis</strong></span> <span class='ocrx_word' id='word_1_370' title='bbox 2787 2151 3023 2220; x_wconf 89' lang='lat' dir='ltr'><strong>quidem</strong></span> <span class='ocrx_word' id='word_1_371' title='bbox 3052 2150 3304 2221; x_wconf 90' lang='lat' dir='ltr'><strong>perfecta</strong></span> <span class='ocrx_word' id='word_1_372' title='bbox 3327 2151 3654 2206; x_wconf 80' lang='lat' dir='ltr'><strong>differentia</strong></span> <span class='ocrx_word' id='word_1_373' title='bbox 3685 2169 3886 2224; x_wconf 88' lang='lat' dir='ltr'><strong>suppo-</strong></span> 
     </span>
    </p>
   </div>
   <div class='ocr_carea' id='block_1_54' title="bbox 2179 2239 3883 2313">
    <p class='ocr_par' dir='ltr' id='par_1_54' title="bbox 2179 2239 3883 2313">
     <span class='ocr_line' id='line_1_54' title="bbox 2179 2239 3883 2313; baseline 0.002 -20"><span class='ocrx_word' id='word_1_374' title='bbox 2179 2240 2390 2300; x_wconf 86' lang='lat' dir='ltr'><strong>nenda,</strong></span> <span class='ocrx_word' id='word_1_375' title='bbox 2419 2239 2738 2293; x_wconf 90' lang='lat' dir='ltr'><strong>articularis</strong></span> <span class='ocrx_word' id='word_1_376' title='bbox 2771 2244 2963 2293; x_wconf 90' lang='lat' dir='ltr'><strong>autem</strong></span> <span class='ocrx_word' id='word_1_377' title='bbox 2998 2239 3334 2310; x_wconf 88' lang='lat' dir='ltr'><strong>imperfecta</strong></span> <span class='ocrx_word' id='word_1_378' title='bbox 3364 2245 3448 2294; x_wconf 91' lang='lat' dir='ltr'><strong>est</strong></span> <span class='ocrx_word' id='word_1_379' title='bbox 3472 2244 3883 2313; x_wconf 72' lang='lat' dir='ltr'><strong>praeponenda,</strong></span> 
     </span>
    </p>
   </div>
   <div class='ocr_carea' id='block_1_55' title="bbox 2181 2328 3887 2399">
    <p class='ocr_par' dir='ltr' id='par_1_55' title="bbox 2181 2328 3887 2399">
     <span class='ocr_line' id='line_1_55' title="bbox 2181 2328 3887 2399; baseline 0.002 -15"><span class='ocrx_word' id='word_1_380' title='bbox 2181 2333 2240 2384; x_wconf 87' lang='lat' dir='ltr'><strong>et</strong></span> <span class='ocrx_word' id='word_1_381' title='bbox 2265 2328 2426 2399; x_wconf 91' lang='lat' dir='ltr'><strong>prius</strong></span> <span class='ocrx_word' id='word_1_382' title='bbox 2481 2332 2700 2382; x_wconf 89' lang='lat' dir='ltr'><strong>semoto</strong></span> <span class='ocrx_word' id='word_1_383' title='bbox 2739 2328 2963 2398; x_wconf 89' lang='lat' dir='ltr'><strong>integra</strong></span> <span class='ocrx_word' id='word_1_384' title='bbox 3011 2329 3397 2399; x_wconf 89' lang='lat' dir='ltr'><strong>adjungenda.</strong></span> <span class='ocrx_word' id='word_1_385' title='bbox 3449 2331 3512 2384; x_wconf 88' lang='lat' dir='ltr'><strong>Et</strong></span> <span class='ocrx_word' id='word_1_386' title='bbox 3552 2331 3677 2384; x_wconf 71' lang='lat' dir='ltr'><strong>haec</strong></span> <span class='ocrx_word' id='word_1_387' title='bbox 3729 2331 3887 2387; x_wconf 84' lang='lat' dir='ltr'><strong>diffe-</strong></span> 
     </span>
    </p>
   </div>
   <div class='ocr_carea' id='block_1_56' title="bbox 2181 2415 3882 2488">
    <p class='ocr_par' dir='ltr' id='par_1_56' title="bbox 2181 2415 3882 2488">
     <span class='ocr_line' id='line_1_56' title="bbox 2181 2415 3882 2488; baseline 0 -16"><span class='ocrx_word' id='word_1_388' title='bbox 2181 2417 2372 2472; x_wconf 89' lang='lat' dir='ltr'><strong>rentia</strong></span> <span class='ocrx_word' id='word_1_389' title='bbox 2403 2421 2459 2470; x_wconf 90' lang='lat' dir='ltr'><strong>et</strong></span> <span class='ocrx_word' id='word_1_390' title='bbox 2520 2415 2568 2470; x_wconf 89' lang='lat' dir='ltr'><strong>si</strong></span> <span class='ocrx_word' id='word_1_391' title='bbox 2623 2417 2773 2472; x_wconf 88' lang='lat' dir='ltr'><strong>forte</strong></span> <span class='ocrx_word' id='word_1_392' title='bbox 2831 2417 3040 2488; x_wconf 90' lang='lat' dir='ltr'><strong>aliquis</strong></span> <span class='ocrx_word' id='word_1_393' title='bbox 3095 2418 3348 2472; x_wconf 89' lang='lat' dir='ltr'><strong>seclusus</strong></span> <span class='ocrx_word' id='word_1_394' title='bbox 3399 2417 3474 2471; x_wconf 90' lang='lat' dir='ltr'><strong>sit</strong></span> <span class='ocrx_word' id='word_1_395' title='bbox 3522 2417 3882 2488; x_wconf 85' lang='lat' dir='ltr'><strong>signiﬁcavit,</strong></span> 
     </span>
    </p>
   </div>
   <div class='ocr_carea' id='block_1_57' title="bbox 2185 2505 3884 2580">
    <p class='ocr_par' dir='ltr' id='par_1_57' title="bbox 2185 2505 3884 2580">
     <span class='ocr_line' id='line_1_57' title="bbox 2185 2505 3884 2580; baseline 0 -18"><span class='ocrx_word' id='word_1_396' title='bbox 2185 2508 2334 2580; x_wconf 86' lang='lat' dir='ltr'><strong>quod</strong></span> <span class='ocrx_word' id='word_1_397' title='bbox 2365 2506 2663 2561; x_wconf 91' lang='lat' dir='ltr'><strong>residuum</strong></span> <span class='ocrx_word' id='word_1_398' title='bbox 2694 2507 2760 2560; x_wconf 84' lang='lat' dir='ltr'><strong>ﬁt</strong></span> <span class='ocrx_word' id='word_1_399' title='bbox 2797 2522 2866 2561; x_wconf 85' lang='lat' dir='ltr'><strong>ex</strong></span> <span class='ocrx_word' id='word_1_400' title='bbox 2905 2505 3246 2562; x_wconf 90' lang='lat' dir='ltr'><strong>dividendis.</strong></span> <span class='ocrx_word' id='word_1_401' title='bbox 3291 2508 3420 2561; x_wconf 73' lang='lat' dir='ltr'><strong>Haec</strong></span> <span class='ocrx_word' id='word_1_402' title='bbox 3449 2523 3582 2561; x_wconf 89' lang='lat' dir='ltr'><strong>vero</strong></span> <span class='ocrx_word' id='word_1_403' title='bbox 3614 2507 3775 2562; x_wconf 89' lang='lat' dir='ltr'><strong>brevi</strong></span> <span class='ocrx_word' id='word_1_404' title='bbox 3805 2509 3884 2562; x_wconf 90' lang='lat' dir='ltr'><strong>in-</strong></span> 
     </span>
    </p>
   </div>
   <div class='ocr_carea' id='block_1_58' title="bbox 2182 2595 3878 2666">
    <p class='ocr_par' dir='ltr' id='par_1_58' title="bbox 2182 2595 3878 2666">
     <span class='ocr_line' id='line_1_58' title="bbox 2182 2595 3878 2666; baseline 0.001 -17"><span class='ocrx_word' id='word_1_405' title='bbox 2182 2595 2540 2651; x_wconf 90' lang='lat' dir='ltr'><strong>troductione</strong></span> <span class='ocrx_word' id='word_1_406' title='bbox 2570 2596 2952 2666; x_wconf 61' lang='lat' dir='ltr'><strong>prelibantes,</strong></span> <span class='ocrx_word' id='word_1_407' title='bbox 3007 2595 3054 2648; x_wconf 90' lang='lat' dir='ltr'><strong>si</strong></span> <span class='ocrx_word' id='word_1_408' title='bbox 3107 2610 3221 2666; x_wconf 92' lang='lat' dir='ltr'><strong>qua</strong></span> <span class='ocrx_word' id='word_1_409' title='bbox 3272 2595 3508 2649; x_wconf 90' lang='lat' dir='ltr'><strong>obscure</strong></span> <span class='ocrx_word' id='word_1_410' title='bbox 3551 2601 3686 2650; x_wconf 91' lang='lat' dir='ltr'><strong>sunt</strong></span> <span class='ocrx_word' id='word_1_411' title='bbox 3717 2597 3878 2661; x_wconf 87' lang='lat' dir='ltr'><strong>dicta,</strong></span> 
     </span>
    </p>
   </div>
   <div class='ocr_carea' id='block_1_59' title="bbox 2187 2683 3884 2755">
    <p class='ocr_par' dir='ltr' id='par_1_59' title="bbox 2187 2683 3884 2755">
     <span class='ocr_line' id='line_1_59' title="bbox 2187 2683 3884 2755; baseline -0.001 -16"><span class='ocrx_word' id='word_1_412' title='bbox 2187 2702 2258 2739; x_wconf 90' lang='lat' dir='ltr'><strong>ne</strong></span> <span class='ocrx_word' id='word_1_413' title='bbox 2289 2685 2461 2739; x_wconf 63' lang='lat' dir='ltr'><strong>taedio</strong></span> <span class='ocrx_word' id='word_1_414' title='bbox 2489 2685 2681 2739; x_wconf 86' lang='lat' dir='ltr'><strong>forent</strong></span> <span class='ocrx_word' id='word_1_415' title='bbox 2728 2683 3134 2755; x_wconf 68' lang='lat' dir='ltr'><strong>praetermissa,</strong></span> <span class='ocrx_word' id='word_1_416' title='bbox 3179 2683 3472 2754; x_wconf 87' lang='lat' dir='ltr'><strong>diligentis</strong></span> <span class='ocrx_word' id='word_1_417' title='bbox 3503 2685 3778 2739; x_wconf 81' lang='lat' dir='ltr'><strong>exercitio</strong></span> <span class='ocrx_word' id='word_1_418' title='bbox 3809 2687 3884 2738; x_wconf 84' lang='lat' dir='ltr'><strong>le-</strong></span> 
     </span>
    </p>
   </div>
   <div class='ocr_carea' id='block_1_60' title="bbox 2187 2772 3884 2843">
    <p class='ocr_par' dir='ltr' id='par_1_60' title="bbox 2187 2772 3884 2843">
     <span class='ocr_line' id='line_1_60' title="bbox 2187 2772 3884 2843; baseline 0 -16"><span class='ocrx_word' id='word_1_419' title='bbox 2187 2774 2358 2828; x_wconf 90' lang='lat' dir='ltr'><strong>ctoris</strong></span> <span class='ocrx_word' id='word_1_420' title='bbox 2388 2775 2818 2841; x_wconf 88' lang='lat' dir='ltr'><strong>committimus,</strong></span> <span class='ocrx_word' id='word_1_421' title='bbox 2858 2773 3170 2827; x_wconf 90' lang='lat' dir='ltr'><strong>terminum</strong></span> <span class='ocrx_word' id='word_1_422' title='bbox 3205 2772 3379 2843; x_wconf 87' lang='lat' dir='ltr'><strong>hujus</strong></span> <span class='ocrx_word' id='word_1_423' title='bbox 3425 2772 3554 2826; x_wconf 89' lang='lat' dir='ltr'><strong>libri</strong></span> <span class='ocrx_word' id='word_1_424' title='bbox 3588 2773 3884 2840; x_wconf 86' lang='lat' dir='ltr'><strong>facientes,</strong></span> 
     </span>
    </p>
   </div>
   <div class='ocr_carea' id='block_1_61' title="bbox 2188 2862 3885 2934">
    <p class='ocr_par' dir='ltr' id='par_1_61' title="bbox 2188 2862 3885 2934">
     <span class='ocr_line' id='line_1_61' title="bbox 2188 2862 3885 2934; baseline -0.002 -16"><span class='ocrx_word' id='word_1_425' title='bbox 2188 2868 2245 2918; x_wconf 92' lang='lat' dir='ltr'><strong>et</strong></span> <span class='ocrx_word' id='word_1_426' title='bbox 2281 2863 2445 2933; x_wconf 90' lang='lat' dir='ltr'><strong>quasi</strong></span> <span class='ocrx_word' id='word_1_427' title='bbox 2472 2863 2546 2917; x_wconf 91' lang='lat' dir='ltr'><strong>ad</strong></span> <span class='ocrx_word' id='word_1_428' title='bbox 2592 2863 2866 2917; x_wconf 86' lang='lat' dir='ltr'><strong>ulteriora</strong></span> <span class='ocrx_word' id='word_1_429' title='bbox 2907 2862 3275 2934; x_wconf 87' lang='lat' dir='ltr'><strong>sequentium</strong></span> <span class='ocrx_word' id='word_1_430' title='bbox 3322 2877 3426 2915; x_wconf 88' lang='lat' dir='ltr'><strong>nos</strong></span> <span class='ocrx_word' id='word_1_431' title='bbox 3471 2868 3885 2917; x_wconf 86' lang='lat' dir='ltr'><strong>convertentes.</strong></span> 
     </span>
    </p>
   </div>
   <div class='ocr_carea' id='block_1_62' title="bbox 1605 3181 2729 3281">
    <p class='ocr_par' dir='ltr' id='par_1_62' title="bbox 1605 3181 2729 3281">
     <span class='ocr_line' id='line_1_62' title="bbox 1605 3181 2729 3281; baseline -0.002 -3"><span class='ocrx_word' id='word_1_432' title='bbox 1605 3184 1979 3279; x_wconf 87' lang='lat' dir='ltr'><strong>LIBER</strong></span> <span class='ocrx_word' id='word_1_433' title='bbox 2067 3181 2729 3281; x_wconf 87' lang='lat' dir='ltr'><strong>SECUNDUS.</strong></span> 
     </span>
    </p>
   </div>
   <div class='ocr_carea' id='block_1_63' title="bbox 1973 3334 2282 3349">
    <p class='ocr_par' dir='ltr' id='par_1_63' title="bbox 1973 3334 2282 3349">
     <span class='ocr_line' id='line_1_63' title="bbox 1973 3334 2282 3349; baseline 0.006 -2"><span class='ocrx_word' id='word_1_434' title='bbox 1973 3334 2282 3349; x_wconf 67' lang='lat' dir='ltr'><strong>l—</strong></span> 
     </span>
    </p>
   </div>
   <div class='ocr_carea' id='block_1_64' title="bbox 447 3408 3890 3485">
    <p class='ocr_par' dir='ltr' id='par_1_64' title="bbox 447 3408 3890 3485">
     <span class='ocr_line' id='line_1_64' title="bbox 447 3408 3890 3485; baseline -0.002 -15"><span class='ocrx_word' id='word_1_435' title='bbox 447 3410 771 3485; x_wconf 85' lang='lat' dir='ltr'><strong>Snperioris</strong></span> <span class='ocrx_word' id='word_1_436' title='bbox 797 3425 933 3466; x_wconf 89' lang='lat' dir='ltr'><strong>vero</strong></span> <span class='ocrx_word' id='word_1_437' title='bbox 964 3412 1209 3466; x_wconf 87' lang='lat' dir='ltr'><strong>tractatu</strong></span> <span class='ocrx_word' id='word_1_438' title='bbox 1249 3409 1562 3465; x_wconf 89' lang='lat' dir='ltr'><strong>voluminis</strong></span> <span class='ocrx_word' id='word_1_439' title='bbox 1608 3408 1804 3464; x_wconf 86' lang='lat' dir='ltr'><strong>omnia</strong></span> <span class='ocrx_word' id='word_1_440' title='bbox 1832 3424 2068 3481; x_wconf 85' lang='lat' dir='ltr'><strong>geome—</strong></span> <span class='ocrx_word' id='word_1_441' title='bbox 2107 3413 2149 3467; x_wconf 86' lang='lat' dir='ltr'>C</span> <span class='ocrx_word' id='word_1_442' title='bbox 2180 3411 2313 3466; x_wconf 90' lang='lat' dir='ltr'><strong>dine</strong></span> <span class='ocrx_word' id='word_1_443' title='bbox 2379 3409 2766 3484; x_wconf 89' lang='lat' dir='ltr'><strong>protenditur.</strong></span> <span class='ocrx_word' id='word_1_444' title='bbox 2821 3410 2992 3465; x_wconf 82' lang='lat' dir='ltr'><strong>Actus</strong></span> <span class='ocrx_word' id='word_1_445' title='bbox 3046 3425 3181 3465; x_wconf 92' lang='lat' dir='ltr'><strong>vero</strong></span> <span class='ocrx_word' id='word_1_446' title='bbox 3233 3409 3547 3482; x_wconf 88' lang='lat' dir='ltr'><strong>quadratus</strong></span> <span class='ocrx_word' id='word_1_447' title='bbox 3615 3427 3684 3464; x_wconf 82' lang='lat' dir='ltr'><strong>ex</strong></span> <span class='ocrx_word' id='word_1_448' title='bbox 3736 3411 3890 3466; x_wconf 92' lang='lat' dir='ltr'><strong>omni</strong></span> 
     </span>
    </p>
   </div>
   <div class='ocr_carea' id='block_1_65' title="bbox 372 3497 2080 3568">
    <p class='ocr_par' dir='ltr' id='par_1_65' title="bbox 372 3497 2080 3568">
     <span class='ocr_line' id='line_1_65' title="bbox 372 3497 2080 3568; baseline -0.002 -11"><span class='ocrx_word' id='word_1_449' title='bbox 372 3501 534 3557; x_wconf 64' lang='lat' dir='ltr'><strong>tricas</strong></span> <span class='ocrx_word' id='word_1_450' title='bbox 579 3499 721 3554; x_wconf 90' lang='lat' dir='ltr'><strong>artis</strong></span> <span class='ocrx_word' id='word_1_451' title='bbox 768 3500 1150 3564; x_wconf 86' lang='lat' dir='ltr'><strong>theoremata,</strong></span> <span class='ocrx_word' id='word_1_452' title='bbox 1209 3498 1470 3568; x_wconf 88' lang='lat' dir='ltr'><strong>quamvis</strong></span> <span class='ocrx_word' id='word_1_453' title='bbox 1532 3497 1835 3559; x_wconf 83' lang='lat' dir='ltr'><strong>succincte,</strong></span> <span class='ocrx_word' id='word_1_454' title='bbox 1886 3503 2080 3554; x_wconf 88' lang='lat' dir='ltr'><strong>tamen</strong></span> 
     </span>
    </p>
   </div>
   <div class='ocr_carea' id='block_1_66' title="bbox 376 3585 2080 3658">
    <p class='ocr_par' dir='ltr' id='par_1_66' title="bbox 376 3585 2080 3658">
     <span class='ocr_line' id='line_1_66' title="bbox 376 3585 2080 3658; baseline -0.002 -14"><span class='ocrx_word' id='word_1_455' title='bbox 376 3592 512 3644; x_wconf 88' lang='lat' dir='ltr'><strong>sunt</strong></span> <span class='ocrx_word' id='word_1_456' title='bbox 534 3587 704 3643; x_wconf 90' lang='lat' dir='ltr'><strong>dicta.</strong></span> <span class='ocrx_word' id='word_1_457' title='bbox 737 3586 849 3642; x_wconf 88' lang='lat' dir='ltr'><strong>Sed</strong></span> <span class='ocrx_word' id='word_1_458' title='bbox 894 3585 1295 3657; x_wconf 89' lang='lat' dir='ltr'><strong>podismorum</strong></span> <span class='ocrx_word' id='word_1_459' title='bbox 1319 3585 1584 3639; x_wconf 88' lang='lat' dir='ltr'><strong>notitiam</strong></span> <span class='ocrx_word' id='word_1_460' title='bbox 1618 3585 1712 3640; x_wconf 90' lang='lat' dir='ltr'><strong>hic</strong></span> <span class='ocrx_word' id='word_1_461' title='bbox 1740 3586 1888 3640; x_wconf 90' lang='lat' dir='ltr'><strong>liber</strong></span> <span class='ocrx_word' id='word_1_462' title='bbox 1938 3603 2080 3658; x_wconf 88' lang='lat' dir='ltr'><strong>quas</strong></span> 
     </span>
    </p>
   </div>
   <div class='ocr_carea' id='block_1_67' title="bbox 376 3675 2080 3751">
    <p class='ocr_par' dir='ltr' id='par_1_67' title="bbox 376 3675 2080 3751">
     <span class='ocr_line' id='line_1_67' title="bbox 376 3675 2080 3751; baseline -0.001 -19"><span class='ocrx_word' id='word_1_463' title='bbox 376 3676 816 3751; x_wconf 68' lang='lat' dir='ltr'><strong>quaestionarius</strong></span> <span class='ocrx_word' id='word_1_464' title='bbox 835 3678 893 3730; x_wconf 89' lang='lat' dir='ltr'><strong>et</strong></span> <span class='ocrx_word' id='word_1_465' title='bbox 920 3675 1180 3730; x_wconf 90' lang='lat' dir='ltr'><strong>omnium</strong></span> <span class='ocrx_word' id='word_1_466' title='bbox 1221 3675 1632 3746; x_wconf 90' lang='lat' dir='ltr'><strong>podismalium</strong></span> <span class='ocrx_word' id='word_1_467' title='bbox 1693 3675 2080 3746; x_wconf 58' lang='lat' dir='ltr'><strong>quaestionum</strong></span> 
     </span>
    </p>
   </div>
   <div class='ocr_carea' id='block_1_68' title="bbox 377 3764 2079 3838">
    <p class='ocr_par' dir='ltr' id='par_1_68' title="bbox 377 3764 2079 3838">
     <span class='ocr_line' id='line_1_68' title="bbox 377 3764 2079 3838; baseline -0.001 -16"><span class='ocrx_word' id='word_1_468' title='bbox 377 3765 841 3838; x_wconf 89' lang='lat' dir='ltr'><strong>scrupolositates</strong></span> <span class='ocrx_word' id='word_1_469' title='bbox 868 3765 1264 3819; x_wconf 86' lang='lat' dir='ltr'><strong>incunctanter</strong></span> <span class='ocrx_word' id='word_1_470' title='bbox 1318 3764 1576 3818; x_wconf 86' lang='lat' dir='ltr'><strong>absolvet</strong></span> <span class='ocrx_word' id='word_1_471' title='bbox 1621 3764 1949 3833; x_wconf 90' lang='lat' dir='ltr'><strong>enodando,</strong></span> <span class='ocrx_word' id='word_1_472' title='bbox 1987 3781 2079 3820; x_wconf 90' lang='lat' dir='ltr'><strong>ve-</strong></span> 
     </span>
    </p>
   </div>
   <div class='ocr_carea' id='block_1_69' title="bbox 376 3853 2081 3925">
    <p class='ocr_par' dir='ltr' id='par_1_69' title="bbox 376 3853 2081 3925">
     <span class='ocr_line' id='line_1_69' title="bbox 376 3853 2081 3925; baseline -0.002 -13"><span class='ocrx_word' id='word_1_473' title='bbox 376 3861 525 3912; x_wconf 88' lang='lat' dir='ltr'><strong>teres</strong></span> <span class='ocrx_word' id='word_1_474' title='bbox 553 3854 768 3910; x_wconf 90' lang='lat' dir='ltr'><strong>etenim</strong></span> <span class='ocrx_word' id='word_1_475' title='bbox 797 3853 1219 3925; x_wconf 90' lang='lat' dir='ltr'><strong>agrimensores</strong></span> <span class='ocrx_word' id='word_1_476' title='bbox 1248 3868 1480 3908; x_wconf 91' lang='lat' dir='ltr'><strong>omnem</strong></span> <span class='ocrx_word' id='word_1_477' title='bbox 1510 3868 1797 3909; x_wconf 68' lang='lat' dir='ltr'><strong>mensurae</strong></span> <span class='ocrx_word' id='word_1_478' title='bbox 1828 3855 2081 3925; x_wconf 87' lang='lat' dir='ltr'><strong>quadra-</strong></span> 
     </span>
    </p>
   </div>
   <div class='ocr_carea' id='block_1_70' title="bbox 376 3942 2079 4013">
    <p class='ocr_par' dir='ltr' id='par_1_70' title="bbox 376 3942 2079 4013">
     <span class='ocr_line' id='line_1_70' title="bbox 376 3942 2079 4013; baseline -0.002 -14"><span class='ocrx_word' id='word_1_479' title='bbox 376 3953 565 4000; x_wconf 88' lang='lat' dir='ltr'><strong>turam</strong></span> <span class='ocrx_word' id='word_1_480' title='bbox 605 3943 846 3998; x_wconf 90' lang='lat' dir='ltr'><strong>dimidio</strong></span> <span class='ocrx_word' id='word_1_481' title='bbox 885 3942 1208 4013; x_wconf 89' lang='lat' dir='ltr'><strong>longiorem</strong></span> <span class='ocrx_word' id='word_1_482' title='bbox 1233 3943 1564 3996; x_wconf 89' lang='lat' dir='ltr'><strong>latioremve</strong></span> <span class='ocrx_word' id='word_1_483' title='bbox 1617 3942 1800 3997; x_wconf 89' lang='lat' dir='ltr'><strong>facere</strong></span> <span class='ocrx_word' id='word_1_484' title='bbox 1833 3959 2079 3997; x_wconf 87' lang='lat' dir='ltr'><strong>consue-</strong></span> 
     </span>
    </p>
   </div>
   <div class='ocr_carea' id='block_1_71' title="bbox 377 4031 2080 4104">
    <p class='ocr_par' dir='ltr' id='par_1_71' title="bbox 377 4031 2080 4104">
     <span class='ocr_line' id='line_1_71' title="bbox 377 4031 2080 4104; baseline -0.001 -16"><span class='ocrx_word' id='word_1_485' title='bbox 377 4039 603 4090; x_wconf 90' lang='lat' dir='ltr'><strong>verunt.</strong></span> <span class='ocrx_word' id='word_1_486' title='bbox 660 4033 722 4087; x_wconf 89' lang='lat' dir='ltr'><strong>Et</strong></span> <span class='ocrx_word' id='word_1_487' title='bbox 751 4031 905 4104; x_wconf 91' lang='lat' dir='ltr'><strong>quod</strong></span> <span class='ocrx_word' id='word_1_488' title='bbox 962 4031 1022 4085; x_wconf 87' lang='lat' dir='ltr'><strong>in</strong></span> <span class='ocrx_word' id='word_1_489' title='bbox 1072 4032 1376 4087; x_wconf 90' lang='lat' dir='ltr'><strong>latitudine</strong></span> <span class='ocrx_word' id='word_1_490' title='bbox 1414 4031 1643 4102; x_wconf 90' lang='lat' dir='ltr'><strong>longius</strong></span> <span class='ocrx_word' id='word_1_491' title='bbox 1670 4031 1863 4097; x_wconf 89' lang='lat' dir='ltr'><strong>fuerit,</strong></span> <span class='ocrx_word' id='word_1_492' title='bbox 1897 4047 2080 4087; x_wconf 89' lang='lat' dir='ltr'><strong>scam-</strong></span> 
     </span>
    </p>
   </div>
   <div class='ocr_carea' id='block_1_72' title="bbox 377 4121 2080 4193">
    <p class='ocr_par' dir='ltr' id='par_1_72' title="bbox 377 4121 2080 4193">
     <span class='ocr_line' id='line_1_72' title="bbox 377 4121 2080 4193; baseline -0.001 -16"><span class='ocrx_word' id='word_1_493' title='bbox 377 4139 541 4190; x_wconf 89' lang='lat' dir='ltr'><strong>num,</strong></span> <span class='ocrx_word' id='word_1_494' title='bbox 575 4128 633 4177; x_wconf 91' lang='lat' dir='ltr'><strong>et</strong></span> <span class='ocrx_word' id='word_1_495' title='bbox 675 4123 834 4193; x_wconf 91' lang='lat' dir='ltr'><strong>quod</strong></span> <span class='ocrx_word' id='word_1_496' title='bbox 876 4121 938 4174; x_wconf 91' lang='lat' dir='ltr'><strong>in</strong></span> <span class='ocrx_word' id='word_1_497' title='bbox 968 4121 1332 4192; x_wconf 88' lang='lat' dir='ltr'><strong>longitudine</strong></span> <span class='ocrx_word' id='word_1_498' title='bbox 1381 4121 1611 4192; x_wconf 87' lang='lat' dir='ltr'><strong>longius</strong></span> <span class='ocrx_word' id='word_1_499' title='bbox 1642 4121 1936 4192; x_wconf 90' lang='lat' dir='ltr'><strong>appellare</strong></span> <span class='ocrx_word' id='word_1_500' title='bbox 1987 4137 2080 4176; x_wconf 85' lang='lat' dir='ltr'><strong>vo-</strong></span> 
     </span>
    </p>
   </div>
   <div class='ocr_carea' id='block_1_73' title="bbox 377 4209 1466 4280">
    <p class='ocr_par' dir='ltr' id='par_1_73' title="bbox 377 4209 1466 4280">
     <span class='ocr_line' id='line_1_73' title="bbox 377 4209 1466 4280; baseline -0.003 -13"><span class='ocrx_word' id='word_1_501' title='bbox 377 4214 612 4267; x_wconf 92' lang='lat' dir='ltr'><strong>luerunt</strong></span> <span class='ocrx_word' id='word_1_502' title='bbox 639 4217 702 4265; x_wconf 91' lang='lat' dir='ltr'><strong>ut</strong></span> <span class='ocrx_word' id='word_1_503' title='bbox 730 4211 983 4280; x_wconf 90' lang='lat' dir='ltr'><strong>subjecta</strong></span> <span class='ocrx_word' id='word_1_504' title='bbox 1015 4210 1178 4264; x_wconf 88' lang='lat' dir='ltr'><strong>docet</strong></span> <span class='ocrx_word' id='word_1_505' title='bbox 1203 4209 1466 4265; x_wconf 87' lang='lat' dir='ltr'><strong>formula.</strong></span> 
     </span>
    </p>
   </div>
   <div class='ocr_carea' id='block_1_74' title="bbox 975 4342 1368 4509">
    <p class='ocr_par' dir='ltr' id='par_1_74' title="bbox 975 4342 1368 4509">
     <span class='ocr_line' id='line_1_74' title="bbox 975 4342 1368 4509; baseline 0.003 -73"><span class='ocrx_word' id='word_1_506' title='bbox 975 4342 992 4509; x_wconf 70' lang='lat'><strong><em>\</em></strong></span> <span class='ocrx_word' id='word_1_507' title='bbox 1083 4387 1368 4437; x_wconf 89' lang='lat' dir='ltr'><strong>Scamnum</strong></span> 
     </span>
    </p>
   </div>
   <div class='ocr_carea' id='block_1_75' title="bbox 910 4567 1541 4621">
    <p class='ocr_par' dir='ltr' id='par_1_75' title="bbox 910 4567 1541 4621">
     <span class='ocr_line' id='line_1_75' title="bbox 910 4567 1541 4621; baseline -0.002 0"><span class='ocrx_word' id='word_1_508' title='bbox 910 4569 982 4621; x_wconf 87' lang='lat' dir='ltr'><strong>De</strong></span> <span class='ocrx_word' id='word_1_509' title='bbox 1005 4571 1270 4621; x_wconf 84' lang='lat' dir='ltr'><strong>mensuris</strong></span> <span class='ocrx_word' id='word_1_510' title='bbox 1300 4567 1541 4620; x_wconf 83' lang='lat' dir='ltr'><strong>rubrica.</strong></span> 
     </span>
    </p>
   </div>
   <div class='ocr_carea' id='block_1_76' title="bbox 2189 3498 3889 3571">
    <p class='ocr_par' dir='ltr' id='par_1_76' title="bbox 2189 3498 3889 3571">
     <span class='ocr_line' id='line_1_76' title="bbox 2189 3498 3889 3571; baseline -0.001 -17"><span class='ocrx_word' id='word_1_511' title='bbox 2189 3501 2369 3554; x_wconf 91' lang='lat' dir='ltr'><strong>latere</strong></span> <span class='ocrx_word' id='word_1_512' title='bbox 2402 3500 2500 3554; x_wconf 77' lang='grc'><strong>120</strong></span> <span class='ocrx_word' id='word_1_513' title='bbox 2541 3499 2784 3570; x_wconf 90' lang='lat' dir='ltr'><strong>pedibus</strong></span> <span class='ocrx_word' id='word_1_514' title='bbox 2815 3498 3195 3553; x_wconf 90' lang='lat' dir='ltr'><strong>concluditur.</strong></span> <span class='ocrx_word' id='word_1_515' title='bbox 3247 3502 3419 3552; x_wconf 85' lang='lat' dir='ltr'><strong>Actus</strong></span> <span class='ocrx_word' id='word_1_516' title='bbox 3463 3504 3657 3552; x_wconf 90' lang='lat' dir='ltr'><strong>autem</strong></span> <span class='ocrx_word' id='word_1_517' title='bbox 3705 3501 3889 3571; x_wconf 89' lang='lat' dir='ltr'><strong>dupli-</strong></span> 
     </span>
    </p>
   </div>
   <div class='ocr_carea' id='block_1_77' title="bbox 2190 3587 3891 3659">
    <p class='ocr_par' dir='ltr' id='par_1_77' title="bbox 2190 3587 3891 3659">
     <span class='ocr_line' id='line_1_77' title="bbox 2190 3587 3891 3659; baseline 0 -17"><span class='ocrx_word' id='word_1_518' title='bbox 2190 3593 2347 3643; x_wconf 91' lang='lat' dir='ltr'><strong>catus</strong></span> <span class='ocrx_word' id='word_1_519' title='bbox 2386 3589 2495 3643; x_wconf 74' lang='grc'><strong>240</strong></span> <span class='ocrx_word' id='word_1_520' title='bbox 2543 3588 2715 3659; x_wconf 83' lang='lat' dir='ltr'><strong>pedes</strong></span> <span class='ocrx_word' id='word_1_521' title='bbox 2763 3587 3041 3658; x_wconf 85' lang='lat' dir='ltr'><strong>explicat;</strong></span> <span class='ocrx_word' id='word_1_522' title='bbox 3093 3587 3438 3656; x_wconf 90' lang='lat' dir='ltr'><strong>decempeda</strong></span> <span class='ocrx_word' id='word_1_523' title='bbox 3486 3589 3664 3658; x_wconf 90' lang='lat' dir='ltr'><strong>pedes</strong></span> <span class='ocrx_word' id='word_1_524' title='bbox 3698 3589 3891 3642; x_wconf 87' lang='lat' dir='ltr'><strong>decem</strong></span> 
     </span>
    </p>
   </div>
   <div class='ocr_carea' id='block_1_78' title="bbox 2189 3676 3894 3749">
    <p class='ocr_par' dir='ltr' id='par_1_78' title="bbox 2189 3676 3894 3749">
     <span class='ocr_line' id='line_1_78' title="bbox 2189 3676 3894 3749; baseline -0.001 -17"><span class='ocrx_word' id='word_1_525' title='bbox 2189 3677 2445 3749; x_wconf 91' lang='lat' dir='ltr'><strong>colligit;</strong></span> <span class='ocrx_word' id='word_1_526' title='bbox 2491 3693 2693 3748; x_wconf 89' lang='lat' dir='ltr'><strong>passus</strong></span> <span class='ocrx_word' id='word_1_527' title='bbox 2726 3679 2795 3743; x_wconf 81' lang='lat'><strong>5;</strong></span> <span class='ocrx_word' id='word_1_528' title='bbox 2848 3676 3059 3746; x_wconf 90' lang='lat' dir='ltr'><strong>gradus</strong></span> <span class='ocrx_word' id='word_1_529' title='bbox 3087 3679 3120 3728; x_wconf 85' lang='lat'><strong>2</strong></span> <span class='ocrx_word' id='word_1_530' title='bbox 3169 3681 3227 3730; x_wconf 91' lang='lat' dir='ltr'><strong>et</strong></span> <span class='ocrx_word' id='word_1_531' title='bbox 3271 3676 3472 3729; x_wconf 89' lang='lat' dir='ltr'><strong>dimid.</strong></span> <span class='ocrx_word' id='word_1_532' title='bbox 3508 3677 3753 3731; x_wconf 90' lang='lat' dir='ltr'><strong>Cubitus</strong></span> <span class='ocrx_word' id='word_1_533' title='bbox 3788 3681 3807 3731; x_wconf 79' lang='grc' dir='ltr'>ί</span> <span class='ocrx_word' id='word_1_534' title='bbox 3842 3682 3894 3730; x_wconf 90' lang='lat' dir='ltr'><strong>et</strong></span> 
     </span>
    </p>
   </div>
   <div class='ocr_carea' id='block_1_79' title="bbox 2189 3764 3891 3837">
    <p class='ocr_par' dir='ltr' id='par_1_79' title="bbox 2189 3764 3891 3837">
     <span class='ocr_line' id='line_1_79' title="bbox 2189 3764 3891 3837; baseline -0.002 -16"><span class='ocrx_word' id='word_1_535' title='bbox 2189 3765 2390 3821; x_wconf 88' lang='lat' dir='ltr'><strong>dimid.</strong></span> <span class='ocrx_word' id='word_1_536' title='bbox 2432 3766 2606 3837; x_wconf 87' lang='lat' dir='ltr'><strong>pedes</strong></span> <span class='ocrx_word' id='word_1_537' title='bbox 2651 3765 2864 3820; x_wconf 91' lang='lat' dir='ltr'><strong>habere</strong></span> <span class='ocrx_word' id='word_1_538' title='bbox 2913 3764 3249 3818; x_wconf 90' lang='lat' dir='ltr'><strong>dinoscitur.</strong></span> <span class='ocrx_word' id='word_1_539' title='bbox 3300 3765 3405 3818; x_wconf 89' lang='lat' dir='ltr'><strong>Pes</strong></span> <span class='ocrx_word' id='word_1_540' title='bbox 3444 3770 3636 3818; x_wconf 89' lang='lat' dir='ltr'><strong>autem</strong></span> <span class='ocrx_word' id='word_1_541' title='bbox 3671 3766 3891 3834; x_wconf 85' lang='lat' dir='ltr'><strong>palmes</strong></span> 
     </span>
    </p>
   </div>
   <div class='ocr_carea' id='block_1_80' title="bbox 2188 3853 3891 3925">
    <p class='ocr_par' dir='ltr' id='par_1_80' title="bbox 2188 3853 3891 3925">
     <span class='ocr_line' id='line_1_80' title="bbox 2188 3853 3891 3925; baseline -0.002 -15"><span class='ocrx_word' id='word_1_542' title='bbox 2188 3855 2364 3910; x_wconf 90' lang='lat' dir='ltr'><strong>habet</strong></span> <span class='ocrx_word' id='word_1_543' title='bbox 2388 3859 2660 3925; x_wconf 86' lang='lat' dir='ltr'><strong>quatuor,</strong></span> <span class='ocrx_word' id='word_1_544' title='bbox 2693 3853 2940 3923; x_wconf 89' lang='lat' dir='ltr'><strong>semipes</strong></span> <span class='ocrx_word' id='word_1_545' title='bbox 2974 3855 3027 3919; x_wconf 87' lang='lat'><strong>2,</strong></span> <span class='ocrx_word' id='word_1_546' title='bbox 3059 3853 3288 3922; x_wconf 89' lang='lat' dir='ltr'><strong>palmus</strong></span> <span class='ocrx_word' id='word_1_547' title='bbox 3316 3869 3451 3907; x_wconf 91' lang='lat' dir='ltr'><strong>vero</strong></span> <span class='ocrx_word' id='word_1_548' title='bbox 3471 3859 3723 3923; x_wconf 89' lang='lat' dir='ltr'><strong>quatuor</strong></span> <span class='ocrx_word' id='word_1_549' title='bbox 3755 3855 3891 3924; x_wconf 91' lang='lat' dir='ltr'><strong>digi-</strong></span> 
     </span>
    </p>
   </div>
   <div class='ocr_carea' id='block_1_81' title="bbox 2187 3941 3892 4013">
    <p class='ocr_par' dir='ltr' id='par_1_81' title="bbox 2187 3941 3892 4013">
     <span class='ocr_line' id='line_1_81' title="bbox 2187 3941 3892 4013; baseline -0.002 -15"><span class='ocrx_word' id='word_1_550' title='bbox 2187 3947 2381 3998; x_wconf 90' lang='lat' dir='ltr'><strong>torum</strong></span> <span class='ocrx_word' id='word_1_551' title='bbox 2409 3941 2778 4013; x_wconf 86' lang='lat' dir='ltr'><strong>protensione</strong></span> <span class='ocrx_word' id='word_1_552' title='bbox 2822 3943 3163 4012; x_wconf 88' lang='lat' dir='ltr'><strong>completur.</strong></span> <span class='ocrx_word' id='word_1_553' title='bbox 3218 3943 3295 3995; x_wconf 91' lang='lat' dir='ltr'><strong>De</strong></span> <span class='ocrx_word' id='word_1_554' title='bbox 3326 3941 3538 3995; x_wconf 90' lang='lat' dir='ltr'><strong>unciali</strong></span> <span class='ocrx_word' id='word_1_555' title='bbox 3567 3958 3701 3996; x_wconf 89' lang='lat' dir='ltr'><strong>vero</strong></span> <span class='ocrx_word' id='word_1_556' title='bbox 3733 3948 3789 3997; x_wconf 90' lang='lat' dir='ltr'><strong>et</strong></span> <span class='ocrx_word' id='word_1_557' title='bbox 3818 3943 3892 3997; x_wconf 89' lang='lat' dir='ltr'><strong>di-</strong></span> 
     </span>
    </p>
   </div>
   <div class='ocr_carea' id='block_1_82' title="bbox 2188 4029 3892 4103">
    <p class='ocr_par' dir='ltr' id='par_1_82' title="bbox 2188 4029 3892 4103">
     <span class='ocr_line' id='line_1_82' title="bbox 2188 4029 3892 4103; baseline -0.002 -17"><span class='ocrx_word' id='word_1_558' title='bbox 2188 4032 2351 4103; x_wconf 89' lang='lat' dir='ltr'><strong>gitali</strong></span> <span class='ocrx_word' id='word_1_559' title='bbox 2379 4046 2651 4086; x_wconf 89' lang='lat' dir='ltr'><strong>mensura</strong></span> <span class='ocrx_word' id='word_1_560' title='bbox 2681 4029 2908 4097; x_wconf 90' lang='lat' dir='ltr'><strong>melius,</strong></span> <span class='ocrx_word' id='word_1_561' title='bbox 2943 4046 3072 4083; x_wconf 88' lang='lat' dir='ltr'><strong>cum</strong></span> <span class='ocrx_word' id='word_1_562' title='bbox 3105 4029 3174 4084; x_wconf 90' lang='lat' dir='ltr'><strong>de</strong></span> <span class='ocrx_word' id='word_1_563' title='bbox 3214 4030 3538 4084; x_wconf 88' lang='lat' dir='ltr'><strong>uncialibns</strong></span> <span class='ocrx_word' id='word_1_564' title='bbox 3568 4036 3626 4084; x_wconf 89' lang='lat' dir='ltr'><strong>et</strong></span> <span class='ocrx_word' id='word_1_565' title='bbox 3655 4033 3812 4085; x_wconf 89' lang='lat' dir='ltr'><strong>notis</strong></span> <span class='ocrx_word' id='word_1_566' title='bbox 3843 4035 3892 4084; x_wconf 90' lang='lat' dir='ltr'><strong>et</strong></span> 
     </span>
    </p>
   </div>
   <div class='ocr_carea' id='block_1_83' title="bbox 2187 4117 3891 4188">
    <p class='ocr_par' dir='ltr' id='par_1_83' title="bbox 2187 4117 3891 4188">
     <span class='ocr_line' id='line_1_83' title="bbox 2187 4117 3891 4188; baseline -0.003 -13"><span class='ocrx_word' id='word_1_567' title='bbox 2187 4120 2523 4175; x_wconf 89' lang='lat' dir='ltr'><strong>nominibus</strong></span> <span class='ocrx_word' id='word_1_568' title='bbox 2553 4119 2613 4172; x_wconf 91' lang='lat' dir='ltr'><strong>in</strong></span> <span class='ocrx_word' id='word_1_569' title='bbox 2640 4117 3010 4188; x_wconf 88' lang='lat' dir='ltr'><strong>sequentibus</strong></span> <span class='ocrx_word' id='word_1_570' title='bbox 3041 4117 3546 4187; x_wconf 90' lang='lat' dir='ltr'><strong>disputaverimus,</strong></span> <span class='ocrx_word' id='word_1_571' title='bbox 3590 4118 3891 4173; x_wconf 71' lang='lat' dir='ltr'><strong>dicemus?</strong></span> 
     </span>
    </p>
   </div>
   <div class='ocr_carea' id='block_1_84' title="bbox 2188 4206 3892 4280">
    <p class='ocr_par' dir='ltr' id='par_1_84' title="bbox 2188 4206 3892 4280">
     <span class='ocr_line' id='line_1_84' title="bbox 2188 4206 3892 4280; baseline -0.001 -16"><span class='ocrx_word' id='word_1_572' title='bbox 2188 4209 2606 4279; x_wconf 89' lang='lat' dir='ltr'><strong>enodatiusque</strong></span> <span class='ocrx_word' id='word_1_573' title='bbox 2644 4223 2774 4261; x_wconf 90' lang='lat' dir='ltr'><strong>cum</strong></span> <span class='ocrx_word' id='word_1_574' title='bbox 2824 4207 2894 4260; x_wconf 91' lang='lat' dir='ltr'><strong>de</strong></span> <span class='ocrx_word' id='word_1_575' title='bbox 2942 4206 3362 4260; x_wconf 86' lang='lat' dir='ltr'><strong>elementorum</strong></span> <span class='ocrx_word' id='word_1_576' title='bbox 3419 4207 3892 4280; x_wconf 89' lang='lat' dir='ltr'><strong>minutorumque</strong></span> 
     </span>
    </p>
   </div>
   <div class='ocr_carea' id='block_1_85' title="bbox 2189 4295 3894 4366">
    <p class='ocr_par' dir='ltr' id='par_1_85' title="bbox 2189 4295 3894 4366">
     <span class='ocr_line' id='line_1_85' title="bbox 2189 4295 3894 4366; baseline -0.001 -13"><span class='ocrx_word' id='word_1_577' title='bbox 2189 4296 2600 4353; x_wconf 85' lang='lat' dir='ltr'><strong>subtilitatibus</strong></span> <span class='ocrx_word' id='word_1_578' title='bbox 2645 4295 3098 4366; x_wconf 90' lang='lat' dir='ltr'><strong>promiserimus,</strong></span> <span class='ocrx_word' id='word_1_579' title='bbox 3132 4297 3489 4366; x_wconf 83' lang='lat' dir='ltr'><strong>eloquamur,</strong></span> <span class='ocrx_word' id='word_1_580' title='bbox 3524 4312 3677 4349; x_wconf 92' lang='lat' dir='ltr'><strong>nunc</strong></span> <span class='ocrx_word' id='word_1_581' title='bbox 3712 4299 3786 4350; x_wconf 89' lang='lat' dir='ltr'><strong>ad</strong></span> <span class='ocrx_word' id='word_1_582' title='bbox 3817 4314 3894 4351; x_wconf 88' lang='lat' dir='ltr'><strong>se-</strong></span> 
     </span>
    </p>
   </div>
   <div class='ocr_carea' id='block_1_86' title="bbox 2188 4384 3894 4460">
    <p class='ocr_par' dir='ltr' id='par_1_86' title="bbox 2188 4384 3894 4460">
     <span class='ocr_line' id='line_1_86' title="bbox 2188 4384 3894 4460; baseline -0.001 -18"><span class='ocrx_word' id='word_1_583' title='bbox 2188 4386 2418 4460; x_wconf 90' lang='lat' dir='ltr'><strong>quentis</strong></span> <span class='ocrx_word' id='word_1_584' title='bbox 2462 4390 2737 4439; x_wconf 87' lang='lat' dir='ltr'><strong>tractatus</strong></span> <span class='ocrx_word' id='word_1_585' title='bbox 2782 4385 3210 4439; x_wconf 89' lang='lat' dir='ltr'><strong>enarrationem</strong></span> <span class='ocrx_word' id='word_1_586' title='bbox 3252 4384 3440 4438; x_wconf 88' lang='lat' dir='ltr'><strong>redire</strong></span> <span class='ocrx_word' id='word_1_587' title='bbox 3485 4401 3591 4438; x_wconf 89' lang='lat' dir='ltr'><strong>nos</strong></span> <span class='ocrx_word' id='word_1_588' title='bbox 3630 4387 3894 4440; x_wconf 87' lang='lat' dir='ltr'><strong>convenit</strong></span> 
     </span>
    </p>
   </div>
   <div class='ocr_carea' id='block_1_87' title="bbox 2188 4472 3893 4546">
    <p class='ocr_par' dir='ltr' id='par_1_87' title="bbox 2188 4472 3893 4546">
     <span class='ocr_line' id='line_1_87' title="bbox 2188 4472 3893 4546; baseline -0.002 -15"><span class='ocrx_word' id='word_1_589' title='bbox 2188 4478 2236 4531; x_wconf 90' lang='lat' dir='ltr'><strong>si</strong></span> <span class='ocrx_word' id='word_1_590' title='bbox 2287 4476 2448 4546; x_wconf 89' lang='lat' dir='ltr'><strong>prius</strong></span> <span class='ocrx_word' id='word_1_591' title='bbox 2492 4473 2631 4544; x_wconf 92' lang='lat' dir='ltr'><strong>quid</strong></span> <span class='ocrx_word' id='word_1_592' title='bbox 2659 4489 2759 4544; x_wconf 91' lang='lat' dir='ltr'><strong>pes</strong></span> <span class='ocrx_word' id='word_1_593' title='bbox 2805 4478 3122 4544; x_wconf 88' lang='lat' dir='ltr'><strong>porrectus,</strong></span> <span class='ocrx_word' id='word_1_594' title='bbox 3167 4472 3307 4543; x_wconf 91' lang='lat' dir='ltr'><strong>quid</strong></span> <span class='ocrx_word' id='word_1_595' title='bbox 3336 4479 3700 4543; x_wconf 65' lang='lat' dir='ltr'><strong>,contractns,</strong></span> <span class='ocrx_word' id='word_1_596' title='bbox 3735 4476 3893 4545; x_wconf 88' lang='lat' dir='ltr'><strong>quid-</strong></span> 
     </span>
    </p>
   </div>
   <div class='ocr_carea' id='block_1_88' title="bbox 2188 4562 3893 4638">
    <p class='ocr_par' dir='ltr' id='par_1_88' title="bbox 2188 4562 3893 4638">
     <span class='ocr_line' id='line_1_88' title="bbox 2188 4562 3893 4638; baseline -0.001 -18"><span class='ocrx_word' id='word_1_597' title='bbox 2188 4581 2300 4638; x_wconf 90' lang='lat' dir='ltr'><strong>que</strong></span> <span class='ocrx_word' id='word_1_598' title='bbox 2331 4565 2403 4619; x_wconf 92' lang='lat' dir='ltr'><strong>sit</strong></span> <span class='ocrx_word' id='word_1_599' title='bbox 2429 4563 2744 4635; x_wconf 88' lang='lat' dir='ltr'><strong>quadratus</strong></span> <span class='ocrx_word' id='word_1_600' title='bbox 2774 4562 3379 4617; x_wconf 88' lang='lat' dir='ltr'><strong>demonstraverimus.</strong></span> <span class='ocrx_word' id='word_1_601' title='bbox 3421 4562 3524 4616; x_wconf 90' lang='lat' dir='ltr'><strong>Pes</strong></span> <span class='ocrx_word' id='word_1_602' title='bbox 3555 4569 3749 4617; x_wconf 92' lang='lat' dir='ltr'><strong>autem</strong></span> <span class='ocrx_word' id='word_1_603' title='bbox 3777 4581 3893 4634; x_wconf 88' lang='lat' dir='ltr'><strong>por-</strong></span> 
     </span>
    </p>
   </div>
   <div class='ocr_carea' id='block_1_89' title="bbox 450 4649 3891 4726">
    <p class='ocr_par' dir='ltr' id='par_1_89' title="bbox 450 4649 3891 4726">
     <span class='ocr_line' id='line_1_89' title="bbox 450 4649 3891 4726; baseline -0.002 -17"><span class='ocrx_word' id='word_1_604' title='bbox 450 4655 626 4709; x_wconf 89' lang='lat' dir='ltr'><strong>Prisci</strong></span> <span class='ocrx_word' id='word_1_605' title='bbox 688 4655 866 4726; x_wconf 83' lang='lat' dir='ltr'><strong>igitur</strong></span> <span class='ocrx_word' id='word_1_606' title='bbox 928 4654 1288 4724; x_wconf 86' lang='lat' dir='ltr'><strong>podismatici</strong></span> <span class='ocrx_word' id='word_1_607' title='bbox 1345 4654 1661 4708; x_wconf 89' lang='lat' dir='ltr'><strong>cautissimi</strong></span> <span class='ocrx_word' id='word_1_608' title='bbox 1734 4654 2078 4724; x_wconf 88' lang='lat' dir='ltr'><strong>dispectores</strong></span> <span class='ocrx_word' id='word_1_609' title='bbox 2116 4663 2160 4717; x_wconf 85' lang='lat'><strong>1)</strong></span> <span class='ocrx_word' id='word_1_610' title='bbox 2193 4658 2379 4710; x_wconf 90' lang='lat' dir='ltr'><strong>rectus</strong></span> <span class='ocrx_word' id='word_1_611' title='bbox 2410 4651 2623 4707; x_wconf 90' lang='lat' dir='ltr'><strong>dicitur</strong></span> <span class='ocrx_word' id='word_1_612' title='bbox 2659 4650 2760 4705; x_wconf 90' lang='lat' dir='ltr'><strong>ubi</strong></span> <span class='ocrx_word' id='word_1_613' title='bbox 2787 4654 3016 4705; x_wconf 84' lang='lat' dir='ltr'><strong>tantum</strong></span> <span class='ocrx_word' id='word_1_614' title='bbox 3064 4649 3280 4721; x_wconf 89' lang='lat' dir='ltr'><strong>pedalis</strong></span> <span class='ocrx_word' id='word_1_615' title='bbox 3329 4665 3598 4703; x_wconf 89' lang='lat' dir='ltr'><strong>mensura</strong></span> <span class='ocrx_word' id='word_1_616' title='bbox 3635 4652 3696 4703; x_wconf 92' lang='lat' dir='ltr'><strong>in</strong></span> <span class='ocrx_word' id='word_1_617' title='bbox 3727 4651 3891 4720; x_wconf 89' lang='lat' dir='ltr'><strong>longo</strong></span> 
     </span>
    </p>
   </div>
   <div class='ocr_carea' id='block_1_90' title="bbox 381 4742 2081 4813">
    <p class='ocr_par' dir='ltr' id='par_1_90' title="bbox 381 4742 2081 4813">
     <span class='ocr_line' id='line_1_90' title="bbox 381 4742 2081 4813; baseline -0.001 -15"><span class='ocrx_word' id='word_1_618' title='bbox 381 4744 684 4798; x_wconf 90' lang='lat' dir='ltr'><strong>duodecim</strong></span> <span class='ocrx_word' id='word_1_619' title='bbox 727 4759 1125 4797; x_wconf 88' lang='lat' dir='ltr'><strong>mensurarum</strong></span> <span class='ocrx_word' id='word_1_620' title='bbox 1157 4759 1367 4812; x_wconf 89' lang='lat' dir='ltr'><strong>genera</strong></span> <span class='ocrx_word' id='word_1_621' title='bbox 1397 4744 1835 4808; x_wconf 86' lang='lat' dir='ltr'><strong>constituerunt,</strong></span> <span class='ocrx_word' id='word_1_622' title='bbox 1873 4742 2081 4813; x_wconf 92' lang='lat' dir='ltr'><strong>quibus</strong></span> 
     </span>
    </p>
   </div>
   <div class='ocr_carea' id='block_1_91' title="bbox 380 4833 2082 4903">
    <p class='ocr_par' dir='ltr' id='par_1_91' title="bbox 380 4833 2082 4903">
     <span class='ocr_line' id='line_1_91' title="bbox 380 4833 2082 4903; baseline -0.001 -18"><span class='ocrx_word' id='word_1_623' title='bbox 380 4848 512 4886; x_wconf 92' lang='lat' dir='ltr'><strong>cum</strong></span> <span class='ocrx_word' id='word_1_624' title='bbox 578 4834 804 4900; x_wconf 87' lang='lat' dir='ltr'><strong>vellent,</strong></span> <span class='ocrx_word' id='word_1_625' title='bbox 880 4833 1218 4896; x_wconf 84' lang='lat' dir='ltr'><strong>formarum,</strong></span> <span class='ocrx_word' id='word_1_626' title='bbox 1267 4849 1650 4903; x_wconf 89' lang='lat' dir='ltr'><strong>agrorumque</strong></span> <span class='ocrx_word' id='word_1_627' title='bbox 1707 4833 2082 4886; x_wconf 86' lang='lat' dir='ltr'><strong>emetirentur</strong></span> 
     </span>
    </p>
   </div>
   <div class='ocr_carea' id='block_1_92' title="bbox 380 4921 2082 4986">
    <p class='ocr_par' dir='ltr' id='par_1_92' title="bbox 380 4921 2082 4986">
     <span class='ocr_line' id='line_1_92' title="bbox 380 4921 2082 4986; baseline -0.001 -11"><span class='ocrx_word' id='word_1_628' title='bbox 380 4937 561 4976; x_wconf 91' lang='lat' dir='ltr'><strong>areas.</strong></span> <span class='ocrx_word' id='word_1_629' title='bbox 593 4921 849 4985; x_wconf 88' lang='lat' dir='ltr'><strong>Quorum</strong></span> <span class='ocrx_word' id='word_1_630' title='bbox 880 4921 1001 4974; x_wconf 62' lang='lat' dir='ltr'><strong>haec</strong></span> <span class='ocrx_word' id='word_1_631' title='bbox 1035 4929 1170 4975; x_wconf 89' lang='lat' dir='ltr'><strong>sunt</strong></span> <span class='ocrx_word' id='word_1_632' title='bbox 1197 4922 1434 4974; x_wconf 89' lang='lat' dir='ltr'><strong>nomina</strong></span> <span class='ocrx_word' id='word_1_633' title='bbox 1459 4921 2082 4986; x_wconf 81' lang='lat' dir='ltr'><strong>miliarium,stadiumr</strong></span> 
     </span>
    </p>
   </div>
   <div class='ocr_carea' id='block_1_93' title="bbox 383 5010 2080 5080">
    <p class='ocr_par' dir='ltr' id='par_1_93' title="bbox 383 5010 2080 5080">
     <span class='ocr_line' id='line_1_93' title="bbox 383 5010 2080 5080; baseline -0.001 -17"><span class='ocrx_word' id='word_1_634' title='bbox 383 5016 558 5078; x_wconf 89' lang='lat' dir='ltr'><strong>actus,</strong></span> <span class='ocrx_word' id='word_1_635' title='bbox 591 5010 957 5079; x_wconf 88' lang='lat' dir='ltr'><strong>decempeda,</strong></span> <span class='ocrx_word' id='word_1_636' title='bbox 987 5025 1114 5080; x_wconf 71' lang='lat' dir='ltr'><strong>qua:</strong></span> <span class='ocrx_word' id='word_1_637' title='bbox 1141 5010 1339 5062; x_wconf 79' lang='lat' dir='ltr'><strong>eadem</strong></span> <span class='ocrx_word' id='word_1_638' title='bbox 1371 5015 1427 5062; x_wconf 87' lang='lat' dir='ltr'><strong>et</strong></span> <span class='ocrx_word' id='word_1_639' title='bbox 1453 5011 1666 5078; x_wconf 88' lang='lat' dir='ltr'><strong>pertica</strong></span> <span class='ocrx_word' id='word_1_640' title='bbox 1699 5025 1913 5078; x_wconf 89' lang='lat' dir='ltr'><strong>passus,</strong></span> <span class='ocrx_word' id='word_1_641' title='bbox 1949 5026 2080 5079; x_wconf 89' lang='lat' dir='ltr'><strong>gra-</strong></span> 
     </span>
    </p>
   </div>
   <div class='ocr_carea' id='block_1_94' title="bbox 383 5097 2076 5168">
    <p class='ocr_par' dir='ltr' id='par_1_94' title="bbox 383 5097 2076 5168">
     <span class='ocr_line' id='line_1_94' title="bbox 383 5097 2076 5168; baseline 0 -16"><span class='ocrx_word' id='word_1_642' title='bbox 383 5097 510 5165; x_wconf 89' lang='lat' dir='ltr'><strong>dus,</strong></span> <span class='ocrx_word' id='word_1_643' title='bbox 555 5098 800 5164; x_wconf 89' lang='lat' dir='ltr'><strong>cubitus,</strong></span> <span class='ocrx_word' id='word_1_644' title='bbox 851 5114 972 5167; x_wconf 90' lang='lat' dir='ltr'><strong>pes,</strong></span> <span class='ocrx_word' id='word_1_645' title='bbox 1005 5098 1270 5168; x_wconf 91' lang='lat' dir='ltr'><strong>semipes,</strong></span> <span class='ocrx_word' id='word_1_646' title='bbox 1319 5101 1562 5168; x_wconf 87' lang='lat' dir='ltr'><strong>palmus,</strong></span> <span class='ocrx_word' id='word_1_647' title='bbox 1621 5100 1810 5164; x_wconf 89' lang='lat' dir='ltr'><strong>uncia,</strong></span> <span class='ocrx_word' id='word_1_648' title='bbox 1846 5099 2076 5168; x_wconf 91' lang='lat' dir='ltr'><strong>digitus.</strong></span> 
     </span>
    </p>
   </div>
   <div class='ocr_carea' id='block_1_95' title="bbox 381 5187 2080 5258">
    <p class='ocr_par' dir='ltr' id='par_1_95' title="bbox 381 5187 2080 5258">
     <span class='ocr_line' id='line_1_95' title="bbox 381 5187 2080 5258; baseline 0.001 -18"><span class='ocrx_word' id='word_1_649' title='bbox 381 5187 685 5240; x_wconf 79' lang='lat' dir='ltr'><strong>Miliarium</strong></span> <span class='ocrx_word' id='word_1_650' title='bbox 725 5202 859 5240; x_wconf 89' lang='lat' dir='ltr'><strong>vero</strong></span> <span class='ocrx_word' id='word_1_651' title='bbox 901 5189 930 5239; x_wconf 86' lang='lat'><strong>5</strong></span> <span class='ocrx_word' id='word_1_652' title='bbox 973 5188 1151 5239; x_wconf 88' lang='lat' dir='ltr'><strong>millia</strong></span> <span class='ocrx_word' id='word_1_653' title='bbox 1183 5189 1396 5256; x_wconf 89' lang='lat' dir='ltr'><strong>pedum</strong></span> <span class='ocrx_word' id='word_1_654' title='bbox 1442 5189 1840 5258; x_wconf 87' lang='lat' dir='ltr'><strong>protensiones</strong></span> <span class='ocrx_word' id='word_1_655' title='bbox 1871 5188 2080 5242; x_wconf 89' lang='lat' dir='ltr'><strong>habere</strong></span> 
     </span>
    </p>
   </div>
   <div class='ocr_carea' id='block_1_96' title="bbox 384 5274 2081 5346">
    <p class='ocr_par' dir='ltr' id='par_1_96' title="bbox 384 5274 2081 5346">
     <span class='ocr_line' id='line_1_96' title="bbox 384 5274 2081 5346; baseline 0.001 -19"><span class='ocrx_word' id='word_1_656' title='bbox 384 5277 662 5329; x_wconf 90' lang='lat' dir='ltr'><strong>sancitum</strong></span> <span class='ocrx_word' id='word_1_657' title='bbox 694 5280 799 5329; x_wconf 90' lang='lat' dir='ltr'><strong>est.</strong></span> <span class='ocrx_word' id='word_1_658' title='bbox 836 5274 1098 5328; x_wconf 90' lang='lat' dir='ltr'><strong>Stadium</strong></span> <span class='ocrx_word' id='word_1_659' title='bbox 1138 5281 1330 5328; x_wconf 90' lang='lat' dir='ltr'><strong>autem</strong></span> <span class='ocrx_word' id='word_1_660' title='bbox 1385 5279 1452 5327; x_wconf 80' lang='grc'><strong>25</strong></span> <span class='ocrx_word' id='word_1_661' title='bbox 1482 5277 1654 5346; x_wconf 89' lang='lat' dir='ltr'><strong>pedes</strong></span> <span class='ocrx_word' id='word_1_662' title='bbox 1711 5276 1922 5330; x_wconf 88' lang='lat' dir='ltr'><strong>habere</strong></span> <span class='ocrx_word' id='word_1_663' title='bbox 1951 5292 2081 5329; x_wconf 92' lang='lat' dir='ltr'><strong>con-</strong></span> 
     </span>
    </p>
   </div>
   <div class='ocr_carea' id='block_1_97' title="bbox 383 5363 2082 5437">
    <p class='ocr_par' dir='ltr' id='par_1_97' title="bbox 383 5363 2082 5437">
     <span class='ocr_line' id='line_1_97' title="bbox 383 5363 2082 5437; baseline 0.002 -23"><span class='ocrx_word' id='word_1_664' title='bbox 383 5368 510 5416; x_wconf 88' lang='lat' dir='ltr'><strong>stat.</strong></span> <span class='ocrx_word' id='word_1_665' title='bbox 539 5367 712 5417; x_wconf 83' lang='lat' dir='ltr'><strong>Actus</strong></span> <span class='ocrx_word' id='word_1_666' title='bbox 741 5363 1023 5417; x_wconf 85' lang='lat' dir='ltr'><strong>trifariam</strong></span> <span class='ocrx_word' id='word_1_667' title='bbox 1055 5364 1347 5431; x_wconf 86' lang='lat' dir='ltr'><strong>dividitur,</strong></span> <span class='ocrx_word' id='word_1_668' title='bbox 1383 5365 1442 5417; x_wconf 92' lang='lat' dir='ltr'><strong>in</strong></span> <span class='ocrx_word' id='word_1_669' title='bbox 1495 5367 1822 5433; x_wconf 88' lang='lat' dir='ltr'><strong>minimum,</strong></span> <span class='ocrx_word' id='word_1_670' title='bbox 1855 5365 1914 5418; x_wconf 94' lang='lat' dir='ltr'><strong>in</strong></span> <span class='ocrx_word' id='word_1_671' title='bbox 1944 5381 2082 5437; x_wconf 90' lang='lat' dir='ltr'><strong>qua-</strong></span> 
     </span>
    </p>
   </div>
   <div class='ocr_carea' id='block_1_98' title="bbox 385 5450 2081 5524">
    <p class='ocr_par' dir='ltr' id='par_1_98' title="bbox 385 5450 2081 5524">
     <span class='ocr_line' id='line_1_98' title="bbox 385 5450 2081 5524; baseline 0.004 -22"><span class='ocrx_word' id='word_1_672' title='bbox 385 5450 632 5518; x_wconf 90' lang='lat' dir='ltr'><strong>dratum,</strong></span> <span class='ocrx_word' id='word_1_673' title='bbox 664 5454 724 5506; x_wconf 90' lang='lat' dir='ltr'><strong>in</strong></span> <span class='ocrx_word' id='word_1_674' title='bbox 755 5454 1128 5524; x_wconf 89' lang='lat' dir='ltr'><strong>duplicatum.</strong></span> <span class='ocrx_word' id='word_1_675' title='bbox 1171 5457 1342 5506; x_wconf 88' lang='lat' dir='ltr'><strong>Actus</strong></span> <span class='ocrx_word' id='word_1_676' title='bbox 1373 5454 1647 5507; x_wconf 89' lang='lat' dir='ltr'><strong>minimus</strong></span> <span class='ocrx_word' id='word_1_677' title='bbox 1687 5462 1932 5524; x_wconf 87' lang='lat' dir='ltr'><strong>quatuor</strong></span> <span class='ocrx_word' id='word_1_678' title='bbox 1961 5463 2081 5508; x_wconf 88' lang='lat' dir='ltr'><strong>tan-</strong></span> 
     </span>
    </p>
   </div>
   <div class='ocr_carea' id='block_1_99' title="bbox 383 5541 2077 5614">
    <p class='ocr_par' dir='ltr' id='par_1_99' title="bbox 383 5541 2077 5614">
     <span class='ocr_line' id='line_1_99' title="bbox 383 5541 2077 5614; baseline 0.001 -18"><span class='ocrx_word' id='word_1_679' title='bbox 383 5546 507 5596; x_wconf 89' lang='lat' dir='ltr'><strong>tum</strong></span> <span class='ocrx_word' id='word_1_680' title='bbox 535 5541 774 5610; x_wconf 85' lang='lat' dir='ltr'><strong>pedibus</strong></span> <span class='ocrx_word' id='word_1_681' title='bbox 797 5545 858 5598; x_wconf 91' lang='lat' dir='ltr'><strong>in</strong></span> <span class='ocrx_word' id='word_1_682' title='bbox 891 5545 1211 5610; x_wconf 85' lang='lat' dir='ltr'><strong>latitudine,</strong></span> <span class='ocrx_word' id='word_1_683' title='bbox 1253 5549 1309 5598; x_wconf 92' lang='lat' dir='ltr'><strong>et</strong></span> <span class='ocrx_word' id='word_1_684' title='bbox 1343 5546 1441 5596; x_wconf 80' lang='grc'><strong>120</strong></span> <span class='ocrx_word' id='word_1_685' title='bbox 1478 5544 1719 5613; x_wconf 87' lang='lat' dir='ltr'><strong>pedibus</strong></span> <span class='ocrx_word' id='word_1_686' title='bbox 1740 5545 1800 5596; x_wconf 93' lang='lat' dir='ltr'><strong>in</strong></span> <span class='ocrx_word' id='word_1_687' title='bbox 1827 5543 2077 5614; x_wconf 92' lang='lat' dir='ltr'><strong>longitu-</strong></span> 
     </span>
    </p>
   </div>
   <div class='ocr_carea' id='block_1_100' title="bbox 2188 4738 3889 4815">
    <p class='ocr_par' dir='ltr' id='par_1_100' title="bbox 2188 4738 3889 4815">
     <span class='ocr_line' id='line_1_100' title="bbox 2188 4738 3889 4815; baseline -0.005 -17"><span class='ocrx_word' id='word_1_688' title='bbox 2188 4741 2567 4815; x_wconf 90' lang='lat' dir='ltr'><strong>pernoscitur.</strong></span> <span class='ocrx_word' id='word_1_689' title='bbox 2626 4741 2962 4795; x_wconf 88' lang='lat' dir='ltr'><strong>Contractus</strong></span> <span class='ocrx_word' id='word_1_690' title='bbox 3009 4744 3201 4793; x_wconf 91' lang='lat' dir='ltr'><strong>autem</strong></span> <span class='ocrx_word' id='word_1_691' title='bbox 3248 4753 3350 4809; x_wconf 88' lang='lat' dir='ltr'><strong>pes</strong></span> <span class='ocrx_word' id='word_1_692' title='bbox 3396 4738 3491 4791; x_wconf 91' lang='lat' dir='ltr'><strong>ille</strong></span> <span class='ocrx_word' id='word_1_693' title='bbox 3521 4738 3889 4807; x_wconf 87' lang='lat' dir='ltr'><strong>dijudicatur,</strong></span> 
     </span>
    </p>
   </div>
   <div class='ocr_carea' id='block_1_101' title="bbox 2191 4827 3890 4904">
    <p class='ocr_par' dir='ltr' id='par_1_101' title="bbox 2191 4827 3890 4904">
     <span class='ocr_line' id='line_1_101' title="bbox 2191 4827 3890 4904; baseline -0.005 -19"><span class='ocrx_word' id='word_1_694' title='bbox 2191 4834 2253 4887; x_wconf 89' lang='lat' dir='ltr'><strong>in</strong></span> <span class='ocrx_word' id='word_1_695' title='bbox 2284 4847 2397 4904; x_wconf 92' lang='lat' dir='ltr'><strong>quo</strong></span> <span class='ocrx_word' id='word_1_696' title='bbox 2421 4829 2722 4900; x_wconf 90' lang='lat' dir='ltr'><strong>longitudo</strong></span> <span class='ocrx_word' id='word_1_697' title='bbox 2751 4828 3110 4899; x_wconf 88' lang='lat' dir='ltr'><strong>latitudoque</strong></span> <span class='ocrx_word' id='word_1_698' title='bbox 3131 4827 3542 4882; x_wconf 87' lang='lat' dir='ltr'><strong>consideratur.</strong></span> <span class='ocrx_word' id='word_1_699' title='bbox 3570 4827 3890 4889; x_wconf 82' lang='lat' dir='ltr'><strong>Quadratus</strong></span> 
     </span>
    </p>
   </div>
   <div class='ocr_carea' id='block_1_102' title="bbox 2191 4915 3892 4991">
    <p class='ocr_par' dir='ltr' id='par_1_102' title="bbox 2191 4915 3892 4991">
     <span class='ocr_line' id='line_1_102' title="bbox 2191 4915 3892 4991; baseline -0.004 -18"><span class='ocrx_word' id='word_1_700' title='bbox 2191 4938 2324 4975; x_wconf 84' lang='lat' dir='ltr'><strong>vero</strong></span> <span class='ocrx_word' id='word_1_701' title='bbox 2371 4936 2473 4991; x_wconf 88' lang='lat' dir='ltr'><strong>pes</strong></span> <span class='ocrx_word' id='word_1_702' title='bbox 2504 4919 2766 4987; x_wconf 86' lang='lat' dir='ltr'><strong>habetur,</strong></span> <span class='ocrx_word' id='word_1_703' title='bbox 2808 4917 2909 4972; x_wconf 91' lang='lat' dir='ltr'><strong>ubi</strong></span> <span class='ocrx_word' id='word_1_704' title='bbox 2956 4919 3119 4971; x_wconf 76' lang='lat' dir='ltr'><strong>trime</strong></span> <span class='ocrx_word' id='word_1_705' title='bbox 3151 4915 3528 4971; x_wconf 88' lang='lat' dir='ltr'><strong>dimensionis</strong></span> <span class='ocrx_word' id='word_1_706' title='bbox 3577 4915 3892 4969; x_wconf 86' lang='lat' dir='ltr'><strong>considera-</strong></span> 
     </span>
    </p>
   </div>
   <div class='ocr_carea' id='block_1_103' title="bbox 2191 5003 3888 5080">
    <p class='ocr_par' dir='ltr' id='par_1_103' title="bbox 2191 5003 3888 5080">
     <span class='ocr_line' id='line_1_103' title="bbox 2191 5003 3888 5080; baseline -0.004 -16"><span class='ocrx_word' id='word_1_707' title='bbox 2191 5011 2269 5064; x_wconf 91' lang='lat' dir='ltr'><strong>tio</strong></span> <span class='ocrx_word' id='word_1_708' title='bbox 2299 5008 2693 5080; x_wconf 84' lang='lat' dir='ltr'><strong>inaequalitate</strong></span> <span class='ocrx_word' id='word_1_709' title='bbox 2729 5009 3014 5074; x_wconf 89' lang='lat' dir='ltr'><strong>censetur,</strong></span> <span class='ocrx_word' id='word_1_710' title='bbox 3053 5004 3153 5061; x_wconf 90' lang='lat' dir='ltr'><strong>sed</strong></span> <span class='ocrx_word' id='word_1_711' title='bbox 3179 5005 3302 5076; x_wconf 87' lang='lat' dir='ltr'><strong>jam</strong></span> <span class='ocrx_word' id='word_1_712' title='bbox 3350 5010 3579 5075; x_wconf 89' lang='lat' dir='ltr'><strong>tempus</strong></span> <span class='ocrx_word' id='word_1_713' title='bbox 3611 5010 3698 5056; x_wconf 88' lang='lat' dir='ltr'><strong>est</strong></span> <span class='ocrx_word' id='word_1_714' title='bbox 3735 5004 3806 5057; x_wconf 91' lang='lat' dir='ltr'><strong>ad</strong></span> <span class='ocrx_word' id='word_1_715' title='bbox 3837 5003 3888 5058; x_wconf 89' lang='lat' dir='ltr'><strong>id</strong></span> 
     </span>
    </p>
   </div>
   <div class='ocr_carea' id='block_1_104' title="bbox 2191 5096 3039 5171">
    <p class='ocr_par' dir='ltr' id='par_1_104' title="bbox 2191 5096 3039 5171">
     <span class='ocr_line' id='line_1_104' title="bbox 2191 5096 3039 5171; baseline -0.004 -18"><span class='ocrx_word' id='word_1_716' title='bbox 2191 5102 2340 5171; x_wconf 92' lang='lat' dir='ltr'><strong>quod</strong></span> <span class='ocrx_word' id='word_1_717' title='bbox 2373 5099 2726 5152; x_wconf 83' lang='lat' dir='ltr'><strong>instituimus</strong></span> <span class='ocrx_word' id='word_1_718' title='bbox 2750 5096 3039 5152; x_wconf 89' lang='lat' dir='ltr'><strong>accedere.</strong></span> 
     </span>
    </p>
   </div>
   <div class='ocr_carea' id='block_1_105' title="bbox 2367 5237 3744 5297">
    <p class='ocr_par' dir='ltr' id='par_1_105' title="bbox 2367 5237 3744 5297">
     <span class='ocr_line' id='line_1_105' title="bbox 2367 5237 3744 5297; baseline -0.004 0"><span class='ocrx_word' id='word_1_719' title='bbox 2367 5247 2440 5297; x_wconf 90' lang='lat' dir='ltr'><strong>De</strong></span> <span class='ocrx_word' id='word_1_720' title='bbox 2467 5259 2721 5297; x_wconf 82' lang='lat' dir='ltr'><strong>mensura</strong></span> <span class='ocrx_word' id='word_1_721' title='bbox 2761 5249 2811 5297; x_wconf 82' lang='lat' dir='ltr'><strong>et</strong></span> <span class='ocrx_word' id='word_1_722' title='bbox 2839 5243 3016 5297; x_wconf 85' lang='lat' dir='ltr'><strong>tribus</strong></span> <span class='ocrx_word' id='word_1_723' title='bbox 3047 5239 3474 5296; x_wconf 81' lang='lat' dir='ltr'><strong>dimensionibus</strong></span> <span class='ocrx_word' id='word_1_724' title='bbox 3497 5237 3744 5292; x_wconf 84' lang='lat' dir='ltr'><strong>rubrica.</strong></span> 
     </span>
    </p>
   </div>
   <div class='ocr_carea' id='block_1_106' title="bbox 2262 5360 3881 5437">
    <p class='ocr_par' dir='ltr' id='par_1_106' title="bbox 2262 5360 3881 5437">
     <span class='ocr_line' id='line_1_106' title="bbox 2262 5360 3881 5437; baseline -0.004 -16"><span class='ocrx_word' id='word_1_725' title='bbox 2262 5367 2530 5431; x_wconf 87' lang='lat' dir='ltr'><strong>Quamvis</strong></span> <span class='ocrx_word' id='word_1_726' title='bbox 2564 5373 2735 5421; x_wconf 81' lang='lat' dir='ltr'><strong>etiam</strong></span> <span class='ocrx_word' id='word_1_727' title='bbox 2776 5367 2836 5421; x_wconf 91' lang='lat' dir='ltr'><strong>in</strong></span> <span class='ocrx_word' id='word_1_728' title='bbox 2875 5363 3190 5437; x_wconf 88' lang='lat' dir='ltr'><strong>superioris</strong></span> <span class='ocrx_word' id='word_1_729' title='bbox 3239 5363 3372 5419; x_wconf 88' lang='lat' dir='ltr'><strong>libri</strong></span> <span class='ocrx_word' id='word_1_730' title='bbox 3406 5362 3692 5434; x_wconf 88' lang='lat' dir='ltr'><strong>principio</strong></span> <span class='ocrx_word' id='word_1_731' title='bbox 3749 5360 3881 5432; x_wconf 90' lang='lat' dir='ltr'><strong>quid</strong></span> 
     </span>
    </p>
   </div>
   <div class='ocr_carea' id='block_1_107' title="bbox 2190 5451 3880 5528">
    <p class='ocr_par' dir='ltr' id='par_1_107' title="bbox 2190 5451 3880 5528">
     <span class='ocr_line' id='line_1_107' title="bbox 2190 5451 3880 5528; baseline -0.006 -17"><span class='ocrx_word' id='word_1_732' title='bbox 2190 5474 2460 5512; x_wconf 89' lang='lat' dir='ltr'><strong>mensura</strong></span> <span class='ocrx_word' id='word_1_733' title='bbox 2485 5458 2936 5528; x_wconf 87' lang='lat' dir='ltr'><strong>designaremus,</strong></span> <span class='ocrx_word' id='word_1_734' title='bbox 2978 5457 3117 5509; x_wconf 90' lang='lat' dir='ltr'><strong>libet</strong></span> <span class='ocrx_word' id='word_1_735' title='bbox 3138 5460 3334 5508; x_wconf 89' lang='lat' dir='ltr'><strong>tamen</strong></span> <span class='ocrx_word' id='word_1_736' title='bbox 3361 5453 3684 5525; x_wconf 88' lang='lat' dir='ltr'><strong>specialiter</strong></span> <span class='ocrx_word' id='word_1_737' title='bbox 3712 5451 3880 5520; x_wconf 87' lang='lat' dir='ltr'><strong>hujus</strong></span> 
     </span>
    </p>
   </div>
   <div class='ocr_carea' id='block_1_108' title="bbox 2190 5539 3877 5617">
    <p class='ocr_par' dir='ltr' id='par_1_108' title="bbox 2190 5539 3877 5617">
     <span class='ocr_line' id='line_1_108' title="bbox 2190 5539 3877 5617; baseline -0.006 -16"><span class='ocrx_word' id='word_1_738' title='bbox 2190 5547 2328 5602; x_wconf 88' lang='lat' dir='ltr'><strong>artis</strong></span> <span class='ocrx_word' id='word_1_739' title='bbox 2370 5545 2819 5616; x_wconf 88' lang='lat' dir='ltr'><strong>speculatoribus</strong></span> <span class='ocrx_word' id='word_1_740' title='bbox 2863 5543 3265 5598; x_wconf 87' lang='lat' dir='ltr'><strong>satisfaciendo</strong></span> <span class='ocrx_word' id='word_1_741' title='bbox 3300 5541 3629 5617; x_wconf 83' lang='lat' dir='ltr'><strong>secundum</strong></span> <span class='ocrx_word' id='word_1_742' title='bbox 3667 5539 3877 5595; x_wconf 82' lang='lat' dir='ltr'><strong>Julinm</strong></span> 
     </span>
    </p>
   </div>
  </div>
