4152 6184
220 330 237 381 l
254 328 361 383 337

1113 322 1679 382 INTERPRETATIO
1717 322 2049 381 EUCLIDIS
2087 324 2535 383 GEOMETRIJE.
2582 324 2712 380 LIB.
2756 326 2824 380 Ιῐ.

3582 330 3717 383 1338

286 459 623 514 Frontinum
653 457 1019 529 geometricas
1036 456 1913 529 artisinspectoremprovidissi-
1948 462 1995 513 A
2027 458 2261 519 bantur.
2320 460 2730 529 relinquuntur
2772 459 2894 523 390,
2952 464 3036 511 tot
3066 459 3240 527 pedes
3299 459 3470 529 hujus
3504 460 3721 531 trigoni

216 562 376 602 mum
405 547 543 619 quid
575 548 649 601 sit
677 563 950 601 mensura
978 546 1239 601 deﬁnire.

290 636 551 691 Mensura
572 635 786 707 quippe
817 641 901 690 est
927 635 1335 706 complurium,
1366 638 1425 690 et
1453 634 1605 690 inter
1635 652 1693 690 se
1726 650 1919 708 mqua-

219 724 364 779 lium
384 724 1128 795 intervallorumlongitudo
1151 723 1334 791 ﬁnita,
1350 723 1709 794 geometricas
1725 728 1917 780 autem

218 813 356 868 artis
398 814 738 869 mensuralis
768 813 1100 882 speculatio,
1127 814 1295 867 trinas
1334 813 1733 880 dimensionis,
1765 814 1823 868 id
1837 820 1921 870 est

218 904 613 974 longitudinis,
634 903 972 969 latitudinis,
1006 902 1423 968 crassitudinis,
1460 902 1920 956 consideratione

221 992 530 1063 colligitur.
568 994 632 1047 Et
660 996 723 1045 ut
751 991 1108 1046 enucleatius
1156 992 1491 1055 resolvatur,
1524 997 1696 1059 recto,
1748 991 1921 1062 plano

223 1082 521 1153 solidoque
550 1081 922 1152 dignoscitur.
956 1081 1196 1135 Rectum
1225 1085 1310 1134 est
1339 1080 1495 1151 quod
1556 1080 1919 1151 longitudine

226 1172 412 1225 solum
442 1170 832 1225 mensurando
887 1175 1170 1238 censetur,
1201 1175 1265 1224 ut
1295 1170 1461 1225 lineas
1486 1170 1760 1241 porticus,
1810 1175 1926 1225 sta-

230 1261 325 1316 dia
369 1260 661 1327 milliaria,
693 1259 1385 1326 ﬂuminumlatitudines,
1438 1263 1495 1313 et
1552 1259 1662 1313 alia
1719 1276 1923 1330 quam-

224 1351 392 1421 plura
422 1350 595 1419 longa
628 1348 994 1420 protensione
1033 1348 1266 1417 directa,
1301 1352 1364 1403 ut
1394 1348 1559 1403 lineae
1592 1347 1745 1403 infra
1767 1348 1922 1419 depi-

226 1444 334 1493 ctae
365 1438 671 1510 descriptio
698 1442 875 1492 notat.

950 1525 1193 1575 Rectum.

299 1691 543 1745 Planum
595 1692 681 1742 est
716 1687 871 1759 quod
921 1704 956 1741 a
1017 1688 1228 1743 Graecis
1283 1688 1491 1742 dicitur
1539 1688 1845 1759 epipedon,
1896 1707 1929 1744 a

226 1780 395 1835 nobis
416 1783 608 1834 autem
641 1778 915 1832 contracti
953 1779 1146 1848 pedes,
1181 1779 1336 1849 quod
1376 1794 1480 1848 per
1508 1778 1929 1849 longitudinem
1971 1764 2012 1818 Β

224 1868 706 1938 latitudinemque
755 1867 1169 1934 consideratur,
1222 1872 1287 1921 ut
1314 1883 1583 1937 agrorum
1640 1868 1927 1938 planities,

226 1964 285 2013 et
311 1956 689 2011 tediﬁciorum
713 1971 859 2008 arere
893 1954 1107 2025 absque
1147 1956 1396 2009 tectoriis
1443 1956 1712 2027 operibus
1752 1962 1809 2011 et
1848 1958 1925 2011 la-

226 2045 539 2119 quearibus
588 2060 652 2097 ac
697 2043 965 2099 tabulatis
1015 2047 1071 2095 et
1100 2042 1187 2096 his
1238 2044 1547 2113 similibus,
1578 2049 1643 2099 ut
1672 2045 1927 2115 subjecta

230 2133 485 2189 formula
524 2134 710 2188 docet.

849 2238 861 2435 l
955 2311 1194 2362 Planum.
1288 2256 1299 2432 Ι

298 2497 555 2554 Solidum
577 2494 753 2550 etiam
801 2498 884 2548 est
909 2493 1067 2564 quod
1099 2493 1278 2547 Grzeci
1306 2497 1539 2549 stereon
1558 2498 1785 2563 vocant,
1831 2511 1935 2549 nos

228 2592 424 2644 autem
457 2585 763 2657 quadratos
780 2582 975 2653 pedes,
1010 2581 1164 2651 quod
1196 2586 1253 2635 et
1274 2582 1696 2653 longitudinem
1728 2589 1787 2638 et
1844 2584 1933 2637 la-

230 2676 536 2730 titudinem
593 2671 1148 2741 crassitudinemque
1205 2671 1419 2724 habere
1494 2672 1927 2743 comprobatur.

233 2767 304 2821 Ut
356 2762 749 2826 aediﬁciorum,
800 2761 1070 2831 pilarum,
1114 2761 1616 2833 pyramidumque,
1667 2778 1771 2817 nec
1820 2780 1934 2818 non

234 2855 410 2910 etiam
444 2851 688 2906 macerie
733 2848 1010 2919 lapidum,
1041 2849 1267 2920 aliaque
1304 2850 1489 2904 multa
1542 2855 1608 2905 ut
1660 2850 1934 2921 subjectae

236 2946 442 2998 notant
460 2940 739 2995 formulae.

960 3024 1197 3075 Solidum
1209 3063 1221 3074 .

768 3875 843 3927 De
870 3868 1133 3940 podismis
1164 3864 1404 3918 rubrica.

312 3966 422 4021 Sed
448 3968 569 4037 jam
606 3970 836 4033 tempus
889 3961 973 4013 est
1009 3952 1413 4027 podismalium
1471 3946 1731 4002 notitiam
1778 3958 1940 4037 qur:-

242 4032 522 4120 stionum,
554 4057 616 4106 ut
644 4032 1038 4123 promisimus,
1080 4039 1367 4097 narrando
1419 4037 1725 4105 attingere,
1750 4038 1830 4123 “et
1872 4032 1943 4086 de

243 4121 958 4212 investiganda‘pedaturm
997 4128 1386 4201 speculatione
1429 4124 1688 4196 protinus
1731 4121 1940 4176 dicere.

246 4227 324 4281 De
345 4211 589 4297 trigonis
618 4242 772 4290 vero,
805 4222 905 4295 qui
935 4221 1016 4274 sic
1043 4224 1110 4273 ut
1132 4215 1419 4272 ternarius
1446 4211 1789 4267 naturaliter
1801 4225 1944 4281 prie-

247 4316 399 4370 cedit
429 4314 883 4385 quaternarium,
918 4310 998 4363 ita
1029 4310 1163 4361 sunt
1189 4301 1562 4376 praaponendi
1608 4298 1940 4370 tetragonis,

249 4408 307 4458 et
334 4402 697 4474 pentagonis,
741 4399 1079 4469 ceterisque
1110 4392 1396 4464 imprimis
1457 4389 1766 4445 dicendum
1823 4402 1944 4443 esse

252 4508 480 4547 0811860.

794 4578 867 4630 De
899 4572 1129 4641 trigonis
1159 4567 1401 4624 rubrica.

322 4668 469 4723 Sunt
535 4670 725 4720 autem
781 4664 1144 4734 trigonorum
1197 4672 1411 4729 genera
1454 4651 1799 4725 principalia
1828 4667 1944 4718 sex,

253 4756 633 4825 isopleurum,
662 4753 944 4818 isosceles,
979 4750 1295 4811 scalenum,
1338 4742 1765 4813 orthogonium,
1823 4756 1944 4794 am-

249 4842 615 4913 blygouium,
650 4839 1019 4911 oxygonium,
1053 4849 1303 4907 quorum
1338 4829 1677 4885 omniumin
1707 4842 1949 4899 sequen-

247 4932 406 4986 tibus
434 4931 645 4984 formas
674 4934 730 4984 et
759 4929 1064 4999 pedaturas
1089 4920 1540 4993 explanabimus.

777 5019 853 5070 De
882 5015 1149 5083 isopleuro
1174 5010 1417 5063 rubrica.

320 5106 602 5177 Trigonus
660 5104 839 5176 igitur
883 5102 1225 5173 isopleurus,
1261 5096 1361 5167 qui
1395 5092 1765 5166 praecedentis
1818 5090 1950 5145 libri

252 5211 403 5267 pene
426 5193 707 5264 principio
734 5192 1102 5263 aequilaterus
1132 5185 1456 5257 triangulus
1487 5182 1669 5237 dictus
1706 5184 1812 5249 est,
1844 5196 1949 5249 pa-

248 5284 339 5337 ria
391 5284 571 5337 latera
616 5282 826 5336 habere
884 5277 1310 5349 comprobatur.
1360 5275 1613 5327 Ponatur
1650 5286 1787 5341 ergo
1847 5270 1952 5322 iso-

246 5373 486 5443 pleurus
512 5373 572 5425 in
618 5370 863 5441 singulis
890 5368 1109 5423 habens
1129 5364 1401 5419 lateribus
1431 5360 1605 5431 pedes
1640 5360 1727 5424 30,
1779 5357 1951 5427 hujus

246 5460 585 5525 embadum,
624 5459 682 5513 id
724 5463 809 5512 est
835 5472 989 5522 area,
1031 5454 1134 5509 tali
1188 5451 1359 5505 modo
1394 5452 1476 5502 est
1535 5444 1947 5515 investiganda.

247 5550 490 5604 Summa
520 5547 733 5601 etenim
765 5547 939 5600 unius
989 5542 1185 5597 lateris
1213 5556 1316 5610 per
1340 5555 1397 5592 se
1444 5534 1820 5605 multiplicata
1849 5533 1952 5585 900

246 5651 561 5692 numerum
583 5635 865 5705 complet;
901 5648 967 5687 ex
1001 5630 1072 5686 iis
1108 5630 1157 5684 si
1175 5627 1493 5700 quingenta
1520 5628 1576 5679 et
1608 5624 1673 5679 10
1726 5622 1950 5677 subtra-

2028 548 2306 619 isopleuri
2362 548 2671 602 embadum
2703 548 2940 618 colligit.
2989 549 3127 601 Nam
3160 547 3445 602 cathetum
3475 550 3718 619 pedibus

2030 640 2099 690 26
2160 640 2382 690 constat
2411 636 2697 707 protendi.
2758 636 2866 699 Qui
2894 635 2939 688 si
2984 651 3088 705 per
3118 635 3287 689 unius
3322 636 3514 691 lateris
3556 638 3725 691 dimi-

2028 725 2210 791 dium,
2244 725 2299 779 id
2331 730 2415 779 est
2442 741 2547 795 per
2582 728 2665 791 l5,
2699 725 3063 795 multiplicati
3106 726 3475 789 excreverint,
3524 726 3719 779 emba-

2029 812 2165 866 dum
2180 814 2505 883 complent;
2538 818 2634 866 aut
2666 814 2712 866 si
2740 814 2911 866 unius
2944 813 3135 866 lateris
3180 829 3310 883 pars
3371 813 3556 880 tertia,
3615 830 3717 883 per

2028 902 2368 971 ternarium,
2408 908 2463 955 et
2498 902 2817 969 denarium,
2851 902 3175 973 augebitur,
3221 904 3321 957 300
3354 908 3662 956 nascentur
3703 919 3717 957 :

2031 992 2076 1045 si
2132 1006 2263 1047 vero
2316 1008 2602 1045 summam
2660 990 2850 1045 lateris
2892 992 3065 1045 unius
3091 1008 3194 1062 per
3218 992 3483 1046 eumdem
3536 996 3722 1045 terna-

2029 1081 2182 1135 rium
2220 1081 2700 1150 multiplicabunt,
2731 1085 3046 1152 nonaginta
3084 1081 3339 1143 reddent,
3389 1081 3488 1151 qui
3556 1096 3721 1151 supe-

2030 1170 2281 1224 rioribus
2311 1171 2414 1223 300
2436 1170 2620 1240 juncti
2658 1171 2759 1224 390
2807 1170 3032 1235 facient,
3083 1170 3140 1223 id
3188 1174 3272 1224 est
3301 1186 3492 1223 aream
3522 1184 3719 1239 supra-

2034 1260 2169 1315 dicti
2221 1260 2483 1331 trigoni:
2530 1260 2602 1313 sit
2658 1266 2850 1315 autem
2899 1248 3309 1331 praedictorum
3372 1260 3521 1314 infra
3576 1258 3721 1312 facta

2035 1349 2302 1420 depictio.

2101 1969 2363 2021 Cathetus
2398 1973 2456 2019 26

2863 1514 3030 1724 /\

2641 1894 2743 2021 αξ,
3128 1795 3246 1924 “ei

2849 2201 2982 2311 Ξ)
3002 2202 3060 2261 °-

2509 2313 2517 2475 ι
2881 2520 2991 2589 3°
3288 2434 3346 2519 ε,

2117 2672 2195 2725 Ne
2255 2672 2445 2724 autem
2487 2669 2665 2721 lector
2713 2666 2771 2718 in
2812 2660 3144 2731 lmjiwnmli
3211 2651 3741 2725 investigationibus

2044 2761 2235 2831 aliquo
2269 2757 2478 2811 erroris
2506 2762 2563 2810 et
2598 2756 2840 2809 inscitia:
2884 2750 3081 2803 nubilo
3115 2745 3521 2831 prmpediatur.
3573 2740 3740 2831 Ejus-

2042 2828 2172 2904 dem
2204 2847 2380 2917 igitur
2416 2844 2632 2914 trigoni
2654 2838 2945 2911 isopleuri,
2980 2836 3036 2890 id
3070 2839 3156 2889 est
3186 2832 3418 2904 paribus
3466 2828 3740 2883 lateribus

2043 2938 2213 2993 solidi
2238 2932 2718 2990 manifestationis
2751 2927 3045 2997 exemplar
3068 2922 3457 2993 subjiciemus,
3492 2922 3612 2972 esto
3633 2932 3739 2987 age

1974 3058 2014 3113 ρ
2044 3027 2367 3097 isopleurus
2402 3024 2563 3093 cujus
2602 3022 2780 3075 latera
2829 3014 3057 3085 singula
3091 3014 3180 3113 ,ἓξ
3227 3009 3401 3080 pedes
3446 3006 3737 3113 colligait'.

2047 3094 2302 3182 Quorum
2333 3113 2381 3166 si
2402 3127 2584 3166 unum
2615 3124 2719 3180 per
2746 3123 2806 3159 se
2834 3104 3269 3173 augmentatum
3301 3095 3608 3151 excreverit
3636 3094 3740 3148 784

2048 3220 2273 3259 summa
2302 3202 2623 3268 consurget.
2660 3195 2765 3251 Cui
2796 3193 2843 3246 si
2869 3190 3040 3245 unius
3068 3186 3263 3243 lateris
3295 3199 3602 3239 numerum
3638 3196 3740 3250 ag-

2048 3289 2373 3364 gregaveris
2418 3290 2522 3342 8l2
2551 3287 2898 3354 .nascentur,
2935 3280 3143 3333 horum
3190 3272 3580 3364 suprascripta
3625 3284 3743 3324 me-

2046 3358 2253 3438 dietate
2316 3391 2508 3432 aream
2569 3369 2880 3443 supradicti
2929 3362 3207 3436 isopleuri
3254 3358 3606 3433 pernotabis,
3680 3360 3744 3410 ut

2050 3470 2321 3541 subjecta:
2351 3459 2752 3533 descriptionis
2782 3455 3033 3512 formula
3061 3454 3244 3508 docet.

2798 3695 2818 3721 ο
2846 3648 2903 3743 χίηῖ
2941 3599 2972 3675 \
3028 3702 3067 3728 ι,

2656 3683 3163 4123 ᾸέιυσΧ

2126 4197 2305 4267 Hujus
2362 4211 2553 4252 autem
2606 4197 2727 4268 jam
2786 4212 2939 4268 sazpe
2987 4194 3122 4251 dicti
3152 4190 3393 4263 trigoni,
3426 4191 3486 4241 ut
3552 4186 3745 4241 lateris

2060 4288 2504 4358 uniuscujusque
2535 4302 2864 4341 mensuram
2905 4283 3212 4356 inquisitus
3242 4280 3368 4351 quis
3404 4275 3747 4344 investigare

1988 4352 2031 4406 D
2060 4378 2263 4443 valeat,
2306 4381 2364 4430 et
2391 4377 2595 4441 dicere,
2632 4375 3054 4445 apertissimum
3088 4371 3351 4426 dabimus
3382 4365 3623 4420 rationis
3643 4378 3744 4416 ex-

2056 4466 2459 4538 perimentum.
2509 4466 2873 4534 Proponatur
2910 4463 3103 4532 itaque
3150 4458 3195 4513 si
3225 4472 3416 4512 aream
3459 4454 3562 4507 406
3594 4448 3753 4521 pedi-

2054 4555 2161 4609 bus
2195 4554 2457 4624 protendi
2491 4552 2866 4617 constituerit,
2900 4556 3045 4621 quot
3096 4547 3310 4619 pedum
3362 4538 3752 4613 planitudines

2056 4644 2206 4699 latus
2251 4642 2704 4713 unumquodque
2734 4641 3002 4709 colligere
3058 4637 3447 4708 pernoscatur.
3500 4629 3753 4681 Ducatur

2057 4748 2193 4802 ergo
2255 4729 2639 4800 suprascripta
2668 4744 2800 4781 area
2828 4727 3022 4791 octies,
3058 4729 3115 4777 et
3143 4723 3203 4775 in
3231 4718 3370 4774 3248
3432 4728 3741 4769 numerum

2059 4820 2385 4889 consurgit;
2419 4819 2552 4871 huic
2583 4817 2628 4869 si
2662 4832 2843 4873 unum
2872 4814 3139 4879 addatur,
3172 4810 3321 4864 ﬁunt
3353 4806 3490 4860 3249
3518 4821 3532 4871 ;
3577 4803 3749 4873 hujus

2060 4925 2301 4963 summie
2333 4909 2480 4961 latus
2511 4905 2557 4958 si
2586 4920 2901 4973 sumpsero,
2937 4902 3043 4955 erit
3090 4896 3508 4971 quinquaginta
3538 4898 3591 4947 7.
3644 4890 3749 4946 Cui

2060 4999 2105 5051 si
2129 4997 2311 5050 unitas
2349 4994 2628 5049 subducta
2658 4991 2872 5045 fuerint
2898 4994 2962 5043 56
3007 4988 3433 5058 relinquuntur.
3491 4982 3750 5046 Quorum

2059 5086 2105 5139 si
2131 5086 2383 5139 medium
2417 5082 2903 5151 adinvestigavero
2932 5082 2998 5133 28
3034 5079 3199 5131 fiunt.
3250 5076 3355 5129 Tot
3383 5074 3576 5142 itaque
3604 5069 3754 5123 latus

2061 5175 2327 5246 quodque
2360 5172 2632 5243 isopleuri
2655 5169 2897 5241 pedibus
2933 5165 3314 5237 protenditur.

2136 5242 2401 5316 Isosceles
2428 5266 2639 5323 autem,
2680 5257 2779 5328 qui
2812 5257 2881 5309 ab
2929 5254 3161 5309 Euclide
3210 5247 3575 5323 geometrica;
3603 5242 3752 5314 peri-

2061 5351 2304 5417 tissimo,
2339 5351 2452 5404 duo
2508 5352 2732 5401 tantum
2767 5346 2943 5398 latera
2972 5343 3186 5397 habens
3228 5336 3491 5408 aequalia,
3527 5338 3612 5387 est
3648 5332 3746 5386 de-

2063 5441 2423 5502 terminatus,
2461 5437 2745 5491 secundus
2794 5434 2853 5487 in
2890 5434 3091 5487 ordine
3117 5430 3477 5498 trigonorum
3536 5421 3753 5475 consti-

2062 5530 2260 5584 tuitur.
2304 5528 2476 5596 Cujus
2516 5526 2755 5579 silatera
2786 5524 2923 5577 bina
2963 5518 3280 5590 imparibus
3319 5510 3595 5575 numeris,
3640 5510 3753 5564 sci-

2062 5618 2194 5672 licet
2221 5619 2311 5682 25,
2354 5614 2791 5686 protendantur,
2810 5610 3049 5683 pedibus
3075 5600 3512 5677 quatuordecim
3530 5598 3759 5671 pedalia
