4152 6184
244 339 373 393 1341

245 564 593 635 gregaveris,
640 564 1059 634 hypotenusam
1108 566 1323 636 trigoni
1366 568 1782 637 comprobabis,
1830 584 1940 622 em-

243 654 480 719 badum,
547 658 609 707 ut
667 669 840 723 supra
890 654 1104 709 dictum
1167 660 1270 723 est,
1337 658 1677 727 reperiatur,
1740 657 1797 712 id
1861 662 1943 711 est

246 743 503 797 cathetus
550 758 652 812 per
701 742 1067 797 medietatem
1111 743 1283 814 hujus
1332 745 1483 799 basis
1528 752 1831 813 excrescat,
1879 750 1943 801 ut

248 832 400 886 infra
432 832 688 885 cernitur
716 831 962 901 pictura.

318 923 398 976 Ne
431 925 621 974 autem
653 921 825 991 hujus
860 920 1172 991 disciplina:
1202 922 1495 977 curiosum
1542 922 1940 995 indagatorem

246 1010 439 1081 aliqua
490 1009 648 1064 fallat
695 1009 1032 1078 obscuritas,
1078 1012 1148 1065 de
1197 1012 1306 1066 hoc
1349 1012 1552 1067 eodem
1602 1015 1941 1085 orthogonio

244 1100 451 1154 iterato
522 1099 817 1169 disputare
882 1116 1002 1153 non
1049 1100 1226 1171 piget.
1278 1104 1373 1156 Est
1421 1104 1576 1157 enim
1621 1104 1733 1157 alia
1774 1104 1942 1159 inve-

244 1188 445 1242 niendi
486 1188 776 1242 cathetum
827 1192 883 1242 et
942 1190 1125 1245 basim
1186 1196 1243 1244 et
1285 1192 1707 1263 hypotenusam
1769 1195 1936 1247 ratio.

245 1279 500 1331 Ponatur
549 1293 686 1347 ergo
737 1277 991 1332 cathetus
1036 1281 1065 1331 5
1113 1280 1355 1350 pedibus
1394 1286 1717 1351 protensus,
1770 1299 1941 1353 quem

246 1365 294 1419 si
320 1365 667 1437 multiplices
696 1382 802 1436 per
848 1368 937 1421 sui
979 1369 1380 1439 quantitatem,
1408 1373 1477 1423 25
1520 1371 1762 1437 notabis,
1791 1371 1943 1426 basis

245 1460 444 1510 autem
496 1457 559 1508 12
611 1454 826 1509 habens
869 1456 1043 1525 pedes
1098 1456 1460 1527 inscribatur,
1512 1475 1641 1530 quae
1705 1460 1752 1513 si
1798 1460 1945 1515 sicut

247 1544 510 1599 cathetus
540 1544 601 1598 in
624 1558 683 1599 se
713 1545 1085 1613 concreverit,
1120 1548 1217 1600 144
1247 1553 1572 1602 nascentur.

320 1633 441 1687 Illac
466 1648 728 1699 summa,
757 1632 816 1687 id
858 1638 943 1689 est
971 1637 1038 1689 25
1070 1639 1125 1689 et
1173 1636 1272 1690 144
1312 1637 1594 1707 cepulataa
1642 1639 1741 1691 169
1784 1638 1944 1692 resti-

248 1726 434 1777 tuent.
471 1722 687 1776 Horum
736 1722 893 1831 latujs'
934 1725 998 1821 13
1047 1740 1167 1823 esse
1209 1725 1602 1824 manifestum,
1635 1726 1693 1825 id
1732 1731 1816 1781 est
1842 1727 1942 1799 hy—
1982 1775 2024 1831 Β

246 1815 592 1883 potenusam
654 1811 967 1883 supradicti
1011 1813 1245 1884 trigoni.
1293 1815 1552 1886 Denique
1609 1814 1657 1868 si
1707 1815 1943 1887 hypote-

248 1916 457 1955 nusam
505 1915 610 1971 per
669 1916 728 1954 se
776 1901 1041 1971 augendo
1096 1901 1343 1970 duxeris,
1398 1920 1501 1974 par
1552 1920 1725 1974 supra
1769 1922 1943 1977 copu-

248 1990 379 2044 lata:
428 1988 756 2061 quantitati,
811 1988 869 2043 id
916 1994 1003 2044 est
1067 1992 1163 2045 169
1213 1992 1433 2046 reddes.
1486 1993 1566 2046 De
1637 1994 1846 2063 quibus
1898 1994 1945 2049 si

250 2079 541 2133 cathetum
592 2078 654 2132 in
706 2094 766 2133 se
831 2079 1068 2134 ductum
1144 2080 1502 2149 subduxeris,
1568 2084 1667 2136 144
1729 2084 1945 2138 residui

251 2174 407 2235 sunt,
459 2184 709 2240 quorum
758 2167 925 2236 latus,
958 2168 1018 2223 id
1048 2175 1135 2224 est
1184 2173 1266 2237 12,
1316 2170 1500 2225 basim
1548 2172 1816 2229 restituit.
1866 2175 1947 2228 Ex

251 2257 613 2329 hypotenusa
643 2272 777 2311 vero
808 2274 911 2329 per
963 2274 1022 2313 se
1077 2260 1474 2330 multiplicata,
1524 2260 1570 2313 si
1601 2261 1728 2331 quis
1761 2262 1944 2316 basim

251 2348 313 2401 in
345 2364 402 2401 se
449 2348 699 2415 ductam,
732 2347 842 2401 hoc
881 2353 965 2401 est
1006 2364 1072 2403 ex
1116 2352 1214 2403 169
1268 2350 1364 2403 144
1412 2350 1775 2419 subtraxerit,
1826 2368 1946 2405 non

253 2437 384 2509 plus
432 2452 604 2507 quam
660 2439 727 2489 25
784 2443 1105 2492 remanent.
1160 2440 1375 2493 Horum
1428 2441 1593 2507 latus,
1645 2440 1701 2493 id
1760 2447 1841 2495 est
1891 2446 1943 2509 5,

255 2527 546 2581 cathetum
577 2526 891 2593 constituit,
933 2543 1123 2581 arcam
1164 2532 1358 2581 autem
1404 2528 1555 2582 basis
1589 2529 1862 2583 medietas
1891 2535 1947 2585 et

254 2616 511 2671 cathetus
539 2615 1033 2685 commultiplicati
1063 2617 1401 2671 metiuntur.

324 2706 466 2759 Item
530 2721 633 2775 per
693 2704 982 2759 cathetum
1035 2704 1187 2759 basis
1237 2705 1458 2759 edicere
1508 2705 1841 2776 pedaturam
1885 2708 1945 2761 in

251 2794 363 2849 hoc
408 2794 635 2864 trigono
698 2794 989 2848 condecet.
1041 2794 1120 2848 Sit
1167 2794 1338 2849 modo
1388 2810 1559 2865 supra
1605 2795 1859 2849 cathetus
1892 2799 1944 2864 5,

250 2884 345 2938 hic
376 2899 511 2937 vero
541 2884 601 2937 in
642 2900 699 2936 se
751 2883 952 2937 ductus
1000 2886 1068 2937 25
1100 2884 1414 2937 constituit.
1468 2883 1612 2937 Huic
1666 2884 1713 2938 si
1761 2902 1945 2940 assem

250 2972 556 3039 abstulero,
606 2972 675 3023 24
722 2971 1188 3042 progredientur,
1243 2988 1489 3042 quorum
1540 2972 1795 3026 medium
1837 2974 1945 3027 ba-

251 3061 362 3114 sim
421 3060 612 3114 efﬁcit.
658 3061 875 3114 Rursus
916 3066 1109 3114 autem
1156 3059 1203 3113 si
1234 3060 1383 3115 basis
1430 3061 1738 3131 quantitati
1787 3079 1943 3116 eam-
1984 3071 2025 3127 c

250 3149 381 3204 dem
452 3148 712 3219 adjecero
779 3149 1079 3216 unitatem,
1129 3150 1550 3221 hypotenusam
1613 3150 1939 3221 explicabo;

252 3239 299 3293 si
331 3244 524 3293 autem
555 3255 659 3310 per
703 3240 995 3293 cathetum
1041 3239 1193 3293 basis
1243 3240 1659 3311 multiplicetur
1690 3244 1778 3307 60,
1808 3258 1942 3311 pro-

250 3328 512 3399 greditur
541 3344 784 3382 summa.
819 3329 1033 3384 Horum
1056 3328 1331 3384 medietas
1360 3329 1642 3384 embadon
1671 3331 1937 3402 complet.

590 3495 1163 3831 NN

741 3992 875 4044 Item
896 3988 961 4043 de
990 3988 1170 4043 eodem
1192 3912 1435 4041 νέιὲνίοα.

314 4077 502 4132 Aliam
548 4077 786 4148 insuper
828 4078 963 4132 hinc
1026 4076 1267 4147 vestigia
1337 4075 1625 4147 gradienti
1670 4093 1935 4134 normam

241 4166 415 4237 hujus
464 4167 679 4238 trigoni
728 4166 1051 4237 objiciendo
1095 4181 1421 4237 proponere
1466 4181 1749 4233 curamus,
1787 4184 1931 4238 qua-

240 4260 413 4310 tenus
469 4256 617 4310 hanc
678 4262 842 4311 caute
888 4257 1223 4327 indagantes
1263 4254 1584 4309 cautissime
1622 4256 1696 4309 ad
1744 4256 1803 4310 id
1864 4258 1933 4312 ad

1158 340 1711 399 INTERPRETA’I‘IO
1749 308 2075 400 EUCLIDIS
2115 344 2571 402 GEOMETRLE.
2606 347 2737 401 LIB.
2782 349 2852 403 11.

318 474 463 530 Huic
491 490 624 528 vero
657 474 777 528 basi
815 475 903 529 vel
954 475 1270 544 medietati,
1303 477 1390 531 vel
1432 480 1467 531 4
1512 478 1558 531 si
1607 495 1787 533 unum
1836 495 1931 549 ag-
1978 482 2020 534 Α

3609 357 3740 409 1342

2676 531 2737 583 16

3660 576 3708 617 ο

2532 810 3207 839 -η--σρσ-’Ῑ-,έ

2914 930 2980 981 15

2545 1054 2676 1106 Item
2708 1052 2771 1105 de
2796 1052 2974 1106 eodem
3006 1054 3249 1110 rubrica.

2126 1155 2497 1227 Designemus
2534 1158 2743 1212 iterum
2768 1160 2889 1228 jam
2933 1160 3069 1213 dicti
3114 1163 3443 1233 orthogonii
3492 1166 3737 1223 formam

2052 1261 2117 1298 ex
2148 1245 2271 1299 aliis
2303 1263 2675 1301 numerorum
2704 1249 3149 1318 quantitatibus,‘
3168 1256 3232 1304 ut
3259 1269 3389 1307 cum
3418 1253 3625 1325 aliquis
3651 1258 3739 1311 vel

2051 1350 2156 1404 per
2186 1335 2463 1406 majorem
2490 1338 2575 1390 vel
2603 1352 2707 1406 per
2734 1338 3018 1391 minorem
3040 1355 3412 1395 numerorum
3444 1343 3615 1413 hujus
3646 1345 3741 1399 tri-

2052 1424 2188 1494 goni
2217 1430 2474 1494 apertam
2516 1426 2740 1480 tradere
2786 1426 3146 1497 disciplinam
3176 1436 3434 1499 cogatur,
3464 1434 3621 1487 nullo
3655 1450 3741 1489 er-

2052 1528 2181 1567 rore
2226 1514 2468 1567 labatur.
2518 1516 2647 1567 Esto
2694 1531 2798 1586 age
2845 1516 3102 1585 trigonus
3146 1519 3520 1590 orthogonus,
3569 1539 3741 1593 quem

2052 1601 2423 1656 circumstant
2440 1619 2544 1673 par
2556 1620 2703 1657 unus
2725 1609 2780 1657 et
2801 1605 2914 1659 duo
2949 1606 3198 1675 impares
3220 1610 3447 1663 numeri
3474 1626 3489 1664 :
3523 1628 3627 1682 par
3647 1612 3743 1666 ba-

2055 1690 2123 1756 si,
2158 1693 2248 1745 vel
2277 1693 2346 1746 20
2378 1690 2568 1762 impar
2600 1708 2749 1746 unus
2780 1694 3021 1761 catheto,
3054 1695 3160 1748 hoc
3197 1702 3281 1750 est
3314 1701 3400 1762 15,
3436 1700 3578 1753 alter
3614 1717 3745 1755 vero

2052 1777 2449 1849 hypotenusaa,
2480 1778 2541 1833 id
2567 1785 2653 1833 est
2694 1782 2782 1847 25,
2813 1781 3147 1836 ascribatur.
3183 1784 3505 1839 Embadalis
3549 1793 3743 1842 autem

2052 1867 2339 1922 conclusio
2370 1869 2685 1923 secundum
2718 1870 3029 1939 supradicti
3062 1872 3242 1926 nostri
3274 1875 3546 1945 praecepti
3581 1893 3746 1948 regu-

2053 1957 2167 2011 lam
2216 1957 2564 2028 inquirenda
2614 1964 2716 2023 est,
2768 1959 2877 2012 hoc
2928 1964 3013 2013 est
3052 1976 3157 2030 per
3202 1963 3743 2034 multiplicationem

2055 2046 2310 2101 dimidiae
2338 2047 2490 2100 basis
2517 2052 2574 2101 et
2600 2047 2779 2101 totius
2799 2064 3038 2102 summa:
3060 2050 3289 2116 catheti,
3314 2053 3569 2108 continet
3591 2055 3746 2110 enim

2054 2152 2201 2190 areae
2229 2140 2454 2205 septum
2509 2138 2605 2189 150
2635 2141 2953 2190 contractos
3003 2139 3197 2207 pedes.
3242 2142 3510 2196 Cathetus
3552 2148 3746 2200 autem

2054 2229 2109 2279 et
2157 2224 2308 2280 basis
2341 2225 2440 2278 tali
2492 2229 2623 2278 sunt
2668 2225 2982 2296 indagandi
3028 2228 3293 2283 ratione:
3328 2230 3566 2285 ducatur
3611 2249 3747 2304 ergo

2053 2314 2482 2385 hypotenusalis
2513 2331 2737 2368 summa
2766 2315 2825 2369 in
2858 2331 2936 2381 se,
2970 2321 3027 2369 et
3054 2317 3113 2370 in
3158 2320 3259 2371 625
3304 2320 3621 2389 redundat;
3655 2323 3747 2377 cui

2054 2404 2102 2457 si
2129 2408 2373 2474 quatuor
2409 2403 2752 2474 adjiciantur
2777 2404 3037 2471 embada,
3078 2408 3208 2458 1225
3241 2414 3576 2477 nascentur;
3603 2427 3745 2482 quo-

2054 2508 2183 2546 rum
2213 2493 2564 2562 tetragonale
2606 2492 2775 2556 latus,
2825 2492 2879 2545 id
2911 2498 2997 2545 est
3028 2495 3115 2558 35,
3146 2494 3191 2546 si
3240 2498 3549 2566 exceperis,
3583 2515 3745 2554 sum-
3838 2566 3839 2571 η

2054 2597 2177 2635 mas
2206 2586 2476 2652 utrasque
2504 2580 2653 2635 basis
2678 2585 2733 2633 et
2756 2581 2966 2634 catheti
2995 2583 3418 2652 comprobabis.

2126 2668 2282 2722 Scire
2312 2675 2505 2722 autem
2534 2674 2762 2737 oportet
2790 2674 2846 2721 et
2895 2668 3237 2737 investigare
3283 2688 3396 2741 quo
3440 2689 3681 2730 numero
3710 2691 3743 2729 a

2054 2772 2113 2809 se
2143 2756 2387 2811 invicem
2437 2757 2693 2810 cathetus
2725 2762 2781 2810 et
2828 2758 2976 2811 basis
3028 2758 3256 2812 distent.
3292 2760 3391 2813 Hic
3438 2777 3569 2815 vero
3614 2763 3742 2833 quis

2054 2845 2128 2899 sit
2153 2846 2603 2899 manifestemus.
2648 2845 2703 2899 Si
2750 2846 2927 2916 igitur
2957 2847 3333 2916 hypotenusae
3363 2850 3424 2902 in
3458 2866 3516 2905 se
3548 2852 3740 2905 multi-

2053 2934 2275 3003 plicatae
2306 2939 2573 3004 quatuor,
2604 2949 2733 3003 qua:
2778 2934 2958 3003 adjeci
3013 2936 3295 3004 superius,
3332 2938 3574 2992 embada
3605 2941 3738 2994 sub-

2052 3024 2299 3086 traham,
2346 3023 2406 3075 in
2448 3025 2516 3074 25
2562 3038 2847 3075 summam
2892 3024 3235 3093 regreditur,
3283 3024 3489 3079 horum
3538 3028 3737 3097 quinta

2052 3128 2184 3181 pars
2227 3112 2606 3166 differentiam
2651 3115 2829 3179 tenet,
2881 3112 2937 3165 id
2972 3118 3057 3165 est
3122 3116 3169 3166 5.
3223 3114 3403 3176 Quam
3450 3115 3497 3168 si
3542 3132 3740 3170 rursus

2052 3201 2273 3255 duabus
2300 3200 2511 3271 junctis
2542 3200 2782 3253 summis
2816 3202 2898 3253 vel
2947 3202 3036 3268 20,
3080 3205 3135 3255 et
3186 3205 3267 3263 15,
3299 3204 3367 3255 40
3406 3206 3741 3275 pernotabo-

2048 3288 2258 3343 horum
2284 3290 2541 3343 medium
2568 3290 2817 3358 complet
2845 3289 3049 3343 basim.

2119 3379 2177 3434 Si
2226 3385 2417 3433 autem
2469 3378 2729 3432 eamdem
2778 3378 3182 3445 differentiam,
3235 3380 3340 3433 hoc
3386 3386 3469 3435 est
3513 3384 3565 3449 5,
3618 3382 3741 3437 basi

2049 3469 2324 3536 auferam,
2377 3468 2667 3521 cathetum
2714 3468 3078 3534 constituam,
3128 3473 3193 3522 ut
3240 3469 3397 3524 cerni
3444 3475 3632 3540 potest
3680 3471 3738 3525 in

2049 3559 2303 3629 subjecta
2338 3558 2539 3629 ﬁgura.

2886 3761 2949 3817 25

2996 4068 3065 4163 2b

2293 4239 2367 4290 De
2397 4237 2710 4304 orthogonio
2732 4237 2930 4291 circulo
2958 4239 3222 4305 inscripto
3252 4236 3495 4291 rubrica.

243 4344 403 4414 quod
456 4344 783 4399 desiderant
832 4344 1116 4408 accedere,
1166 4342 1434 4396 iteritatis
1484 4341 1600 4411 (sic)
1632 4342 1785 4397 linea
1812 4344 1933 4397 abs-
1971 4350 2016 4405 D
2119 4344 2278 4397 Nunc
2309 4342 2481 4395 etiam
2526 4342 2678 4412 quod
2726 4342 2983 4412 Archytae
3020 4342 3237 4412 judicio
3270 4342 3329 4395 in
3376 4341 3482 4395 hoc
3533 4340 3735 4395 eodem

242 4448 359 4503 que
408 4432 582 4487 dubio
645 4434 941 4503 perducat.
1014 4434 1375 4503 Pr0ponatur
1431 4431 1608 4500 igitur
1678 4432 1935 4501 ejusdem

240 4521 574 4591 orthogonii
630 4521 935 4593 descriptio
988 4522 1191 4575 iisdem
1242 4519 1685 4592 quantitatibus,
1727 4522 1935 4591 quibus

240 4614 329 4663 est
376 4610 836 4680 circumsignata,
887 4609 1100 4665 scilicet
1153 4610 1407 4666 cathetus
1469 4612 1518 4676 8,
1578 4609 1937 4681 hypotenusa

246 4701 331 4766 17,
364 4698 516 4751 basis
564 4704 755 4753 autem
802 4703 863 4752 15
913 4700 1152 4769 pedibus
1196 4700 1543 4768 designetur.
1598 4706 1756 4758 Nunc
1802 4718 1934 4755 vero

241 4802 359 4857 qua
388 4786 610 4841 ratione
659 4804 764 4858 per
802 4789 1179 4859 hypotenuste
1220 4789 1570 4859 podismum,
1620 4792 1832 4845 catheti
1881 4795 1937 4845 et

240 4873 397 4927 basis
448 4891 673 4930 summa
726 4876 946 4946 pedalis
992 4877 1236 4946 reperiri
1291 4879 1494 4945 valeat,
1543 4880 1935 4934 demonstrare

238 4962 625 5019 studeamus:
671 4965 1123 5035 multiplicemus
1172 4983 1309 5038 ergo
1357 4984 1643 5023 summam
1692 4970 1934 5040 hypote-

236 5068 400 5108 nusae
450 5068 555 5123 per
627 5070 707 5122 se,
772 5060 830 5108 et
872 5054 979 5109 289
1036 5071 1312 5109 numerus
1359 5058 1663 5112 redundat.
1731 5058 1835 5113 Cui
1890 5056 1937 5109 si

236 5147 445 5213 quater
509 5142 807 5197 embalidis
866 5144 1154 5215 quantitas
1210 5146 1598 5210 subtrahatur,
1644 5148 1711 5202 49
1766 5147 1937 5203 relin-

236 5234 529 5302 quuntur;
571 5232 779 5285 horum
829 5231 1250 5301 tetragonicum
1293 5234 1439 5287 latus
1487 5235 1535 5287 si
1584 5234 1932 5305 inquisieris,

234 5324 267 5375 7
328 5336 448 5374 esse
519 5320 855 5391 experieris;
922 5322 1098 5391 quod,
1156 5322 1373 5376 scilicet
1433 5327 1487 5390 7,
1544 5323 1590 5377 si
1645 5325 1936 5394 copulanti

235 5409 466 5462 catheto
524 5414 582 5463 et
636 5409 758 5463 basi
807 5425 1106 5480 aggreges,
1158 5412 1225 5465 3O
1272 5411 1505 5478 efﬁcies,
1553 5428 1802 5482 quorum
1854 5414 1936 5467 di-

242 5497 489 5552 midium
520 5498 670 5553 basis
719 5499 1016 5553 constituit
1062 5501 1345 5569 spatium;
1380 5501 1711 5572 quindecim
1742 5507 1934 5557 autem

235 5586 287 5640 si
340 5586 410 5641 de
462 5589 804 5659 aggregatis,
858 5590 917 5644 id
977 5596 1063 5645 est
1118 5592 1204 5658 50,
1264 5593 1331 5643 25
1392 5590 1719 5658 abstuleris,
1759 5594 1790 5645 8
1836 5608 1932 5646 su-

234 5691 468 5748 peresse
497 5678 789 5734 cathetum
814 5680 938 5735 sine
967 5680 1141 5735 dubio
1166 5680 1589 5752 comprobabis.

2047 4430 2387 4500 orthogonio
2431 4430 2815 4500 approbatum
2861 4437 2967 4499 est,
3022 4437 3079 4485 et
3127 4432 3373 4485 Euclidis
3421 4430 3737 4501 diligentis-

2046 4519 2189 4572 sima
2222 4520 2671 4588 perscrutatione
2704 4521 2863 4589 prius
2903 4525 2988 4573 est
3018 4519 3436 4573 rationabiliter
3460 4519 3737 4573 adiuven—

2044 4614 2189 4673 tum,
2214 4624 2403 4678 Opera:
2426 4609 2675 4678 pretium
2710 4608 2975 4662 duximus
3006 4625 3123 4662 non
3152 4626 3271 4663 esse
3303 4608 3739 4679 praatermitten-

2044 4698 2202 4753 dum.
2237 4699 2331 4751 Est
2380 4699 2554 4751 etiam
2603 4714 2753 4766 saepe
2794 4704 2858 4751 ut
2897 4697 3216 4767 disputator
3263 4698 3323 4751 in
3368 4698 3733 4768 geometrica,

2044 4787 2288 4841 circulus
2334 4786 2380 4839 si
2426 4788 2530 4839 hoc
2573 4787 2916 4855 orthogonio
2966 4787 3329 4856 inscribatur,
3374 4792 3514 4858 quot
3561 4786 3735 4857 pedes

2044 4876 2359 4930 diametrus
2388 4876 2636 4943 colligat,
2662 4874 2946 4944 requirat;
2967 4875 3121 4945 quod
3154 4893 3224 4929 ne
3248 4876 3429 4929 victus
3458 4876 3735 4945 ignoran-

2044 4965 2125 5018 tia
2158 4965 2367 5018 refutet
2397 4963 2603 5033 aliquis
2633 4980 2691 5016 se
2718 4965 2926 5031 dicere,
2958 4964 3207 5017 breviter
3227 4964 3588 5018 insinuamus
3612 4980 3735 5017 rem

2044 5054 2423 5124 hujusmodi:
2473 5052 2818 5106 inscribatur
2868 5052 3060 5123 itaque
3098 5053 3344 5108 circulus
3391 5052 3734 5122 orthogonio

2045 5160 2244 5197 omnes
2270 5144 2449 5196 lineas
2480 5144 2602 5213 ejus
2633 5149 2900 5211 tangens;
2930 5142 3038 5196 hoc
3069 5142 3343 5197 nimirum
3371 5143 3518 5196 facto
3539 5140 3735 5193 cathe-

2044 5238 2135 5287 tus
2167 5236 2223 5286 et
2251 5232 2400 5285 basis
2427 5236 2814 5303 aggregentur
2844 5232 2903 5285 in
2942 5248 3154 5300 unum;
3188 5250 3252 5286 ex
3300 5232 3461 5301 cujus
3492 5244 3732 5283 summae

2045 5322 2409 5392 copulatione
2458 5321 2506 5373 si
2555 5320 2929 5390 hypotenusae
2979 5321 3267 5390 exceperis
3328 5317 3732 5389 quantitatem,

2045 5411 2393 5466 diametrum
2425 5410 2664 5475 efficies;
2692 5409 2876 5479 juncti
2913 5410 3068 5464 enim
3124 5413 3185 5463 12
3214 5414 3271 5461 et
3302 5410 3352 5474 8,
3402 5407 3458 5460 id
3512 5410 3597 5459 est
3636 5423 3733 5461 ca-

2044 5501 2235 5554 thetus
2272 5505 2328 5553 et
2358 5498 2529 5559 basis,
2579 5500 2646 5551 20
2694 5499 2960 5552 reddunt.
3016 5500 3087 5551 Ex
3140 5496 3348 5567 quibus
3397 5495 3443 5549 si
3486 5496 3732 5567 hypote—

2043 5604 2247 5643 nusam
2280 5586 2585 5656 abstulero,
2620 5587 2729 5642 hoc
2776 5593 2859 5641 est
2892 5590 2976 5653 15,
3010 5586 3357 5639 diametrum
3408 5588 3438 5638 5
3471 5585 3732 5641 obtinere

2043 5678 2407 5747 constituam,
2440 5678 2597 5750 quod
2622 5677 2821 5732 subtus
2840 5678 2989 5731 facta
3018 5674 3282 5746 designat
3308 5675 3516 5747 figura.
