4176 6192
1756 310 1877 366 ΑΝ.
1918 312 2097 367 ΜΑΝῘ.

2222 313 2317 368 BV.
2361 314 2585 371 BOETII
3799 330 3947 384 1344

2160 448 2448 513 Aresidui
2500 450 2626 513 14ος
2674 451 2884 505 horum
2948 452 3229 507 medietas
3289 457 3356 509 70
3400 470 3520 509 esse
3570 464 3934 526 pernotatur,

2243 538 2396 609 quod
2428 554 2532 608 per
2559 539 2744 594 basim
2771 541 3098 612 dispersum
3119 544 3427 613 quinquies
3456 545 3641 616 ipsam
3673 548 3738 600 in
3767 565 3827 601 se
3854 566 3934 601 re-

2240 626 2405 682 tinet.
2438 628 2857 683 Dominationis
2886 646 3020 685 vero
3051 632 3225 702 hujus
3256 648 3541 687 summam
3570 635 3771 689 minor
3799 639 3935 695 obti-

2238 721 2338 771 net
2364 716 2694 787 pra’cisura,
2727 734 2857 789 quas
2883 734 2988 790 per
3017 736 3076 775 se
3106 722 3348 775 adaucta
3376 724 3443 775 23
3474 724 3803 779 constituit.
3830 728 3935 780 Hos

2238 805 2285 858 si
2319 807 2387 861 de
2418 805 2658 860 minoris
2689 808 2882 861 lateris
2910 824 3137 863 summa
3166 826 3271 880 per
3310 826 3368 865 se
3397 812 3785 882 multiplicata
3809 816 3935 868 abs-

2233 896 2452 962 tuleris,
2509 897 2609 950 144
2657 903 2986 968 supersunt,
3037 914 3286 969 quorum
3350 903 3711 972 tetragonale
3763 903 3927 969 latus,

2231 984 2383 1055 quod
2422 988 2484 1039 12
2515 990 2621 1055 est,
2654 987 2864 1041 catheti
2893 1003 3179 1042 summam
3202 989 3471 1059 explebit.
3508 994 3670 1044 Arcas
3695 994 3933 1046 conclu-

2229 1073 2452 1128 sionem
2494 1075 2602 1129 hoc
2649 1076 2819 1130 modo
2863 1076 3207 1146 investigare
3240 1084 3457 1145 curato,
3487 1078 3639 1132 basis
3670 1081 3929 1135 medium

2228 1163 2419 1217 ducito
2449 1181 2552 1235 per
2582 1165 2894 1233 cathetum,
2927 1166 2985 1221 id
3026 1175 3112 1220 est
3141 1171 3172 1219 7
3203 1183 3305 1237 per
3358 1170 3439 1235 12,
3492 1172 3549 1221 et
3580 1170 3933 1238 proveniant

2229 1253 2317 1329 85,
2354 1254 2512 1306 Hanc
2546 1269 2841 1308 summam
2866 1256 3153 1326 complere
3176 1257 3389 1310 areales
3406 1257 3574 1327 hujus
3595 1258 3821 1328 trigoni
3854 1276 3943 1329 pa-

2222 1324 2333 1395 vim
2344 1346 2541 1397 entum
2564 1360 2601 1397 n
2617 1359 2695 1399 on
2721 1344 2948 1415 ignora,
2973 1324 3328 1400 describatur
3351 1362 3487 1417 ergo
3508 1346 3605 1417 huj
3617 1348 3855 1401 usmodi
3875 1348 3943 1402 de

2227 1432 2268 1493 ὀ
2287 1452 2352 1491 oc
2379 1433 2584 1505 ﬁgura.

701 488 1789 1280 χ

920 1307 989 1358 Dc
1014 1307 1355 1374 ambly/gonio
1381 1314 1619 1370 rubrica.

495 1386 739 1450 Quintus
780 1390 838 1443 in
890 1394 1088 1447 ordine
1132 1398 1551 1467 triangulorum
1601 1407 1999 1477 amblygonius
2039 1410 2108 1464 ab

422 1473 653 1529 Euclide
683 1477 928 1533 insertus
953 1482 1218 1538 obtusum
1248 1490 1524 1557 angulum
1548 1473 1770 1548 habens
1793 1473 1972 1550 dictus
1998 1504 2103 1564 est,

419 1578 591 1631 quem
609 1582 712 1620 nos
730 1568 1011 1623 succincte
1024 1578 1334 1646 aperteque
1357 1580 1691 1648 explicando
1714 1586 2098 1654 aggredimur.

420 1650 561 1704 Nam
586 1653 631 1705 si
665 1654 909 1725 diligens
952 1657 1131 1713 lector
1178 1664 1492 1731 superioris
1542 1670 1723 1723 nostri
1769 1671 2099 1727 documenti

424 1742 720 1809 praeceptis
760 1748 815 1797 et
865 1745 1121 1800 formulis
1169 1750 1477 1806 instructus
1516 1758 1836 1821 accesserit,
1872 1760 2117 1817 minime
2165 1746 2205 1799 Β

421 1826 481 1879 in
508 1828 614 1882 hoc
637 1829 865 1886 lababit.
902 1834 1294 1891 Constituatur
1325 1842 1496 1896 modo
1521 1846 1926 1918 amblygonius
1952 1851 2118 1920 cujus

418 1914 571 1969 basis
606 1920 667 1971 18
716 1935 976 1990 numero,
1030 1924 1401 1994 hypotenusa
1432 1936 1627 1986 autem
1678 1914 1861 2005 major
1894 1940 1981 2003 l0,
2016 1914 2115 1993 ini-

417 2018 528 2056 nor
565 2021 697 2059 vero
750 2009 803 2075 9,
860 2010 1186 2078 inscribam,
1242 2017 1502 2073 cathetus
1557 2027 1749 2077 autem
1800 2025 1834 2077 4
1887 2042 2114 2082 summa

417 2090 524 2145 insi
532 2094 782 2162 gniatur.

489 2181 739 2238 Ducatur
765 2201 902 2257 ergo
950 2188 1101 2243 basis
1134 2208 1236 2262 per
1283 2196 1489 2251 catheti
1520 2197 1851 2269 dimidium,
1891 2203 2000 2257 hoc
2030 2210 2113 2260 est

418 2270 506 2335 18,
530 2286 631 2339 per
663 2272 971 2343 binarium,
1005 2284 1060 2332 et
1089 2283 1154 2335 36
1198 2284 1504 2352 prodeunt,
1544 2304 1671 2357 quae
1724 2306 1948 2346 summa
1994 2309 2110 2347 em-

411 2355 632 2411 badalis
658 2364 825 2431 spatii
850 2367 1268 2433 plauitudinem
1290 2355 1580 2444 adimplet.
1614 2378 1723 2432 Sed
1753 2382 2109 2452 Archytasin

414 2448 636 2501 cunctis
684 2456 851 2505 utens
894 2456 1132 2521 ratione,
1172 2459 1283 2513 alio
1328 2464 1495 2516 modo
1532 2465 1705 2535 hujus
1754 2469 2106 2542 amblygonii

414 2548 606 2589 aream
630 2540 872 2608 reperiri
889 2543 1204 2612 constituit,
1222 2564 1335 2602 non
1356 2549 1501 2604 hanc
1518 2560 1800 2625 sumptam
1816 2574 1937 2612 esse
1954 2577 2107 2614 sum-

415 2637 569 2676 mam
601 2626 659 2678 in
709 2626 814 2682 hac
857 2645 1001 2683 areae
1042 2633 1421 2705 plenitudine,
1473 2642 1568 2694 sed
1615 2644 1895 2701 minorem
1940 2665 2104 2718 posse

416 2712 696 2766 contineri
729 2715 1076 2781 existimans,
1110 2726 1353 2778 astruxit
1391 2729 1544 2782 enim
1583 2734 1871 2789 cathetum
1912 2753 2015 2806 per
2044 2755 2102 2792 se

413 2802 467 2850 et
492 2816 595 2868 per
622 2800 935 2867 binarium,
968 2808 1053 2860 vel
1101 2824 1205 2879 per
1248 2830 1305 2865 se
1349 2819 1404 2866 et
1432 2818 1805 2888 octonarium,
1839 2823 2015 2893 duplo
2042 2842 2100 2880 se

412 2896 746 2958 superantes
774 2893 1143 2964 multiplicari
1166 2906 1452 2970 oportere,
1482 2911 1537 2958 et
1562 2911 1937 2975 quantitatem
1969 2930 2097 2984 quas

411 2974 517 3028 hac
545 2992 609 3030 ex
640 2980 1115 3050 multiplicatione
1144 2992 1468 3057 proveniret
1497 3009 1689 3049 aream
1726 3000 2092 3071 constituere,

414 3078 532 3117 non
562 3073 626 3119 ut
654 3070 741 3134 36,
774 3070 871 3122 sed
904 3073 971 3125 32
1001 3071 1057 3124 in
1090 3090 1147 3127 se
1174 3076 1442 3147 colligere
1472 3083 1678 3136 arealis
1708 3084 1806 3139 illa
1836 3094 2093 3144 contem-

406 3148 607 3217 platio.
641 3152 909 3225 Quisquis
934 3165 1125 3213 autem
1158 3161 1329 3231 hujus
1343 3165 1464 3234 jam
1488 3167 1625 3223 dicti
1657 3172 1864 3242 trigoni
1894 3175 2097 3233 formas

406 3236 468 3289 in
497 3238 669 3306 plano
700 3242 1000 3314 designare
1022 3249 1306 3319 disponat,
1329 3270 1361 3307 a
1387 3255 1535 3309 basis
1561 3236 1880 3328 quantitate
1902 3265 2100 3337 hujus-

406 3325 565 3378 modi
595 3342 714 3381 rem
747 3328 1126 3404 ingrediatur,
1151 3340 1252 3392 tali
1283 3344 1505 3397 ratione
1530 3352 1591 3399 ut
1616 3350 1894 3405 terminus
1919 3356 2100 3410 mino-

406 3411 486 3464 ris
516 3428 578 3466 ac
629 3419 861 3486 majoris
912 3422 1288 3492 hypoteuusaa
1338 3433 1653 3500 copulatus.
1687 3453 1861 3506 parvo
1909 3444 2101 3499 vincat

406 3500 716 3554 terminum
750 3503 922 3571 basis,
957 3510 1064 3561 hoc
1093 3518 1195 3578 est,
1231 3516 1277 3567 si
1310 3516 1458 3570 basis
1490 3522 1555 3573 28
1604 3534 1967 3582 mensuretur
1996 3547 2099 3600 pe-

407 3583 600 3654 dibus,
649 3590 833 3659 major
871 3593 1227 3664 hypotenusa
1265 3605 1348 3667 11,
1390 3606 1579 3661 minor
1615 3615 1801 3666 autem
1858 3617 1921 3669 10
1964 3583 2099 3674 insi-

406 3672 655 3741 gniatur.
713 3677 817 3733 Sed
875 3683 1082 3738 melius
1140 3688 1247 3743 hoc
1309 3693 1461 3760 quod
1525 3698 1779 3752 numeris
1830 3672 2099 3758 duximus

407 3763 795 3835 ostendemus,
819 3784 863 3821 δι
894 3770 1139 3842 alicujus
1158 3780 1409 3849 exempli
1430 3781 1676 3839 formam
1706 3787 2093 3859 subjiciemus.

1412 4366 1476 4417 18

934 4462 1007 4512 De
1032 4462 1299 4527 orygom'o
1327 4461 1566 4515 rubrica.

473 4543 667 4600 Restat
705 4555 768 4602 ut
815 4551 1069 4606 dicamus
1117 4555 1185 4607 de
1230 4555 1497 4625 oxygonii
1545 4556 1945 4625 speculatione,
1993 4558 2095 4628 qui

404 4639 594 4686 sextus
625 4636 686 4688 in
740 4638 1099 4709 trigonorum
1155 4643 1538 4713 descriptione
1585 4644 1655 4697 ab
1704 4645 1934 4699 Euclide
1976 4663 2095 4700 non

406 4719 570 4786 segni
601 4732 894 4790 geometra
927 4728 1165 4796 ponitur
1189 4729 1339 4782 acuti
1371 4729 1614 4798 angulus
1660 4730 2089 4786 determinatus.

407 4805 534 4859 Esto
569 4809 749 4878 igitur
776 4817 1116 4885 oxygonius,
1146 4820 1305 4887 cujus
1327 4817 1541 4871 minori
1567 4819 1759 4871 lateris
1788 4819 2091 4886 terminus,

403 4892 457 4945 id
479 4899 561 4947 est
582 4897 771 4950 minor
787 4901 1146 4971 hypotenusa
1166 4907 1228 4957 13
1263 4904 1502 4973 pedibus
1523 4906 1884 4973 terminatur,
1910 4908 2093 4976 major

404 4986 594 5036 autem
645 4987 707 5037 15
753 4991 809 5040 et
855 4990 1004 5043 basis
1044 4993 1106 5044 14
1153 4998 1539 5059 mensuretur,
1587 4996 1747 5064 cujus
1795 4994 2004 5048 catheti
2036 5000 2094 5048 et

403 5071 629 5126 embadi
658 5091 877 5129 summa
912 5079 958 5131 si
978 5080 1295 5149 ignoratur,
1331 5082 1430 5136 tali
1454 5082 1675 5136 ratione
1707 5084 2026 5153 colligetur.

476 5160 724 5215 Ducatur
752 5180 888 5234 ergo
920 5165 1110 5219 lateris
1142 5170 1382 5223 minoris
1413 5171 1699 5240 quantitas
1730 5187 1834 5240 per
1863 5187 1942 5238 se,
1994 5173 2090 5224 169

402 5248 717 5316 redundat;
755 5251 903 5305 basis
940 5253 1075 5308 item
1108 5257 1385 5310 terminus
1431 5258 1475 5311 si
1524 5275 1628 5327 per
1670 5275 1727 5312 se
1760 5261 2088 5326 excreverit,

410 5340 506 5390 196
538 5345 876 5408 nascentur;
907 5360 1046 5413 quas
1086 5345 1347 5398 videlicet
1389 5362 1677 5402 summam
1720 5348 1765 5400 si
1810 5348 2086 5418 junxeris,

405 5424 506 5476 365
535 5426 763 5481 efﬁcies.
798 5429 918 5492 Quo
967 5430 1112 5485 facto
1157 5432 1569 5502 multiplicetur
1598 5436 1769 5491 etiam
1812 5438 2091 5491 terminus

406 5512 839 5581 hypotenusalis
891 5536 994 5588 per
1049 5536 1128 5586 se,
1191 5526 1247 5575 et
1302 5528 1569 5591 exsurget
1619 5526 1721 5578 225
1779 5542 2087 5593 numerus;

408 5615 580 5671 quem
611 5604 657 5656 si
693 5605 762 5658 de
796 5608 1054 5676 superius
1074 5611 1335 5679 copulata
1363 5626 1588 5665 summa
1611 5629 1923 5675 secrevero,
1942 5616 2091 5671 ﬁunt

2729 1772 2747 2417 Ι
2811 1706 3297 2136 \

2504 2211 2539 2258 ε
2680 2204 2705 2253 ε
2936 2226 3053 2299 84
3395 2218 3487 2525 :

2647 2357 2682 2406 ,5

2982 2522 3078 2579 Uo-

2286 2629 2392 2686 Sed
2428 2633 2562 2705 quia
2595 2637 2663 2692 de
2707 2640 3070 2711 trigonorum
3102 2650 3403 2719 podismali
3444 2657 3923 2716 consideratione

2213 2718 2271 2771 in
2306 2725 2695 2790 superioribus
2725 2729 3089 2801 diligentium
3122 2738 3396 2797 lectorum
3432 2745 3688 2811 indagini
3725 2753 3916 2811 expla-

2210 2808 2494 2874 navimus,
2523 2821 2780 2884 superest
2801 2823 2863 2873 ut
2884 2821 2954 2875 ad
2970 2828 3415 2897 .tetragonorum
3449 2834 3911 2903 speculationem

2209 2898 2513 2954 transitum
2539 2901 2816 2961 faciamus
2863 2911 3235 2983 succinctum,
3267 2919 3337 2974 de
3368 2920 3457 2975 his
3492 2921 3755 2980 habituri
3793 2932 3905 2982 tra-

2208 2988 2441 3041 ctatum.

2286 3066 2707 3129 Quadratorum
2741 3076 2896 3131 enim
2928 3081 3150 3137 caeteris
3175 3083 3397 3141 facilior
3426 3094 3512 3144 est
3544 3092 3826 3164 collectio,
3859 3102 3917 3151 et

2215 3154 2378 3221 prius
2409 3157 2643 3227 quidem
2679 3162 2749 3217 de
2778 3168 3025 3221 normali
3054 3174 3355 3243 tetragono
3385 3178 3486 3231 tali
3514 3181 3687 3235 modo
3721 3154 3911 3239 ordia-

2214 3257 2366 3298 mur.
2402 3245 2598 3301 Omnis
2624 3250 2801 3320 igitur
2828 3258 3163 3326 tetragonus
3196 3265 3535 3320 normaliter
3561 3271 3908 3327 constitutus

2213 3330 2515 3389 latitudine
2535 3338 2904 3412 longitudine
2936 3347 3350 3418 multiplicaute
3396 3356 3644 3410 arealem
3691 3362 3908 3414 consti-

2212 3422 2325 3475 tuit
2353 3424 2796 3497 plauitudinem,
2829 3435 2886 3485 et
2915 3434 3243 3502 podismum
3292 3441 3413 3495 sine
3443 3444 3619 3500 dubio
3645 3447 3903 3504 absolvit.

2214 3512 2467 3567 Ponatur
2492 3517 2665 3571 modo
2694 3523 3027 3591 tetragonus
3069 3527 3195 3594 pari
3229 3544 3469 3585 numero
3510 3536 3903 3607 consignatus,

2213 3598 2273 3653 id
2297 3606 2379 3654 est
2418 3602 2473 3671 8,
2502 3620 2645 3675 quos
2692 3623 2795 3677 per
2825 3625 2883 3661 se
2928 3610 3289 3669 latitudinem
3330 3634 3434 3688 per
3480 3598 3899 3692 longitudinem

2212 3690 2622 3763 multiplicans,
2654 3698 2721 3751 64
2761 3697 3027 3769 efﬁciam,
3060 3703 3369 3759 embadum
3416 3690 3681 3765 videlicet
3707 3713 3905 3768 subtus

2211 3772 2478 3845 descripti
2506 3778 2812 3847 tetragoni.

3067 3931 3101 3984 8

3017 4287 3084 4337 64

3009 4626 3040 4675 8

2276 4728 2585 4809 Idem_vero
2607 4731 2653 4809 si
2673 4748 2779 4803 per
2798 4732 3083 4809 imparem
3106 4752 3412 4794 numerum
3438 4740 3661 4809 feceris,
3686 4749 3902 4802 attente

2204 4798 2495 4855 obstaculo
2529 4798 2725 4857 eadem
2760 4798 2904 4859 ratio
2937 4809 3237 4871 constabit,
3270 4812 3369 4880 qui
3416 4798 3693 4866 normalis
3723 4798 3898 4871 tetra;

2204 4893 2389 4948 gonus
2419 4880 2489 4933 ab
2519 4882 2751 4937 Euclide
2778 4885 3149 4954 aequilaterus
3180 4896 3348 4960 atque
3381 4893 3775 4967 rectiangulus
3801 4916 3900 4951 no—

2203 4957 2475 5025 minatur,
2501 4978 2533 5014 a
2563 4961 2904 5018 Nicomacho
2925 4970 3117 5021 autem
3144 4968 3205 5022 in
3229 4957 3900 5033 arithmeticisvsimiliter

2202 5039 2540 5110 appellatur.

2552 5131 2631 5183 De
2650 5136 2807 5198 parte
2836 5134 3010 5187 altera
3041 5134 3273 5202 longiori
3301 5140 3541 5195 rubrica.

2271 5217 2625 5298 Tetragonus
2652 5224 2845 5274 autem
2876 5228 3037 5291 parte
3070 5224 3249 5278 altera
3294 5226 3523 5298 longior
3550 5230 3622 5284 ab
3666 5232 3899 5288 Euclide

2204 5296 2437 5367 quidem
2459 5297 2901 5365 rectiangulum.
2922 5302 3029 5357 Sed
3044 5319 3156 5356 non
3172 5296 3573 5376 equilaterum
3594 5308 3896 5375 delinitur,

2203 5394 2237 5431 a
2264 5376 2607 5430 Nicomacho
2638 5384 2826 5432 autem
2856 5380 3244 5437 heteromeres
3274 5385 3501 5441 dicitur.
3548 5388 3723 5458 Cujus
3765 5389 3895 5459 qui-

2203 5458 2335 5511 dem
2387 5455 2682 5526 longitudo
2725 5459 3093 5515 latitudinem
3137 5464 3525 5535 multiplicans
3577 5455 3896 5523 embadalis

2202 5549 2441 5590 summae
2471 5536 2830 5605 pedaturam,
2863 5538 2982 5593 sive
3011 5540 3125 5594 sint
3163 5557 3328 5611 pares
3369 5560 3467 5598 seu
3496 5546 3747 5617 impares
3778 5553 3897 5602 ter-

2203 5613 2370 5681 mini,
2404 5615 2775 5683 demonstrat,
2806 5616 2880 5672 sit
2908 5621 3079 5676 modo
3094 5626 3254 5691 parte
3275 5624 3455 5679 altera
3477 5613 3704 5696 longior
3731 5630 3903 5680 tetra-
