4152 6184
336 157 350 204 l
362 156 466 210 345

321 379 623 450 longitudo
653 383 704 451 9,
733 381 973 440 latitudo
1003 391 1196 445 autem
1225 394 1278 458 6,
1310 393 1397 448 vel
1426 397 1479 462 5,
1526 399 1614 452 vel
1649 402 1703 470 4,
1763 379 2011 478 colligat.

786 623 795 788 Ι

785 903 787 916 4

383 1046 716 1117 Multiplicet
744 1065 881 1121 ergo
914 1054 1154 1114 latitudo
1185 1062 1632 1142 longitudinem,
1668 1074 1724 1131 id
1779 1084 1866 1133 est
1894 1081 1928 1133 4
1958 1085 2010 1150 8,

314 1137 382 1188 32
421 1142 744 1205 nascentur,
812 1141 918 1196 hoc
979 1152 1084 1215 est,
1136 1166 1268 1206 area
1311 1162 1472 1224 parte
1517 1162 1694 1218 altera
1733 1167 2012 1240 longioris

309 1226 591 1295 tetragoni
621 1231 978 1299 provenient,
1004 1251 1132 1306 quas
1159 1240 1248 1294 hae
1281 1243 1602 1314 ﬁgurarum
1636 1226 2012 1315 deformatio-

306 1330 410 1370 nes
437 1316 565 1387 pari
595 1333 836 1374 numero
868 1326 1041 1393 atque
1069 1325 1277 1399 impari
1307 1333 1650 1407 designatae.

787 612 1160 630 Ph“

825 645 1243 664 Ἂ-

1169 624 1482 640 5——

1169 658 1356 669 ___g
1471 641 1478 662 l

1142 770 1150 786 I
1177 764 1188 788 )

1517 780 1528 797 Ι

1508 799 1539 831 ‘t

1439 675 1448 876 l

1471 705 1480 985 Ι

1265 988 1468 1000 Ἠ

1173 1469 1205 1517 7

1489 1594 1502 1842 ί

858 2018 928 2070 De
950 2020 1171 2076 rhombo
1199 2025 1440 2080 rubrica.

375 2113 470 2166 His
501 2131 632 2170 vero
659 2117 778 2188 jam
831 2121 995 2178 dictis
1046 2131 1602 2202 parallelogrammis
1653 2136 2002 2206 adjiciendos

299 2202 577 2258 rhombos
599 2212 652 2260 et
677 2208 1048 2268 rhomboides
1068 2224 1396 2289 tetragonos
1414 2202 1779 2292 arbitramur;
1798 2244 1999 2297 quam-

298 2290 382 2343 vis
408 2292 560 2348 enim
593 2303 691 2351 aut
722 2301 1075 2370 angulariter
1105 2312 1202 2360 aut
1229 2308 1538 2365 lateraliter
1585 2330 1618 2366 a
1658 2317 2001 2385 supradictis

295 2383 854 2455 parallelogrammis
893 2392 1231 2465 dissideant,
1282 2403 1476 2454 tamen
1507 2401 1595 2454 his
1632 2383 1766 2458 sunt
1814 2407 1998 2461 adnu-

297 2473 577 2526 merandi.
623 2476 753 2530 Esto
789 2495 894 2549 age
943 2481 1221 2538 rhombus
1268 2488 1708 2559 quadrilaterus,
1759 2493 1998 2565 singulis

297 2559 570 2617 lateribus
595 2564 825 2622 decenas
861 2571 1156 2640 pedatura:
1191 2591 1416 2631 summa
1447 2581 1822 2651 conscriptus,
1879 2586 1998 2640 dia-

295 2651 433 2719 goni
485 2658 696 2722 autem,
757 2657 865 2712 hoc
919 2665 1002 2714 est
1029 2664 1318 2732 angularis
1377 2668 1547 2723 lineae
1627 2671 1864 2728 directio
1911 2676 1998 2730 bis

295 2756 431 2794 sena
457 2750 790 2799 numeretur
807 2749 1145 2817 quantitate,
1169 2753 1333 2822 cujus
1366 2759 1418 2823 6,
1444 2758 1489 2811 si
1510 2775 1613 2828 per
1639 2777 1697 2815 se
1721 2778 1997 2832 augmen-

294 2829 527 2897 tabitur,
561 2834 627 2887 36
657 2842 992 2906 exsurgant;
1041 2856 1179 2907 quos
1213 2841 1260 2894 si
1312 2859 1379 2897 ex
1418 2845 1569 2900 basis
1603 2829 1851 2906 termin—o
1893 2869 1997 2922 per

786 1671 814 1722 3

840 1547 849 1830 ἰ

875 1581 883 1858 1

1087 1868 1498 1884 ﬁ

296 2933 356 2970 se
387 2921 764 2991 multiplicato
786 2925 1152 2996 subtraxeris,
1188 2931 1255 2984 64
1279 2941 1561 2990 remanet.
1587 2939 1802 2994 Horum
1821 2921 1992 2996 tetira-
2039 2971 2078 3026 ρ

292 3010 502 3077 gonale
528 3012 691 3077 latus,
731 3013 789 3068 id
819 3020 905 3068 est
934 3017 988 3082 8,
1022 3016 1192 3087 hujus
1244 3020 1470 3078 rhombi
1518 3027 1807 3083 cathetum
1858 3047 1990 3086 con-

291 3096 496 3150 stituit.
531 3099 819 3170 Diagonus
847 3109 1040 3158 autem
1075 3122 1179 3175 per
1217 3109 1506 3167 cathetum
1557 3116 1758 3172 ductus
1796 3121 1990 3174 emba-

288 3184 431 3238 dalis
465 3203 705 3243 summa
725 3192 973 3261 spatium
1005 3195 1276 3250 ostendit.
1308 3199 1408 3252 Hic
1433 3207 1627 3258 autem
1658 3206 1726 3259 ab
1756 3207 1987 3264 Euclide

286 3289 453 3345 aequa
497 3276 714 3332 habens
773 3281 972 3349 latera,
1034 3284 1134 3338 sed
1188 3300 1308 3340 non
1343 3292 1582 3360 angulos
1629 3311 1827 3366 equos
1882 3315 1987 3354 nec

283 3368 469 3417 rectos
491 3365 782 3424 deﬁnitur.
838 3370 920 3426 Sit
953 3387 1087 3427 vero
1133 3373 1201 3428 de
1238 3374 1347 3431 hoc
1387 3379 1561 3452 hujus
1607 3365 1808 3442 formae
1854 3404 1985 3459 pro-

283 3467 484 3506 CBSSIO.

770 4970 845 5022 De
881 4966 1194 5022 rhomboide
1221 4966 1462 5022 rubrica.

339 5073 599 5128 Euclides
619 5089 752 5128 vero
775 5089 879 5128 nec
900 5073 1141 5144 angulos
1169 5089 1365 5145 equos
1381 5088 1570 5143 neque
1595 5071 1776 5126 latera
1797 5087 1964 5142 aequa

266 5161 487 5218 habens
523 5164 897 5218 rhomboides
944 5163 1377 5218 determinando
1421 5162 1741 5232 proposuit,
1791 5177 1966 5231 quem

267 5266 373 5304 nos
401 5268 633 5322 quoque
663 5252 971 5324 patentiori
1020 5252 1179 5307 aditu
1231 5249 1536 5306 formando
1565 5264 1967 5346 numerosque

265 5341 602 5396 ascribendo
657 5358 998 5396 reseramus.
1047 5343 1175 5395 Esto
1237 5356 1342 5410 age
1396 5338 1760 5393 rhomboides
1805 5338 1967 5407 cujus

266 5443 451 5483 unum
480 5430 680 5485 latus8
718 5430 912 5501 pedes,
944 5427 1258 5484 secundum
1299 5431 1488 5481 autem
1536 5429 1800 5496 quatuor,
1854 5428 1965 5477 ter-

263 5520 412 5575 tium
451 5536 585 5577 vero
617 5523 671 5588 6,
699 5524 969 5593 quartum
999 5533 1131 5573 vero
1171 5519 1237 5585 2;
1281 5516 1488 5573 harum
1530 5529 1663 5570 vero
1711 5529 1967 5570 summa-

1205 167 1764 235 INTERPBETATIO
1804 180 2131 242 EUCLIDIS
2172 187 2615 250 GEOMETRIE.
2660 198 2799 253 LIB.
2846 203 2924 258 Il.

323 307 527 360 gonus,
561 294 722 364 cujus
752 296 1048 385 longitudo
1068 302 1242 370 pedes
1267 308 1319 372 8,
1352 308 1591 364 latitudo
1611 321 1804 370 autem
1843 320 1896 385 4,
1931 323 2016 377 vel
2054 321 2100 375 A
2131 339 2258 377 rum

2296 327 2572 383 maximos
2618 335 2890 390 terminos
2929 339 3348 410 longitudinem
3399 351 3723 411 obtinentes
3767 355 3816 413 si

2125 415 2458 484 conjungas,
2499 420 2560 471 14
2594 421 2824 490 efﬁcies,
2860 442 3106 497 quorum
3139 434 3506 493 medietatem
3548 453 3812 516 septena-

2126 501 2245 554 rius
2276 506 2587 561 constituit.
2646 511 2889 567 Minores
2941 523 3133 573 autem
3185 528 3485 582 summula:
3532 501 3821 596 in‘unum

2125 591 2367 646 redactae
2399 598 2688 652 senarium
2722 605 3099 670 quantitatem
3129 612 3451 683 perﬁciunt,
3493 621 3654 691 cujus
3697 644 3824 683 me-

2126 678 2285 732 dium
2315 684 2599 738 ternarius
2638 687 2934 759 adimplet,
2963 710 3089 764 quae
3120 698 3384 755 videlicet
3413 678 3832 777 medietatgv7

2128 772 2183 820 et
2220 770 2250 821 3
2305 770 2352 822 si
2376 787 2480 840 per
2527 789 2584 827 se
2624 776 3182 853 multiplicabuntur,
3229 787 3288 841 in
3327 792 3388 843 21
3442 770 3814 873 consurgent,

2127 855 2187 909 id
2216 863 2303 912 est
2319 861 2493 929 pedes
2517 865 2731 919 areales
2763 870 3044 940 tetragoni
3065 873 3258 944 hujus,
3296 883 3359 933 ut
3378 880 3529 937 infra
3558 855 3824 959 apparet:

2187 1794 2279 1848 His
2309 1797 2523 1853 etenim
2560 1799 2946 1869 adjiciendum
3002 1802 3125 1857 fore
3171 1805 3493 1874 trapezium
3541 1810 3813 1883 orthogo-

2115 1881 2276 1936 nium
2306 1901 2423 1938 non
2452 1886 2835 1957 incongruum
2863 1890 3146 1958 ducimus,
3176 1893 3349 1962 dupla
3367 1899 3422 1948 et
3443 1898 3817 1968 sesquialtera

2112 1987 2486 2028 numerorum
2523 1976 2894 2045 proportione
2917 1979 3229 2034 lateraliter
3258 1982 3680 2056 consignatum.
3715 1991 3813 2043 As-

2113 2061 2363 2114 cribatur
2391 2064 2589 2115 vertici
2632 2080 2854 2119 summa
2902 2066 3298 2136 quindenaria,
3348 2071 3568 2126 catheto
3620 2081 3812 2132 autem

2113 2150 2438 2216 tricenaria,
2470 2152 2646 2220 duplo
2698 2153 2869 2207 etiam
2919 2156 3344 2221 transcendens,
3393 2158 3514 2212 basi
3562 2179 3693 2218 vero
3744 2168 3812 2222 ad

2113 2238 2258 2291 hanc
2324 2240 2754 2310 sesquialteram
2803 2259 3032 2296 servans
3084 2243 3484 2300 habitudinem
3531 2253 3810 2308 terminus

2111 2327 2510 2393 contradatur;
2544 2346 2647 2398 per
2666 2330 2768 2383 has
2797 2348 2934 2401 ergo
2955 2348 3208 2387 summas
3231 2350 3361 2387 area
3381 2335 3550 2405 hujus
3577 2343 3810 2412 trapezii

2111 2416 2209 2469 tali
2239 2417 2460 2472 ratione
2485 2420 2884 2474 constituenda
2916 2426 3016 2474 est.
3051 2422 3416 2492 Adjungatur
3451 2442 3583 2480 vero
3615 2437 3806 2487 vertex

2108 2505 2250 2570 basi,
2292 2506 2350 2559 id
2379 2511 2462 2559 est
2496 2510 2577 2572 15,
2611 2508 2678 2559 45
2713 2513 2769 2562 et
2821 2511 2908 2574 60,
2957 2510 3238 2563 terminus
3286 2512 3576 2570 exuberat.
3635 2519 3806 2592 Cujus

2110 2611 2238 2664 pars
2268 2595 2505 2649 dimidia
2538 2595 2584 2648 si
2615 2612 2716 2666 per
2763 2598 3065 2652 nathetum
3112 2598 3605 2673 multiplicabitur,
3661 2626 3805 2667 areae

2106 2683 2309 2753 pandit
2335 2684 2762 2754 protensionem
2787 2691 2852 2740 ut
2871 2686 2934 2741 iu
2959 2686 3150 2741 medio
3173 2686 3381 2758 scripta
3408 2695 3567 2759 patet
3593 2694 3799 2768 ﬁgura.

3022 2796 3082 2848 15

2588 2912 3397 3292 im

2906 3369 2962 3418 ἦτξῶ
3391 3401 3412 3415 .

2443 3519 2515 3570 De
2542 3517 2787 3584 ,diagono
2828 3515 3160 3568 adveniendo
3190 3514 3430 3569 rubrica.

2157 3606 2316 3676 Saepe
2339 3611 2528 3658 autem
2559 3604 2786 3657 evenire
2816 3605 2977 3670 solet,
3023 3608 3084 3655 ut
3115 3603 3174 3656 in
3204 3603 3373 3671 hujus
3411 3603 3549 3656 artis
3589 3621 3788 3675 specu-

2083 3695 2320 3760 latione,
2354 3696 2506 3764 quod
2538 3693 2832 3763 angularis
2865 3693 3032 3744 linea:
3065 3692 3381 3760 protensio,
3412 3691 3616 3746 horum
3642 3697 3788 3751 scili-

2081 3788 2170 3836 cet
2195 3789 2627 3852 tetragonorum
2671 3780 2844 3849 pedes
2894 3779 3169 3846 obtineat,
3222 3780 3568 3849 requiratur.
3623 3784 3784 3846 Quod

2082 3884 2152 3922 ne
2209 3869 2524 3939 ignoretur,
2578 3868 2913 3922 facillimum
2954 3867 3494 3937 apertissimumque
3549 3869 3783 3941 hujusce

2076 3959 2315 4012 rationis
2344 3959 2608 4012 dabimus
2659 3957 2972 4026 exemplar.
3005 3957 3264 4010 Ponatur
3313 3956 3486 4009 etiam
3535 3962 3779 4027 paralle-

2075 4047 2429 4116 logrammus
2459 4048 2545 4112 60,
2566 4044 2944 4113 orthogonius
2976 4044 3035 4096 in
3065 4043 3432 4112 longitudine
3460 4046 3547 4113 80,
3607 4052 3658 4101 et
3719 4050 3781 4104 in

2074 4136 2375 4190 altitudine
2404 4136 2620 4189 habens
2658 4136 2833 4203 pedes
2885 4134 2974 4198 60,
3028 4132 3334 4201 longitudo
3382 4148 3515 4185 vero
3565 4151 3669 4204 per
3713 4156 3772 4192 se

2071 4229 2439 4297 augmentata
2469 4223 2650 4277 sexies
2696 4223 2799 4275 400
2845 4220 3108 4291 explicat,
3165 4220 3404 4274 latitudo
3449 4226 3641 4278 autem
3672 4243 3778 4296 per

2070 4332 2129 4369 se
2154 4314 2534 4384 multiplicata
2579 4318 2665 4366 ter
2712 4312 2816 4365 600
2865 4310 3059 4376 efﬁcit,
3110 4325 3235 4380 quae
3286 4309 3552 4364 videlicet
3594 4317 3775 4370 sexies

2067 4405 2192 4471 400,
2217 4409 2273 4457 et
2302 4409 2390 4457 ter
2413 4403 2538 4469 600,
2577 4401 2638 4454 in
2687 4415 2870 4453 unum
2916 4414 3156 4451 summae
3201 4397 3448 4452 redactae
3498 4402 3560 4453 10
3607 4407 3768 4460 resti-

2069 4498 2258 4554 tuunt,
2288 4493 2499 4546 horum
2532 4490 2747 4543 scilicet
2783 4489 2842 4541 l0
2889 4487 3244 4557 tetragonale
3291 4486 3440 4540 latus
3499 4488 3547 4541 si
3606 4508 3770 4548 sum-

2069 4598 2260 4653 psero,
2298 4581 2393 4634 100
2420 4577 2759 4650 pernotabo,
2792 4577 2900 4630 hoc
2930 4581 3011 4629 est
3040 4576 3354 4645 diagonum
3379 4575 3550 4646 hujus
3585 4584 3772 4650 para]-

2066 4669 2431 4742 lelogrammi
2447 4666 2799 4738 orthogonii,
2825 4671 2888 4721 ut
2908 4665 3058 4720 intra
3079 4664 3290 4734 scripta
3307 4666 3556 4737 perspici
3576 4677 3769 4741 potest

2068 4763 2276 4820 forma.

2945 4903 3013 4952 80
3309 4943 3324 4970 λ

2705 4994 3139 5412 ιω
3226 5015 3246 5513 ι

2702 5355 2711 5520 ί
3129 5421 3198 5491 \~
3321 5457 3360 5524 9

2702 5521 3287 5569 L:T:::'_—::_
