4176 6192
432 234 568 287 134⁸7

782 371 857 421 De
880 366 1259 435 multiangulis
1289 366 1489 436 ﬁguris
1518 366 1759 419 rubrica.

500 456 606 511 Sed
637 456 772 526 quia
810 455 1158 510 sufﬁcienter
1187 455 1547 525 breviterque
1585 455 1652 509 de
1683 458 2117 524 tetragouorum

432 543 679 597 diximus
708 544 1045 612 rationibus,
1078 548 1252 599 restat
1282 548 1346 597 ut
1388 545 1454 598 de
1495 541 1835 613 pentagonis
1863 546 1918 596 et
1946 542 2118 596 hexa-

431 633 592 702 gonis
623 633 955 704 caeterisque
987 633 1354 688 disseramus.
1387 632 1587 688 Omnis
1615 632 1811 703 itaque
1840 636 2118 703 pentago-

431 736 538 774 nus
566 721 745 792 aequis
776 721 986 775 habitis
1008 722 1280 776 lateribus
1300 720 1472 775 unius
1504 721 1563 775 in
1597 738 1655 775 se
1683 737 1908 775 summa
1934 736 2122 774 excre-

431 814 641 875 scente,
704 827 768 864 ac
824 816 913 864 ter
959 810 1158 879 ducta,
1195 826 1509 881 rursusque
1573 811 1773 865 eadem
1823 809 2119 876 subducta,

430 898 853 970 medietateque
880 899 1053 971 hujus
1083 916 1321 955 summa:
1350 904 1579 971 sumpta
1610 899 1925 954 embadalis
1952 897 2124 969 spatii

428 987 632 1057 pandit
660 989 1042 1059 superﬁciem.
1093 991 1224 1044 Esto
1256 991 1426 1046 modo
1475 994 1840 1060 pentagonus
1883 988 2126 1059 singulis

427 1075 643 1131 habens
672 1078 944 1132 lateribus
972 1078 1147 1148 pedes
1175 1094 1342 1133 senos
1371 1096 1385 1146 ;
1421 1095 1563 1150 quos
1584 1078 1852 1133 videlicet
1883 1080 1913 1131 6
1945 1078 1994 1131 si
2022 1092 2125 1148 per

432 1181 491 1218 se
534 1165 768 1233 duxero,
820 1169 885 1220 36
933 1166 1266 1234 restituam;
1298 1168 1405 1222 hoc
1432 1172 1519 1222 ter
1562 1168 1761 1221 ductos
1790 1167 1852 1220 in
1890 1168 1985 1219 l07
2016 1181 2124 1219 nu-

430 1269 654 1308 merum
694 1256 1117 1326 perstringam;
1169 1257 1261 1311 cui
1308 1257 1355 1310 si
1399 1256 1687 1311 abstulero
1717 1254 1909 1309 lateris
1953 1254 2126 1309 unius

433 1358 742 1410 summam,
781 1345 841 1398 id
867 1351 952 1399 est
997 1346 1309 1413 senarium,
1359 1348 1458 1399 102
1502 1344 1836 1416 explicabo;
1873 1358 2123 1419 quorum

434 1430 738 1487 dimidium
786 1433 832 1487 si
864 1450 1154 1505 accepero,
1190 1450 1385 1490 aream
1429 1434 1579 1489 infra
1621 1432 1893 1504 descripti
1924 1434 2126 1503 penta-

434 1521 572 1593 goni
598 1522 946 1594 adimplebo.

946 1864 1167 2046 /

1036 1970 1073 2013 /,

1036 1980 1064 2013 /

950 2071 954 2097 π

948 2106 951 2137 Ι

892 2193 923 2243 6
946 2172 949 2179 λ

934 2902 1005 2953 Dc
1035 2899 1318 2965 hemagono
1338 2901 1580 2958 rubrica.

508 3024 849 3093 Hexagonus
879 3029 1072 3077 autem
1116 3025 1318 3079 ordine
1363 3026 1422 3079 in
1453 3026 1823 3096 subsequenti
1854 3024 2126 3081 dicendUs
2164 3018 2205 3074 Ε

436 3111 717 3166 inferatur
743 3131 756 3179 ;
778 3111 1133 3166 describatur
1154 3114 1366 3167 etenim
1392 3114 1724 3184 hexagonus
1754 3117 1784 3168 8
1816 3114 2128 3169 lateraliter

435 3200 762 3270 insignitus,
801 3217 972 3271 quem
1003 3202 1265 3255 videlicet
1318 3204 1672 3256 octonarium
1703 3219 1806 3273 per
1839 3219 1897 3257 se
1939 3204 2130 3257 multi-

434 3289 652 3360 plicans
685 3290 752 3343 64
783 3290 1065 3355 efficiam;
1099 3291 1220 3345 haac
1276 3308 1522 3359 summa,
1567 3291 1779 3345 scilicet
1809 3293 1876 3345 64
1925 3298 2130 3363 quater

434 3376 628 3443 ducta,
659 3377 720 3429 in
772 3380 875 3431 “256
918 3378 1234 3445 redundat;
1286 3378 1375 3433 his
1412 3379 1674 3433 videlicet
1726 3382 1830 3434 256
1862 3380 1908 3434 si
1938 3381 2130 3435 lateris

437 3464 605 3519 unius
639 3466 946 3535 quantitas,
987 3467 1046 3520 id
1101 3474 1188 3520 est
1217 3470 1249 3521 8
1282 3468 1368 3521 bis
1417 3468 1608 3536 ducta,
1654 3469 1976 3539 adjiciatur,
2026 3474 2131 3524 272

436 3558 734 3623 apparent.
767 3555 1025 3617 Quorum
1047 3554 1305 3610 medium
1322 3556 1369 3610 si
1389 3557 1722 3627 sumpseris,
1747 3573 1940 3613 aream
1959 3558 2132 3630 hujus

432 3640 723 3712 hexagoni
753 3641 1080 3713 explicabis.

878 4889 959 4944 De
989 4889 1290 4958 heptagono
1318 4886 1561 4939 rubrica.

509 5010 639 5065 Post
668 5011 791 5065 haec
818 5016 878 5066 ut
907 5012 1276 5082 expediamus
1309 5010 1377 5064 de
1394 5007 1707 5080 heptagoni
1732 5007 2129 5080 subsequentis

436 5099 656 5153 ratione
681 5104 933 5170 oportet,
965 5099 1065 5167 qui
1110 5098 1373 5153 videlicet
1416 5098 1777 5168 heptagouus
1822 5095 1991 5149 tertio
2038 5094 2130 5149 hic

437 5187 711 5242 inseritur
754 5187 879 5241 loco
912 5186 1286 5255 septenarius,
1328 5185 1815 5257 quemadmodum
1862 5184 1919 5237 in
1950 5185 2130 5255 impa-

437 5276 587 5329 rium
616 5290 990 5329 numerorum
1036 5273 1238 5327 tertius
1276 5274 1613 5327 naturaliter
1644 5273 1845 5327 ordine
1894 5278 2131 5345 apparet

438 5364 766 5432 collocetur,
801 5362 1016 5418 etenim
1039 5363 1398 5433 heptagonus
1427 5363 1649 5417 senaria
1671 5363 1987 5433 quantitate
2020 5362 2128 5416 cir-

437 5454 835 5523 cumscriptus,
864 5453 954 5508 cui
986 5454 1032 5506 si
1062 5452 1255 5506 lateris
1277 5452 1448 5505 unius
1470 5468 1757 5506 summam
1784 5468 1887 5523 per
1908 5468 1965 5505 se
1986 5452 2131 5506 mul-

438 5539 806 5613 tiplicaveris,
851 5545 918 5597 36
980 5540 1327 5613 pernotabis,
1383 5556 1512 5612 quae
1559 5540 1771 5596 scilicet
1815 5541 2129 5613 quantitas,

1770 230 1883 284 AN.
1925 226 2134 282 MANL.
2178 225 2325 282 SEV.
2368 227 2601 285 ΒΟΕἸἹΙ

2155 364 2203 418 Α
2233 363 2341 417 hoc
2384 368 2469 418 est
2516 365 2602 431 36,
2653 361 2961 434 quinquies
3022 364 3211 432 ducta,
3266 366 3363 419 180
3403 364 3601 421 adesse
3644 368 3930 424 conducit.

2542 1330 2849 1914 ἦ

3797 234 3931 292 1348

2232 452 2450 517 Quibus
2495 452 2541 505 si
2587 454 2827 507 senariaa
2874 453 3212 524 quantitatis
3243 468 3530 509 summam
3573 461 3667 511 ter
3704 458 3931 513 ductam

2232 541 2588 607 subduxeris,
2626 543 2724 595 162
2756 541 3183 613 relinquuntur,
3216 542 3427 597 horum
3458 544 3743 600 medietas
3778 564 3930 602 sum-

2230 636 2330 703 pta
2354 634 2414 685 81
2458 630 2602 702 pede
2633 630 2940 686 embadum
2988 630 3162 701 hujus
3194 630 3506 703 heptagoui
3553 632 3780 688 habere
3809 646 3933 686 cou-

2233 720 2410 777 ducit.

3131 865 3252 931 .9_.

2652 924 3711 1328 37:\

3036 1020 3359 1037 ————\

2612 1206 2657 1259 ΙΙ

2560 1322 2561 1327 η
2573 1262 2609 1309 /

3061 1416 3149 1476 ει

2806 2208 2884 2260 De
2898 2208 3159 2270 octogono
3185 2199 3429 2255 rubrica.

2303 2353 2633 2425 Octogonus
2679 2367 2812 2406 vero
2859 2349 2921 2404 in
2963 2346 3215 2403 naturali
3268 2342 3499 2416 parium
3550 2351 3938 2394 numerorum

2234 2442 2431 2497 ordine
2458 2446 2695 2513 quartus
2740 2438 3104 2506 constitutus,
3144 2436 3208 2489 in
3255 2435 3363 2489 hoc
3392 2428 3763 2487 disserendus
3806 2427 3932 2481 loco

2231 2531 2571 2585 naturaliter
2600 2535 2838 2602 quartus
2860 2530 3204 2583 assumatur.
3224 2526 3358 2579 Esto
3390 2537 3494 2591 age
3524 2522 3847 2589 octogouus
3877 2519 3930 2582 7,

2230 2636 2337 2691 per
2371 2620 2597 2690 singula
2638 2620 2821 2674 latera
2862 2617 3103 2689 pedibus
3152 2615 3535 2669 mensuratus.
3572 2610 3729 2663 Hanc
3759 2604 3934 2659 nimi-

2230 2725 2361 2763 rum
2390 2710 2709 2763 naturalem
2738 2708 3138 2779 quantitatem,
3186 2703 3244 2757 id
3273 2704 3357 2755 est
3397 2702 3445 2764 8,
3476 2699 3538 2752 in
3566 2713 3625 2751 se
3673 2695 3723 2749 si
3753 2694 3930 2749 duxe-

2233 2799 2329 2867 ris,
2363 2800 2433 2853 64
2464 2799 2704 2865 efﬁcies;
2752 2813 2894 2869 quos
2926 2796 2973 2849 si
3016 2810 3122 2865 per
3154 2796 3185 2847 6
3230 2785 3653 2860 multiplicaris,
3688 2785 3798 2839 384
3832 2799 3933 2838 ex-

2233 2887 2491 2957 plicabis.
2549 2890 2625 2943 Ex
2673 2887 2761 2941 his
2823 2886 2869 2939 si
2931 2889 3133 2955 quater
3178 2878 3371 2934 lateris
3430 2878 3604 2931 unius
3642 2886 3935 2927 summam

2236 2976 2563 3045 deduxeris,
2595 2993 2713 3031 non
2746 2974 2991 3045 amplius
3021 2987 3194 3044 quam
3228 2972 3328 3024 352
3352 2965 3561 3021 residui
3598 2969 3754 3018 sunt.
3787 2962 3936 3025 Quo-

2235 3083 2363 3120 rum
2388 3066 2664 3121 medietas
2696 3066 2741 3119 si
2781 3063 3084 3135 excipitur,
3122 3076 3253 3116 area
3281 3057 3455 3128 hujus
3485 3052 3777 3125 octogonii
3806 3066 3939 3122 per-

2236 3159 2486 3212 notatur.

3074 3369 3114 3422 8

2642 3540 2681 3609 8
3505 3537 3548 3600 Β

3005 3981 3147 4048 1'76
3702 4003 3739 4065 ς

2538 4223 2875 4553 λ
3232 4469 3319 4478 ρ
3541 4386 3586 4433 ,.

2173 4312 2218 4365 υ
2538 4223 2879 4560 ὴ

2604 4376 2649 4434 8

2520 4772 2593 4824 De
2624 4769 2938 4836 hennagono
2970 4766 3318 4839 (enneagono)
3335 4766 3576 4822 rubrica.

2312 4916 2704 4987 Hennagonus
2748 4918 2940 4969 autem
2990 4912 3218 4984 singula
3255 4928 3358 4984 per
3385 4913 3567 4967 latera
3621 4913 3653 4967 6
3692 4909 3941 4965 circum-

2238 5005 2542 5072 scribatur,
2577 5020 2749 5075 quem
2777 5003 3045 5059 videlicet
3073 5002 3384 5068 senarium,
3412 5000 3460 5054 si
3496 5000 3814 5055 secundum
3844 5015 3941 5054 su-

2237 5094 2432 5165 perius
2471 5094 2682 5148 dictam
2730 5098 2943 5148 nostrae
2984 5090 3365 5147 institutionis
3413 5091 3675 5161 regulam
3724 5105 3833 5160 per
3883 5103 3941 5142 se

2238 5182 2732 5254 multiplicaveris,
2786 5186 2851 5237 36
2892 5182 3150 5252 efficies;
3204 5180 3301 5253 qui
3347 5180 3556 5251 septies
3610 5178 3793 5245 ducti,
3842 5179 3939 5231 109

2238 5289 2524 5327 summam
2545 5273 2883 5343 producent.
2920 5273 3017 5327 His
3044 5272 3091 5325 si
3122 5271 3313 5325 lateris
3353 5270 3522 5323 unius
3550 5269 3938 5340 quantitatem

2239 5363 2546 5433 quinquies
2585 5362 2955 5428 subtraxeris,
3010 5364 3077 5415 79
3124 5360 3361 5427 reddes;
3414 5359 3625 5413 horum
3656 5356 3938 5412 medietas

2240 5457 2471 5523 excepta
2500 5451 2547 5505 si
2588 5452 2779 5518 fuerit,
2822 5450 2995 5521 hujus
3032 5448 3362 5520 hennagoni
3393 5448 3706 5504 embadum
3749 5449 3817 5502 38
3850 5463 3938 5500 se-

2239 5540 2593 5613 mispedihus
2620 5538 2903 5596 contineri
2932 5539 3280 5597 manifestat.
3303 5559 3309 5565 ·
