4152 6184
202 1896 211 1905 ι
734 1829 813 1883 Dk
851 1830 1119 1899 decagono
1159 1832 1399 1886 rubrica.

283 1913 571 1983 Restat‘ut
602 1916 672 1970 de
701 1917 980 1989 decagoni
1011 1922 1303 1977 embadali
1338 1920 1594 1975 dicamus
1624 1918 1924 1988 podismo.

218 2005 579 2060 Describatur
598 2006 791 2077 itaque
820 2009 1149 2080 decagonus
1177 2009 1414 2065 denario
1445 2024 1685 2063 numero
1710 2009 1912 2063 latera-

214 2093 347 2147 liter
368 2093 664 2148 limitatus.
700 2096 873 2166 Cujus
896 2097 941 2150 si
963 2099 1157 2152 lateris
1192 2099 1363 2153 unius
1394 2096 1683 2168 quantitas
1708 2113 1917 2151 secun-

214 2182 355 2236 dum
398 2183 519 2253 jam
560 2201 708 2255 saape
737 2186 947 2241 dictam
982 2193 1187 2242 nostrae
1239 2185 1648 2259 praeceptionis
1699 2186 1926 2240 institu-

212 2272 435 2326 tionem
478 2289 535 2327 se
568 2274 1005 2345 multiplicando
1039 2276 1361 2338 excreverit,
1408 2277 1509 2329 100
1553 2274 1780 2328 efﬁciet.
1840 2277 1909 2328 Hi

216 2379 350 2416 vero
390 2364 562 2416 octies
584 2363 758 2431 ducti,
779 2365 881 2418 800
911 2364 1220 2420 adducunt.
1256 2367 1472 2419 Horum
1503 2378 1634 2417 vero
1658 2364 1912 2418 medium

212 2452 259 2504 si
315 2452 650 2522 sumpseris,
708 2469 899 2507 aream
966 2454 1139 2523 hujus
1197 2451 1477 2524 decagoni
1525 2453 1628 2505 770
1676 2452 1920 2522 pedibus

228 2539 507 2596 contineri
532 2541 746 2613 absque
766 2542 937 2597 dubio
966 2544 1322 2613 pernotabis.

296 4210 451 4263 Idem
489 4223 623 4262 vero
656 4206 726 4260 de
748 4204 1157 4273 hendecagono
1185 4201 1521 4272 caeterisque
1574 4199 1927 4271 plurilateris

220 4298 544 4370 ﬁgurarum
598 4294 1077 4365 descriptionibus
1131 4292 1177 4346 si
1214 4290 1436 4359 feceris,
1467 4290 1682 4345 nullius
1714 4288 1923 4343 erroris

226 4388 520 4442 obstaculo
552 4385 790 4447 lababis,
826 4385 933 4438 hoc
965 4386 1128 4453 pacto
1150 4386 1213 4436 ut
1241 4382 1301 4434 in
1330 4379 1581 4434 naturali
1607 4379 1804 4433 ordine
1862 4378 1921 4431 in

222 4476 662 4547 multiplicanda
690 4474 862 4527 unius
882 4472 1075 4527 lateris
1106 4486 1352 4539 summa,
1387 4474 1443 4523 et
1471 4469 1532 4522 in
1558 4469 1664 4522 hac
1695 4466 1923 4537 quanti-

224 4570 341 4619 tate
373 4581 500 4636 quas
534 4579 602 4618 ex
625 4564 732 4617 hac
760 4560 984 4615 laterali
1019 4558 1497 4629 multiplicatione
1526 4556 1801 4621 nascitur,
1831 4571 1928 4610 na-

224 4654 490 4709 turaliter
522 4650 969 4723 augmentanda,
1003 4649 1319 4718 eademque
1342 4645 1563 4701 laterali
1586 4645 1927 4700 naturaliter

224 4742 596 4797 subducenda
644 4742 937 4813 procedas,
990 4738 1418 4809 embadumque
1456 4735 1561 4790 tali
1590 4739 1814 4789 ratione
1859 4751 1925 4789 ex

222 4830 633 4888 medietatibus
672 4830 887 4884 scilicet
916 4827 1274 4883 adinvenias.

797 4979 870 5030 De
894 4975 1092 5029 circulo
1111 4973 1353 5027 rubrica.

260 5123 413 5180 ’Sed
462 5122 598 5195 quia
634 5122 704 5177 de
735 5120 1109 5193 angularibus
1168 5117 1367 5189 ﬁguris
1416 5115 1668 5170 studioso
1723 5112 1926 5168 lectori

226 5214 582 5268 sufﬁcienter
630 5212 1065 5282 disputavimus,
1108 5212 1284 5263 restat
1332 5212 1393 5260 ut
1426 5206 1673 5260 breviter
1713 5204 1781 5257 de
1811 5202 1927 5256 cir-

226 5303 632 5357 cumductione
649 5301 890 5372 sphaerae
922 5300 1007 5352 vel
1040 5298 1237 5352 circuli
1268 5295 1637 5367 explicemus.
1676 5296 1927 5348 Ponatur

226 5392 476 5445 circulus
504 5392 696 5461 itaque
714 5390 782 5443 44
803 5389 1047 5459 pedibus
1065 5388 1125 5441 in
1154 5383 1643 5441 circumductionc
1666 5381 1926 5452 designa-

228 5486 343 5548 tus,
367 5481 681 5535 diametrus
710 5483 904 5532 autem
951 5478 1011 5530 14
1062 5476 1276 5547 pedum
1318 5471 1785 5544 protensionibus
1824 5470 1922 5523 de-

229 5570 537 5625 scribatur.
563 5568 740 5639 Cujus
771 5582 999 5623 summa
1025 5566 1073 5621 si
1101 5581 1204 5637 per
1235 5579 1294 5619 se
1326 5560 1654 5629 excreverit,
1696 5563 1793 5614 196
1818 5575 1919 5613 na-

1107 250 1680 308 INTERPRETATIO
1735 251 2065 308 EUCLIDIS
2105 253 2549 310 GEOMETRI/E.
2596 256 2727 311 LIB.
2771 258 2837 309 II.

3591 261 3721 313 1350

1966 386 2018 441 Α
2046 392 2299 454 scentur;
2338 387 2443 441 hos
2468 404 2571 458 per
2604 391 2660 442 11
2705 388 3093 459 multiplicans
3123 392 3260 443 2156
3307 390 3537 459 efﬁcies,
3570 410 3720 464 quo-

2038 493 2165 529 rum
2194 477 2630 547 quartadecima
2660 494 2814 548 pars,
2840 478 2895 532 id
2920 484 3005 532 est
3030 480 3147 545 lii-vi,
3171 495 3363 533 aream
3395 481 3565 551 hujus
3580 483 3724 553 cycli

2035 567 2259 637 pandit,
2312 572 2375 621 ut
2423 567 2573 620 infra
2628 572 2811 636 potest
2853 570 3025 623 cerni.
3078 571 3172 623 Est
3229 571 3340 623 alia
3382 571 3551 641 hujus
3583 573 3723 642 cycli

2035 655 2363 709 inveniendi
2404 656 2715 710 embadalis
2763 658 2931 727 spatii
2973 659 3119 711 ratio
3155 675 3167 711 :
3198 664 3457 713 sumatur
3505 662 3720 715 etenim

2035 744 2491 799 circumductivaa
2527 746 2858 815 quantitatis
2899 747 3193 813 medietas,
3235 749 3321 801 vel
3352 752 3420 802 2'2
3462 765 3591 820 quas
3639 753 3726 803 est

2033 834 2330 901 medietas,
2374 839 2429 887 et
2483 851 2586 905 per
2616 835 2980 889 medietatem
3010 836 3295 903 diametri,
3317 837 3375 891 id
3405 842 3491 891 est
3520 854 3625 908 per
3666 842 3720 905 '7,

2032 922 2469 993 multiplicetur,
2494 928 2551 977 et
2579 924 2734 994 quod
2762 940 2827 978 ex
2848 925 2954 979 hac
2986 925 3467 995 multiplicatione
3498 940 3713 996 prove-

2034 1011 2205 1080 nerit,
2235 1011 2543 1067 embadum
2571 1012 2794 1084 pandit.

2312 1317 2562 1453 ,//
3431 1367 3480 1422 \

2205 1523 2276 1763 /
2863 1704 2983 1773 με
3232 1326 3611 1933 3,

3464 1827 3606 2104 ,λλ

2858 2094 3510 2421 ιεςε

2483 2360 3370 2538 \\‘::///

2541 2595 2613 2647 De
2641 2596 2894 2659 emicyclo
2923 2594 3165 2649 rubrica.

2104 2691 2199 2745 His
2254 2711 2387 2749 vero
2448 2696 2718 2753 brevibus
2772 2701 3147 2755 initiamentis
3223 2703 3292 2756 de
3350 2702 3723 2760 circularibus

2031 2779 2480 2839 theorematibus
2524 2788 2828 2843 dicendum
2873 2808 2992 2843 esse
3026 2790 3374 2859 censuimus,
3422 2793 3492 2846 de
3531 2794 3723 2847 hemi-

2032 2871 2188 2938 cyclo
2222 2874 2479 2942 protinus
2519 2877 2745 2931 dicturi.
2783 2880 3187 2933 Conscribatur
3212 2896 3317 2950 age
3369 2882 3721 2952 hemicyclus

2030 2959 2098 3011 28
2128 2959 2188 3012 in
2210 2962 2351 3030 basi,
2382 2965 2520 3018 etin
2551 2968 2973 3021 semidiametro
2999 2970 3060 3020 14
3090 2969 3262 3039 pedes
3292 2969 3526 3036 habens,
3561 2971 3723 3039 cujus

1963 3041 2002 3096 C
2034 3044 2079 3097 si
2108 3063 2251 3102 areae
2292 3052 2587 3120 podismus
2626 3055 2946 3125 ignoretur,
2990 3058 3091 3111 tali
3144 3058 3364 3112 ratione
3396 3059 3720 3112 adinvesti-

2035 3139 2220 3203 getur.
2255 3139 2661 3211 Multiplicetur
2682 3162 2818 3216 ergo
2849 3163 3075 3200 summa
3101 3146 3253 3201 basis
3301 3164 3404 3216 per
3445 3148 3723 3201 semidia—

2036 3225 2207 3278 metri
2252 3244 2557 3297 summam,
2593 3239 2647 3287 et
2676 3235 2736 3288 in
2755 3238 2857 3289 392
2879 3236 3213 3305 pervenitur
3242 3241 3297 3290 et
3338 3237 3460 3290 haec
3500 3252 3724 3289 summa

2035 3312 2097 3410 in
2132 3314 2316 3369 decies
2346 3320 2477 3410 42η
2518 3324 2802 3392 producit,
2831 3342 3077 3395 quorum
3111 3332 3341 3395 sumpta
3372 3331 3575 3397 quarta
3623 3325 3723 3379 de-

2036 3408 2183 3455 cima
2220 3412 2400 3474 parte,
2434 3408 2488 3463 id
2531 3416 2749 3477 est312,
2785 3416 2987 3469 arealis
3011 3415 3333 3486 completur
3366 3414 3719 3486 superﬁcies,

2037 3495 2099 3544 ut
2126 3500 2362 3564 propter
2390 3507 2649 3570 apparet.

3038 3842 3054 3858 ,

2879 3900 2931 3960 1.
2975 3842 3054 3924 \

2110 4311 2241 4364 Haec
2271 4310 2340 4363 de
2362 4306 2733 4379 epipedarum
2765 4308 3280 4377 podismationibus
3308 4310 3626 4382 ﬁgurarum
3655 4315 3728 4369 ad

2036 4416 2288 4471 praesens
2322 4398 2473 4451 dicta
2502 4396 2806 4465 sufﬁciant,
2842 4402 3016 4451 restat
3046 4402 3108 4453 ut
3132 4399 3201 4454 de
3233 4405 3542 4456 montuosa
3601 4419 3727 4457 suc-

2036 4490 2271 4543 cinctius
2300 4487 2515 4559 aliquid
2546 4485 2765 4540 ratione
2793 4490 3125 4541 tractemus.
3159 4490 3514 4544 lnscribatur
3550 4492 3727 4546 etiam

2035 4595 2203 4633 mons
2240 4578 2302 4631 in
2328 4576 2552 4631 verticis
2590 4575 2834 4630 circuitu
2873 4578 2976 4630 300
3000 4577 3243 4647 pedibus
3270 4578 3651 4649 podismatus,
3693 4597 3728 4634 a

2034 4668 2180 4738 pede
2206 4672 2400 4721 autem
2428 4680 2612 4737 usque
2635 4665 2693 4719 in
2731 4666 3123 4719 summitatem
3156 4668 3258 4721 800
3306 4667 3548 4738 pedibus
3592 4684 3727 4739 pro-

2032 4760 2244 4823 tentus,
2276 4773 2378 4826 pes
2407 4771 2540 4810 vero
2572 4755 2785 4809 montis
2817 4755 3090 4825 'ejusdem
3124 4755 3184 4809 in
3216 4756 3456 4811 circuitu
3486 4758 3728 4828 pedibus

2031 4846 2279 4901 millenis
2308 4845 2694 4915 consignatur.
2723 4845 3098 4916 iPrOponatur
3164 4846 3335 4900 modo
3383 4846 3729 4918 inquisitum

2034 4940 2175 5005 quot
2197 4934 2404 5005 jugera
2434 4934 2494 4987 in
2522 4934 2631 4987 hoc
2656 4937 2849 4987 monte
2880 4933 3220 4987 habeantur.
3248 4934 3412 4998 Quod
3442 4936 3544 4990 tali
3594 4953 3725 4990 cum

2032 5023 2254 5077 ratione
2275 5023 2619 5077 ordiendum
2647 5023 2984 5093 jungantur,
3019 5023 3234 5077 etenim
3254 5025 3420 5093 pedis
3452 5030 3509 5079 et
3563 5041 3729 5079 cacu-

2034 5112 2208 5165 minis
2255 5112 2369 5165 duo
2428 5111 2509 5165 illi
2560 5110 2848 5179 circuitus,
2889 5110 2943 5164 id
2976 5116 3062 5165 est
3116 5114 3285 5179 1300;
3342 5129 3590 5183 quorum
3626 5128 3729 5182 per

2034 5200 2350 5254 mediumsi
2391 5216 2673 5267 ascensus,
2727 5199 2834 5253 hoc
2873 5204 2957 5253 est
2987 5202 3111 5270 800,
3136 5217 3241 5271 per
3271 5204 3374 5255 650
3435 5201 3727 5270 multipli-

2036 5290 2278 5357 cabitur,
2306 5291 2408 5343 5‘20
2432 5289 2606 5359 pedes
2630 5288 2838 5341 habere
2869 5290 3077 5342 montis
3109 5290 3279 5359 hujus
3297 5289 3547 5359 spatium
3578 5305 3729 5343 com-

2845 3791 2855 4127 ἕ

2036 5378 2390 5449 probabitur.
2416 5379 2567 5430 Hanc
2596 5377 2771 5446 igitur
2792 5394 3076 5431 summam
3110 5378 3154 5430 si
3185 5379 3244 5430 in
3274 5379 3473 5441 28,800
3507 5378 3727 5448 disper-
3828 5400 3831 5401 ν

2037 5468 2195 5535 seris,
2224 5469 2283 5520 18
2314 5466 2375 5519 in
2406 5467 2511 5519 hoc
2551 5482 2669 5519 esse
2703 5472 2895 5519 monte
2928 5465 3345 5535 comprobabis,
3374 5467 3727 5521 restantibus

2035 5560 2260 5611 tantum
2281 5556 2531 5610 millenis
2560 5560 2619 5610 et
2650 5555 2930 5610 sexcentis
2962 5554 3224 5625 pedibus.
