4152 6184
238 251 369 303 1353

1135 254 1693 315 INTERPRETATIO
1734 259 2056 315 EUCLIDIS
2097 262 2543 320 GEOMETRIZE.
2589 266 2728 322 LIB.
2777 267 2844 321 ll.

3599 277 3736 331 1354·

228 387 333 441 stri
377 403 673 442 mensores
723 392 853 443 ante
886 389 1237 446 dicebantur.
1274 392 1379 448 Sed
1420 394 1596 450 Varro
1637 396 1919 467 peritissi-
1960 404 2007 457 A
2036 399 2217 469 gloria
2246 406 2460 471 pereat,
2494 405 2556 457 ut
2584 403 2752 458 nobis
2790 402 3119 474 plenissime
3149 406 3234 461 rei
3282 407 3490 464 veritas
3520 411 3589 465 ad
3624 428 3731 466 no-

231 492 361 530 mus
394 477 721 533 Latinorum
753 478 925 549 hujus
974 481 1228 536 nominis
1264 499 1495 537 causam
1529 484 1608 538 sic
1649 486 1927 541 exstitisse

233 572 649 621 commemorat
675 568 866 623 dicens
893 586 905 623 ε
932 572 1092 625 Prius
1124 572 1341 641 quidem
1368 573 1728 629 dimensiones
1761 581 1932 631 terra-

233 672 356 710 rum
389 659 631 711 terminis
658 660 874 726 positis,
908 662 1240 727 vagantibus
1274 678 1336 717 ac
1369 664 1809 721 discordantibus
1840 682 1932 735 po-

233 747 380 816 pulis
410 749 562 815 pacis
592 749 756 802 utilia
782 750 1119 818 praestitisse.
1154 752 1355 807 Deinde
1388 756 1551 809 totius
1584 758 1718 809 anni
1750 754 1931 811 circu-

237 836 350 890 lum
392 838 661 891 mensuali
704 854 925 893 numero
971 841 1146 906 fuisse
1182 845 1477 910 partitum.
1529 845 1673 899 Tunc
1729 849 1778 898 et
1822 847 1933 914 ipsi

235 940 439 980 menses
466 926 609 995 quod
644 942 847 982 annum
890 930 1203 994 metiuntur,
1239 931 1375 985 dicti
1404 937 1548 988 sunt.
1591 935 1735 987 Tunc
1764 938 1815 987 et
1843 934 1932 988 di-

237 1018 561 1071 mensionem
587 1016 731 1071 orbis
755 1022 911 1072 terrae
924 1018 1201 1087 probabili
1221 1022 1390 1087 refert
1404 1025 1615 1076 ratione
1635 1022 1930 1089 collectam,

235 1104 356 1159 ideo
384 1108 593 1172 factum
614 1111 692 1161 est
721 1110 781 1161 ut
809 1107 1102 1176 disciplina
1133 1111 1257 1178 ipsa
1286 1115 1586 1179 geometriae
1614 1127 1803 1167 nomen
1843 1129 1931 1168 ac-

238 1197 439 1265 ciperet
468 1195 614 1264 quod
642 1212 743 1265 per
771 1198 965 1251 saecula
997 1199 1157 1264 lcnga
1182 1204 1467 1255 constaret.

612 1287 688 1339 De
717 1288 957 1341 utilitate
983 1292 1283 1354 geometria
1315 1290 1556 1344 rubrica.

314 1374 534 1429 Utilitas
576 1376 907 1446 geometriae
952 1377 1158 1446 triplex
1198 1384 1301 1446 est,
1347 1379 1416 1433 ad
1462 1378 1811 1447 facultatem,
1862 1380 1937 1436 ad

240 1464 566 1531 sanitatem,
600 1465 671 1519 ad
702 1466 975 1520 animam.
1008 1466 1093 1521 Ad
1134 1467 1483 1535 facultatem,
1519 1474 1580 1522 ut
1620 1468 1938 1523 mechanici

240 1558 298 1608 et
325 1553 634 1609 architecti.
686 1556 763 1611 Ad
812 1557 1135 1625 sanitatem,
1169 1562 1235 1612 ut
1278 1558 1505 1612 medici.
1543 1558 1627 1612 Ad
1664 1558 1933 1627 animam,

240 1648 307 1697 ut
335 1643 680 1715 philosophi.
715 1644 898 1709 Quam
931 1652 1110 1702 artem
1146 1648 1193 1701 si
1234 1652 1384 1701 arcte
1415 1652 1470 1702 et
1509 1648 1772 1718 diligenti
1803 1663 1939 1701 cura

242 1736 415 1804 atque
445 1734 741 1789 moderata
775 1740 964 1790 mente
1002 1737 1414 1807 perquirimus,
1445 1737 1554 1791 hoc
1594 1738 1747 1809 quod
1781 1753 1937 1807 prte-

241 1823 409 1877 dictis
474 1824 855 1879 divisionibus
901 1826 1271 1881 manifestum
1335 1832 1436 1895 est,
1485 1843 1684 1882 sensus
1713 1831 1939 1881 nostros

241 1928 453 1983 magna
486 1914 741 1968 claritate
791 1915 1084 1981 dilucidat,
1120 1921 1176 1970 et
1218 1916 1362 1971 illud
1411 1933 1602 1987 supra,
1653 1918 1823 1988 quale
1856 1920 1940 1970 est

241 2003 451 2056 ccelum
482 2004 674 2057 animo
719 2005 930 2067 subire,
964 2010 1259 2077 totamque
1289 2006 1448 2060 illam
1494 2007 1817 2060 machinam
1850 2022 1940 2061 su-

243 2108 484 2162 pernam
530 2092 846 2163 indagabili
876 2095 1095 2149 ratione
1140 2096 1306 2149 aliter
1334 2096 1637 2162 discutere,
1671 2102 1724 2149 et
1754 2096 1940 2166 inspe-

242 2182 391 2235 ctiva
421 2184 631 2236 mentis
662 2184 1033 2253 sublimitate,
1067 2201 1136 2239 ex
1170 2185 1360 2257 aliqua
1392 2191 1553 2257 parte
1585 2186 1854 2256 colligere
1885 2190 1942 2240 et

244 2287 557 2341 agnoscere
589 2274 793 2327 mundi
834 2274 1106 2328 factorem
1154 2276 1253 2345 qui
1283 2282 1441 2329 tanta
1486 2281 1541 2330 et
1568 2275 1705 2330 talia
1735 2292 1941 2329 arcana

242 2362 469 2416 velavit.
497 2362 639 2415 Nam
664 2364 912 2417 mundus
934 2365 1055 2434 ipse
1082 2366 1359 2436 sphaerica
1381 2366 1564 2420 fertur
1590 2366 1941 2421 rotunditate

245 2450 541 2518 collectus,
569 2456 633 2505 ut
663 2452 913 2506 diversas
951 2469 1143 2508 rerum
1192 2455 1406 2509 formas
1433 2455 1683 2509 ambitus
1714 2455 1801 2508 sui
1831 2455 1939 2509 cir-

243 2540 499 2595 cuitione
540 2542 925 2609 concluderet,
952 2543 1107 2597 unde
1148 2545 1361 2598 librum
1393 2545 1607 2599 Seneca
1636 2549 1942 2599 consenta-

244 2646 355 2683 nea
384 2630 746 2701 philosophis
776 2632 1167 2702 disputatione
1191 2635 1476 2702 formavit,
1512 2636 1602 2689 cui
1636 2635 1836 2688 titulus
1859 2638 1944 2688 est

248 2720 319 2773 de
352 2721 561 2774 Forma
590 2720 809 2774 mundi.
856 2722 997 2775 Nam
1040 2722 1099 2774 in
1130 2724 1449 2793 geometria
1489 2724 1689 2795 utique
1719 2728 1943 2794 partem

246 2809 497 2863 fatemur
528 2826 649 2864 esse
688 2810 886 2864 utilem
919 2812 1121 2877 teneri,
1156 2818 1209 2865 et
1242 2814 1458 2866 actibus
1490 2813 1712 2883 agitari,
1738 2812 1797 2865 in
1824 2828 1945 2865 om-

251 2899 421 2953 nibus
464 2900 734 2971 prodesse
784 2918 909 2955 eam
974 2902 1390 2969 existimamus,
1452 2918 1555 2956 nec
1606 2903 1728 2956 sine
1777 2918 1944 2955 causa

2036 488 2224 544 titiam
2271 491 2491 561 veniat;
2546 492 2808 564 quisquis
2856 493 2951 547 ille
3000 498 3194 550 tamen
3236 496 3382 551 hanc
3433 498 3731 570 epistolam

2039 579 2297 635 studiose
2328 581 2519 652 legere
2540 582 2785 637 voluerit
2810 583 3153 654 quibusdem
3173 589 3530 657 compendiis
3558 590 3735 646 intro-

2041 667 2262 736 ductus,
2295 669 2534 724 lucidius
2564 670 2849 741 majorum
2881 672 3031 727 dicta
3058 672 3117 728 in
3146 674 3305 730 brevi
3337 676 3634 747 percipiet.

2763 761 3023 817 Rubrica.

2112 844 2282 899 Divus
2311 846 2494 901 Julius
2544 846 2750 916 Caesar,
2802 849 2889 903 vir
2936 852 3281 907 accerrimus
3326 857 3383 907 et
3424 854 3735 910 multarum

2041 934 2300 1004 gentium
2347 935 2692 1003 dominator,
2726 937 3052 1010 frequentia
3099 940 3237 995 belli
3284 943 3529 997 militem
3574 961 3739 998 exer-

2040 1022 2177 1089 cuit,
2229 1024 2577 1095 ampliorum
2638 1026 2925 1081 bellorum
2978 1028 3249 1098 operibus
3314 1033 3592 1102 augendm
3654 1033 3739 1088 rei

2042 1127 2210 1166 causa
2238 1113 2553 1168 illustrium
2606 1116 2861 1170 virorum
2901 1116 3074 1171 urbes
3122 1118 3413 1189 ingressus
3461 1125 3564 1188 est,
3600 1137 3739 1192 gen-

2043 1200 2191 1254 tium
2224 1202 2467 1271 populos
2496 1208 2763 1273 rogantes
2796 1204 3030 1274 recepit,
3050 1209 3327 1275 tyrannos
3348 1208 3539 1277 gladio
3568 1208 3742 1263 inter-

2044 1290 2203 1357 emit,
2234 1296 2291 1345 et
2320 1297 2627 1363 postquam
2675 1292 2946 1347 hostilem
2990 1297 3205 1349 terram
3236 1297 3505 1365 obtinuit,
3541 1298 3741 1353 deletis

2043 1378 2297 1433 hostium
2353 1381 2695 1449 civitatibus,
2749 1382 2938 1437 denuo
2988 1400 3162 1438 novas
3212 1385 3379 1440 urbes
3421 1386 3739 1455 constituit,

2048 1468 2180 1522 dato
2213 1467 2421 1523 iterum
2453 1470 2693 1525 colonia:
2728 1471 2963 1526 nomine
2995 1472 3143 1527 cives
3170 1475 3488 1545 ampliavit.

2120 1558 2321 1611 Milites
2363 1558 2598 1613 colonos
2635 1560 2787 1626 fecit,
2833 1561 2975 1615 alios
3017 1561 3076 1615 in
3109 1562 3288 1629 Italia,
3330 1564 3470 1618 alios
3516 1564 3577 1619 in
3601 1580 3743 1635 pro-

2050 1644 2249 1700 vinciis
2277 1647 2643 1718 quibusdam.
2674 1650 2803 1704 Haec
2834 1666 2962 1721 quae
2985 1651 3147 1705 divus
3177 1653 3472 1723 Augustus
3494 1653 3744 1723 assigna-

2048 1738 2139 1790 tus
2172 1740 2341 1791 urbes
2371 1738 2793 1807 provinciarum
2821 1740 3093 1795 exercitui
3119 1742 3290 1811 jussit
3318 1748 3556 1813 propter
3585 1742 3741 1796 subi-

2050 1829 2136 1881 tas
2166 1826 2449 1881 bellorum
2491 1828 2657 1895 acies,
2694 1844 2811 1882 non
2857 1830 3043 1883 solum
3094 1846 3187 1884 eas
3216 1830 3474 1886 civitates
3511 1832 3746 1885 demum

2049 1914 2278 1984 cingere
2306 1917 2507 1984 muris,
2560 1934 2759 1972 verum
2810 1918 2981 1972 etiam
3018 1918 3143 1973 loca
3190 1935 3395 1990 aspera
3424 1925 3481 1975 et
3519 1920 3745 1975 confra-

2050 2019 2189 2073 gosa
2219 2006 2350 2059 satis
2382 2006 2624 2076 alligari,
2663 2012 2723 2061 ut
2758 2007 2852 2061 ille
2887 2008 3134 2063 maxime
3166 2010 3602 2080 propugnaculo
3639 2013 3745 2075 est,

2050 2098 2106 2146 et
2137 2094 2244 2147 ista
2274 2094 2383 2148 loci
2423 2100 2646 2163 natura,
2691 2102 2746 2150 et
2777 2097 2846 2150 ab
2893 2114 3164 2167 agrorum
3208 2116 3356 2153 nova
3387 2099 3747 2153 dedicatione

2051 2183 2286 2237 culturae
2325 2184 2577 2238 colonias
2609 2185 2937 2256 appellavit,
2973 2202 3101 2255 quas
3132 2187 3372 2241 coloniae
3401 2188 3491 2241 his
3520 2187 3747 2241 victori-

2049 2271 2176 2341 bus,
2238 2273 2338 2344 qui
2399 2274 2678 2345 temporis
2733 2290 2901 2329 causa
2945 2292 3105 2330 arma
3155 2292 3399 2348 coepere,
3446 2275 3747 2347 assignatas

2052 2366 2205 2415 sunt.

2124 2453 2271 2521 Ergo
2304 2467 2376 2506 ne
2409 2451 2547 2522 quid
2588 2468 2692 2507 nos
2725 2454 3044 2524 praeterisse
3072 2453 3392 2522 videamur,
3426 2454 3526 2508 sed
3565 2453 3751 2524 magis

2053 2558 2251 2595 eorum
2279 2542 2541 2613 exempla
2583 2559 2913 2613 sequamur,
2949 2559 3100 2613 saepe
3141 2544 3250 2598 erit
3281 2544 3349 2597 ad
3379 2543 3627 2597 formam
3657 2559 3752 2597 re-

2054 2630 2415 2702 spiciendum
2437 2648 2450 2697 ;
2476 2636 2530 2685 et
2554 2632 2687 2703 quia
2708 2634 2993 2687 montium
3017 2633 3344 2687 altitudines
3366 2650 3611 2704 prmesse
3636 2649 3754 2688 ora-

2053 2720 2133 2774 tio
2180 2721 2555 2789 monstrabat,
2606 2738 2711 2793 per
2772 2738 3073 2776 accensum
3138 2722 3396 2791 przecelsi
3442 2722 3752 2776 cacuminis

2056 2811 2234 2864 aciem
2280 2810 2563 2865 laboriose
2597 2812 2761 2881 signa
2800 2828 2867 2866 ex
2916 2812 3205 2882 lapidibus
3251 2817 3573 2866 constructa
3618 2812 3753 2865 reli-

2055 2900 2306 2970 quimus,
2331 2904 2385 2953 et
2415 2905 2499 2954 est
2528 2901 2749 2955 munita
2773 2902 3128 2973 discretaque
3168 2902 3428 2957 locorum
3461 2901 3752 2972 quantitas

248 2989 463 3043 summi
503 2991 610 3043 viri
641 2990 817 3044 etiam
866 2991 1187 3062 impensam
1236 2992 1366 3047 huic
1410 2992 1659 3046 scientiae
1709 3008 1943 3062 operam
1983 3016 2023 3071 ρ
2056 3004 2181 3059 quae
2215 2993 2515 3059 permanet
2563 2990 2871 3060 separatim
2917 3006 3024 3061 per
3070 3007 3349 3062 aquarum
3392 2990 3647 3061 divergia
3690 2990 3750 3044 in

246 3080 549 3147 dederunt,
582 3096 712 3135 cum
744 3082 815 3134 sit
840 3082 1159 3151 geometria
1183 3081 1360 3135 divisa
1386 3081 1447 3135 in
1473 3096 1741 3135 numeros
1771 3084 1941 3150 atque

246 3168 464 3224 formas
482 3186 875 3225 numerorum.
900 3172 1042 3225 Nota
1063 3188 1181 3226 non
1202 3176 1426 3226 tantum
1453 3172 1689 3238 oratori,
1714 3170 1808 3224 sed
1832 3170 1945 3222 cui-

248 3274 363 3329 que
410 3260 613 3329 primis
661 3262 863 3315 saltem
927 3260 1133 3314 litteris
1194 3260 1420 3315 erudito
1468 3259 1789 3315 necessaria
1837 3262 1941 3325 est,

249 3349 403 3419 quod
434 3344 503 3404 ad
530 3349 909 3404 subtilitatem
936 3354 1162 3404 constat
1188 3350 1547 3415 tenuissima,
1583 3354 1638 3403 et
1670 3349 1739 3403 ad
1770 3348 1945 3401 scien-

248 3439 391 3493 tiam
424 3439 747 3506 utilissima,
782 3444 839 3493 et
871 3439 941 3493 ad
968 3439 1434 3493 exercitationem
1467 3438 1627 3492 valde
1651 3437 1948 3509 jucundis-

250 3526 417 3581 sima.
466 3528 529 3581 In
568 3527 751 3581 causis
788 3542 921 3581 vero
954 3526 1417 3597 frequentissime
1462 3526 1763 3597 quazritur,
1813 3524 1948 3596 quia

248 3614 505 3685 primum
536 3616 676 3670 ordo
726 3620 811 3669 est
855 3617 1187 3687 geometriae
1230 3617 1604 3671 necessarius.
1655 3617 1857 3669 Nonne
1891 3619 1949 3669 et

250 3705 617 3776 eloquentiaa,
647 3721 715 3759 ex
746 3706 1034 3776 prioribus
1064 3706 1383 3776 geometria
1412 3706 1617 3776 probat
1646 3705 1948 3776 insequen-

249 3793 345 3859 tia,
383 3798 439 3847 et
486 3794 653 3848 certis
700 3794 936 3861 incerta,
970 3799 1206 3865 propter
1236 3796 1387 3866 quod
1433 3796 1627 3863 plures
1668 3795 1947 3864 invenies,

250 3883 353 3954 qui
385 3883 612 3937 dialecti
642 3883 909 3938 similiter
940 3889 997 3937 et
1039 3884 1311 3939 rhetorici
1353 3885 1755 3955 ingrediantur
1801 3886 1949 3939 hanc

249 3978 453 4027 artem.
478 3973 785 4027 Dialectico
800 3990 1050 4044 namque
1067 3974 1422 4045 syllogismo,
1439 3974 1486 4029 si
1508 3991 1597 4028 res
1614 3976 1820 4045 poscit,
1842 3974 1951 4029 uti-

247 4067 365 4131 tur,
398 4067 452 4117 et
493 4064 593 4135 qui
636 4068 772 4118 sunt
816 4064 1202 4134 potentissimi
1250 4064 1630 4134 grammatici,
1683 4064 1783 4135 qui
1814 4080 1949 4133 apo-

249 4153 398 4207 diXis
420 4154 610 4208 Graece
634 4154 920 4221 dicuntur,
938 4152 1091 4207 idem
1115 4153 1383 4223 probant,
1410 4157 1465 4207 et
1486 4158 1636 4208 certe
1658 4154 1952 4224 enthyme-

248 4247 420 4310 mate,
472 4242 572 4314 qui
620 4243 939 4297 rhetoricus
994 4250 1080 4297 est
1118 4243 1504 4314 syllogismus,
1556 4243 1707 4314 quod
1756 4243 1949 4297 Latine

2052 3084 2300 3149 utraque
2331 3083 2490 3149 parte
2525 3078 2687 3133 valde
2733 3084 2869 3134 nota
2897 3080 3156 3150 partitio,
3192 3080 3303 3135 alia
3343 3081 3465 3135 loca
3495 3080 3753 3150 riparum

2054 3183 2253 3221 cursus
2280 3173 2560 3235 servatur,
2593 3168 2839 3239 proinde
2860 3169 3031 3223 etiam
3064 3169 3110 3223 si
3136 3169 3318 3223 hostis
3347 3183 3450 3225 nos
3484 3169 3753 3223 infestare

2054 3255 2345 3325 voluisset,
2380 3274 2477 3312 eos
2508 3273 2576 3312 ex
2605 3259 2869 3329 proxima
2896 3259 3023 3329 ripa
3057 3263 3387 3329 poteramus
3417 3274 3751 3329 expugnan-

2055 3346 2128 3401 do
2156 3362 2446 3417 rumpere.
2481 3347 2622 3401 Nam
2654 3348 2804 3401 circa
2832 3347 3131 3419 regionem
3164 3347 3514 3402 maritimam
3544 3346 3755 3400 limites

2054 3440 2240 3490 rectos
2270 3436 2602 3491 censuimus
2648 3453 2718 3492 ex
2768 3436 3059 3507 lapidibus
3088 3438 3420 3508 compactis,
3466 3441 3643 3491 totam
3686 3436 3755 3490 li-

2054 3524 2261 3579 mitum
2290 3531 2579 3581 recturam
2609 3542 2840 3581 cursum
2869 3526 3414 3589 demonstrabimus,
3442 3526 3577 3597 quia
3607 3526 3757 3580 colo-

2055 3616 2169 3670 nias
2198 3632 2399 3671 omnes
2424 3632 2553 3687 qua:
2586 3616 2658 3671 ad
2686 3632 2843 3671 mare
2886 3621 3187 3687 ponuntur
3214 3617 3407 3671 littore
3436 3616 3612 3670 maris
3640 3619 3757 3669 ter-

2055 3705 2373 3759 minantur.
2405 3707 2586 3775 Agros
2620 3705 2966 3760 convallium
2995 3707 3125 3776 jure
3154 3704 3445 3760 ordinario
3480 3704 3760 3776 disposui-

2056 3810 2204 3858 mus,
2236 3810 2380 3865 quos
2410 3793 2765 3848 intercisivos
2794 3795 3239 3850 nominavimus.
3273 3796 3339 3849 In
3363 3794 3603 3866 planitie
3623 3809 3759 3848 vero

2058 3884 2272 3938 limites
2302 3888 2455 3937 recte
2484 3883 2922 3939 cultellavimus.

2131 3973 2476 4044 Plerumque
2496 3978 2628 4028 sunt
2652 3974 2778 4045 agri
2796 3988 2971 4044 quam
2993 3972 3164 4027 multi
3184 3973 3481 4045 assignati,
3506 3988 3758 4043 quorum

2058 4077 2329 4116 mensura
2357 4062 2607 4117 limitum
2658 4063 2790 4117 licet
2839 4062 3060 4117 diversa
3091 4063 3182 4129 sit,
3216 4067 3412 4116 tamen
3458 4062 3632 4115 etiam
3682 4059 3756 4114 di-

2059 4156 2211 4205 stant
2241 4168 2273 4205 a
2302 4168 2359 4206 se
2387 4152 2533 4206 alius
2563 4153 2633 4207 ab
2674 4152 2784 4207 alio
2828 4152 2885 4206 in
2933 4152 3107 4222 pedes
3143 4154 3264 4220 100,
3310 4152 3369 4206 in
3406 4151 3583 4223 pedes
3628 4150 3759 4215 150,

2060 4240 2122 4294 in
2152 4241 2323 4311 pedes
2353 4242 2477 4309 240,
2510 4240 2571 4295 in
2614 4241 2789 4311 pedes
2822 4242 2945 4310 300,
2981 4241 3041 4294 in
3088 4240 3262 4311 pedes
3314 4242 3436 4307 360,
3481 4240 3540 4293 in
3583 4238 3761 4309 pedes

246 4330 662 4401 interpretatur
724 4334 921 4387 mentis
980 4334 1270 4401 conceptio,
1326 4348 1497 4403 quem
1547 4332 1947 4403 imperfectum
1988 4323 2032 4377 D
2061 4331 2186 4397 420,
2221 4331 2279 4384 in
2314 4330 2488 4401 pedes
2536 4332 2661 4398 480,
2718 4331 2779 4385 in
2825 4331 3001 4402 pedes
3031 4332 3154 4397 600,
3191 4330 3253 4384 in
3304 4330 3477 4400 pedes
3526 4330 3649 4395 700,
3700 4327 3763 4381 in

248 4420 435 4475 solent
464 4421 778 4492 artigraphi
808 4437 1166 4491 nuncupare,
1200 4426 1256 4476 et
1287 4421 1408 4493 ipse
1445 4421 1694 4492 denique
1744 4421 1954 4491 probat

246 4511 411 4579 cujus
440 4510 514 4565 sit
553 4511 752 4565 forma:
784 4511 1074 4577 circuitus,
1104 4515 1247 4582 quot
1275 4510 1439 4565 lineis
1476 4512 1643 4565 rectis
1687 4512 1955 4565 contine-

248 4602 366 4651 tur.
401 4598 618 4662 Quibus
648 4600 834 4655 modis
864 4600 1085 4676 ﬁnitur,
1121 4616 1247 4671 quae
1282 4599 1382 4655 illa
1408 4600 1861 4654 circumcurrens
1892 4599 1955 4654 li-

252 4704 364 4741 nea
382 4688 429 4741 si
459 4688 669 4743 efﬁciat
701 4689 919 4756 orbem,
952 4705 1081 4761 qua:
1115 4690 1301 4744 forma
1332 4695 1417 4745 est
1459 4690 1521 4745 in
1552 4690 1738 4761 planis
1768 4689 1953 4744 maxi-

256 4794 353 4831 ma
393 4778 666 4848 perfecta,
699 4779 761 4833 in
809 4795 923 4850 qua
962 4783 1051 4833 tot
1098 4780 1281 4850 spatia
1330 4780 1748 4850 complectitur.
1803 4781 1868 4834 Et
1908 4778 1956 4832 si

259 4867 606 4937 quadratum
653 4869 889 4938 paribus
939 4868 1099 4923 horis
1154 4870 1363 4925 efﬁciat
1408 4887 1606 4925 rursus
1654 4869 1954 4941 quadrata,

248 4956 578 5025 triangulus
605 4958 914 5028 triangula,
948 4958 1073 5029 ipsa
1103 4960 1231 5030 plus
1259 4960 1442 5031 aequis
1472 4959 1746 5014 lateribus
1782 4974 1956 5029 quam

250 5045 683 5116 inmqnalibus,
768 5051 823 5101 et
894 5048 1003 5102 alia
1066 5048 1309 5103 forsitan
1370 5048 1737 5116 obscuriora,
1807 5046 1956 5118 quod

250 5135 427 5189 etiam
456 5135 643 5206 operis
665 5135 825 5205 sequi
849 5141 1076 5207 oportet
1100 5138 1579 5208 experimentum.
1610 5140 1741 5192 Haec
1761 5136 1820 5191 in
1841 5136 1959 5207 pla-

253 5225 362 5278 nis.
400 5225 544 5279 Nam
575 5224 636 5277 in
668 5225 960 5280 montibus
990 5231 1046 5280 et
1077 5227 1317 5281 collibus
1347 5227 1520 5281 etiam
1551 5225 1821 5297 imperito
1856 5242 1958 5295 pa-

249 5319 355 5380 tet,
414 5314 549 5384 quia
598 5329 702 5384 per
734 5315 924 5369 solum
975 5331 1206 5370 cursum
1257 5321 1313 5371 et
1354 5316 1691 5369 umbrarum
1738 5320 1958 5369 motum

250 5402 785 5474 comprehenditur,
811 5410 867 5459 et
896 5421 997 5476 per
1020 5404 1276 5476 divergia
1297 5421 1579 5477 aquarum
1602 5409 1955 5475 segregatur.

253 5494 418 5547 Nunc
446 5494 518 5546 ad
552 5493 857 5563 epistolam
891 5494 1030 5549 Julii
1072 5495 1312 5550 Caesaris
1344 5495 1667 5563 veniamus,
1700 5494 1856 5564 quod
1891 5495 1961 5549 ad

248 5582 426 5654 hujus
455 5582 593 5638 artis
632 5583 917 5654 originem
952 5586 1219 5656 pertinet,
1248 5588 1314 5642 ut
1352 5600 1459 5642 nec
1499 5584 1682 5657 ipsius
1710 5584 1959 5641 auctoris

612 5682 890 5751 PATROL.
942 5684 1167 5752 LXIII.

2062 4419 2237 4491 pedes
2286 4420 2407 4488 840,
2457 4420 2517 4473 in
2561 4419 2731 4491 pedes
2780 4423 2903 4488 960,
2947 4420 3008 4473 in
3056 4420 3229 4491 pedes
3275 4420 3426 4483 1020,
3474 4419 3534 4472 in
3590 4417 3763 4489 pedes

2067 4510 2259 4574 10200,
2312 4509 2373 4563 in
2441 4509 2615 4580 pedes
2669 4510 2857 4578 10340,
2909 4509 2970 4563 in
3020 4510 3195 4580 pedes
3248 4510 3437 4575 10600,
3485 4508 3543 4561 in
3586 4506 3762 4577 pedes

2071 4600 2259 4665 10700,
2288 4597 2349 4652 in
2379 4598 2554 4668 pedes
2606 4600 2796 4667 10800,
2838 4598 2899 4653 in
2930 4598 3104 4669 pedes
3134 4599 3330 4666 20000,
3362 4598 3423 4652 in
3454 4600 3763 4668 conspectu

2063 4691 2259 4742 tamen
2288 4687 2461 4758 longo
2492 4704 2607 4759 quo
2639 4687 2818 4758 signis
2848 4687 3095 4742 limitem
3126 4688 3370 4759 agimus.

2136 4776 2194 4831 Si
2237 4776 2412 4831 fuerit
2456 4777 2738 4831 terminus
2798 4792 3019 4831 crassus
3068 4776 3383 4848 angustalis
3426 4779 3481 4831 et
3532 4775 3600 4830 ab
3651 4775 3765 4830 alia

2064 4871 2229 4937 parte
2292 4867 2463 4938 longa
2520 4881 2743 4923 crassus
2810 4866 3137 4939 geminatus
3181 4908 3195 4933 ,
3250 4866 3311 4921 hi
3374 4866 3490 4921 duo
3550 4866 3764 4921 limites

2065 4955 2304 5010 maximi
2332 4956 2667 5011 decimanus
2698 4960 2754 5010 et
2773 4958 2944 5010 cardo
2973 4956 3257 5010 nominati
3279 4962 3429 5010 sunt.
3457 4957 3563 5010 Per
3585 4956 3766 5009 multa

2066 5046 2250 5100 millia
2279 5046 2490 5116 pedum
2508 5050 2881 5115 concurrunt,
2907 5050 2963 5101 et
2992 5046 3105 5100 nisi
3126 5046 3186 5100 in
3209 5046 3381 5118 Alpes
3402 5045 3608 5099 finiant
3627 5044 3767 5098 divi-

2069 5135 2213 5190 dunt
2238 5151 2403 5206 agros
2435 5137 2635 5190 dextra
2663 5136 2928 5207 laevaque
2960 5141 3250 5192 rectarum
3297 5136 3585 5189 linearum
3615 5132 3767 5187 inter

2068 5242 2127 5280 se
2160 5226 2597 5281 continentium.

2139 5316 2380 5371 Omnem
2414 5330 2744 5369 mensuram
2774 5314 2948 5385 hujus
2979 5315 3217 5370 culturae
3244 5312 3496 5368 mediam
3544 5311 3763 5383 longio-

2069 5422 2192 5460 rem
2222 5406 2336 5460 sive
2366 5406 2631 5460 latiorem
2661 5405 2845 5459 facere
2880 5406 3069 5472 debes,
3105 5404 3258 5475 quod
3297 5400 3605 5457 latitudine
3641 5402 3766 5457 lon-

2070 5496 2196 5567 gius
2226 5496 2397 5549 fuerit
2425 5512 2723 5551 scamnum
2754 5500 2860 5564 est,
2894 5496 3051 5566 quod
3082 5510 3217 5549 vero
3249 5493 3310 5547 in
3342 5490 3765 5563 longitudinem

2068 5584 2302 5657 longius
2333 5585 2508 5643 fuerit
2538 5585 2734 5658 striga.

3324 5686 3408 5749 43
