4176 6192
455 275 591 329 1355

1762 270 1878 321 ΛΝ.
1928 268 2150 321 MAle.
2200 267 2346 320 SEV.
2391 267 2636 321 BOETll.

3836 266 3968 316 1336

529 397 677 450 Sunt
724 394 887 449 fundi
939 394 1083 447 bene
1130 393 1471 446 meritorum
1520 396 1576 445 et
1616 408 1719 461 pro
1769 390 2147 443 testimatione
2187 416 2232 467 Α
2264 389 2540 459 ascriptus
2568 392 2669 454 est,
2698 387 2759 440 in
2794 386 3005 440 ﬁnibus
3039 386 3159 438 suis
3186 385 3467 439 tabulario
3497 386 3743 440 Czesaris
3777 386 3967 438 inferi—

457 485 737 542 ubertatis
765 482 1124 553 angustiores
1157 481 1429 551 assignati
1460 486 1608 533 sunt.

535 578 680 631 Loca
729 590 919 627 macra
963 577 1020 626 et
1068 572 1225 625 arida
1268 570 1535 640 ampliori
1585 569 1831 622 termino
1886 568 2150 621 conclusa

460 670 614 719 sunt.
650 663 794 717 Sunt
821 662 945 716 loca
997 660 1310 714 subsicciva
1357 676 1486 729 quas
1536 659 1603 711 ad
1650 658 1743 727 jus
1790 658 2149 709 ordinarium

459 771 574 808 non
612 752 919 822 pertinent,
966 750 1063 803 sed
1112 752 1157 801 si
1205 749 1535 802 convenerit
1583 748 1731 800 inter
1776 762 2146 815 possessores,

456 842 814 913 possideant;
852 840 898 892 si
932 856 1045 892 non
1077 838 1427 902 convenerit,
1463 840 1717 888 remanet
1746 834 2031 905 potestati.

530 931 653 985 Alia
684 930 809 983 loca
835 927 1180 998 perfectiora
1218 928 1288 980 ad
1332 927 1424 995 jus
1458 925 1749 995 publicum
1793 924 2147 993 pertineant;

457 1020 699 1076 totidem
728 1018 774 1071 si
796 1016 1216 1087 possessoribus
1242 1015 1523 1081 convenit,
1551 1013 1864 1083 possident.

530 1110 673 1165 Sunt
704 1112 897 1161 autem
941 1106 1064 1159 loca
1094 1105 1324 1174 publica
1354 1105 1475 1157 haec
1506 1119 1632 1173 quas
1666 1102 1992 1155 scribuntur
2014 1101 2152 1153 silva

460 1204 516 1255 et
540 1214 749 1270 pascua
778 1196 1006 1267 publica
1055 1195 1495 1264 augustinorum
1528 1208 1654 1262 qua:
1690 1192 1788 1244 illo
1819 1191 1988 1244 modo
2022 1191 2155 1243 alie-

459 1287 585 1342 nari
616 1289 935 1356 nequeunt,
978 1287 1033 1337 et
1061 1281 1356 1352 possident
1387 1281 1625 1335 tutelam
1674 1284 1773 1333 aut
1807 1280 2153 1349 templorum

460 1376 844 1447 publicorum,
865 1373 1330 1438 autbalnearum,
1347 1388 1471 1442 quas
1486 1372 1608 1423 loco
1629 1370 1827 1423 colliva
1841 1368 2151 1438 appellant.

531 1468 684 1535 Ager
724 1464 1071 1517 extraclusus
1111 1466 1212 1529 est,
1266 1460 1365 1530 qui
1400 1459 1548 1513 intra
1592 1457 1899 1512 ﬁnitimam
1942 1458 2155 1509 lineam

461 1558 518 1609 et
564 1554 849 1609 centurias
894 1551 1223 1621 interjacet;
1267 1549 1394 1603 ideo
1428 1548 1796 1615 extraclusus,
1831 1546 1966 1617 quia
2005 1547 2157 1599 ultra

460 1643 739 1698 ﬁnitimos
768 1640 981 1695 limites
1012 1639 1317 1693 clauditur.

919 1774 994 1826 De
1033 1772 1410 1825 controversiis
1456 1769 1699 1824 rubrica.

534 1905 1070 1962 Controversiarum
1102 1904 1357 1959 materia)
1396 1909 1529 1959 sunt
1555 1905 1705 1972 duae,
1737 1901 1865 1957 ﬁnis
1897 1906 1953 1956 et
1982 1902 2158 1969 locus,

460 1997 667 2052 harum
699 1996 880 2049 altera
919 1996 1249 2048 continetur
1280 1994 1564 2065 quidquid
1592 2010 1655 2047 ex
1688 2009 1823 2063 agro
1866 1992 2160 2046 disconve-

462 2086 565 2139 nit.
594 2085 701 2139 Sed
732 2083 1007 2155 quoniam
1038 2083 1128 2136 his
1174 2099 1403 2153 quoque
1453 2082 1713 2153 partibus
1758 2080 1996 2149 signata:
2027 2095 2161 2132 con-

461 2174 753 2229 troversias
800 2174 1049 2227 diversas
1082 2172 1297 2226 habent
1346 2172 1723 2237 conditiones,
1760 2174 1821 2223 ut
1861 2168 2023 2240 potui
2055 2184 2161 2239 ego

462 2262 976 2333 comprehendere,
1009 2260 1259 2331 propriae
1290 2264 1423 2314 sunt
1456 2259 1843 2313 nominandae.

535 2354 756 2408 Genera
812 2355 944 2403 sunt
1006 2348 1525 2403 controversiarum
1590 2350 1698 2401 lsi:
1752 2350 1827 2403 De
1878 2346 2160 2416 positione

462 2441 869 2497 terminorum.
904 2440 982 2492 De
1012 2438 1263 2507 regione.
1290 2440 1369 2491 De
1390 2438 1522 2490 ﬁne.
1559 2439 1637 2490 De
1667 2438 1811 2489 loco.
1850 2438 1925 2489 De
1959 2438 2161 2489 domus

459 2529 830 2600 proprietate.
878 2528 958 2580 De
1012 2528 1387 2597 possessione.
1446 2528 1524 2579 De
1577 2526 1881 2579 alluvione.
1918 2526 1994 2578 De
2032 2525 2161 2594 jure

465 2616 763 2672 territorii.
799 2617 879 2669 De
925 2616 1251 2669 subsiccivis
1283 2616 1453 2685 agris.
1487 2615 1565 2667 De
1614 2613 1749 2666 locis
1782 2614 2043 2683 publicis.
2082 2615 2161 2667 De

463 2706 605 2762 locis
647 2705 859 2759 relictis
917 2709 974 2758 et
1019 2705 1368 2758 extraclusis.
1422 2706 1499 2757 De
1552 2702 1689 2755 locis
1738 2702 1909 2755 sacris
1958 2719 2018 2755 ac
2067 2719 2160 2757 re-

461 2795 703 2866 ligiosis.
739 2796 818 2848 De
845 2810 1011 2864 aquae
1042 2794 1248 2864 pluviae
1279 2809 1524 2857 accessu,
1563 2798 1620 2845 et
1650 2791 1719 2844 de
1747 2791 2069 2845 itineribus.

535 2883 933 2939 Controversia
976 2888 1060 2936 est
1092 2883 1239 2936 inter
1288 2882 1427 2935 duos
1458 2881 1765 2951 pluresque
1794 2880 2024 2931 vicinos.
2070 2879 2159 2930 ln-

462 2978 551 3028 ter
581 2973 743 3039 duos,
781 2989 853 3026 an
885 2972 945 3025 in
994 2972 1183 3041 rigore
1228 2972 1300 3024 sit
1344 2976 1681 3023 caeterorum
1725 2968 1947 3021 ratione
1996 2968 2158 3033 linis;

461 3062 615 3117 inter
643 3062 837 3131 plures
868 3059 1149 3115 triﬁnium
1180 3060 1330 3127 facit,
1367 3059 1651 3128 aliquibus
1686 3058 1819 3110 locis
1848 3062 1900 3110 et
1931 3057 2162 3127 quadri-

463 3151 692 3218 ﬁnium,
726 3151 1042 3204 secundum
1093 3150 1382 3219 proximas
1431 3148 1809 3218 possessiones
1841 3163 1852 3199 :
1889 3146 2025 3199 dum
2054 3147 2159 3199 hoc

463 3240 748 3307 nesciunt,
784 3256 900 3293 non
946 3239 1027 3292 eis
1058 3238 1339 3301 convenit,
1374 3243 1428 3290 et
1473 3237 1723 3291 diversas
1753 3235 2166 3288 controversias

463 3330 577 3400 ipsi
620 3345 973 3399 possessores
1022 3328 1172 3381 inter
1216 3346 1274 3379 se
1322 3327 1554 3379 faciunt.
1602 3325 1711 3378 Alii
1757 3325 1825 3377 de
1875 3324 2017 3390 loco,
2070 3323 2166 3377 alii

463 3434 599 3471 vero
629 3419 698 3472 de
728 3419 839 3471 ﬁne
884 3418 1051 3469 lineae
1086 3416 1331 3483 litigant,
1367 3414 1462 3467 alii
1492 3414 1560 3467 de
1608 3413 1797 3466 fundis
1843 3413 2160 3465 attendunt.

464 3506 572 3560 Sed
604 3506 769 3558 avido
804 3504 975 3557 modo
1020 3504 1395 3574 quaerendum
1444 3508 1529 3554 est
1571 3502 1730 3569 prius
1762 3501 1922 3570 origo
1954 3517 2159 3554 causae.

466 3596 680 3648 Natura
710 3610 812 3663 per
841 3593 1207 3646 haereditates
1238 3589 1528 3660 opinionis
1559 3590 1732 3658 hujus
1764 3590 1990 3657 generis
2025 3605 2164 3642 con-

466 3683 759 3736 troversia:
786 3681 948 3742 ﬁunt,
984 3696 1160 3750 quare
1194 3681 1318 3750 jure
1359 3678 1650 3732 ordinario
1682 3679 1959 3747 litigatur.
2003 3678 2166 3731 Prius

468 3776 663 3825 tamen
694 3771 753 3824 in
783 3770 999 3840 judicio
1048 3786 1221 3838 super
1252 3769 1670 3839 possessionem
1712 3768 1952 3837 queestio
1992 3767 2167 3820 ﬁnia-

464 3864 582 3927 tur,
614 3861 669 3913 et
702 3864 833 3913 tunc
883 3858 1244 3928 agrimensor
1274 3858 1341 3911 ad
1390 3859 1508 3909 loca
1555 3856 1636 3909 ire
1682 3856 2069 3925 praecipiatur,
2102 3860 2168 3909 ut

465 3948 747 4019 patefacta
776 3946 1014 4001 veritate
1045 3946 1375 4015 hujusmodi
1423 3945 1670 4015 litigium
1699 3945 2056 3999 terminatur.

539 4038 758 4092 Genera
779 4036 1294 4090 controversiarum
1327 4052 1394 4088 ex
1433 4034 1673 4088 ﬂumine
1703 4035 1826 4087 hmc
1856 4041 1988 4087 sunt
2018 4049 2167 4087 :non

467 4127 623 4199 quod
653 4127 942 4196 occupatis
974 4126 1125 4196 agris
1153 4125 1359 4195 agitur,
1395 4124 1490 4177 sed
1528 4124 1684 4193 quod
1718 4123 1797 4175 vis
1842 4140 2005 4192 aqua:
2037 4124 2165 4177 abs-

466 4216 683 4283 tulerit,
712 4216 1113 4286 repetitionem
1137 4231 1252 4267 non
1275 4213 1534 4278 habebit;
1561 4229 1689 4283 quae
1720 4228 1811 4266 res
1831 4212 2165 4265 necessitate

464 4305 609 4374 ripa:
640 4304 969 4359 muniendae
1004 4307 1154 4370 sunt,
1189 4303 1311 4356 sine
1361 4302 1597 4356 alterius
1641 4302 1873 4370 damno,
1907 4302 2167 4371 quisquis

466 4393 564 4447 ille
595 4393 766 4447 faciat
793 4394 892 4463 qui
921 4394 1107 4463 ripam
1150 4409 1311 4447 suam
1345 4391 1586 4445 muniet.
1631 4391 1792 4455 Quod
1822 4391 1869 4444 si
1916 4390 2167 4444 fluminis

2260 494 2408 541 mus,
2438 482 2493 530 et
2514 476 2664 546 quod
2695 475 2975 529 beneﬁcio
2992 490 3255 527 concessa
3286 479 3384 527 aut
3402 474 3697 543 assignata
3728 475 3962 527 coloniae

2260 566 2495 633 fuerint,
2543 566 2657 617 sive
2698 565 2757 617 in
2804 564 3085 635 proximo,
3140 562 3255 616 sive
3299 564 3450 616 inter
3488 564 3632 616 alias
3685 563 3963 623 civitates,

2259 654 2436 707 libros
2465 652 2878 706 beneﬁciorum
2919 651 3279 716 ascribimus,
3304 656 3358 703 et
3385 651 3674 721 quidquid
3708 650 3865 703 aliud
3900 652 3964 704 ad

2260 742 2711 795 instrumentum
2730 756 3058 794 mensorum
3076 739 3387 809 pertinebit
3402 740 3470 793 ad
3491 742 3681 792 solum
3701 740 3962 804 colonia;

2262 832 2355 885 sed
2382 831 2451 883 ad
2488 830 2835 882 tabularium
2870 829 3105 883 Caesaris
3139 845 3311 882 manu
3342 830 3658 882 conditoris
3713 829 3965 882 subscri-

2261 926 2423 991 ptum
2457 918 2664 972 habere
2696 918 2943 972 debebit.

2837 1028 2935 1036 -.—..

2287 1069 2292 1137 Ι
2339 1069 2381 1133 Γ
2960 1092 3267 1177 θίν”τλ-ίνὲςκχ
3922 1102 3930 1243 ἶ

2287 1141 2348 1489 1,
2414 1226 2579 1268 Locus.
3627 1241 3797 1285 Locu
3923 1246 3929 1305 δ

2334 1537 2485 1605 Ager
2529 1541 2614 1589 est
2661 1536 2862 1589 similis
2912 1538 3255 1593 subsiccivus
3294 1542 3642 1595 conditionis
3682 1544 3970 1597 extractu-

2264 1641 2359 1679 sus
2383 1630 2437 1678 et
2470 1641 2585 1678 non
2616 1625 2953 1695 assignatus,
2988 1628 3106 1697 qui,
3126 1618 3183 1681 lsi
3212 1629 3292 1682 rei
3326 1630 3594 1700 publicas,
3620 1634 3840 1702 ροιηιιο
3870 1634 3974 1686 Bo-

2268 1730 2458 1779 mano,
2493 1719 2589 1768 aut
2620 1715 2798 1785 ipsius
2833 1717 3069 1770 coloniae
3095 1719 3256 1788 cujus
3286 1719 3399 1772 ﬁne
3430 1720 3853 1783 circumdatur,
3877 1727 3975 1775 aut

2272 1804 2345 1858 ad
2372 1804 2650 1874 populum
2698 1805 3021 1860 Romanum
3071 1808 3338 1876 pertinet,
3387 1810 3552 1863 datus
3601 1827 3724 1863 non
3778 1817 3889 1880 est,
3915 1811 3974 1864 in

2271 1892 2393 1963 ejus
2422 1893 2521 1963 qui
2552 1884 2839 1963 assignare
2871 1896 3126 1964 potuerit
3154 1903 3413 1951 remanet
3437 1902 3745 1967 potestate.

2343 1983 2517 2053 Signa
2547 1983 2797 2037 limitum
2835 1985 3092 2039 ﬁnalium
3136 1986 3196 2040 in
3238 1987 3483 2041 diversas
3527 1989 3827 2060 regiones,
3864 1990 3978 2044 sive

2270 2073 2562 2138 vocabula,
2593 2074 2762 2140 vicos,
2784 2075 2872 2128 vel
2897 2076 3283 2144 possessiones
3304 2077 3425 2131 haec
3451 2084 3583 2131 sunt
3615 2079 3778 2132 inter
3802 2084 3979 2133 utros-

2273 2178 2383 2232 que
2414 2176 2764 2230 possessores
2792 2163 3121 2217 testimonia
3148 2166 3361 2234 agralia
3395 2166 3728 2220 dividenda.

2342 2252 2408 2303 In
2438 2251 2733 2304 montibus
2760 2252 2883 2305 loco
2915 2253 3074 2307 arida
3104 2259 3162 2308 et
3186 2256 3523 2326 confragosa
3551 2262 3752 2327 petras
3782 2256 3975 2328 signa-

2272 2344 2358 2394 tas
2388 2340 2735 2393 invenimus.

2341 2428 2577 2482 Summa
2603 2429 2888 2484 montium
2920 2432 3201 2486 terminos
3230 2440 3512 2502 agusteos,
3547 2434 3605 2488 id
3654 2441 3744 2489 est
3779 2440 3981 2490 rotun-

2273 2517 2395 2585 dos,
2447 2518 2506 2570 in
2552 2518 2803 2588 efﬁgiem
2855 2520 3136 2575 columnze
3182 2522 3404 2593 aliquos
3446 2524 3639 2578 littera
3688 2525 3977 2595 signatos,

2272 2609 2470 2662 archas
2504 2609 2703 2662 ﬁnalcs
2734 2609 2793 2662 in
2840 2610 3099 2680 partibus
3144 2628 3398 2681 grumos,
3436 2612 3493 2666 id
3526 2618 3609 2666 est
3639 2616 3973 2685 congeriem

2274 2704 2587 2768 petrarum,
2620 2699 2853 2752 arbores
2901 2701 3239 2755 antemissas
3287 2701 3526 2755 intactas
3561 2720 3593 2756 a
3627 2704 3809 2773 ferro,
3846 2722 3975 2758 con-

2272 2787 2487 2857 geriem
2522 2788 2797 2856 macerim,
2830 2788 2885 2842 id
2921 2793 3006 2843 est
3033 2789 3133 2843 ubi
3174 2806 3303 2843 saxa
3344 2791 3579 2845 collecta
3611 2793 3682 2845 ab
3716 2794 3978 2865 utrisque

2272 2878 2530 2947 partibus
2551 2877 2791 2931 limitem
2817 2878 3053 2945 faciunt,
3080 2879 3217 2932 item
3246 2885 3435 2950 petras
3463 2881 3811 2935 sacriﬁcales
3831 2900 3975 2949 aras,

2272 2965 2331 3018 in
2360 2965 2569 3035 quibus
2603 2966 2738 3019 locis
2768 2967 3001 3021 arbores
3031 2967 3259 3021 intacta:
3289 2974 3437 3022 stare
3460 2969 3737 3023 videntur
3766 2972 3829 3024 in
3863 2988 3975 3042 quo

2273 3055 2396 3107 loco
2428 3059 2643 3108 veteres
2676 3062 2929 3110 errantes
2958 3056 3299 3110 sacriﬁcium
3344 3058 3652 3112 faciebant.
3683 3061 3818 3113 Alio
3852 3062 3973 3114 loco

2276 3143 2379 3196 viae
2408 3143 2682 3196 militares
2712 3144 2885 3197 ﬁnem
2922 3144 3155 3211 faciunt,
3192 3146 3293 3215 qui
3323 3146 3571 3200 termino
3607 3148 3975 3202 muniuntur.

2275 3233 2399 3285 Alia
2428 3248 2561 3286 vero
2590 3232 2813 3286 dextera
2860 3234 3164 3301 montium,
3194 3235 3251 3288 id
3300 3241 3385 3289 est
3417 3252 3520 3306 pro
3552 3238 3732 3290 latere
3766 3237 3977 3290 montis

2276 3322 2414 3391 ripae
2428 3326 2718 3375 currentes
2736 3322 2912 3376 ﬁnem
2926 3323 3158 3377 faciunt.
3177 3324 3501 3394 Aliquando
3521 3326 3788 3395 sepulcra
3805 3328 3978 3380 ﬁnem

2275 3411 2515 3479 faciunt,
2548 3411 2674 3464 ideo
2724 3413 2984 3481 sepulcra
3032 3420 3321 3483 sequenda
3369 3419 3659 3485 suntquae
3706 3416 3979 3469 extremis

2276 3500 2487 3553 finibus
2517 3501 2990 3554 concurrentibus
3021 3502 3213 3570 plures
3245 3519 3554 3556 concursus
3582 3521 3862 3574 agrorum
3888 3521 3973 3558 ex-

2276 3595 2520 3660 pectant.
2558 3590 2761 3643 Omnia
2791 3590 2945 3643 enim
2976 3595 3351 3645 monumenta
3378 3592 3645 3647 dominos
3668 3598 3975 3647 testantur.

2346 3678 2489 3731 Sunt
2518 3678 2747 3731 termini
2790 3680 3030 3732 cursorii
3060 3679 3121 3733 in
3167 3680 3419 3751 efﬁgiem
3458 3682 3611 3735 tituli
3659 3684 3975 3747 constituti,

2277 3772 2427 3820 certa
2458 3769 2579 3820 loca
2608 3768 2734 3833 rivi,
2782 3767 2981 3821 ﬁnales
3029 3769 3326 3824 cunabula:
3357 3771 3444 3825 vel
3484 3787 3771 3838 novercm,
3824 3772 3979 3843 quod

2277 3856 2491 3926 regulis
2518 3859 2881 3925 construitur,
2916 3858 3247 3928 scorpiones
3275 3860 3372 3913 ubi
3395 3857 3541 3913 ﬁnes
3571 3861 3713 3914 duos
3748 3862 3978 3916 cuneati

2276 3962 2335 3999 se
2358 3947 2628 4015 jungunt.
2660 3946 2717 3999 Si
2748 3946 2893 4001 forte
2920 3947 2980 4000 in
3003 3948 3344 4017 campestria
3365 3949 3489 4003 loca
3508 3950 3611 4003 ubi
3630 3952 3756 4021 agri
3780 3951 3840 4004 in
3865 3952 3979 4022 pla-

2275 4034 2417 4088 nitie
2449 4040 2580 4088 sunt
2604 4035 2895 4089 constituti
2937 4036 2997 4089 in
3021 4036 3323 4107 jugeribus
3351 4039 3642 4108 assignata
3667 4039 3975 4094 inveniun-

2274 4130 2387 4176 tur.
2423 4125 2563 4176 Item
2595 4124 2747 4177 inter
2790 4129 3013 4178 voratos
3056 4125 3216 4196 rupis
3265 4126 3563 4181 arboribus
3607 4132 3743 4182 ante
3791 4130 3977 4182 missis

2276 4214 2521 4281 intactis,
2567 4219 2629 4268 ut
2676 4231 2850 4284 supra
2905 4215 3021 4269 dixi
3060 4216 3418 4284 sacriﬁcales,
3468 4221 3662 4271 tumcr
3703 4224 3876 4273 terra
3918 4219 3975 4272 in

2277 4301 2525 4371 efﬁgiem
2551 4302 2753 4356 limitis
2774 4303 3132 4371 constitutos,
3161 4309 3353 4373 petras
3381 4305 3624 4359 molares
3651 4306 3864 4371 foveas,
3889 4308 3976 4361 vel

2278 4396 2477 4456 metas,
2514 4392 2669 4445 lacus
2698 4397 2753 4445 et
2790 4390 3114 4462 legonatus,
3139 4397 3197 4446 et
3224 4393 3475 4447 fabriciis
3497 4399 3856 4449 constructos
3886 4412 3975 4449 ca-

464 4485 687 4536 torrens
717 4482 1025 4552 aliquando
1056 4486 1170 4534 tam
1201 4482 1484 4534 violentus
1519 4481 1787 4547 decurrit,
1830 4484 1889 4533 ut
1939 4482 2160 4532 alveum
2204 4472 2245 4525 D
2276 4480 2546 4534 lavioues.
2577 4481 2940 4551 Aliquotiens
2980 4482 3134 4535 enim
3173 4487 3365 4552 petras
3405 4484 3715 4553 quadratas
3748 4491 3805 4539 et
3839 4486 3973 4539 scri-

464 4576 653 4625 mutet
681 4587 872 4637 suum,
926 4572 1239 4623 multorum
1273 4587 1439 4639 agros
1487 4574 1643 4622 trans
1690 4570 1874 4638 ripam
1907 4574 2162 4638 occupat,

468 4677 619 4730 saepe
676 4660 850 4714 etiam
898 4659 1115 4712 insulas
1165 4660 1389 4712 efﬁciet.
1448 4658 1553 4712 Sed
1605 4659 1828 4711 Cassius
1878 4659 2166 4726 Longinus

466 4747 953 4817 prudentissimus
991 4744 1140 4816 juris
1187 4750 1385 4799 auctor
1415 4750 1469 4799 et
1506 4746 1682 4815 judex
1729 4747 1833 4799 hoc
1863 4748 2073 4807 statuit,
2106 4751 2167 4799 ut

469 4835 751 4907 quidquid
786 4853 935 4905 aqua
966 4835 1273 4890 lambendo
1315 4835 1613 4889 abstulerit
1656 4852 1944 4905 possessor
1968 4835 2167 4888 admit-

467 4928 570 4991 tat,
602 4923 873 4993 quoniam
903 4925 1116 4978 scilicet
1145 4925 1328 4994 ripam
1363 4940 1521 4977 suam
1546 4924 1666 4976 sine
1698 4924 1933 4977 alterius
1957 4925 2166 4977 damno

466 5012 617 5068 tueri
642 5012 825 5067 debet.
858 5011 1088 5067 Si’vero
1126 5015 1312 5083 major
1361 5013 1446 5065 vis
1480 5013 1813 5077 decurrerit,
1851 5019 1905 5067 et
1938 5013 1996 5066 in
2024 5016 2166 5068 ﬁnes

468 5104 703 5158 alterius
753 5103 976 5155 alveum
1017 5108 1205 5155 mutat
1244 5120 1433 5169 suum,
1481 5108 1535 5154 et
1587 5103 1686 5155 ﬁat
1734 5103 1919 5155 insula
1960 5104 2019 5157 in
2053 5121 2164 5174 quo

467 5193 844 5260 concurrerit,
898 5193 1290 5263 unusquisque
1340 5193 1575 5245 modum
1620 5193 1877 5245 fluminis
1934 5195 2166 5263 majoris

467 5299 779 5354 agnoscere
812 5281 999 5347 debet,
1034 5286 1088 5334 et
1116 5297 1241 5334 eam
1276 5281 1521 5335 insulam
1546 5282 1670 5351 ipse
1702 5282 1808 5335 sibi
1837 5282 2161 5351 vindicabit,

468 5373 629 5442 cujus
693 5378 907 5426 terram
967 5370 1355 5439 tempestative
1408 5370 1848 5441 prmoccupavit,
1894 5372 2163 5441 quoniam

469 5477 586 5514 non
616 5462 960 5530 possessoris
990 5460 1363 5532 negligentia,
1389 5462 1485 5514 sed
1514 5461 1866 5531 tempestatis
1897 5462 2166 5516 violentia

470 5556 709 5619 apparet
738 5559 1051 5621 arreptum.

541 5641 693 5707 Ager
731 5639 1076 5695 subsiccivus
1114 5640 1429 5695 secundum
1475 5656 1603 5693 suas
1656 5641 2164 5695 determinationcs

2275 4574 2422 4639 ptas,
2475 4586 2603 4640 quae
2646 4570 2899 4624 indicant
2939 4572 3101 4640 cujus
3152 4572 3274 4643 agri
3319 4573 3447 4644 quis
3493 4573 3788 4638 dominus,
3837 4580 3976 4645 quot

2278 4658 2526 4727 spatium
2560 4664 2842 4714 tueantur.
2873 4660 2996 4713 Non
3027 4660 3183 4713 enim
3215 4661 3405 4714 omnis
3425 4663 3629 4715 titulus
3652 4662 3974 4733 inscriptio-

2277 4748 2444 4801 nibus
2476 4753 2560 4802 est
2590 4748 2874 4815 inductus,
2900 4750 3172 4820 quoniam
3204 4750 3495 4820 aliquibus
3526 4751 3661 4803 locis
3693 4767 3811 4804 non
3845 4758 3973 4804 sunt

2275 4837 2495 4906 lapides
2537 4837 2772 4907 scripti,
2820 4838 2915 4891 sed
2960 4838 3019 4891 in
3064 4838 3316 4908 efﬁgiem
3364 4839 3751 4893 terminorum
3803 4840 3973 4910 positi

2276 4931 2431 4991 sunt,
2461 4942 2604 4996 quos
2647 4926 2929 4979 cursorios
2977 4942 3262 4981 vocamus.
3300 4928 3439 4981 Nam
3487 4934 3544 4982 et
3591 4928 3702 5000 ipsi
3753 4936 3973 4983 montes

2275 5015 2508 5068 omnino
2552 5016 2671 5068 loca
2721 5015 3123 5083 determinant,
3175 5016 3409 5071 termini
3453 5034 3586 5071 vero
3631 5034 3749 5071 non
3801 5036 3972 5072 unam

2274 5120 2603 5157 mensuram
2646 5104 2798 5157 inter
2825 5120 2883 5158 se
2927 5106 3245 5173 continent,
3281 5106 3520 5175 jubente
3568 5110 3833 5177 Augusto
3865 5111 3973 5164 Ca:-

2274 5210 2397 5247 sare
2431 5194 2603 5248 Balbo
2636 5210 2917 5261 mensore,
2950 5194 3049 5265 qui
3070 5195 3330 5249 omnium
3359 5195 3790 5266 provinciarum
3822 5214 3973 5252 men-

2274 5300 2434 5337 suras
2463 5283 2728 5336 dixtinxit
2757 5300 2820 5337 ac
2864 5284 3190 5355 declaravit,
3241 5301 3461 5356 perque
3508 5286 3849 5341 testimonia
3886 5304 3971 5341 su-

2275 5374 2593 5443 prascripta
2620 5373 2762 5427 ﬁnes
2790 5374 3049 5427 locorum
3078 5375 3479 5429 terminentur.

2346 5463 2488 5516 Sunt
2519 5462 2674 5516 enim
2705 5463 2939 5517 termini
2970 5464 3178 5535 quibus
3212 5464 3350 5519 ﬁdes
3370 5481 3485 5519 non
3514 5470 3597 5518 est
3621 5465 3967 5534 adhibenda,

2274 5554 2371 5606 isti
2412 5553 2681 5607 dicuntur
2720 5553 3021 5608 itinerarii.
3069 5555 3280 5609 Omnes
3327 5556 3481 5610 enim
3524 5556 3739 5611 limites
3788 5558 3968 5613 itineri

2274 5643 2504 5713 publico
2528 5643 2734 5697 servire
2756 5643 3066 5710 debebunt,
3093 5644 3192 5715 qui
3222 5645 3456 5700 dextera
3484 5661 3549 5699 ac
3576 5646 3812 5701 sinistra
3832 5649 3972 5702 ﬁnes
