4152 6184
190 367 319 417 1337

1098 367 1661 423 INTERPRE'I‘ATIO
1706 368 2021 423 EUCLIDIS
2062 371 2506 424 (ΙΕΟΜΕΤΗῐίΕ.
2559 371 2697 426 [.IH.
2749 372 2791 423 II

3546 376 3676 430 1358

182 490 429 560 privatos
448 490 726 555 dividunt,
761 488 895 543 etin
918 491 1104 544 medio
1137 492 1245 545 iter
1266 492 1559 561 publicum
1586 510 1596 545 :
1626 493 1682 545 lii
1715 495 1855 546 tales
1897 496 1937 547 Α
1974 493 2222 548 ﬁnalem.
2271 495 2609 565 Mauspleus.
2646 496 3032 550 —Termiuus
3063 496 3123 549 in
3152 496 3456 553 laterculis.
3519 502 3664 554 Arca

185 596 301 632 non
340 586 474 632 sunt
504 579 771 633 omnibus
802 580 961 647 locis,
988 581 1183 649 utique
1215 583 1319 635 sub
1371 598 1568 635 omnes
1600 582 1872 635 terminos

183 669 409 739 signum
433 668 677 721 inveniri
700 674 949 738 oportet;
970 671 1119 738 quod
1152 687 1287 740 ergo
1319 671 1611 725 inventum
1634 673 1872 742 proloco

184 758 415 811 termini
445 757 777 811 observetur
798 763 855 811 et
892 760 1164 813 custodiri
1195 761 1415 826 debeat,
1447 769 1509 814 ut.
1536 762 1604 815 ab
1645 778 1759 815 uno
1802 762 1868 815 ad

186 864 365 900 unum
399 848 700 916 dirigatur,
728 853 784 900 et
814 848 860 900 si
894 855 1059 901 nocte
1087 849 1202 903 sive
1230 867 1261 903 a
1281 856 1420 905 nota
1453 852 1519 905 ad
1549 857 1762 904 notam.

258 937 346 990 Sic
377 937 529 990 enim
560 942 693 989 sunt
727 944 893 990 certae
934 938 1074 1006 legis
1109 940 1550 994 consuetudines
1591 948 1645 993 et
1678 942 1870 994 obser-

182 1027 458 1093 vationes,
512 1043 737 1096 semper
768 1027 995 1097 signum
1018 1028 1078 1080 in
1110 1030 1379 1082 omnibus
1427 1031 1685 1083 terminis
1715 1030 1874 1101 posi-

182 1120 304 1167 tum
343 1120 439 1177 est,
481 1121 576 1168 aut
606 1116 824 1185 aliquos
849 1116 1084 1179 cineres,
1121 1124 1217 1171 aut
1261 1118 1551 1185 carbones,
1582 1124 1677 1172 aut
1710 1124 1873 1185 testa,

185 1211 289 1257 aut
322 1221 463 1271 ossa,
515 1209 613 1257 aut
653 1204 884 1270 vitrum,
928 1210 1025 1259 aut
1057 1222 1239 1259 massa
1283 1208 1438 1273 ferri,
1483 1217 1581 1260 aut
1630 1224 1729 1275 ws,
1780 1212 1877 1259 aut

185 1294 530 1360 calcem,aut
568 1310 830 1364 gypsum,
867 1299 966 1348 aut
995 1311 1089 1348 vas
1131 1295 1297 1349 ﬁctile
1333 1295 1676 1360 invenimus,
1721 1296 1874 1365 quod

186 1383 357 1436 etiam
392 1382 735 1452 quibusdam
761 1400 1027 1436 saxorum
1069 1384 1447 1454 fragminibus
1468 1385 1877 1439 conculcabant

186 1478 358 1541 atque
388 1472 649 1540 diligenti
693 1489 826 1525 cura
860 1474 1297 1540 conﬁrmabant,
1334 1480 1394 1528 ut
1423 1475 1645 1528 ﬁrmius
1680 1480 1872 1528 staret.

185 1564 347 1617 Tales
392 1578 550 1631 ergo,
602 1562 830 1632 signum
879 1562 1028 1615 inter
1069 1564 1351 1630 dominos,
1379 1564 1529 1618 inter
1559 1581 1703 1635 quos
1734 1564 1876 1619 ﬁnes

185 1651 663 1716 terminabantur,
687 1650 991 1706 faciebant.
1017 1653 1264 1708 Termini
1290 1670 1417 1707 vero
1448 1670 1560 1707 non
1594 1658 1724 1707 sunt
1754 1670 1876 1707 om-

186 1740 356 1794 nibus
385 1739 544 1805 locis,
577 1740 671 1792 sed
730 1740 955 1794 infinita
986 1747 1119 1793 sunt
1149 1742 1325 1794 multa
1374 1743 1483 1795 alia
1531 1743 1874 1809 testimonia,

186 1832 311 1899 lege
338 1829 577 1883 feliciter
599 1834 655 1882 et
675 1829 995 1900 intelligere
1025 1830 1274 1896 curabis;
1299 1832 1395 1901 qui
1415 1832 1701 1902 intelliget
1726 1833 1880 1904 quod

186 1922 359 1987 videt,
394 1936 666 1989 agrorum
697 1920 1074 1974 intentionem
1118 1926 1173 1974 et
1202 1926 1488 1975 certamen
1532 1923 1730 1977 tollere
1779 1940 1882 1993 po-

186 2012 316 2073 test,
349 2007 716 2076 prudentiam
758 2013 951 2061 tamen
984 2007 1040 2060 hi
1066 2024 1359 2061 mensores
1390 2008 1598 2062 habere
1648 2009 1877 2076 debent,

188 2094 286 2166 qui
313 2094 623 2163 judicaturi
645 2100 798 2160 sunt,
833 2099 888 2149 et
918 2112 1060 2165 quos
1084 2096 1379 2162 advocant,
1402 2101 1463 2149 ut
1497 2100 1877 2166 praestatores.

190 2185 254 2237 In
276 2184 583 2253 judicando
629 2188 820 2238 autem
853 2200 1171 2238 mensorem
1207 2185 1419 2239 bonum
1458 2185 1645 2240 virum
1672 2190 1754 2247 .et
1784 2188 1883 2256 ju-

190 2280 548 2344 stumagere,
565 2279 628 2328 ut
650 2275 808 2327 nulla
824 2273 1134 2327 ambitione
1161 2279 1261 2329 aut
1281 2275 1540 2329 sordibus
1564 2282 1878 2345 moveatur,

194 2381 417 2418 servare
450 2364 785 2434 opinionem
834 2363 1034 2417 metris
1067 2368 1122 2417 et
1157 2365 1412 2418 moribus
1470 2365 1651 2420 debet.
1714 2367 1881 2421 Omni

191 2455 345 2510 enim
379 2453 583 2507 artilici
616 2453 821 2507 veritas
852 2453 1223 2507 custodienda
1255 2459 1357 2521 est,
1390 2456 1601 2508 exclusi
1634 2462 1767 2509 sunt
1799 2455 1883 2509 illi

188 2545 288 2615 qui
313 2544 449 2597 falsa
474 2560 576 2613 pro
604 2543 750 2596 veris
783 2546 1100 2612 opponunt.
1143 2542 1383 2606 Quidam
1412 2560 1515 2613 per
1547 2544 1879 2614 impruden-

188 2635 351 2700 tiam,
394 2632 629 2703 quidam
661 2648 761 2703 per
808 2632 1155 2701 imperitiam
1184 2638 1438 2701 peccant.
1474 2634 1692 2686 Mutuus
1745 2650 1880 2702 ergo

189 2723 248 2776 in
276 2722 628 2791 professione
660 2737 787 2791 quas
819 2722 1164 2790 generaliter
1184 2737 1283 2791 pro
1313 2723 1461 2775 veris
1512 2722 1881 2791 adjiciuntur,

189 2828 294 2881 per
325 2810 767 2864 controversiam
812 2810 1291 2879 argumentaliter
1331 2815 1385 2862 et
1424 2811 1883 2879 conjecturaliter

189 2902 363 2957 etiam
400 2901 686 2971 superflue
734 2899 925 2953 metiri
953 2899 1197 2953 artiﬁces
1229 2905 1530 2969 coguntur,
1564 2900 1660 2953 sed
1692 2904 1883 2955 tutum

189 2994 301 3047 hoc
327 2991 621 3062 judicandi
653 2991 949 3043 hominem
980 2988 1251 3042 artiﬁcem
1278 2990 1585 3059 oportebit.

561 3081 791 3135 Nomina
819 3082 1247 3143 agrimensorum
1277 3078 1517 3133 rubrica.

266 3169 498 3239 Hygini,
526 3168 713 3233 Marci,
732 3168 965 3221 Cmsaris
981 3167 1219 3221 Neronis
1242 3168 1424 3235 jussu.
1450 3198 1518 3208 —
1544 3168 1680 3220 Julii
1716 3168 1883 3220 Fron-

189 3257 319 3324 tini,
353 3258 523 3321 Junii,
553 3257 751 3310 Claudi
775 3256 1210 3326 Cmsarisjussu.
1248 3286 1315 3296 ~--
1347 3256 1539 3310 Siculi.
1574 3287 1641 3294 —
1684 3256 1881 3321 Flacci,

191 3347 387 3418 Nypsi,
415 3347 625 3415 Higini,
650 3346 912 3412 Euclidis,
939 3346 1110 3400 Cassi.
1144 3377 1213 3385 -—
1234 3346 1436 3415 Ageni,
1472 3345 1647 3412 Balbi,
1672 3344 1884 3397 Tiberii

192 3437 431 3490 Caesaris
451 3436 639 3504 jussu.
665 3467 732 3476 —
757 3436 959 3499 Urbiei,
987 3436 1258 3490 Mensoris
1275 3434 1535 3504 Longini.
1564 3466 1632 3474 —
1658 3434 1884 3504 Imp.Se

190 3525 313 3577 veri
370 3530 427 3578 et
456 3524 729 3578 Antonini
786 3525 829 3594 j.
864 3555 930 3564 —
972 3526 1115 3595 Imp.
1183 3523 1579 3594 Vespasianij.
1614 3553 1681 3563 —
1740 3524 1882 3592 Imp.

189 3614 428 3669 Adriani
448 3614 491 3684 j.
523 3644 593 3655 —
612 3616 752 3684 Imp.
773 3614 999 3685 Trajani
1018 3614 1062 3684 j.
1085 3643 1153 3655 —
1178 3615 1321 3683 Imp.
1346 3613 1586 3683 Augusti
1600 3612 1882 3682 Czesarisj.

188 3732 263 3743 —
282 3705 427 3772 Imp.
452 3702 691 3756 Neronis
708 3702 750 3772 j.
774 3732 841 3743 —
862 3704 1003 3773 Imp.
1020 3701 1452 3770 Valentinianij.
1471 3702 1689 3771 —Imp.
1712 3701 1888 3754 Theo-

190 3790 339 3845 dosii
367 3790 412 3859 j.
447 3821 515 3830 ——
542 3792 684 3861 Imp.
719 3790 1000 3861 Arcadiij.
1035 3822 1103 3830 —
1130 3791 1273 3860 Imp.
1303 3789 1601 3857 IIonoriij.
1641 3820 1707 3828 —
1740 3790 1884 3858 Imp.

191 3879 553 3934 Constantini
574 3881 759 3949 jussu.

265 3971 503 4025 Nomina
572 3968 820 4038 lapidum
867 3970 1115 4038 ﬁnalium
1174 3973 1224 4023 et
1299 3984 1551 4023 arearum
1599 3970 1889 4037 positiones

916 4060 1159 4113 rubrica.

194 4148 583 4217 Orthogonius
605 4152 791 4202 rectus
808 4152 1025 4202 rectum
1050 4148 1328 4217 angulum
1348 4146 1543 4201 mittit.
1564 4146 1784 4215 Isopleu
1797 4161 1891 4199 rus

193 4242 387 4291 rectus
404 4238 873 4291 subconstitutus.
895 4268 964 4279 —
995 4237 1284 4293 Isosceles.
1310 4236 1887 4292 Terminusliueatus.

190 4358 265 4368 —
308 4328 628 4380 Exculenus
672 4327 786 4381 sive
828 4327 1196 4396 hexagineus.
1244 4327 1476 4397 Spatula
1516 4325 1784 4379 cursoria.
1824 4355 1893 4364 —-

194 4416 888 4471 Excultelatuslateribus.
912 4417 1212 4471 Terminus
1245 4416 1305 4469 in
1338 4414 1623 4468 inversum
1652 4415 1890 4485 positus.
1934 4456 1977 4509 Β

192 4534 267 4542 ——
300 4504 547 4557 Sumbus
595 4504 709 4557 sive
741 4504 1052 4575 trapideus.
1100 4505 1239 4557 Item
1269 4504 1489 4573 spatula
1519 4501 1789 4555 cursoria.
1824 4531 1895 4542 —

193 4593 491 4647 Isosceles.
527 4593 935 4656 Quadriﬁnius.
971 4623 1039 4633 —
1065 4593 1228 4647 Solus
1259 4592 1522 4661 trigonus
1553 4592 1662 4644 alia
1698 4591 1893 4660 jactat.

194 4684 348 4737 Item
380 4683 780 4753 quadriﬁuius.
812 4712 885 4725 —
922 4682 1494 4752 Parallelogrammus
1514 4686 1892 4749 pentagonus.

194 4771 508 4826 Terminus
565 4777 845 4841 gamatus.
890 4773 1269 4842 IIexagineus.
1303 4770 1601 4825 Terminus
1634 4770 1895 4835 lineatus,

194 4861 255 4915 id
278 4866 364 4915 est.
396 4861 795 4932 quadriﬁnius.
818 4892 886 4900 —
916 4862 1287 4931 Septagenus.
1324 4861 1463 4912 Item
1497 4858 1893 4929 quadritinius.

192 4982 270 4993 -—-
288 4951 635 5021 Sinagonus.
654 4951 926 5005 Noverca.
952 4950 1349 5013 —',,Terminus
1364 4950 1556 5003 Graeca
1576 4948 1759 5001 littera
1777 4947 1901 5000 scri-

192 5047 356 5112 ptus.
383 5040 713 5094 Simmatus
746 5072 814 5080 —
843 5039 1141 5093 Terminus
1170 5038 1231 5091 in
1263 5054 1489 5091 summo
1513 5043 1730 5091 acutus.
1761 5038 1903 5090 Cen-

194 5133 473 5185 tustatus.
499 5161 566 5168 —
599 5129 915 5184 Circulatus
955 5145 1245 5200 pyramus,
1284 5129 1415 5181 item
1470 5130 1634 5181 acuto
1675 5127 1897 5179 similis.

193 5220 582 5278 Trivortinus.
624 5252 691 5261 —
724 5222 865 5274 Item
916 5236 1185 5291 pyramus
1229 5219 1358 5273 vitze
1392 5218 1642 5288 praecisa:
1678 5216 1898 5272 similis.

195 5310 585 5366 Amicirculus
606 5342 674 5350 —
703 5311 1027 5381 Completus
1046 5310 1322 5364 rhombus
1346 5307 1771 5378 amblygineus.
1795 5307 1899 5359 Va-

198 5400 534 5455 roberinus.
562 5430 629 5441 —
654 5400 1029 5453 Amicirculus
1047 5397 1669 5469 quadratus.Trudeus.
1687 5426 1754 5434 —
1780 5396 1908 5453 Ter.

196 5491 403 5545 minus
425 5495 713 5559 agusteus.
744 5489 1041 5543 Terminus
1061 5487 1406 5559 augustusin
1430 5502 1655 5539 summo
1683 5490 1900 5538 acutus.

196 5612 272 5621 —
304 5580 603 5636 Terminus
643 5579 948 5633 cursorius.
996 5578 1161 5649 Lapis
1204 5576 1458 5631 molaris.
1505 5606 1573 5614 —
1603 5574 1904 5629 Terminus

192 5672 480 5727 ﬁnitrius.
514 5669 966 5726 Monumentum.
1003 5700 1072 5712 ——
1115 5668 1474 5739 Sepulturam
1518 5682 1647 5721 cum
1688 5664 1905 5720 ossibus

1979 584 2184 637 linalis.
2217 616 2284 622 ——
2310 584 2608 638 Terminus
2655 585 3053 654 quadriﬁuius.
3093 585 3324 656 Lippus.
3368 588 3671 643 Terminus

1983 676 2282 728 rotundus.
2310 674 2659 727 Kalasiones.
2704 704 2761 713 —-
2792 673 3093 727 Terminus
3113 675 3202 727 cui
3224 675 3480 745 subjacet
3500 694 3677 748 augu-

1983 764 2090 817 lus.
2113 766 2413 817 Terminus
2445 762 2843 832 quadriﬁuius.

2052 854 2129 906 Tu
2164 853 2262 923 qui
2292 853 2372 904 vis
2402 853 2684 921 perfectus
2718 851 3258 921 essegeometricus,
3290 854 3410 923 lege
3435 852 3539 908 ista
3561 871 3680 909 om-

1983 941 2076 995 nia
2105 958 2232 1013 quae
2265 941 2566 1011 capitulata
2589 941 3036 995 suntsubterius.
3061 943 3199 994 Nam
3224 941 3510 1012 imprimis
3537 944 3679 998 scire

1984 1036 2208 1099 oportet
2246 1030 2661 1083 arithmeticam
2706 1035 2909 1096 artem,
2943 1046 3071 1100 quae
3102 1031 3362 1083 continet
3403 1048 3680 1086 numero-

1985 1136 2111 1173 rum
2165 1136 2362 1173 causas
2395 1137 2456 1172 ac
2501 1119 2829 1185 divisiones,
2871 1119 2927 1172 id
2963 1124 3048 1171 est
3084 1135 3096 1171 :
3129 1119 3311 1189 qualis
3353 1124 3438 1173 est
3477 1121 3679 1174 deﬁni-

1984 1209 2064 1262 tio
2096 1225 2159 1261 ac
2189 1209 2411 1273 divisio,
2438 1208 2506 1261 de
2540 1208 2771 1278 paribus
2803 1208 3422 1277 imparibusnumeris;
3448 1240 3515 1247 —-
3539 1225 3678 1280 qua-

1985 1298 2054 1351 lis
2087 1302 2172 1352 est
2223 1296 2572 1367 compositus
2604 1314 2897 1364 numerus,
2933 1302 2989 1350 et
3020 1296 3199 1365 qualis
3232 1296 3681 1368 incompositus;

1984 1418 2052 1427 ~——
2077 1388 2255 1458 qualis
2280 1393 2364 1440 est
2386 1388 2668 1457 perfectus
2684 1402 2980 1455 numerus,
3009 1392 3062 1439 et
3082 1386 3264 1457 qualis
3282 1386 3676 1456 imperfectus;

1984 1506 2053 1518 —
2079 1478 2263 1548 qualis
2278 1482 2361 1529 est
2390 1476 2688 1530 divisibilis
2703 1492 2995 1541 numerus,
3014 1479 3070 1528 et
3091 1475 3678 1546 qualisindivisibilis;

1988 1598 2055 1606 ——
2081 1566 2264 1637 qualis
2292 1569 2378 1620 est
2425 1565 2782 1635 particularis
2814 1581 3109 1629 numerus,
3160 1570 3212 1618 et
3238 1565 3422 1635 qualis
3480 1582 3681 1636 super-

1987 1656 2275 1726 partiens;
2303 1686 2370 1693 —
2394 1654 2577 1725 qualis
2617 1660 2700 1708 est
2732 1654 3058 1724 superﬂuus
3082 1669 3378 1721 numerus,
3414 1658 3468 1706 et
3498 1655 3682 1724 qualis

1989 1737 2363 1794 diminutivus
2385 1758 2397 1807 ;
2419 1772 2487 1781 —
2510 1742 2691 1812 qualis
2710 1748 2793 1795 est
2809 1742 3103 1811 multiplex
3122 1758 3413 1809 numerus,
3430 1748 3483 1796 ct
3501 1744 3685 1813 qualis

1991 1828 2433 1897 submnltiplex;
2464 1861 2532 1871 —
2567 1832 2750 1901 qualis
2772 1836 2855 1884 est
2871 1831 3084 1885 solidus
3105 1836 3473 1896 numerus,et
3502 1831 3684 1901 qualis

1990 1918 2330 1988 sphaericus;
2355 1921 2725 1990 —quomodo
2754 1920 2982 1974 iuventa
2995 1920 3431 1991 estgeometria;
3457 1949 3524 1961 —
3546 1920 3685 1991 quid

1993 2007 2065 2060 sit
2084 2006 2400 2077 geometria
2424 2025 2437 2075 ;
2459 2040 2526 2048 —
2541 2026 2669 2079 quae
2692 2009 2941 2075 utilitas;
2960 2040 3025 2048 -—
3041 2009 3140 2080 qui
3154 2010 3291 2063 ordo
3304 2010 3687 2080 praescriptio-

1993 2095 2079 2148 nis
2098 2112 2315 2167 ;—quae
2331 2098 2401 2150 sit
2419 2098 2561 2151 ratio
2581 2098 3004 2167 praepositionis
3020 2114 3241 2169 ;—quaa
3267 2098 3682 2168 dispositionis;

1994 2216 2061 2224 ——
2102 2202 2230 2256 quae.
2255 2186 2675 2240 distributionis
2692 2203 2911 2257 ;—qum
2935 2187 3331 2258 descriptionis
3348 2203 3569 2257 ;—quze
3595 2187 3687 2241 de-

1996 2275 2663 2346 monstrationis;—quze
2703 2275 3379 2347 couclusionis;—qualis
3410 2280 3495 2330 est
3531 2281 3687 2329 recta

1994 2365 2143 2417 linea
2165 2366 2440 2435 ;—qualis
2468 2370 2550 2418 est
2582 2366 2910 2436 superﬁcies
2944 2365 3404 2436 Iineae;—qualis
3436 2369 3521 2419 est
3549 2365 3687 2421 divi-

1994 2454 2130 2506 trica
2163 2455 2310 2507 linea
2334 2460 2566 2524 ;—quot
2594 2460 2727 2508 sunt
2757 2455 3182 2508 extremitatum
3215 2470 3427 2525 genera
3452 2458 3687 2524 ;—quot

1993 2558 2204 2612 genera
2272 2545 2919 2614 summitatum;—quot
2963 2560 3173 2614 genera
3222 2544 3570 2614 angulorum
3599 2560 3688 2611 ;—-

1994 2633 2177 2701 qualis
2210 2637 2293 2685 est
2322 2634 2527 2702 planus
2559 2634 3093 2704 angulus;—-qualis
3121 2638 3202 2687 est
3234 2633 3469 2687 obtusus
3500 2649 3688 2703 angu-

1992 2721 2405 2792 lus;—qualis
2446 2728 2529 2775 est
2574 2723 2745 2775 hebes
2797 2723 3337 2793 angulus;—qualis
3381 2728 3467 2776 est
3500 2729 3685 2777 rectus

1993 2812 2530 2880 angulus;—-qualis
2564 2817 2646 2864 est
2676 2816 2872 2864 acutus
2904 2811 3149 2880 angulus
3177 2811 3454 2881 ;—quaIis
3479 2810 3689 2880 partita

1996 2917 2265 2954 mensura
2287 2900 2358 2952 sit
2376 2904 2744 2970 ;—quantum
2768 2900 2942 2953 trahit
2962 2900 3176 2953 stadius
3193 2899 3422 2965 ;—quid
3441 2899 3684 2965 sitacus;

1993 2988 2205 3059 —quid
2245 2989 2360 3041 sint
2406 2989 2876 3059 cIimate;—quid
2934 2988 3387 3059 centua;—quid
3425 2989 3689 3042 leuca:—

1925 3104 1963 3157 Ο
1995 3078 2130 3148 quid
2162 3077 2747 3147 arrapennis;—quid
2776 3078 3043 3147 jugerum
3069 3077 3297 3147 ;—quid
3331 3077 3688 3142 centuria;—

1994 3167 2131 3238 quid
2154 3172 2429 3236 punctum
2454 3166 2684 3235 ;—quid
2716 3172 2797 3219 est
2830 3166 3389 3236 diametrus;—quid
3417 3166 3688 3237 parallelo

1994 3256 2573 3326 grammum;——quid
2607 3255 3043 3325 ﬁgura;—quid
3092 3254 3585 3324 circulus;—quot
3629 3255 3691 3309 in

1993 3348 2181 3414 partes
2210 3345 2279 3397 sit
2306 3344 2526 3398 divisio.

2068 3432 2123 3487 Si
2165 3433 2270 3485 scis
2293 3433 2398 3488 ista
2438 3432 2633 3485 omnia
2657 3432 2722 3485 ad
2757 3431 3201 3501 plenitudinem,
3237 3432 3389 3485 nosti
3432 3432 3689 3485 locorum

1996 3523 2473 3591 segregationem.
2511 3524 2646 3575 Nam
2663 3522 2760 3593 qui
2785 3522 3050 3591 ignorant
3070 3521 3331 3592 regulam
3355 3521 3526 3593 hujus
3554 3520 3691 3575 artis

1998 3613 2176 3663 multa
2198 3611 2662 3679 opponuntfalsa
2696 3626 2799 3681 pro
2832 3610 3000 3665 veris.

2066 3703 2129 3753 D.
2166 3700 2458 3762 Quomodo
2487 3699 2717 3752 inventa
2748 3705 2833 3753 est
2864 3699 3177 3770 geometria
3200 3699 3228 3751 ?

2070 3791 2141 3842 Μ.
2172 3790 2462 3841 Inventam
2496 3805 2613 3841 esse
2647 3789 3019 3857 geometriam
3075 3788 3321 3857 Egyptii
3364 3788 3560 3842 dleunt
3587 3804 3691 3859 pro

2000 3878 2330 3931 necessitate
2359 3876 2947 3946 terminorumterrm,
2984 3893 3127 3947 quos
3168 3877 3326 3932 Nilus
3364 3877 3691 3931 inundatio-

2000 3968 2085 4020 nis
2112 3971 2370 4035 tempore
2410 3965 2766 4019 infundebat.

2069 4060 2132 4110 D.
2161 4057 2315 4109 Unde
2350 4060 2546 4108 vocata
2576 4056 2648 4108 sit
2674 4054 3029 4125 geometria?

2069 4147 2144 4209 Μ,
2174 4144 2494 4197 Geometria
2526 4145 2816 4197 nominata
2846 4148 2927 4197 est
2953 4162 2981 4197 a
3015 4144 3695 4215 dimensioneterrm,per

2002 4250 2173 4304 quam
2222 4234 2671 4304 uniuscujusque
2704 4239 2868 4287 terrae
2916 4233 3150 4287 termini
3182 4233 3458 4288 declarari
3490 4234 3691 4288 solent.

2076 4328 2137 4377 D.
2174 4323 2317 4386 Quid
2352 4322 2421 4375 sit
2452 4322 2808 4394 geometria?

2076 4414 2148 4466 Μ.
2199 4413 2522 4465 Geometria
2567 4418 2649 4465 est
2680 4412 2978 4481 disciplina
3015 4411 3431 4482 magnitudinis
3474 4417 3531 4466 et
3555 4410 3697 4481 ﬁgu-

2007 4517 2084 4556 ras
2109 4518 2233 4571 quae
2259 4502 2572 4554 secundum
2602 4500 3059 4569 magnitudinem
3094 4501 3535 4571 contemplatur.

2077 4595 2141 4645 D.
2172 4591 2305 4654 Quae
2339 4590 2407 4643 sit
2438 4590 2727 4643 intentio?

2076 4681 2152 4734 Μ.
2184 4679 2430 4733 Intentio
2460 4679 2706 4732 Euclidis
2739 4678 2947 4748 duplex
2982 4682 3085 4743 est,
3120 4678 3190 4731 ad
3223 4676 3565 4746 discipulum
3610 4692 3698 4733 re-

2009 4769 2253 4839 spiciens
2288 4774 2343 4821 et
2383 4768 2453 4821 ad
2492 4772 2727 4821 naturas
2759 4784 2971 4821 rerum.
3006 4767 3088 4820 Ad
3137 4766 3479 4836 discipulum
3528 4768 3701 4839 respi-

2008 4858 2181 4925 ciens,
2227 4856 2362 4927 quia
2393 4860 2620 4927 oportet
2650 4873 2779 4910 eum
2805 4856 2873 4909 ab
2902 4857 2989 4909 his
3017 4856 3098 4908 uti
3128 4854 3700 4926 isagogicisincipere

2008 4938 2437 5018 pro'zfacilitate,
2473 4963 2574 5017 pro
2621 4946 2919 5009 brevitate,
2948 4950 3003 4999 et
3052 4962 3118 4999 eo
3155 4947 3306 5016 quod
3342 4946 3401 4999 in
3434 4948 3699 5017 quiestio-

2010 5038 2177 5092 nibus
2203 5036 2273 5089 ob
2308 5036 2415 5089 hoc
2440 5037 2596 5089 nulla
2623 5036 2695 5089 sit
2725 5035 3048 5089 difficultas.
3092 5036 3199 5089 Pro
3233 5052 3424 5090 rerum
3473 5040 3697 5103 natura,

2011 5144 2076 5180 eo
2103 5126 2252 5195 quod
2287 5124 2531 5195 physica:
2555 5125 2829 5191 scientitr,
2854 5128 2905 5177 et
2936 5124 3133 5178 Timaei
3162 5124 3275 5179 sive
3310 5125 3558 5180 Platonis
3599 5125 3700 5178 do-

2010 5215 2193 5268 ctrina
2243 5214 2492 5284 plurima
2541 5214 2886 5284 geometrice
2927 5213 3321 5269 demonstrare
3347 5216 3697 5285 poscuntur.

2082 5307 2145 5358 D.
2180 5304 2315 5367 Qum
2354 5303 2603 5357 utilitas?

2084 5399 2153 5449 Μ.
2216 5393 2436 5448 Utilitas
2476 5392 2561 5464 (ut
2600 5409 2772 5463 supra
2799 5391 3020 5463 praefati
3067 5391 3285 5459 sumus)
3340 5389 3701 5460 geometriae

2012 5484 2218 5554 triplex
2252 5488 2350 5546 est,
2387 5484 2457 5537 ad
2486 5484 2825 5549 facultatem,
2859 5483 2927 5536 ad
2949 5482 3270 5546 sanitatem,
3304 5480 3373 5533 ad
3404 5479 3655 5534 animam
3687 5495 3699 5534 :

2016 5575 2083 5628 ad
2116 5574 2463 5635 facultatem,
2492 5572 2913 5637 utmechauici;
2944 5571 3012 5625 ad
3032 5570 3355 5637 sanitatem,
3378 5574 3443 5625 ut
3462 5568 3699 5640 medici;

2014 5664 2084 5720 ad
2106 5662 2380 5731 animam,
2406 5665 2470 5717 ut
2499 5661 2844 5734 philosophi.
