4152 6184
446 302 581 354 1359

509 439 573 490 D.
605 434 712 499 Qui
741 433 879 488 ordo
909 434 993 486 est
1031 429 1363 502 geometriae
1393 429 1455 483 in
1485 426 1843 499 disciplinis?

504 526 577 581 M.
639 522 1013 593 Aliquatenus
1052 525 1181 591 post
1208 518 1627 574 arithmeticam
1650 533 1843 571 servus
1900 516 2123 588 (secun-

439 614 603 684 dus?)
641 617 743 679 est,
778 612 1139 683 aliquatenus
1170 609 1394 664 tertius.

503 706 566 758 D.
598 702 770 756 Tituli
800 701 1091 770 inscriptio
1117 701 1406 771 quomodo
1438 698 1793 769 intelligatur
1815 701 1842 751 Ρ

502 797 572 848 Μ.
620 792 718 845 Est
764 791 918 845 enim
958 790 1106 844 tituli
1133 789 1483 860 praescriptio
1530 790 1945 842 elementorum
1996 801 2125 856 qua

435 882 637 953 ﬁgurae
667 881 1043 950 simpliciores
1076 886 1227 949 sunt,
1252 885 1307 933 et
1343 895 1408 933 ex
1433 878 1519 933 his
1542 877 1668 932 aliae
1699 880 2127 947 componuntur

437 988 568 1044 qua:
600 970 659 1023 in
691 969 781 1023 his
802 969 975 1024 etiam
1004 969 1387 1023 resolvuntur.

506 1065 562 1116 D.
586 1060 645 1115 Si
668 1059 934 1131 proprius
965 1060 1137 1113 codex
1154 1058 1181 1113 ?

500 1153 576 1206 Μ.
641 1150 828 1205 Codex
878 1150 983 1204 iste
1028 1149 1342 1203 secundum
1394 1146 1831 1218 dispositionem
1876 1147 2127 1201 Euclidis

436 1254 557 1294 esse
606 1238 832 1301 dicitur,
886 1238 1200 1292 secundum
1231 1236 1781 1292 demonstrationem
1816 1237 1903 1291 vel
1929 1237 2130 1291 inven-

434 1330 671 1396 tionem,
708 1329 950 1382 aliorum
986 1330 1326 1399 plerumque
1368 1343 1487 1382 esse
1523 1327 1750 1382 dicitur.

506 1423 570 1473 D.
606 1420 666 1471 In
699 1421 837 1488 quot
862 1423 1051 1487 partes
1084 1417 1406 1471 dividitur?

505 1510 578 1562 Μ.
616 1508 897 1561 Dividitur
928 1507 1101 1561 codex
1140 1507 1243 1560 iste
1274 1506 1333 1559 in
1375 1512 1622 1577 quatuor
1652 1508 1843 1576 partes
1876 1520 1889 1558 :
1923 1504 1983 1558 in
2005 1503 2125 1574 epi-

434 1598 618 1669 pedis,
656 1598 715 1650 in
738 1597 1129 1663 arithmeticis,
1182 1597 1242 1650 in
1273 1596 1654 1650 rationalibus
1677 1599 1731 1648 et
1778 1594 2125 1649 irrationali-

436 1688 543 1742 bus
573 1687 758 1753 lineis,
793 1692 848 1740 et
876 1687 934 1739 in
959 1686 1167 1740 solidis.

506 1778 570 1831 1).
607 1778 741 1841 Quae
764 1780 893 1828 sunt
925 1776 985 1829 iu
1017 1774 1505 1829 demonstratione
1534 1772 1918 1844 geometrica?

504 1867 577 1919 Μ.
638 1863 976 1934 Propositio,
1028 1864 1345 1933 dispositio,
1406 1863 1752 1933 distributio,
1803 1860 2127 1932 descriptio,

438 1954 846 2009 demonstratio
879 1961 934 2008 et
963 1954 1274 2008 conclusio.

505 2045 699 2099 Restat
728 2050 916 2097 autem
950 2044 1113 2097 nobis
1130 2042 1635 2113 profundissimam
1672 2042 1979 2113 quamdam
2012 2045 2127 2095 tra-

436 2134 569 2188 dere
601 2133 985 2203 disciplinam,
1005 2150 1132 2204 quae
1163 2134 1231 2187 ad
1260 2134 1520 2187 omnium
1538 2136 1777 2199 naturas,
1798 2138 1916 2186 tum
1938 2147 2129 2186 rerum

433 2224 820 2293 integritatem
856 2224 1104 2277 maxime
1128 2222 1348 2277 ratione
1377 2224 1683 2294 pertineat.
1714 2223 1947 2291 Magnus
1968 2222 2131 2291 quip-

432 2330 502 2384 pe
534 2313 587 2365 in
613 2313 715 2366 hac
746 2313 983 2366 scientia
1014 2314 1229 2366 fructus
1247 2319 1352 2379 est,
1385 2312 1570 2383 siquis
1592 2328 1709 2365 non
1741 2312 1953 2364 nesciat
1975 2310 2129 2380 quod

434 2402 659 2456 bonitas
685 2401 933 2455 difﬁuita
963 2405 1017 2454 et
1043 2402 1147 2455 sub
1172 2402 1407 2455 scientia
1430 2402 1636 2454 cadens
1656 2400 1966 2470 animoque
1989 2416 2133 2453 sem-

434 2506 539 2561 per
569 2490 863 2543 imitabilis
906 2495 960 2543 et
990 2491 1382 2559 perceptibilis
1436 2490 1623 2561 prima
1668 2495 1869 2543 natura
1920 2493 2022 2558 est,
2077 2494 2133 2542 et

433 2596 551 2634 suae
573 2580 901 2633 substantize
928 2580 1132 2634 decore
1174 2586 1473 2651 perpetua,
1521 2580 1811 2633 inﬁnitum
1851 2596 1980 2633 vero
2008 2596 2130 2633 ma-

432 2669 573 2723 litiae
602 2670 843 2723 dedecus
875 2669 1047 2723 nullis
1065 2670 1314 2740 propriis
1346 2669 1643 2740 principiis
1664 2669 1882 2733 nixum,
1908 2667 2005 2721 sed
2030 2683 2129 2720 na-

435 2763 565 2813 tura
619 2775 846 2829 semper
901 2776 1101 2813 errans
1155 2760 1224 2814 ab
1279 2760 1435 2813 omni
1486 2758 1820 2813 deﬁnitione
1868 2757 2119 2827 principi

433 2850 713 2917 tanquam
744 2848 935 2918 aliquo
968 2847 1130 2919 signo
1161 2848 1391 2917 optimae
1437 2848 1637 2917 ﬁgurae
1665 2847 1941 2916 impressa
1970 2861 2127 2899 com-

434 2937 690 3008 ponitur,
720 2941 776 2990 et
815 2954 883 2990 ex
917 2936 1012 2989 illo
1046 2937 1253 2990 erroris
1288 2938 1464 2990 ﬂuctu
1496 2937 1792 2990 retinetur.
1828 2936 1968 2989 Nam
2036 2934 2129 2988 ni-

432 3024 609 3079 miam
640 3024 1009 3094 cupiditatem
1031 3025 1247 3095 iraeque
1281 3025 1646 3080 immodicam
1671 3024 2123 3090 etfrenatiouem,

436 3112 599 3183 quasi
621 3113 857 3183 quidam
894 3120 1077 3169 rector
1106 3114 1335 3168 animus
1365 3130 1508 3185 pura
1540 3112 1924 3182 intelligentia
1950 3111 2127 3165 robo-

434 3206 593 3257 ratus
626 3202 910 3273 astringit.
975 3203 1088 3256 Nos
1117 3208 1309 3256 tamen
1341 3219 1469 3273 qua:
1494 3203 1561 3256 de
1605 3201 1859 3257 numeris
1901 3217 1933 3253 a
1971 3201 2130 3253 Nico-

434 3291 636 3345 macho
684 3292 941 3345 diffusius
990 3291 1275 3361 disputata
1331 3296 1480 3359 sunt,
1546 3293 1633 3345 vel
1680 3309 1711 3346 a
1759 3292 2005 3344 Varrone
2061 3290 2129 3343 de

437 3381 720 3435 mensuris
774 3386 996 3435 ostensa
1044 3386 1197 3447 sunt,
1233 3382 1524 3435 moderata
1572 3382 1847 3435 brevitate
1897 3378 2127 3448 collegi-

436 3484 583 3522 mus.
620 3470 683 3521 Et
711 3485 833 3539 quae
870 3474 1192 3523 transcursa
1224 3470 1469 3524 velocius
1520 3470 1914 3540 angustiorem
1964 3469 2127 3522 intel-

437 3557 689 3627 ligentiae
733 3557 1082 3627 praestabant
1119 3559 1354 3627 aditum,
1390 3560 1664 3612 mediocri
1709 3559 2023 3628 adjectione
2045 3573 2131 3611 re-

440 3646 772 3713 seravimus,
810 3652 873 3700 ut
894 3647 1199 3717 aliquando
1227 3648 1295 3701 ad
1324 3648 1669 3702 evidentiam
1700 3664 1893 3701 rerum
1921 3646 2129 3700 nostris

441 3734 611 3789 etiam
666 3732 927 3788 formulis
964 3750 1028 3788 ac
1081 3734 1556 3805 descriptionibus
1609 3741 1924 3801 uteremur,
1976 3734 2127 3805 quod

438 3823 603 3877 nobis
627 3824 853 3895 quantis
891 3823 1101 3894 vigiliis
1134 3842 1195 3879 ac
1225 3825 1430 3880 sudore
1476 3826 1812 3892 constiterit,
1845 3825 2006 3879 facile
2039 3841 2127 3878 so-

438 3913 599 3967 brius
630 3915 806 3968 lector
834 3914 1110 3984 agnoscit.
1145 3917 1211 3969 Et
1241 3915 1341 3968 has
1374 3916 1799 3986 quodammodo
1831 3915 2127 3985 inazquali-

439 4003 571 4057 tatis
592 4004 801 4057 formas
814 4009 1136 4074 temperata
1156 4004 1410 4059 bonitate
1434 4006 1742 4059 laborando
1759 4004 2123 4074 collegimus;

438 4092 562 4163 ipse
589 4094 767 4147 lector
795 4086 1077 4164 probabit,
1104 4110 1232 4164 qua:
1263 4111 1368 4148 nos
1385 4111 1453 4148 ex
1483 4096 1807 4149 Graecarum
1833 4095 2130 4164 opulentia

438 4182 763 4236 litterarum
790 4182 850 4236 in
882 4183 1201 4236 Romanum
1234 4183 1503 4237 orationis
1540 4184 1873 4238 thesaurum
1908 4187 2131 4237 contra-

438 4268 649 4324 himus.
711 4270 770 4324 Si
809 4286 937 4340 quae
970 4286 1037 4325 ex
1068 4270 1365 4341 sapientiae
1422 4272 1697 4326 doctrinis
1746 4272 2125 4340 emicuerunt,

440 4358 847 4430 sapientissimi
891 4358 1105 4429 judicio
1154 4376 1258 4430 per
1306 4377 1410 4415 nos
1461 4361 1925 4432 comprobentur.
1966 4362 2130 4416 Vides

439 4448 619 4519 igitur
659 4454 719 4502 ut
757 4453 874 4502 tam
916 4450 1111 4520 magni
1142 4451 1351 4505 laboris
1400 4450 1629 4505 effectus
1695 4456 1859 4505 tuum
1904 4456 2130 4505 tantum

438 4538 632 4606 lector,
663 4544 949 4607 exspectet
983 4556 1244 4608 examen,
1270 4541 1450 4595 necin
1474 4557 1639 4595 aures
1667 4542 1895 4612 prodire
1937 4541 2128 4610 publi-

440 4642 530 4680 cas
561 4628 670 4680 nisi
699 4627 879 4681 doctae
907 4629 1206 4682 sententiae
1252 4629 1656 4700 astipulatione
1704 4631 1941 4697 nitatur,
1975 4630 2130 4701 quod

439 4715 585 4769 nihil
608 4715 817 4770 mirum
841 4717 1022 4771 videri
1042 4718 1228 4783 debet,
1260 4735 1389 4771 cum
1413 4720 1467 4772 id
1488 4736 1629 4790 opus
1659 4720 1812 4790 quod
1836 4719 2131 4790 sapientia:

439 4802 670 4857 inventa
700 4807 1085 4877 persequitur,
1120 4824 1236 4860 non
1258 4808 1527 4875 auctoris,
1562 4809 1657 4862 sed
1694 4809 1883 4862 alieno
1914 4810 2133 4862 incum-

438 4892 535 4947 bat
566 4893 818 4949 arbitrio.
875 4897 964 4950 Est
1000 4896 1151 4951 enim
1187 4898 1464 4968 sapientia
1516 4914 1893 4952 numerorum
1926 4915 2027 4953 cau
2042 4916 2129 4952 sas

440 4987 496 5037 et
535 4982 840 5037 divisiones
870 5001 1069 5038 earum
1102 5002 1230 5056 quae
1264 5003 1395 5039 vera
1426 4992 1511 5041 est
1541 4987 1789 5058 cognitio
1829 4992 1883 5040 et
1905 4986 2131 5058 integra

438 5072 899 5143 comprehensio,
930 5075 1081 5144 quod
1105 5076 1225 5128 haec
1247 5075 1345 5145 qui
1368 5076 1607 5146 spernit,
1643 5077 1701 5130 id
1737 5080 1821 5129 est
1867 5077 2129 5131 semitam

439 5162 759 5233 sapientiae,
812 5162 865 5215 ei
912 5162 1186 5217 denuntio
1217 5181 1333 5218 non
1381 5172 1532 5219 recte
1580 5166 2127 5237 philosophandum.

439 5253 567 5306 Haec
588 5257 781 5306 autem
811 5256 893 5306 est
924 5252 1309 5322 arithmetica,
1366 5254 1489 5308 haec
1521 5255 1674 5309 enim
1707 5256 1926 5310 cunctis
1971 5257 2130 5327 prior

440 5348 544 5407 est,
572 5358 691 5396 non
718 5342 890 5396 modo
923 5344 1069 5412 quod
1102 5342 1248 5396 hanc
1275 5344 1369 5397 ille
1404 5344 1576 5414 hujus
1607 5346 1912 5401 mundanae
1964 5346 2130 5399 molis

440 5431 696 5484 conditor
752 5433 898 5485 Deus
945 5432 1192 5502 primam
1254 5449 1371 5486 suae
1415 5435 1620 5489 habuit
1682 5436 2131 5490 ratiocinationis

439 5520 749 5588 exemplar,
784 5526 839 5575 et
881 5522 951 5575 ad
982 5523 1130 5577 hanc
1163 5528 1363 5577 cuncta
1405 5525 1717 5591 constituit,
1772 5542 2130 5597 quaecunque

438 5604 713 5663 fabricata
756 5610 978 5667 ratione
1009 5627 1113 5682 per
1144 5628 1449 5668 numerum
1478 5614 1752 5685 assignati
1783 5616 2000 5672 ordinis
2038 5616 2133 5671 in-

1785 296 1899 351 AN.
1942 296 2150 351 MANL.
2193 294 2336 349 SEV.
2382 293 2611 349 BOETIl

3802 292 3909 346 l360

2165 432 2211 482 A
2241 442 2445 482 venere
2494 427 2877 494 concordiam,
2912 428 3010 481 sed
3049 427 3157 481 hoc
3188 441 3417 497 quoque
3457 425 3619 497 prior
3664 425 3908 480 arithme-

2234 516 2344 570 tica
2367 516 2708 581 declaratur,
2738 516 2894 587 quod
2917 532 3277 587 quaecunque
3298 520 3505 570 natura
3534 514 3730 585 priora
3761 522 3908 585 sunt;

2235 605 2322 659 his
2348 606 2603 672 sublatis,
2640 606 2810 659 simul
2840 605 3159 676 posteriora
3193 606 3491 660 tolluntur.
3534 606 3697 669 Quod
3731 607 3775 658 si
3827 623 3910 677 po-

2235 698 2475 751 steriora
2522 702 2783 767 pereant,
2837 696 2981 751 nihil
3029 698 3098 751 de
3144 702 3295 751 statu
3344 697 3551 767 prioris
3599 697 3911 750 substantia

2234 792 2541 858 permutat,
2576 792 2639 841 ut
2671 787 2884 841 animal
2905 787 3065 857 prius
3097 790 3180 840 est
3207 786 3461 840 homine.
3500 788 3640 840 Nam
3672 786 3716 839 si
3764 786 3913 839 tollas

2235 877 2470 944 animal,
2508 878 2699 931 statim
2733 894 2961 948 quoque
2983 876 3238 931 hominis
3275 879 3480 930 natura
3511 876 3696 930 deleta
3727 876 3817 929 sit.
3863 875 3913 929 Si

2234 967 2533 1022 hominem
2577 966 2893 1034 sustuleris,
2922 966 3135 1020 animal
3166 983 3283 1020 non
3308 966 3534 1036 peribit,
3569 966 3801 1036 proprie
3840 970 3911 1019 ta-

2234 1072 2369 1111 men
2408 1055 2532 1127 ipsa
2561 1072 2935 1111 numerorum
2963 1061 3170 1111 natura
3211 1064 3414 1110 cuncta
3454 1056 3763 1126 praecessit.
3800 1056 3915 1110 Om-

2236 1147 2332 1200 nia
2366 1163 2725 1217 quaecunque
2762 1163 2794 1200 a
2823 1147 3097 1217 primaeva
3127 1162 3323 1200 rerum
3358 1151 3562 1199 natura
3606 1150 3918 1199 constructa

2238 1241 2392 1301 sunt,
2415 1237 2685 1290 videntur
2706 1251 3082 1290 numerorum
3113 1236 3333 1289 ratione
3352 1234 3613 1288 formata.
3639 1235 3753 1287 Hoc
3774 1234 3920 1287 enim

2236 1324 2344 1378 fuit
2399 1324 2712 1396 principale
2764 1326 2824 1379 iu
2857 1326 3050 1379 animo
3094 1324 3405 1379 conditoris
3436 1324 3748 1395 exemplar,
3796 1324 3923 1378 hinc

2238 1414 2392 1471 enim
2424 1419 2670 1485 quatuor
2694 1415 3109 1468 elementorum
3158 1414 3468 1468 multitudo
3511 1418 3771 1467 mutuata
3825 1418 3920 1481 est,

2236 1502 2370 1557 hinc
2410 1509 2738 1575 temporum
2773 1504 2944 1568 vices,
2978 1504 3111 1558 hinc
3143 1508 3330 1559 motus
3361 1508 3645 1557 astrorum
3690 1502 3922 1575 cozlique

2236 1594 2549 1647 conversio.
2613 1595 2848 1664 Proprie
2896 1599 3089 1648 tamen
3125 1592 3249 1664 ipsa
3290 1608 3667 1647 numerorum
3726 1595 3924 1645 natura

2240 1698 2438 1736 omnes
2469 1688 2751 1738 astrorum
2786 1700 3008 1749 cursus,
3034 1684 3336 1754 omnisque
3367 1682 3746 1736 astronomica
3790 1683 3923 1734 ratio

2242 1773 2548 1827 constituta
2571 1778 2674 1828 est.
2708 1774 2797 1829 Sic
2828 1774 2984 1827 enim
3019 1778 3178 1827 ortus
3208 1788 3554 1842 occasusque
3585 1770 3921 1841 colligimus,

2244 1862 2322 1916 sic
2368 1861 2666 1918 tarditates
2712 1863 3152 1933 velocitatesque
3187 1863 3502 1916 errantium
3536 1861 3786 1915 siderum
3834 1877 3924 1913 cu—

2244 1952 2545 2019 stodimus,
2578 1953 2655 2006 sic
2685 1953 2935 2007 defectus
2962 1957 3017 2006 et
3047 1952 3391 2023 multiplices
3421 1953 3573 2005 lunae
3592 1950 3927 2003 variationes

2242 2041 2622 2111 agnoscimus,
2649 2041 2783 2112 quia
2810 2042 3085 2111 quoniam
3116 2041 3293 2112 prior,
3326 2045 3388 2093 ut
3416 2038 3636 2105 claruit,
3664 2039 3928 2091 arithme-

2240 2130 2365 2185 ticae
2406 2147 2541 2184 usus
2575 2135 2678 2197 est,
2698 2131 2829 2184 hinc
2850 2130 3256 2201 disputationis
3287 2146 3579 2183 sumamus
3610 2128 3926 2194 exordium,

2240 2219 2347 2274 hoc
2372 2220 2521 2274 idem
2551 2220 2606 2273 in
2635 2221 2950 2290 geometria
2978 2221 3067 2274 vel
3095 2221 3155 2274 in
3187 2220 3545 2273 arithmetica
3565 2219 3791 2273 videtur
3844 2218 3930 2271 in-

2242 2326 2490 2363 currere.
2533 2310 2590 2364 Si
2629 2311 2783 2364 enim
2817 2326 3089 2363 numeros
3130 2310 3316 2375 tollas,
3376 2309 3524 2363 unde
3576 2308 3931 2379 triangulum

2240 2399 2328 2452 vel
2361 2398 2702 2469 quadratum
2734 2398 3224 2468 comprehendere
3254 2413 3579 2467 possumus,
3628 2397 3715 2449 vel
3766 2395 3924 2467 quid-

2241 2487 2379 2558 quid
2405 2487 2465 2540 in
2505 2486 2822 2557 geometria
2852 2492 3129 2553 versatur,
3160 2502 3289 2557 quae
3318 2488 3515 2539 omnia
3554 2501 3931 2539 numerorum

2241 2576 2663 2630 denominativa
2704 2575 2877 2630 sunt?
2926 2577 3039 2630 Hoc
3084 2582 3276 2629 autem
3326 2576 3433 2629 erit
3478 2575 3851 2645 perspicuum
3889 2573 3934 2627 si

2240 2665 2631 2735 intelligamus
2654 2665 3285 2735 omnesinaaqualitates
3316 2664 3558 2717 crevisse
3581 2664 3935 2733 primordiis,

2241 2761 2306 2809 ut
2337 2755 2457 2825 ipsa
2488 2755 2914 2826 quodammodo
2942 2754 3185 2824 aequitas
3217 2754 3416 2807 matris
3444 2758 3500 2807 et
3536 2753 3744 2806 radicis
3790 2753 3935 2806 obti-

2244 2861 2385 2899 nens
2400 2845 2536 2906 vim,
2559 2844 2680 2915 ipsa
2694 2861 2895 2899 omnes
2921 2844 3327 2914 intequalitatis
3351 2843 3567 2913 species
3586 2843 3939 2913 ordinesque

2238 2933 2625 3004 perfundavit.
2670 2935 2795 2989 Sint
2827 2934 2981 2987 enim
3006 2932 3173 2987 nobis
3203 2939 3317 2987 tres
3333 2932 3472 2999 bini,
3507 2933 3594 2986 vel
3620 2938 3734 2986 tres
3767 2932 3936 2998 terni,

2170 3025 2324 3099 Cve]
2370 3029 2482 3077 tres
2550 3024 2834 3095 quaterni,
2868 3025 2974 3077 ‘vel
3025 3028 3270 3094 quantos
3316 3024 3463 3076 ultra
3508 3023 3643 3076 libet
3701 3038 3938 3093 ponere.

2243 3114 2405 3177 Quod
2435 3112 2587 3167 enim
2617 3112 2679 3166 in
2710 3114 2798 3167 his
2837 3113 3023 3167 tribus
3053 3112 3313 3166 terminis
3355 3110 3561 3177 evenit,
3612 3110 3769 3165 idem
3813 3127 3942 3164 cou-

2240 3201 2410 3272 tingit
2438 3202 2499 3255 in
2547 3202 2784 3256 caeteris.
2817 3203 2889 3256 Ex
2924 3201 3012 3255 his
3044 3202 3221 3273 igitur
3281 3200 3597 3256 secundum
3653 3199 3937 3269 praecepti

2241 3292 2421 3345 nOstri
2449 3291 2708 3345 ordinem
2738 3292 2928 3346 videas
2971 3291 3226 3362 primum
3272 3291 3430 3345 nasci
3489 3290 3840 3359 multiplices
3899 3289 3944 3341 si

2241 3386 2664 3448 convertantur,
2699 3385 2754 3435 et
2784 3382 2845 3435 in
2875 3381 2962 3435 his
2992 3381 3249 3451 duplices
3272 3382 3454 3451 prius,
3485 3380 3692 3435 dehinc
3716 3379 3943 3449 triplos,

2240 3470 2373 3525 inde
2403 3471 2755 3542 quadruplos
2782 3477 2840 3525 et
2876 3471 2947 3525 ad
2979 3471 3246 3525 eumdem
3278 3471 3538 3525 ordinem
3585 3485 3944 3539 consequen-

2238 3564 2341 3615 tes.
2376 3561 2588 3615 Rursus
2621 3560 2968 3631 multiplices
2989 3561 3035 3614 si
3054 3563 3474 3625 convertantur,
3505 3574 3571 3613 ex
3604 3558 3694 3611 his
3736 3574 3944 3629 super-

2239 3651 2609 3721 particulares
2639 3650 2914 3705 orientur.
2958 3650 3035 3704 Ex
3081 3650 3403 3720 duplicibus
3435 3649 3668 3719 quidem
3725 3647 3945 3718 sesqui-

2239 3740 2423 3795 alteri.
2480 3741 2556 3793 Ex
2622 3740 2943 3811 triplicibus
3012 3738 3377 3810 sesquitertii.
3444 3739 3519 3792 Ex
3600 3738 3944 3809 quadruplis

2239 3828 2643 3900 sesquiquarti,
2700 3834 2757 3883 et
2782 3830 2974 3883 caeteri
3017 3828 3080 3883 in
3118 3829 3274 3883 hunc
3306 3827 3565 3882 modum.
3602 3828 3676 3881 Ex
3737 3843 3941 3897 super-

2237 3919 2679 3989 particularibus
2725 3935 2857 3973 vero
2919 3918 3207 3973 conversis
3254 3917 3746 3989 superpartientes
3786 3914 3942 3970 nasci

2240 4024 2468 4063 necesse
2513 4012 2616 4075 est,
2647 4009 2726 4062 ita
2750 4013 2815 4062 ut
2859 4025 2924 4061 ex
2966 4008 3341 4079 sesquialtero
3374 4011 3641 4061 nascatur
3680 4005 3945 4076 superbi-

2240 4098 2512 4168 partiens,
2559 4098 3153 4168 supertripartientem
3180 4096 3575 4168 sesquitertius
3608 4096 3835 4167 gignat,
3882 4097 3947 4147 ut

2241 4203 2306 4241 ex
2349 4186 2750 4259 sesquiquarto
2791 4187 3447 4258 superquadripartiens.
3502 4186 3694 4240 Rectis
3749 4189 3939 4239 autem

2243 4277 2443 4347 positis
2475 4292 2663 4347 neque
2685 4278 2970 4332 conversis
2990 4276 3278 4347 prioribus
3302 4274 3942 4347 superparticularibus,

2247 4366 2592 4437 multiplices
2639 4367 3184 4438 superparticulares
3231 4366 3515 4420 oriuntur.
3571 4364 3763 4419 Rectis
3810 4380 3947 4416 vero

2238 4455 2815 4526 superpartientibus,
2868 4455 3212 4526 multiplices
3295 4454 3787 4526 superpartientes
3831 4451 3950 4506 efﬁ-

2238 4545 2430 4613 ciunt;
2470 4550 2757 4616 praecepta
2812 4549 2999 4599 autem
3052 4545 3161 4599 tria
3189 4545 3311 4599 haec
3360 4549 3515 4609 sunt,
3567 4548 3631 4597 ut
3684 4544 3948 4615 primum

2238 4650 2544 4689 numerum
2568 4634 2753 4705 primo
2784 4633 2955 4689 facias
2978 4650 3200 4705 parem,
3223 4633 3472 4688 secundo
3492 4648 3628 4686 vero
3657 4632 3945 4702 primum,

2241 4728 2295 4776 et
2325 4723 2575 4777 secundo
2606 4724 2860 4790 tertium,
2893 4722 3081 4793 primo
3108 4722 3328 4778 duobus
3359 4722 3623 4777 secundis
3660 4727 3717 4776 et
3748 4721 3941 4775 tertio.

2240 4812 2382 4866 Cum
2410 4813 2565 4867 enim
2611 4829 2744 4867 eum
2773 4813 2833 4866 in
2861 4812 3124 4866 terminis
3151 4812 3466 4883 azqualibus
3488 4812 3708 4875 feceris,
3740 4828 3809 4866 ex
3854 4810 3947 4864 bis

2239 4902 2339 4971 qui
2369 4906 2674 4956 nascentur
2700 4901 2955 4972 duplices
2981 4912 3165 4955 erunt.
3201 4902 3279 4956 De
3307 4902 3516 4972 quibus
3546 4901 3879 4972 duplicibus
3900 4898 3948 4952 si

2238 4990 2393 5043 idem
2414 4991 2635 5059 feceris,
2657 4990 2909 5061 triplices
2939 4995 3335 5062 procreantur,
3371 4996 3427 5045 et
3457 4991 3527 5045 de
3566 4990 3657 5045 his
3690 4990 3947 5062 quadru-

2238 5078 2435 5149 plices,
2467 5084 2637 5149 atque
2667 5081 2727 5133 in
2757 5080 3047 5135 inﬁnitum
3073 5096 3273 5135 omnes
3304 5080 3519 5134 formas
3542 5080 3773 5133 numeri
3793 5079 3946 5133 mul-

2238 5168 2461 5238 tiplices
2499 5170 2824 5239 explicabis.
2859 5170 2946 5223 llli
2978 5168 3216 5241 quidem
3256 5186 3505 5241 quorum
3560 5174 3754 5240 partes
3786 5169 3941 5222 ultra

2240 5274 2414 5329 quam
2436 5259 2569 5312 satis
2591 5265 2674 5313 est
2694 5276 2814 5315 sese
2835 5262 3213 5330 porrexerint,
3235 5259 3507 5331 superllui
3539 5259 3937 5322 nominantur,

2244 5353 2305 5400 ut
2332 5352 2464 5401 sunt
2487 5350 2567 5416 12,
2611 5349 2697 5403 vel
2734 5349 2849 5403 114.
2886 5348 2951 5403 Hi
2983 5349 3135 5403 enim
3165 5350 3281 5402 suis
3310 5348 3567 5419 partibus
3597 5346 3935 5419 companati,

2240 5437 2519 5507 majorem
2560 5439 2808 5509 partium
2837 5455 3123 5493 summam
3153 5444 3272 5493 toto
3299 5455 3533 5509 corpore
3564 5439 3889 5492 sortiuntur
3918 5450 3933 5484 :

2240 5533 2325 5581 est
2354 5528 2510 5581 enim
2569 5528 2911 5583 duodenarii
2942 5529 3216 5584 medietas
3248 5530 3298 5596 6,
3332 5544 3466 5599 pars
3496 5528 3665 5582 tertia
3692 5528 3745 5593 4,
3802 5538 3934 5596 pars

2241 5622 2445 5689 quarta
2475 5620 2528 5689 3,
2554 5634 2688 5689 pars
2720 5623 2873 5675 sexta
2894 5622 2949 5689 2,
2984 5634 3118 5691 pars
3144 5617 3486 5675 duodecima
3520 5620 3571 5685 l,
3634 5616 3933 5685 omnisque
