4152 6184
273 259 400 312 1361
1157 255 1723 312 INTERPRETATIO
1765 255 2082 311 EUCLIDIS
2122 255 2559 310 GEOMETRI/E.
2602 253 2740 309 LIB.
2795 255 2863 309 ll.
3636 256 3768 309 l362

265 392 359 447 hic
390 390 654 445 cumulus
697 388 982 442 redundat
1026 387 1087 441 in
1125 388 1208 453 16,
1259 392 1315 442 et
1362 388 1537 441 totius
1583 388 1841 458 corporis
1876 388 1965 442 sui
1998 391 2044 443 Α
2072 386 2278 442 sitione
2326 387 2619 441 distantes.
2670 386 2887 441 Dicitur
2938 385 3094 439 enim
3158 384 3587 456 submultiplex,
3631 386 3765 441 sub-

266 478 697 535 multitudinem
732 478 987 532 vincunt.
1038 478 1256 532 Rursus
1301 477 1369 529 24
1414 476 1642 530 numeri
1687 478 1961 531 medietas
2070 476 2628 548 superparticularis,
2705 473 3265 545 subsuperpartiens,
3335 474 3763 545 submnltiplex,

267 576 353 623 est
390 574 470 636 t2,
502 568 670 623 tertia
700 572 752 632 8,
796 571 1001 638 quarta
1031 570 1084 635 6,
1119 570 1277 620 sexta
1307 567 1360 632 4,
1393 571 1587 620 octava
1618 568 1669 631 3,
1701 566 1963 620 duodeci-
2070 566 2625 637 superparticularis,
2689 565 3117 635 submultiplex,
3188 564 3635 633 superpartiens.
3703 566 3765 619 In

268 676 363 713 ma
390 663 443 726 2,
476 657 751 727 vigesima
785 661 986 727 quarta
1022 659 1068 723 l,
1103 655 1200 726 qui
1225 670 1424 708 omnes
1456 657 1520 709 36
1544 656 1881 724 rependunt,
1904 655 1962 709 in
2070 656 2258 727 prima
2280 661 2441 726 parte
2476 656 2519 708 si
2549 654 2960 724 multiplicatur
2983 669 3275 718 numerus,
3301 654 3598 721 multiplex
3631 653 3765 707 dici-

266 764 380 819 qua
410 764 467 801 re
505 745 873 800 manifestum
918 747 1000 797 est
1041 745 1196 815 quod
1227 759 1452 797 summa
1497 744 1746 813 partium
1778 745 1963 814 major
2073 749 2181 800 tur.
2242 746 2305 798 In
2346 744 2593 798 secunda
2641 749 2800 815 parte
2846 743 3377 813 superparticularis
3423 742 3650 797 dicitur.
3702 745 3766 797 In

266 843 369 905 est,
404 842 459 891 et
511 852 684 907 supra
728 834 1030 907 proprium
1074 850 1278 905 corpus
1327 834 1593 887 exundat.
1638 836 1822 904 Atque
1872 834 1962 887 hic
2072 836 2237 889 tertia
2268 834 2718 904 superpartiens,
2752 833 2809 886 id
2858 838 2941 886 est
2980 838 3185 903 quarta
3226 832 3525 901 multiplex
3556 849 3765 902 super-

266 928 501 999 quidem
532 926 691 995 cujus
711 924 1043 995 compositae.
1074 928 1266 994 partes
1299 923 1473 977 totius
1505 923 1739 976 termini
1770 924 1961 978 multi-
2071 928 2449 998 particularis.
2486 929 2548 980 In
2580 927 2781 997 quinta
2834 926 3133 995 multiplex
3180 924 3627 993 superpartiens.
3665 925 3763 979 Mi-

263 1018 465 1072 tudine
498 1021 865 1082 superantur,
902 1017 965 1069 ut
996 1016 1047 1081 8,
1080 1014 1169 1067 vel
1206 1014 1289 1079 14,
1316 1013 1490 1067 habet
1534 1012 1687 1066 enim
1728 1016 1958 1067 octona-
2068 1018 2225 1071 noris
2255 1034 2385 1071 vero
2419 1017 2644 1071 numeri
2676 1016 2867 1087 aliqua
2898 1018 3056 1084 parte
3078 1030 3225 1067 unus
3254 1012 3564 1066 subsistens
3594 1020 3765 1083 atque

264 1108 385 1161 rius
410 1112 631 1177 partem
656 1105 922 1169 mediam,
952 1104 1009 1158 id
1037 1108 1123 1159 est
1148 1104 1202 1171 4,
1226 1103 1398 1157 habet
1426 1107 1481 1156 et
1508 1106 1771 1173 quartam
1805 1102 1961 1172 quod
2068 1106 2221 1160 idem
2255 1123 2358 1177 per
2388 1110 2599 1177 partes,
2634 1105 2947 1159 secundum
2974 1103 3253 1174 majorum
3282 1117 3543 1155 normam
3576 1100 3761 1154 multi-

264 1202 351 1252 est
378 1200 432 1262 2,
463 1196 639 1250 habet
682 1200 738 1249 et
776 1198 1035 1248 octavam
1068 1197 1114 1260 1,
1159 1209 1289 1263 quae
1321 1197 1537 1246 cunctae
1576 1192 1635 1245 in
1668 1208 1846 1246 unum
1877 1209 1962 1246 re-
2069 1197 2443 1267 tudinemque
2475 1195 2854 1266 protenditur.

262 1289 448 1342 ductae
484 1294 703 1356 septem
750 1284 1045 1355 colligunt,
1100 1283 1385 1336 minorem
1433 1281 1645 1335 scilicet
1674 1298 1960 1336 summam
2282 1290 2355 1341 De
2382 1286 2611 1354 paribus
2642 1290 2691 1339 et
2722 1282 3026 1352 imparibus
3048 1284 3286 1336 numeris
3317 1280 3568 1336 rubrica.

261 1381 385 1431 toto
418 1391 658 1445 corpore
690 1374 1112 1428 concludentes.
1150 1373 1363 1426 Rursus
1397 1370 1830 1442 quatuordecim
1862 1371 1961 1425 lia-
2143 1376 2455 1446 Descriptio
2487 1379 2681 1428 autem
2713 1390 2841 1445 quae
2864 1371 3154 1443 supposita
3181 1376 3266 1425 est
3292 1370 3399 1424 hoc
3426 1369 3597 1423 modo
3619 1368 3766 1423 facta

260 1466 359 1519 bet
398 1464 787 1526 medietatem.
821 1464 879 1516 id
919 1466 1005 1516 est
1051 1467 1104 1529 7,
1140 1461 1314 1516 habet
1346 1460 1671 1531 septimam,
1702 1460 1758 1514 id
1791 1465 1875 1513 est
1901 1464 1955 1529 2,
2069 1470 2153 1520 est
2176 1482 2188 1519 :
2210 1465 2763 1536 quantoscunquein
2785 1462 2983 1517 ordine
3006 1461 3221 1533 pariter
3246 1460 3472 1531 parium
3494 1474 3762 1513 numero-

259 1556 435 1609 habet
466 1558 727 1625 quartam
778 1551 1078 1617 decimam,
1114 1551 1171 1604 id
1207 1555 1291 1604 est
1337 1554 1385 1617 1,
1438 1566 1567 1621 qum
1598 1550 1645 1603 si
1685 1550 1745 1603 in
1778 1566 1956 1603 unum
2068 1572 2197 1610 rum
2230 1554 2517 1610 ternarius
2557 1569 2834 1607 numerus
2870 1551 3290 1622 multiplicavit,
3326 1549 3661 1621 quicunque
3697 1565 3762 1604 ex

260 1645 512 1699 collectae.
546 1643 657 1697 sint
700 1641 923 1696 denarii
960 1640 1187 1695 numeri
1232 1656 1456 1694 summa
1486 1639 1807 1706 succrescit,
1837 1644 1957 1692 toto
2002 1692 2037 1744 Β
2069 1662 2136 1701 eo
2172 1644 2453 1717 procreati
2486 1648 2618 1697 sunt
2649 1643 2834 1712 primo
2870 1646 3003 1695 sunt
3033 1657 3195 1693 versu
3226 1640 3505 1710 diSpositi.
3547 1640 3764 1694 Rursus

260 1734 477 1788 scilicet
507 1733 754 1787 termino
798 1731 1005 1786 minor.
1046 1733 1116 1785 At
1164 1734 1195 1783 2
1227 1730 1327 1801 qui
1378 1730 1485 1783 hoc
1529 1730 1697 1783 modo
1732 1733 1866 1783 sunt
1896 1733 1959 1783 ut
2002 1727 2037 1744 υ
2070 1735 2170 1807 qui
2201 1734 2403 1789 eodem
2428 1732 2846 1802 multiplicante
2878 1730 3144 1801 quinario
3174 1728 3297 1783 nati
3328 1733 3477 1796 sunt,
3510 1727 3761 1782 secundo

258 1824 421 1896 prior
451 1823 545 1876 ille
579 1837 751 1892 quem
784 1837 899 1874 sua!
946 1826 1136 1890 partes
1162 1823 1455 1890 superant,
1489 1819 1626 1872 tales
1656 1818 1961 1873 Videantur
2068 1826 2190 1879 loco
2222 1829 2352 1878 sunt
2392 1822 2705 1877 constituti.
2741 1823 2871 1875 Post
2915 1836 3046 1875 vero
3079 1836 3223 1890 quos
3264 1818 3622 1889 septenarius
3654 1834 3761 1871 ca:-

259 1921 536 1985 tanquam
568 1913 614 1965 si
645 1912 772 1983 quis
804 1912 1000 1966 multis
1022 1927 1194 1981 super
1214 1900 1477 1964 naturam
1506 1910 1771 1963 manibus
1792 1914 1958 1963 natus
2066 1919 2215 1969 teros
2262 1913 2651 1983 multiplicans
2686 1910 3023 1982 procreavit,
3057 1910 3291 1964 eosdem
3341 1908 3509 1962 tertio
3556 1906 3763 1961 consti-

261 2003 595 2073 antduplici
617 2003 953 2071 conjunctus
974 2001 1341 2072 corpore,vel
1362 2000 1496 2070 quid
1524 2016 1777 2069 unquam
1803 2016 1960 2054 mon-
2067 2005 2285 2059 tuimus
2330 2004 2472 2067 loco,
2527 2006 2700 2072 atque
2755 2000 2905 2053 idem
2973 1999 3033 2053 in
3094 1998 3319 2069 reliqua
3369 1996 3763 2067 descriptionis

261 2099 553 2149 struosum
600 2097 817 2146 natura:
860 2091 919 2145 in
962 2091 1213 2162 partium
1262 2089 1741 2160 multiplicatione
1774 2089 1957 2143 subri-
2067 2099 2226 2166 parte
2246 2093 2596 2163 perﬁcimus.
2626 2088 3091 2161 Superiusigitur
3113 2086 3763 2159 digestazdescriptionis

259 2183 409 2255 Puit.
2066 2183 2188 2237 haec
2238 2182 2383 2235 ratio
2418 2186 2547 2235 est:
2593 2180 2637 2232 si
2682 2179 2750 2233 ad
2803 2177 3163 2231 latitudinem
3201 2174 3494 2246 reSpicias,
3536 2173 3634 2227 ubi
3681 2176 3763 2226 est

334 2272 431 2325 Ille
457 2286 590 2324 vero
622 2268 896 2334 minores,
923 2270 987 2320 ut
1021 2266 1067 2319 si
1095 2264 1433 2320 naturaliter
1463 2266 1710 2337 quadam
1756 2282 1956 2321 neces-
2066 2274 2313 2328 duorum
2350 2269 2728 2325 terminorum
2773 2282 2890 2321 una
2931 2266 3226 2332 medietas,
3261 2264 3529 2334 ipsosque
3562 2260 3758 2315 termi-

257 2362 410 2415 saria
453 2363 611 2432 parte
643 2358 893 2412 detracta
933 2361 1031 2409 aut
1071 2356 1259 2410 minus
1290 2357 1451 2409 oculo
1493 2361 1839 2422 nasceietur,
1868 2356 1955 2409 vel
2066 2379 2170 2416 nos
2196 2363 2426 2431 jungas,
2462 2360 2668 2429 duplos
2698 2374 2791 2411 eos
2821 2356 3054 2427 propria
3074 2354 3379 2409 medietate
3410 2351 3680 2422 reperies,
3705 2354 3762 2404 et

258 2451 373 2503 alio
398 2453 651 2503 curtatas
676 2446 1231 2514 membro,naturale
1251 2446 1425 2499 totius
1446 2462 1561 2499 sua:
1584 2446 1956 2516 plenitudinis
2066 2455 2133 2506 36
2162 2458 2219 2505 et
2256 2454 2325 2504 20
2371 2449 2590 2503 faciunt
2621 2451 2706 2513 56,
2743 2462 2988 2517 quorum
3034 2444 3311 2498 medietas
3342 2447 3428 2496 est
3472 2444 3574 2509 28;
3607 2445 3663 2493 et
3697 2442 3759 2493 12

258 2539 627 2610 diSpendium
672 2537 1001 2602 sortiretur;
1038 2536 1189 2589 inter
1227 2534 1328 2587 bos
1376 2540 1572 2588 autem
1622 2537 1776 2588 velut
1808 2536 1957 2588 inter
2066 2541 2108 2594 si
2138 2542 2365 2611 jungas,
2402 2539 2617 2593 faciunt
2670 2538 2785 2603 1130,
2835 2552 3082 2606 quorum
3113 2537 3181 2587 20
3214 2531 3507 2587 medietati
3540 2530 3760 2584 medius

257 2629 511 2699 azquales
536 2625 1005 2697 intemperantias
1025 2624 1733 2694 mediitemperamentum
1758 2623 1956 2678 limitis
2064 2645 2263 2682 eorum
2296 2628 2578 2681 terminus
2612 2625 2918 2679 invenitur.
2954 2627 3031 2678 Ac
3078 2638 3210 2675 vero
3243 2621 3339 2675 ubi
3371 2621 3510 2674 duas
3539 2618 3760 2672 medie-

257 2718 493 2771 sortitns
526 2722 609 2769 est
642 2717 737 2769 ille
783 2730 1061 2768 numerus
1111 2714 1209 2783 qui
1252 2713 1535 2782 perfectus
1572 2714 1780 2766 dicitur
1812 2730 1951 2779 esse,
2065 2724 2208 2772 tates
2240 2718 2474 2781 habent,
2511 2720 2773 2785 utrmque
2819 2711 3203 2766 extremitates
3243 2711 3459 2780 junctaa
3498 2709 3757 2778 utrisque

256 2807 488 2860 virtutis
543 2805 758 2859 scilicet
801 2805 1121 2869 remulator,
1158 2803 1255 2873 qui
1288 2818 1388 2855 nec
1435 2818 1784 2872 supervacua
1828 2819 1955 2872 pro-
2066 2807 2468 2861 medietatibus
2520 2792 2978 2874 aequales‘ﬁunt,
3011 2806 3075 2855 ut
3124 2803 3187 2853 t2
3234 2805 3289 2853 et
3335 2802 3399 2854 36
3446 2798 3583 2852 dum
3632 2813 3759 2851 con-

257 2896 555 2966 gressione
587 2894 870 2963 dirigitur,
906 2909 1009 2945 nec
1032 2897 1318 2945 contracta
1344 2908 1538 2944 rursus
1569 2891 1954 2945 diminutione
2057 2897 2318 2967 junxeris
2353 2896 2499 2948 ﬁunt
2532 2895 2598 2947 48
2626 2910 2639 2959 ;
2672 2894 2879 2946 horum
2928 2891 2973 2943 si
3006 2890 3339 2943 medietates
3389 2887 3620 2941 sibimet
3664 2902 3759 2955 ap-

255 2984 602 3049 remittitur;
638 2984 735 3036 sed
785 2981 1154 3035 medietatem
1196 2980 1433 3047 obtinet,
1482 2981 1579 3051 qui
1622 2981 1737 3033 suis
1776 2981 1956 3051 requis
1997 2995 2036 3050 (ς,
2067 2985 2386 3057 plicaveris,
2434 2984 2488 3037 id
2538 2988 2619 3036 est
2664 2984 2730 3034 20
2764 2987 2819 3035 et
2858 2984 2925 3035 28
2969 2979 3119 3033 idem
3171 2978 3295 3032 erit.
3343 2980 3527 3047 Atque
3557 2976 3617 3029 in
3647 2975 3759 3028 alia

255 3074 520 3144 partibus
556 3089 660 3126 nec
710 3076 1001 3141 grassatur
1033 3070 1404 3135 abundantia,
1433 3086 1535 3123 nec
1575 3075 1705 3139 eget
1734 3070 1950 3141 inopia,
2065 3081 2225 3147 parte
2258 3073 2574 3127 latitudinis
2605 3072 2808 3125 eodem
2853 3070 3054 3124 ordine
3085 3068 3185 3139 qui
3215 3067 3362 3121 ﬁunt
3391 3065 3617 3119 numeri
3650 3081 3757 3118 no-

258 3167 323 3216 ut
357 3165 387 3215 6
420 3163 502 3215 vel
537 3164 623 3215 28.
659 3162 915 3231 Namque
942 3160 1201 3213 senarius
1226 3159 1397 3212 habet
1428 3164 1647 3229 partem
1681 3159 1949 3212 mediam.
2064 3165 2167 3219 tati
2203 3167 2353 3228 sunt,
2386 3178 2573 3232 neque
2605 3162 2722 3214 ulla
2752 3160 2810 3213 in
2840 3176 2900 3212 re
2934 3158 3076 3211 ratio
3106 3159 3403 3226 utriusque
3434 3153 3757 3208 latitudinis

254 3252 315 3306 id
347 3260 430 3306 est
462 3256 513 3314 3.
549 3258 605 3305 ei.
636 3251 882 3316 tertiam,
915 3250 975 3303 id
1004 3254 1085 3303 est
1118 3253 1169 3315 2,
1202 3254 1258 3302 et
1286 3254 1521 3313 sextam,
1558 3249 1613 3302 id
1638 3253 1717 3301 est
1756 3252 1801 3313 i,
1826 3265 1952 3319 qua:
2066 3252 2426 3324 discrepavit.
2464 3252 2737 3321 Idemque
2784 3250 2984 3303 eodem
3027 3248 3227 3301 ordine
3276 3248 3335 3299 in
3379 3243 3596 3298 caeteris
3648 3259 3755 3296 nu-

254 3341 316 3395 in
350 3357 524 3394 unam
575 3356 861 3394 summam
892 3340 938 3392 si
982 3339 1224 3392 redacta:
1272 3338 1405 3405 sint,
1436 3338 1491 3391 id
1527 3343 1612 3391 est
1643 3341 1694 3404 3,
1741 3340 1774 3389 2
1818 3341 1862 3403 1,
1896 3338 1953 3391 id
2064 3343 2237 3397 meris
2278 3341 2629 3411 pernotabis,
2663 3345 2719 3393 et
2749 3339 2854 3392 hoc
2906 3336 3220 3391 secundum
3268 3336 3512 3389 formam
3545 3331 3759 3403 pariter

253 3434 339 3484 est
374 3446 479 3500 par
511 3435 695 3483 totum
718 3430 945 3482 numeri
967 3444 1173 3498 corpus
1203 3428 1318 3480 suis
1343 3428 1597 3498 partibus
1631 3428 1951 3495 invenitur;
2064 3431 2301 3502 imparis
2355 3430 2581 3483 numeri
2611 3430 2694 3495 ﬁt,
2741 3428 2799 3481 in
2832 3443 2944 3497 quo
2989 3427 3138 3479 hanc
3180 3424 3590 3495 proprietatem
3636 3437 3756 3473 esse

252 3518 1201 3573 28verohabetmedieiateml-iet
1224 3521 1549 3587 quartam7,
1578 3517 1955 3587 etseptimam
2065 3538 2236 3592 supra
2272 3522 2390 3591 jam
2444 3520 2659 3572 dictum
2703 3520 2805 3571 est.
2861 3518 3075 3571 Rursus
3124 3515 3171 3567 si
3210 3514 3281 3567 ad
3332 3511 3757 3581 longitudinem

254 3609 307 3675 4»
327 3613 382 3662 et
398 3608 1020 3678 quartamdeCimamQ:
1048 3606 1382 3675 νίέζθδίωδω
1403 3612 1655 3660 octavam
1682 3610 1727 3672 ί,
1756 3606 1954 3676 quwiu
2063 3611 2359 3681 respicias,
2394 3610 2492 3663 ubi
2523 3609 2634 3662 duo
2660 3607 2891 3660 termini
2923 3621 3096 3659 unam
3127 3603 3495 3656 medietatem
3522 3598 3756 3661 habent,

252 3714 439 3751 unum
460 3699 881 3751 redactatotum
905 3696 1162 3767 partibus
1182 3712 1384 3766 corpus
1406 3695 1733 3766 aequabunt,
1759 3696 1818 3749 in
1838 3711 1953 3750 uno
2064 3701 2217 3771 quod
2264 3701 2326 3754 iit
2378 3716 2442 3752 ex
2475 3695 2868 3767 multiplicatis
2918 3692 3394 3758 extremitatibus,
3440 3691 3549 3744 hoc
3599 3689 3663 3741 ﬁt
3709 3688 3757 3740 si

265 3788 422 3841 enim
451 3787 664 3857 junctae
692 3792 881 3857 partes
902 3790 969 3841 28
987 3786 1262 3839 eiﬁCiunt.
1292 3787 1383 3838 Est
1402 3790 1593 3839 autem
1618 3786 1675 3838 in
1706 3786 1793 3838 his
1812 3802 1952 3855 qu0~
2064 3790 2286 3844 medius
2328 3789 2606 3842 terminus
2649 3802 2765 3839 sua:
2799 3785 2983 3855 capiet
3030 3782 3374 3853 pluralitatis
3424 3782 3752 3849 augmenta.

253 3892 367 3946 que
403 3892 610 3945 magna
630 3875 947 3929 similitudo
979 3874 1205 3928 virtutis
1229 3874 1458 3940 etvitii;
1494 3874 1775 3943 perfectos
1797 3874 1953 3927 enim
2063 3882 2203 3934 Nam
2250 3877 2551 3931 duodecies
2594 3878 2661 3929 48
2706 3875 2921 3928 faciunt
2949 3876 3079 3939 3576;
3115 3870 3340 3925 medius
3384 3885 3517 3922 vero
3557 3882 3756 3920 eorum

255 3982 530 4019 numeros
571 3982 697 4019 rare
747 3964 1022 4030 invenies,
1075 3979 1287 4034 eosque
1336 3964 1495 4016 facile
1545 3964 1950 4031 numerabiles,
2062 3967 2362 4031 terminus,
2392 3966 2449 4019 id
2481 3969 2565 4018 est
2607 3965 2695 4029 2i,
2730 3964 2776 4016 si
2821 3962 3253 4032 multiplicetur,
3298 3958 3527 4011 eosdem
3559 3971 3756 4009 rursus

256 4056 475 4126 quippe
522 4055 621 4126 qui
672 4054 838 4125 pauci
897 4059 1049 4120 sunt,
1100 4060 1158 4107 et
1215 4052 1384 4105 nimis
1425 4052 1703 4106 constanti
1754 4053 1896 4105 ordii

2111 4061 2164 4111 76
2198 4056 2541 4127 procreabit.
2588 4056 2654 4107 Et
2688 4070 2883 4107 rursus
2916 4052 2961 4105 si
3004 4052 3073 4105 24
3105 4051 3163 4103 in
3214 4049 3279 4102 96
3322 4046 3751 4117 multiplicetur,

254 4145 559 4214 procreati.
595 4147 663 4199 At
703 4160 836 4197 vero
870 4142 1191 4212 superﬂuos
1234 4141 1494 4194 intinitos
1548 4141 1819 4210 reperies,
1853 4156 1955 4194 nec
2064 4146 2280 4199 faciunt
2304 4145 2464 4209 2304,
2493 4159 2739 4215 quorum
2786 4142 3004 4195 medius
3053 4139 3350 4199 terminus,
3382 4137 3436 4189 id
3472 4140 3557 4188 est
3587 4135 3681 4203 48,
3709 4134 3756 4187 si

258 4232 392 4283 ullis
416 4232 735 4295 ordinibus,
772 4232 981 4301 passim
1015 4231 1455 4302 inordinateque
1487 4230 1804 4302 dispositos,
1838 4236 1895 4282 et
1924 4247 1955 4282 a
2012 4236 2123 4331 Din
2158 4236 2529 4304 semetipsum
2573 4234 2831 4295 ducatur,
2867 4231 3020 4283 idem
3051 4230 3191 4282 2304
3223 4230 3614 4297 procreantur.
3655 4222 3756 4277 Ubi

252 4320 415 4374 nullo
450 4325 605 4372 certo
654 4321 766 4373 ﬁne
802 4325 1121 4390 generatos.
1164 4319 1307 4374 Sunt
1348 4327 1537 4373 autem
1578 4320 1812 4390 perfecti
1852 4336 1951 4372 nu-
2012 4312 2254 4377 "autem
2288 4325 2401 4377 duo
2432 4323 2667 4377 termini
2697 4323 2837 4375 duas
2868 4320 3203 4374 medietates
3243 4315 3564 4380 includunt,
3599 4312 3757 4384 quod

251 4409 399 4463 meri
432 4409 582 4462 intra
614 4409 914 4462 denarium
951 4425 1258 4463 numerum
1292 4412 1343 4477 6,
1376 4410 1524 4463 intra
1555 4410 1950 4464 centenarium
2061 4416 2125 4469 tit
2152 4414 2543 4483 multiplicatis
2575 4411 3053 4474 extremitatibus,
3085 4409 3192 4462 hoc
3226 4407 3376 4461 idem
3408 4404 3667 4459 redditur
3694 4401 3757 4457 in

250 4502 343 4564 28,
388 4499 541 4552 intra
575 4499 965 4552 millenel‘ium
1015 4500 1139 4566 416,
1192 4499 1343 4553 intra
1391 4500 1586 4552 decem
1635 4499 1815 4552 millia
1850 4502 1950 4553 800
2062 4504 2403 4557 alterutram
2452 4518 2736 4555 summam
2779 4498 3177 4554 medietatibus
3205 4496 3407 4551 ductis.
3442 4492 3757 4550 Duodecies

257 4594 315 4642 et
360 4592 475 4643 128.
515 4590 577 4642 Et
608 4605 836 4657 semper
866 4588 926 4642 hi
969 4588 1197 4642 numeri
1230 4588 1451 4642 duobus
1498 4589 1730 4659 paribus
1764 4590 1955 4645 termi-
2063 4593 2220 4646 enim
2253 4593 2354 4643 516
2388 4591 2779 4661 multiplicatis
2810 4591 2868 4642 in
2906 4591 3003 4642 152
3030 4589 3430 4657 procreantur,
3466 4583 3593 4637 dua:
3620 4597 3755 4635 vero

252 4683 470 4733 nantur
499 4682 528 4731 6
564 4683 620 4732 et
666 4682 717 4743 8,
756 4682 810 4731 et
842 4694 1068 4748 semper
1100 4679 1424 4733 alternatim
1459 4678 1517 4731 in
1550 4680 1653 4733 hos
1684 4694 1953 4732 numeros
2065 4698 2265 4736 eorum
2298 4680 2655 4744 medictates,
2692 4678 2747 4731 id
2781 4682 2864 4730 est
2894 4678 2962 4730 21
3002 4681 3059 4729 et
3104 4677 3193 4740 48,
3228 4674 3273 4727 si
3317 4674 3377 4727 in
3421 4672 3757 4741 semetipsas

252 4783 615 4821 summarum
651 4767 793 4820 ﬁnes
816 4769 1175 4836 provenient.
1212 4770 1351 4822 Nam
1387 4773 1443 4822 et
1473 4768 1722 4839 primum
1749 4769 1953 4835 6,iude
2066 4769 2543 4840 multiplicantur,
2574 4766 2803 4821 eosdem
2845 4766 2904 4818 in
2957 4768 3053 4817 152
3083 4763 3403 4829 restituent,
3449 4766 3619 4832 atque
3650 4760 3758 4815 hoc

252 4859 345 4921 28,
380 4860 510 4926 post
556 4855 661 4909 bos
694 4857 819 4910 416.
868 4856 1025 4910 Idem
1074 4857 1330 4911 senarius
1375 4857 1475 4928 qui
1522 4857 1760 4929 primus,
1792 4862 1955 4927 post—
2064 4859 2136 4913 ad
2158 4858 2541 4912 imitationem
2564 4855 3079 4926 cognationemque
3098 4851 3322 4906 numeri
3344 4851 3560 4922 pariter
3580 4848 3755 4921 paris,

253 4962 431 5018 quam
466 4945 566 4999 800
602 4950 657 4999 et
688 4948 804 5011 128,
830 4945 979 4999 idem
1012 4948 1339 5000 octonarius
1368 4947 1465 5018 qui
1496 4947 1797 5001 secundus.
2062 4964 2095 5001 a
2128 4964 2242 5019 quo
2270 4946 2707 5017 participatione
2739 4949 2937 5010 tracta,
2967 4943 3088 4996 hac
3118 4942 3171 4994 ei
3200 4941 3563 5011 cognoscitur
3592 4938 3754 5008 inge-

330 5037 553 5107 ltiajoris
604 5052 735 5090 vero
786 5037 1191 5108 inaequalitatis
1239 5038 1467 5091 numeri
1516 5038 1773 5109 quinque
1820 5042 1955 5092 sunt
2063 5043 2265 5091 nerata
2294 5036 2634 5106 proprietas.
2672 5036 2737 5088 Et
2757 5034 2817 5086 in
2850 5032 2958 5086 alio
2979 5047 3112 5085 vero
3145 5030 3321 5085 latere
3354 5027 3753 5099 longitudinis,

252 5130 445 5197 partes
480 5142 492 5178 :
542 5128 626 5178 est
674 5125 828 5179 enim
896 5142 1010 5179 una
1056 5141 1182 5196 qua:
1205 5133 1441 5180 vocatur
1490 5127 1808 5197 multiplex,
1843 5127 1955 5180 alia
2063 5128 2261 5182 eadem
2291 5126 2435 5180 ratio
2466 5125 2885 5196 descriptioque
2930 5126 3124 5176 notata
3160 5125 3264 5188 est,
3299 5137 3412 5192 qua
3442 5121 3499 5174 in
3532 5135 3591 5171 re
3632 5133 3755 5171 ma-

254 5214 811 5285 superparticularis,
846 5214 1015 5269 tertia
1044 5216 1490 5286 superpartiens,
1525 5221 1727 5286 quarta
1756 5217 1951 5269 multi-
2062 5217 2334 5271 nifestum
2365 5222 2451 5270 est
2479 5221 2663 5269 totum
2696 5229 3003 5268 numerum
3035 5229 3100 5265 ex
3123 5210 3511 5281 superioribus
3536 5206 3757 5261 duobus

255 5303 1949 5376 plexsuperparticularis,quintamultiplexsuperpartiens,
2064 5323 2189 5361 esse
2218 5311 2604 5377 procreatum,
2648 5304 2802 5375 quod
2847 5318 3047 5357 eorum
3094 5301 3307 5355 retinet
3352 5296 3752 5369 proprietates.

255 5394 355 5448 llis
379 5392 552 5461 igitur
573 5392 829 5464 quinque
853 5394 1083 5464 majoris
1106 5394 1656 5463 partibusoppositte
1672 5400 1805 5447 sunt
1827 5395 1949 5449 aliae.
2064 5396 2349 5460 Quoniam
2382 5401 2572 5449 autem
2622 5394 2958 5447 naturaliter
3004 5397 3059 5445 et
3097 5388 3410 5443 secundum
3461 5385 3756 5461 propriam

254 5483 512 5553 quinque
560 5487 763 5552 partes,
822 5499 951 5554 quae
1006 5483 1245 5537 minoris
1314 5484 1607 5554 sigillatim
1655 5484 1950 5554 speciebus
2062 5485 2275 5539 ordinis
2307 5484 2774 5553 consequentiam
2798 5481 3173 5551 multiplicem
3200 5476 3605 5547 inmqualitatis
3635 5492 3758 5546 spe-

252 5571 461 5627 iisdem
492 5570 820 5626 nominibus
860 5577 1287 5644 nuncupantur,
1320 5574 1439 5627 sola
1470 5577 1695 5627 tantum
1724 5589 1947 5645 prmpo-
2062 5574 2208 5629 ciem
2238 5572 2457 5628 cunctis
2486 5572 2929 5644 praeposuimus,
2962 5567 3325 5640 primamque
3357 5564 3604 5638 speciem
3634 5581 3757 5619 esse
