4176 6192
461 202 590 255 1363

1764 209 1882 263 ΑΝ.
1931 209 2145 266 MANL.
2195 208 2350 264 θεν.
2399 209 2629 265 BOETII

3833 212 3964 266 1364

455 339 918 403 monstravimus,
952 334 1084 390 licet
1111 334 1218 388 hoc
1258 333 1424 388 nobis
1459 333 1787 406 posterioris
1836 337 2024 408 operis
2058 355 2147 392 or-
2189 337 2324 396 Aad
2357 339 2408 403 8,
2441 337 2577 390 item
2608 340 2664 388 et
2695 335 2756 388 in
2789 333 3005 388 caeteris
3036 332 3135 403 qui
3171 339 3303 386 sunt
3337 333 3398 388 in
3429 333 3635 389 eadem
3672 336 3823 390 serie
3854 353 3960 391 nu-

457 430 590 485 dine
633 431 924 492 clarescat,
960 424 1052 478 hic
1094 438 1325 494 quoque
1376 423 1847 495 perstringentes,
1882 428 1934 480 id
1993 431 2145 498 quod

454 517 861 590 proposuimus
906 512 1236 583 planissime
1285 511 1647 583 breviterque
1687 514 2006 570 doceamus.
2065 518 2149 571 Sit

455 607 608 660 enim
652 605 781 659 talis
845 601 1148 670 descriptio
1199 601 1260 653 in
1317 618 1429 670 qua
1480 608 1728 671 ponatur
1776 605 1835 656 in
1886 606 2146 660 ordinem

457 711 634 766 usque
666 693 737 748 ad
769 691 1070 746 denarium
1117 707 1422 743 numerum
1463 692 1718 744 continui
1751 694 1973 747 numeri
2007 696 2146 749 ordo

453 783 752 848 naturalis,
804 787 861 835 et
912 779 1158 833 secundo
1215 796 1382 832 versu
1445 780 1651 850 duplus
1706 782 1842 835 ordo
1902 788 2144 850 texatur,

453 873 622 927 tertio
652 888 786 926 vero
813 869 1040 940 triplus,
1073 873 1276 938 quarto
1323 874 1512 922 autem
1547 870 1920 941 quadruplus,
1957 877 2011 925 et
2041 873 2146 927 hoc

453 977 634 1032 usque
665 961 736 1014 ad
767 959 1095 1030 decuplum.
1128 958 1217 1012 Sic
1248 958 1402 1011 enim
1433 974 1846 1027 cognoscemus
1870 963 2147 1031 quemad-

454 1051 688 1104 modum
721 1047 1245 1119 superparticulari,
1273 1051 1328 1100 et
1357 1049 1822 1118 superpartienti,
1847 1055 1901 1103 et
1931 1052 2145 1105 cunctis

455 1139 581 1193 aliis
628 1138 892 1210 princeps
943 1135 1050 1190 erit
1112 1135 1324 1206 species
1374 1137 1725 1206 multiplicis,
1779 1145 1834 1192 et
1882 1142 2146 1210 qumdam

456 1228 566 1281 alia
587 1228 758 1281 simul
779 1225 1172 1295 inspicieinus,
1198 1229 1253 1278 et
1276 1225 1344 1278 ad
1381 1226 1754 1281 subtilitatem
1790 1229 2143 1297 tenuissima,

453 1321 511 1371 et
540 1317 612 1371 ad
643 1315 940 1370 scientiam
973 1314 1295 1380 utilissima,
1327 1319 1382 1366 et
1404 1315 1474 1368 ad
1495 1317 1963 1372 exercitationem
1991 1320 2147 1374 valde

479 1405 886 1461 ucundissima.

526 1495 585 1550 Si
616 1497 792 1568 igitur
815 1495 927 1548 duo
949 1492 1136 1564 prima
1160 1494 1338 1547 latera
1365 1494 1688 1564 praepositae
1717 1495 1995 1564 tormulze,
2017 1513 2147 1568 quae

454 1586 672 1640 faciunt
700 1585 980 1656 angulum
1011 1583 1083 1638 ab
1133 1599 1250 1636 uno
1281 1583 1348 1637 ad
1399 1583 1614 1652 decem,
1649 1589 1704 1638 et
1731 1585 1927 1640 decem
1956 1603 2150 1657 proce-

2259 425 2430 480 meris
2477 425 2604 478 talis
2665 423 2990 494 conjugatio
3047 422 3377 490 misceatur,
3436 425 3597 478 nulla
3667 425 3960 479 varietatis

2259 513 2664 569 dissimilitudo
2706 513 3010 583 subripiet;
3067 512 3261 566 eadem
3317 517 3512 566 tamen
3594 530 3956 568 summarum

2258 603 2648 674 supergressio
2694 608 2776 654 est
2809 602 2869 655 in
2916 601 3024 655 hoc
3075 617 3308 671 quoque
3352 617 3480 672 qua».
3531 602 3590 655 in
3633 603 3960 672 duplicibus

2257 693 2385 745 fuit.
2417 691 2643 745 Primus
2675 692 2828 745 enim
2860 691 3134 761 primum,
3168 690 3224 743 id
3246 695 3331 744 est
3359 691 3647 744 ternarius
3669 691 3959 745 binarium

2258 799 2371 836 uno
2403 786 2654 852 superat,
2697 781 2978 834 secundus
3026 795 3161 832 vero
3207 780 3525 834 secundum
3570 780 3821 846 duobus,
3853 790 3960 834 ter-

2256 873 2368 925 tius
2397 871 2630 925 tertium
2659 870 2856 934 tribus,
2891 875 2947 924 et
2975 868 3266 939 deinceps,
3298 869 3353 923 Si
3386 887 3518 923 vero
3553 876 3798 940 quartus
3822 872 3959 924 ordo

2258 962 2426 1015 tertio
2461 965 2844 1032 comparetur,
2885 964 2946 1012 ut
2984 960 3016 1011 4
3062 959 3128 1013 ad
3171 961 3226 1027 3,
3271 963 3328 1012 et
3370 960 3570 1013 eodem
3607 965 3849 1013 czetcros
3879 976 3962 1014 or-

2259 1049 2392 1103 dine
2447 1049 2804 1116 consccteris,
2845 1047 3208 1119 sesquitertia
3256 1049 3608 1119 comparatio
3641 1049 3960 1119 colligitur,

2259 1143 2320 1193 ut
2351 1140 2383 1191 4
2417 1139 2485 1193 ad
2535 1142 2586 1206 3,
2619 1139 2706 1193 vel
2758 1141 2788 1193 8
2826 1137 2895 1191 ad
2945 1140 2996 1204 6,
3049 1137 3137 1190 vel
3190 1139 3253 1191 l2
3299 1138 3368 1191 ad
3413 1140 3464 1204 9,
3511 1138 3749 1191 videsne
3802 1143 3869 1190 ut
3907 1139 3960 1191 in

2258 1229 2525 1284 omnibus
2557 1226 2646 1282 liis
2699 1225 3064 1299 sesquitertia
3093 1227 3497 1281 conservetur?
3539 1228 3832 1280 Praeterea
3871 1244 3961 1280 eos

2257 1320 2355 1390 qui
2387 1319 2490 1372 sub
2523 1318 2659 1389 ipsis
2691 1322 2840 1384 sunt,
2897 1316 2942 1369 si
2974 1316 3124 1370 idem
3168 1315 3383 1370 faciens
3430 1321 3737 1387 sequentes
3767 1333 3964 1370 versus

2258 1407 2492 1461 alterius
2519 1405 2961 1477 comparaveris,
2996 1420 3196 1458 omnes
3228 1403 3348 1458 sine
3381 1405 3496 1458 ullo
3542 1405 3964 1475 impedimento

2258 1496 2472 1566 species
2498 1495 3047 1566 superparticulares
3077 1509 3368 1564 agnosces,
3402 1493 3508 1547 hoc
3536 1499 3732 1546 autem
3767 1494 3828 1546 in
3864 1495 3963 1547 hac

2259 1585 2633 1655 dispositione
2667 1585 2944 1649 divinum,
2977 1584 3131 1654 quod
3165 1599 3366 1637 omnes
3396 1584 3705 1653 angulares
3733 1584 3963 1636 numeri

454 1676 648 1730 dentia
677 1674 1073 1744 respiciantur,
1109 1679 1165 1727 et
1213 1673 1301 1726 bis
1347 1672 1696 1728 subteriores
1729 1676 1957 1730 ordines
1987 1694 2149 1731 com-
2188 1692 2228 1746 Β
2255 1675 2539 1745 tetragoni
2571 1679 2720 1728 sunt.
2758 1675 3109 1743 Tetragonus
3142 1677 3335 1727 autem
3371 1671 3598 1738 dicitur,
3639 1677 3706 1726 ut
3739 1673 3954 1726 brevis-

455 1769 750 1836 parentur,
802 1763 903 1834 qui
951 1761 1166 1815 scilicet
1217 1777 1250 1814 a
1307 1762 1341 1815 4
1380 1764 1657 1832 angulum
1708 1764 2050 1835 incipientes
2093 1766 2152 1820 in

455 1853 684 1907 vicenos
715 1850 1029 1905 terminum
1055 1854 1298 1921 ponunt,
1330 1849 1561 1920 duplex,
1600 1851 1657 1906 id
1693 1856 1777 1906 est
1806 1853 1992 1922 prima
2025 1870 2153 1924 spe-

457 1941 570 1995 cies
601 1939 1039 2009 multiplicitatis
1071 1939 1410 2005 ostenditur,
1447 1939 1525 1993 ita
1555 1945 1616 1994 ut
1645 1941 1866 2011 primus
1900 1943 2152 2012 primum

457 2032 574 2085 sola
603 2035 835 2099 superet
885 2028 1122 2095 unitate,
1159 2029 1215 2082 id
1259 2034 1344 2084 est
1381 2029 1494 2084 duo
1527 2046 1727 2097 unum,
1761 2033 2042 2087 secundus
2073 2051 2155 2088 se-

457 2118 711 2173 cundum
767 2116 991 2172 binario
1035 2117 1392 2187 supervadat,
1441 2122 1506 2172 ut
1551 2120 1951 2189 quaternarius
1983 2121 2154 2176 bina-

456 2208 628 2275 rium,
665 2206 869 2261 tertius
898 2205 1132 2260 tertium
1180 2206 1382 2275 tribus,
1419 2211 1481 2260 ut
1524 2209 1782 2262 senarius
1813 2211 2151 2279 ternarium,

457 2302 696 2369 quartus
722 2301 990 2368 quartum
1025 2296 1377 2366 quaternarii
1425 2298 1837 2352 numerositate
1867 2304 2156 2355 transcen-

456 2387 575 2457 dat,
627 2390 692 2441 ut
757 2389 884 2439 octo
935 2386 1369 2456 quaternarium
1413 2391 1471 2440 ei.
1518 2403 1622 2456 per
1668 2389 1928 2442 eamdem
1967 2391 2154 2446 cuncti

458 2474 818 2547 sequentiam
845 2490 966 2528 sese
1001 2475 1239 2528 minoris
1275 2475 1603 2546 pluralitate
1637 2483 2000 2547 prietereant.

529 2564 588 2620 Si
608 2580 740 2619 vero
789 2563 989 2617 tertius
1020 2565 1265 2632 angulus
1308 2564 1669 2634 inspiciatur,
1703 2567 1799 2637 qui
1835 2568 1903 2621 ab
1948 2585 2152 2622 novem

455 2653 753 2719 inchoans,
798 2651 1218 2723 longitudinem
1271 2653 1750 2724 latitudinemque
1799 2657 2026 2711 tricenis
2065 2659 2154 2711 al-

457 2741 737 2796 trinsecus
766 2741 1023 2796 numeris
1062 2743 1334 2810 extendit,
1371 2748 1427 2815 et
1466 2744 1557 2796 hic
1584 2761 1712 2798 cum
1747 2745 1932 2816 prima
1963 2746 2153 2800 latitu-

460 2831 592 2885 dine
622 2835 679 2886 et
709 2831 1075 2900 longitudine
1103 2835 1484 2901 comparetur,
1522 2833 1726 2902 triplex
1760 2834 1973 2904 species
2004 2835 2152 2889 mul-

456 2919 772 2990 tiplicitatis
804 2920 1066 2987 occurrit,
1112 2919 1190 2973 ita
1227 2925 1285 2973 ut
1335 2921 1439 2973 ista
1470 2924 1822 2991 comparatio
1869 2941 1970 2994 per
2001 2924 2150 2978 deci-

457 3025 610 3064 mam
667 3008 918 3063 litteram
976 3009 1093 3076 ﬁat,
1142 3009 1314 3080 hique
1376 3027 1431 3062 se
1485 3012 1708 3064 numeri
1775 3013 2148 3082 superabunt,

457 3098 771 3153 secundum
811 3099 1202 3168 parallelitatis
1234 3099 1437 3153 factam
1472 3101 1811 3154 naturaliter
1853 3102 2154 3156 connexio-

457 3203 621 3254 nem;
676 3185 896 3256 primus
962 3186 1115 3238 enim
1182 3185 1434 3256 primum
1501 3187 1722 3240 duobus
1773 3196 2042 3258 superat,
2094 3194 2156 3242 ut

457 3292 642 3332 unum
684 3281 818 3342 tres,
861 3275 1142 3329 secundus
1191 3276 1504 3330 secundum
1557 3279 1942 3346 quaternario,
1972 3284 2034 3332 ut
2076 3277 2156 3331 bi-

458 3364 685 3420 narium
733 3365 1009 3430 senarius,
1059 3365 1261 3418 tertius
1314 3367 1547 3418 tertium
1597 3383 1712 3429 sex,
1750 3368 2150 3422 utternarium

459 3453 820 3519 novenarius,
857 3457 912 3505 et
942 3453 1010 3505 ad
1061 3454 1329 3506 eumdem
1381 3455 1573 3507 caeteri
1617 3455 1854 3508 modum
1889 3473 2152 3526 progres-

459 3540 632 3594 sionis
661 3545 1006 3606 accrescunt,
1057 3541 1236 3603 Quam
1285 3557 1408 3593 rem
1457 3542 1623 3595 nobis
1672 3544 1885 3597 scilicet
1934 3549 1988 3598 et
2031 3545 2154 3616 ipsa

460 3628 738 3684 naturalis
781 3628 989 3698 objecit
1041 3629 1354 3699 integritas,
1411 3630 1552 3683 nihil
1598 3631 1761 3684 nobis
1822 3638 1979 3686 extra
2026 3650 2153 3688 ma-

459 3717 846 3783 chinantihus,
879 3722 942 3771 ut
973 3717 1032 3771 in
1058 3717 1181 3788 ipso
1205 3719 1435 3772 modulo
1466 3719 1862 3789 descriptionis
1893 3727 2150 3791 apparet.

533 3806 589 3861 Si
619 3805 746 3878 quis
778 3810 966 3860 autem
995 3806 1182 3877 quarti
1217 3807 1413 3878 anguli
1446 3809 1751 3862 terminum
1777 3810 1875 3880 qui
1908 3811 2154 3865 sedecim

458 3893 684 3950 numeri
709 3893 1027 3965 quidditate
1050 3900 1278 3948 notatus
1301 3902 1406 3962 est,
1431 3901 1487 3949 et
1511 3897 1928 3966 longitudinem
1945 3917 2068 3969 qua-
2093 3901 2154 3954 in

460 3983 860 4057 quadragenos
895 3983 1182 4052 terminat,
1218 3985 1351 4038 velit
1381 3985 1770 4055 superioribus
1801 4003 2151 4058 comparare,

457 4090 563 4145 per
598 4075 658 4127 t0
687 4074 889 4128 litteras
937 4072 1180 4126 formam
1229 4075 1598 4143 proportione
1643 4075 1863 4143 collata,
1909 4078 2155 4147 quadru-

459 4162 594 4236 plici
632 4163 1064 4218 multitudinem
1098 4163 1444 4233 pernotabit,
1493 4164 1696 4235 hisque
1725 4172 1810 4220 est
1838 4168 2154 4222 ordinabiis

461 4268 634 4323 super
653 4268 711 4305 se
738 4253 1085 4322 progressio,
1120 4256 1176 4304 et
1207 4257 1268 4304 ut
1299 4252 1519 4322 primus
1562 4255 1814 4322 primum
1858 4256 2035 4308 tribus
2066 4273 2154 4309 su-

458 4345 639 4412 peret,
684 4345 745 4394 ut
788 4346 1034 4412 quatuor
1084 4341 1382 4407 unitatem,
1422 4342 1702 4396 secundus
1749 4345 2029 4398 scundum
2070 4362 2154 4398 se-

461 4431 624 4486 nario
657 4429 863 4496 vincat,
892 4436 953 4483 ut
982 4433 1107 4483 octo
1137 4429 1452 4497 binarium,
1487 4432 1690 4485 tertius
1722 4433 1952 4488 tertium
1981 4450 2154 4487 nove-

460 4519 624 4574 nario
647 4523 916 4584 transeat,
933 4523 996 4572 ut
1017 4519 1756 4587 duodenariusternarium,
1779 4528 1833 4575 et
1852 4528 2154 4591 sequentes

460 4608 764 4663 summulas
793 4607 970 4661 trium
1003 4623 1060 4660 se
1093 4624 1318 4677 semper
1350 4608 1572 4678 adjecta
1602 4610 1918 4681 quantitate
1953 4616 2080 4664 tran
2113 4613 2156 4664 i-

459 4695 621 4749 liant.
659 4695 725 4748 Et
755 4694 802 4748 si
852 4695 980 4765 quis
1013 4695 1358 4750 subteriores
1409 4698 1646 4768 aspiciat
1691 4701 1949 4769 angulos,
2001 4701 2152 4754 idem

459 4799 564 4854 per
594 4799 794 4839 omnes
823 4784 1266 4856 multiplicitatis
1297 4787 1514 4856 species
1542 4805 1719 4858 usque
1749 4790 1819 4843 ad
1849 4790 2155 4861 decuplum

463 4873 900 4944 dispositissima
929 4875 1288 4928 ordinatione
1321 4877 1638 4946 proveniet.

533 4961 591 5016 Si
622 4961 749 5033 quis
782 4979 913 5016 vero
947 4963 1005 5016 in
1036 4963 1141 5017 hac
1189 4965 1574 5036 descriptione
1607 4967 2155 5037 superparticulares

461 5051 737 5123 requirat,
771 5051 872 5104 tali
908 5052 1079 5106 modo
1135 5054 1399 5124 reperiet.
1433 5053 1484 5108 Si
1521 5055 1674 5110 enim
1719 5058 2033 5111 secundum
2067 5075 2157 5112 an-

461 5143 662 5213 gulum
696 5144 870 5208 notet,
913 5141 1076 5210 cujus
1123 5148 1208 5196 est
1253 5143 1480 5197 initium
1530 5147 1952 5215 quaternarius,
1987 5146 2154 5218 eique

463 5231 784 5302 superjacet
832 5229 1111 5296 binarius,
1147 5236 1318 5303 atque
1368 5232 1434 5286 ad
1469 5233 1622 5287 hunc
1655 5241 1992 5304 sequentem
2028 5238 2155 5307 quis

466 5319 856 5374 accommodet
898 5319 1179 5387 ordinem,
1236 5321 1587 5392 sesquiatera
1635 5324 1929 5393 proportio
1974 5325 2154 5379 decla-

465 5411 642 5462 ratur.
676 5409 820 5464 Nam
851 5409 1050 5463 tertius
1083 5411 1313 5465 secundi
1346 5428 1541 5465 versus
1589 5413 1926 5484 sesquialter
1957 5420 2058 5480 est,
2093 5419 2158 5469 ut

466 5499 581 5552 tres
613 5497 684 5552 ad
714 5497 849 5566 duo,
880 5499 966 5555 vel
1017 5515 1114 5554 sex
1142 5499 1210 5554 ad
1238 5501 1292 5568 4,
1339 5501 1426 5554 vel
1477 5517 1684 5556 novem
1717 5501 1788 5556 ad
1819 5517 1936 5570 sex,
1970 5504 2057 5557 vel
2094 5507 2156 5558 t2

2264 1763 2405 1818 sime
2445 1764 2652 1830 dicam,
2686 1763 2838 1833 quod
2887 1764 3060 1816 etiam
3112 1762 3281 1815 latius
3333 1761 3734 1832 explicabitur,
3785 1776 3959 1832 quem

2261 1853 2374 1908 duo
2407 1853 2653 1924 aequales
2687 1851 2912 1905 numeri
2949 1850 3350 1920 multiplicant,
3390 1854 3448 1902 ut
3478 1850 3536 1902 in
3590 1850 3697 1903 hac
3728 1865 3963 1920 quoque

2261 1941 2644 2013 descriptione
2677 1945 2762 1994 est
2797 1957 2810 1994 :
2846 1956 2995 1994 unus
3029 1940 3183 1993 enim
3232 1941 3406 1992 semel
3455 1955 3602 1991 unus
3631 1943 3739 2006 est,
3791 1943 3849 1992 et
3881 1943 3964 1992 est

2261 2037 2542 2104 potestate
2582 2035 2932 2099 tetragonus.
2969 2031 3106 2084 Item
3144 2028 3232 2082 bis
3259 2029 3370 2082 duo
3402 2029 3435 2080 4
3465 2032 3617 2094 sunt,
3650 2033 3742 2081 ter
3768 2033 3885 2082 tres
3911 2027 3964 2092 9,

2263 2136 2407 2190 quos
2436 2120 2494 2172 in
2526 2117 2863 2188 semetipsos
2889 2115 3391 2185 multiplicationes
3414 2114 3753 2184 primordiis
3773 2114 3963 2184 perfe-

2262 2214 2483 2262 cerunt.
2516 2207 2738 2262 Circum
2785 2206 2939 2276 ipsos
2977 2220 3108 2256 vero
3156 2203 3253 2274 qui
3302 2207 3435 2256 sunt
3479 2202 3565 2256 vel
3615 2208 3704 2257 est
3745 2205 3963 2257 circum

2263 2297 2584 2368 angulares,
2609 2293 2931 2363 longilateri
2956 2292 3182 2345 numeri
3204 2292 3758 2362 sunt;longilateros
3771 2298 3964 2347 autem

2261 2402 2421 2449 voco,
2456 2401 2599 2456 quos
2630 2400 2745 2438 uno
2779 2400 2836 2436 se
2879 2380 3377 2452 supergredientes
3407 2382 3637 2434 numeri
3687 2381 3968 2452 multipli-

2262 2480 2424 2541 cant;
2455 2474 2667 2527 circum
2699 2475 2731 2526 4
2759 2471 2911 2525 enim
2945 2472 3056 2525 duo
3083 2475 3216 2522 sunt
3242 2475 3298 2522 et
3321 2486 3436 2536 sex,
3460 2469 3556 2523 sed
3587 2470 3703 2524 duo
3727 2487 3968 2524 nascun-

2262 2569 2356 2619 tur
2387 2580 2454 2616 ex
2486 2579 2601 2616 uno
2633 2566 2687 2614 et
2718 2559 2962 2625 duobus,
2995 2575 3122 2612 cum
3153 2574 3332 2611 unum
3360 2558 3446 2612 bis
3469 2559 3964 2629 multiplicaveris.

2263 2653 2370 2708 Sed
2418 2653 2607 2706 unitas
2640 2669 2665 2702 ο
2699 2649 2920 2703 binario
2967 2647 3184 2701 unitate
3231 2647 3593 2716 prmceditur,
3645 2651 3680 2701 6
3724 2665 3861 2701 vero
3905 2665 3966 2702 ex

2264 2742 2486 2796 duobus
2519 2745 2574 2793 et
2622 2738 2822 2807 tribus,
2874 2737 2959 2790 bis
2999 2737 3150 2790 enim
3187 2742 3301 2790 tres
3349 2737 3641 2790 senarium
3692 2737 3966 2792 reddunt.

2266 2830 2648 2885 Novenarium
2713 2844 2844 2881 vero
2904 2843 3001 2879 sex
3051 2830 3109 2879 et
3151 2825 3455 2880 duodecim
3513 2825 3817 2890 claudunt,
3873 2827 3972 2897 qui

2265 2920 2564 2974 duodecim
2597 2935 2662 2971 ex
2697 2916 2878 2970 tribus
2916 2920 3230 2968 nascuntur
3257 2920 3311 2968 et
3341 2915 3394 2968 4.
3435 2915 3542 2968 Ter
3567 2915 3726 2968 enim
3757 2916 3790 2967 4
3821 2916 3973 2969 ﬁunt

2193 2989 2232 3043 δ’
2271 3013 2350 3074 12,
2388 3007 2646 3063 senarius
2693 3021 2824 3059 vero
2857 3021 2924 3058 ex
2959 3002 3182 3057 duobus
3213 3007 3268 3055 et
3298 3002 3501 3068 tribus,
3535 3002 3621 3056 bis
3669 3004 3831 3058 enim
3866 3009 3972 3058 ter-

2263 3099 2412 3154 fiunt
2438 3103 2488 3164 6,
2523 3097 2621 3168 qui
2649 3111 2847 3150 omnes
2871 3109 2984 3148 uno
3017 3091 3334 3162 majoribus
3359 3091 3637 3145 lateribus
3677 3094 3971 3162 procreati

2264 3193 2414 3242 sunt.
2451 3189 2588 3241 Nam
2621 3202 2746 3239 cum
2777 3188 2808 3238 6
2841 3200 2907 3238 ex
2955 3182 3178 3236 binario
3225 3181 3592 3252 ternarioque
3627 3190 3967 3250 nascuntur,

2265 3282 2294 3331 3
2323 3278 2611 3332 binarium
2660 3289 2967 3328 numerum
3002 3289 3118 3327 uno
3168 3276 3462 3342 superant,
3510 3272 3825 3343 cunctique
3877 3273 3970 3327 alii

2265 3367 2519 3438 ejusdem
2556 3364 2707 3419 modi
2741 3368 2892 3428 sunt,
2926 3367 2988 3416 ut
3037 3362 3226 3432 primo
3259 3365 3313 3414 et
3352 3361 3602 3415 secundo
3637 3362 3848 3416 ordine
3902 3363 3970 3416 ad

2263 3459 2605 3510 alterutrum
2655 3451 3045 3523 multiplicatis
3077 3451 3339 3504 terminis
3366 3454 3769 3521 procreentur,
3809 3452 3970 3505 itaut

2265 3546 2418 3616 quod
2463 3544 2712 3598 nascitur
2745 3559 2812 3596 ex
2861 3541 3081 3595 duobus
3125 3541 3324 3610 positis
3373 3539 3731 3608 longilateris
3767 3541 3967 3595 altrin-

2264 3651 2442 3699 secus,
2477 3638 2532 3686 et
2562 3631 2648 3685 bis
2681 3630 2868 3684 medio
2900 3633 3198 3698 tetragono
3231 3631 3566 3697 tetragonus
3597 3627 3688 3681 sit.
3731 3629 3798 3682 Et
3838 3645 3969 3682 rur-

2264 3740 2356 3776 sus
2407 3722 2560 3793 quod
2601 3737 2669 3774 ex
2721 3719 2942 3774 duobus
2997 3717 3332 3770 altrinsecus
3381 3716 3695 3786 tetragonis
3743 3722 3798 3770 et
3853 3733 3966 3769 uno

2264 3813 2454 3866 medio
2505 3809 2842 3880 longilatero
2891 3807 2977 3861 bis
3032 3806 3179 3859 facto
3242 3806 3512 3872 nascitur,
3564 3806 3686 3874 ipse
3734 3823 3968 3876 quoque

2263 3906 2594 3969 tetragonus
2631 3899 2720 3964 sit,
2755 3903 2812 3951 et
2855 3901 2918 3950 ut
2967 3896 3308 3966 angulorum
3346 3894 3523 3948 totius
3557 3895 3968 3965 descriptionis

2266 3991 2335 4045 ad
2367 3990 2671 4060 angulares
2706 3992 3028 4056 tetragonos
3073 3985 3392 4055 positorum
3441 3985 3610 4036 unius
3641 3982 3868 4054 anguli,
3902 3984 3972 4038 sit

2264 4081 2451 4151 prima
2483 4079 2691 4143 unitas,
2725 4075 2960 4129 alterius
2988 4090 3120 4128 vero
3150 4074 3251 4145 qui
3278 4076 3476 4127 contra
3504 4076 3605 4138 est,
3632 4071 3834 4138 tertia;
3864 4073 3964 4126 uni

2263 4185 2396 4223 vero
2430 4168 2764 4220 altrinsecus
2809 4163 3008 4234 anguli
3043 4164 3320 4216 secundas
3351 4163 3561 4216 habent
3603 4162 3881 4229 unitates,
3909 4169 3963 4216 et

2264 4259 2376 4313 duo
2398 4255 2760 4326 angularium
2781 4258 3213 4324 tetragonorum
3237 4251 3432 4321 anguli
3464 4266 3697 4320 aequum
3723 4251 3876 4304 faciu
3889 4259 3967 4317 nt,

2265 4348 2418 4418 quod
2464 4345 2568 4399 sub
2603 4344 2739 4414 ipsis
2779 4343 3126 4407 continetur,
3158 4340 3239 4394 illi
3273 4339 3428 4410 quod
3475 4339 3540 4392 tit
3571 4339 3642 4392 ab
3673 4356 3790 4393 uno
3842 4340 3969 4393 illo-

2265 4453 2413 4502 rum,
2449 4435 2547 4506 qui
2571 4439 2653 4487 est
2683 4432 3017 4486 altrinsecus
3049 4431 3416 4501 angulorum.
3444 4429 3616 4482 Multa
3647 4430 3807 4483 enim
3839 4435 3972 4484 sunt

2265 4527 2375 4580 alia
2406 4541 2534 4595 quae
2581 4525 2638 4577 in
2689 4523 2794 4575 hac
2840 4521 3217 4590 descriptione
3269 4518 3431 4572 utilia
3472 4520 3694 4588 possint
3727 4519 3974 4574 admira-

2265 4615 2517 4685 biliaque
2567 4611 2866 4683 perpendi,
2913 4627 3042 4681 qua:
3088 4608 3318 4663 interim
3360 4613 3592 4680 propter
3622 4608 3963 4678 castigatam

2264 4702 2663 4758 introducendi
2719 4700 3062 4754 brevitatem
3122 4699 3319 4769 ignota
3380 4713 3499 4751 esse
3550 4698 3970 4767 permittimus,

2265 4810 2418 4848 nunc
2445 4809 2576 4847 vero
2613 4791 2683 4845 ad
2716 4789 3013 4862 sequentia
3045 4787 3407 4860 propositum
3439 4793 3870 4841 convertamus.

2339 4919 2483 4972 Finis
2512 4917 2605 4971 lib.
2637 4916 2702 4970 de
2733 4915 3031 4971 Geometria
3064 4913 3246 4966 Anilii
3269 4910 3467 4966 Manlii
3493 4911 3744 4965 Severini
3774 4911 3968 4966 Boetii.

2263 5009 2323 5062 In
2357 5022 2460 5074 quo
2499 5022 2654 5075 opere
2678 5007 2726 5058 si
2756 5003 2890 5070 quid
2919 5004 3155 5071 amplius
3185 5003 3397 5071 requiri
3421 4999 3704 5054 videbitur
3730 5003 3972 5069 cuipiam

2266 5096 2386 5150 boni
2417 5099 2664 5164 aequique
2701 5093 2964 5154 consulat,
3001 5107 3127 5145 nam
3168 5091 3439 5160 plu-rimas
3485 5091 3624 5144 locos
3653 5090 3970 5143 emendavi-

2263 5201 2403 5252 mus,
2437 5187 2495 5238 in
2541 5183 2868 5252 quibusdam
2910 5183 3086 5235 visum
3134 5185 3211 5234 est
3262 5182 3456 5249 cuique
3500 5194 3654 5232 suum
3687 5180 3969 5245 judicium

2263 5277 2585 5345 relinquere,
2647 5273 2891 5342 nihilque
2953 5276 3144 5325 temere
3209 5274 3441 5323 mutare.
3507 5269 3661 5324 Certe
3703 5274 3970 5336 quantum

2266 5363 2575 5429 diligentia,
2618 5360 2893 5413 industria
2940 5364 2991 5412 et
3046 5359 3306 5428 impensis
3332 5358 3515 5427 potuit
3543 5357 3688 5424 ﬁeri,
3733 5372 3770 5409 a
3822 5357 3970 5411 nobis

2262 5451 2405 5507 nihil
2435 5455 2510 5505 εει
2541 5452 2815 5504 omissum.
