4152 6184
207 260 344 312 1365

1403 268 1470 322 ΙΝ
1483 269 1614 324 DEX
1656 270 1904 328 RERUM
1946 274 2169 328 PRASCI
2182 275 2496 331 PUARUM.

3568 293 3702 348 1366

2705 429 2884 438 __—_

212 389 3678 436 W_m___.

3438 437 3679 448 —_uu

760 711 909 777 AD
954 712 1332 781 LIBROS
1380 717 1519 782 DE
1566 717 2358 790 CONSOLATIONE
2405 727 3171 798 PHILOSOPHIAE.

1702 862 2089 876 *—

1068 975 1414 1081 INDEX
1490 978 1880 1083 RERUM
1982 982 2814 1113 PR/EGIPUARUM,

952 1117 1132 1195 QUXE
1180 1118 1260 1184 IN
1311 1119 1434 1185 HIS
1484 1120 1741 1187 BOETII
1791 1121 2381 1193 COMMENTARIIS
2431 1127 2936 1200 OCCURRUNT.

1792 1246 2078 1259 ——

252 1378 594 1443 Achaemenia
613 1371 740 1442 quid
767 1372 794 1420 ‘?
819 1373 938 1443 .315.

252 1434 652 1490 Adminiculum
684 1449 778 1490 cur
803 1434 1009 1492 dicatur
1027 1446 1050 1492 ?
1078 1445 1182 1493 135.

250 1505 546 1553 Admiratio
568 1504 711 1566 quid,
742 1503 794 1566 et
828 1506 986 1566 unde,
1011 1507 1036 1554 ?
1062 1509 1173 1556 291.

251 1566 487 1634 A_dytum
517 1565 693 1634 quid“?
719 1565 796 1634 9‘3.

251 1629 547 1678 IEt’ernitas’
578 1629 842 1677 deﬁnitur.
871 1630 978 1679 348.

253 1693 410 1740 Ᾱῐιηει
439 1706 610 1740 mons.
647 1694 751 1740 143.

251 1755 441 1802 λΕνυω
470 1753 597 1819 quid
621 1755 646 1802 ‘?
677 1753 821 1803 aliud
861 1759 1192 1819 perpetuum,
1241 1755 1385 1805 aliud
1427 1760 1570 1807 certo
1607 1756 1882 1806 deﬁnitum

182 1818 443 1876 tempore.
471 1818 546 1865 37.

249 1878 454 1944 Dilfert
481 1879 546 1927 ab
567 1879 878 1944 aeternitate,
905 1882 962 1944 et
976 1883 1227 1944 tempore.
1258 1883 1364 1930 121.

246 1942 662 2003 Agamemnonis
690 1941 914 1990 labores.
949 1943 1054 1991 307.

245 2003 544 2052 Alcibiades
573 2017 681 2052 non
711 2004 811 2052 fuit
840 2004 1046 2054 mulier.
1079 2007 1189 2056 213.

245 2067 567 2127 Ambiguum
597 2066 722 2128 quid
749 2068 774 2114 ?
806 2069 913 2114 324.

245 2128 478 2178 Ambitio
507 2132 559 2178 et
580 2128 827 2178 ambitus.
857 2131 942 2178 165
978 2131 1030 2178 et
1055 2132 1162 2179 216.

244 2191 430 2238 Amnis
463 2192 603 2239 unde
632 2191 878 2239 dicatur?
905 2194 980 2240 89.

242 2255 405 2325 Amor
436 2254 764 2325 z'71_czd.r_qzzate
794 2258 845 2303 et
869 2253 1160 2325 adrrguate:
1193 2257 1297 2325 167.

241 2316 520 2383 Anaxarch
530 2331 589 2365 us
604 2316 840 2380 linguam
853 2316 1098 2367 dentibus
1110 2319 1398 2368 abscissam
1411 2318 1466 2368 in
1479 2322 1766 2383 tyrannum
1785 2333 1875 2370 ex-

172 2381 348 2444 apuit.
385 2381 492 2426 148.

241 2441 472 2512 Anxium
501 2440 628 2512 quid
647 2441 672 2489 (ἶ
704 2441 811 2491 120.

235 2502 648 2552 Αηχὶθιειεξ187.

238 2567 514 2628 Appetitas
545 2565 874 2614 voluntarius
904 2568 957 2614 et
983 2566 1260 2626 naturalis,
1295 2568 1407 2617 227.

237 2628 430 2689 Aquilo
457 2633 666 2676 ventus.
698 2630 776 2676 79.

237 2692 494 2738 Arcturus
522 2691 661 2738 unde
682 2691 706 2737 ?
734 2692 792 2739 67
819 2693 871 2738 et
895 2691 1002 2738 289.

236 2754 374 2801 Area
399 2752 647 2801 fortuna}.
681 2753 755 2800 95.

236 2816 410 2863 Arena
438 2815 523 2863 vel
554 2815 752 2862 harena
783 2827 944 2876 quare
969 2817 993 2861 ?
1026 2815 1130 2864 105.

236 2878 435 2925 Arvum
465 2877 590 2939 quid
613 2880 635 2924 ‘2
667 2879 753 2924 138
783 2880 834 2924 et
861 2877 968 2924 173.

234 2941 314 2989 Ab
336 2940 562 2987 assuetis
586 2953 691 2987 non
729 2939 785 2986 ﬁt
809 2939 1006 3000 passio.
1031 2940 1141 2987 251.

232 3002 538 3050 Attentione
568 3003 736 3050 Deum
762 3014 1058 3064 precamur.
1091 3004 1170 3048 91.

233 3065 538 3113 Autumnus
565 3078 659 3113 cur
689 3064 761 3113 ita
783 3068 1003 3112 vocetur
1023 3064 1154 3177 i321.

233 3198 424 3247 Bacchi
447 3212 641 3247 munus
665 3197 867 3245 vinum.
901 3197 960 3244 80
987 3200 1038 3244 et
1068 3197 1174 3245 139.

231 3262 511 3309 Beatitudo
547 3260 650 3308 alia
677 3274 778 3317 res,
811 3259 913 3307 alia
947 3259 1154 3306 modus.
1190 3259 1294 3307 176.

231 3324 450 3372 Boetius
474 3325 606 3372 bene
637 3326 869 3370 meretur
900 3321 963 3370 de
991 3322 1259 3370 omnibus.
1288 3323 1366 3370 45.

231 3386 456 3434 Exsulat
480 3386 758 3434 immerito.
792 3387 868 3433 49.

231 3449 448 3510 Objecta
476 3449 574 3497 sibi
606 3447 828 3496 crimina
856 3445 1094 3509 pluribus
1119 3449 1326 3508 purgat.
1363 3449 1440 3496 58.

230 3509 415 3573 Ignem
450 3511 690 3573 agnoscit
709 3509 1096 3572 purgatorium.
1125 3510 1233 3556 281.

232 3574 422 3621 Boreas
455 3579 662 3620 ventus.
691 3574 768 3620 27.

229 3636 422 3683 Brutus
450 3636 702 3683 Itomanze
737 3633 991 3682 libertatis
1023 3636 1265 3681 assertor.
1303 3635 1406 3681 163.

228 3697 433 3746 Busiris
458 3700 521 3746 ab
555 3697 773 3745 Hercule
803 3697 1127 3744 interfectus.
1164 3697 1274 3744 148.

227 3830 391 3878 Casus
418 3829 623 3877 admitti
654 3832 824 3891 potest
853 3833 906 3877 et
931 3829 1092 3892 rejici.
1127 3830 1234 3883 313,

225 3891 464 3941 Catullus
482 3892 708 3939 Nonium
727 3892 965 3940 convicio
985 3891 1338 3950 consectatur,
1362 3905 1459 3941 nec
1476 3893 1529 3941 in
1545 3892 1645 3941 hoc
1664 3893 1856 3941 erravit

160 3955 396 4003 Boetius.
429 3957 536 4002 192.

225 4017 468 4078 Cognitio
501 4016 784 4078 impeditur
808 4015 1309 4078 perturbationibus.
1343 4018 1418 4065 88.

224 4080 603 4141 Coguoscimus
623 4078 988 4140 intelligentia,
1015 4079 1430 4137 ratiocinatione,
1459 4079 1852 4141 imaginatione,

156 4146 214 4191 et
240 4156 422 4189 sensu.
456 4142 563 4189 336.

226 4204 505 4253 Criterium
535 4203 644 4251 sive
670 4215 856 4251 norma
889 4202 1141 4252 veritatis.
1173 4205 1284 4253 341.

222 4337 372 4385 Deus
400 4337 738 4399 cognoscitur
762 4335 947 4384 mundi
969 4336 1172 4385 ordine.
1202 4339 1278 4385 83.

220 4401 312 4448 Est
343 4413 503 4447 causa
531 4401 788 4448 omnium.
816 4400 922 4446 206.

219 4462 556 4510 lnvocaudus
584 4462 782 4509 homini
814 4461 1012 4523 aliquid
1037 4461 1293 4510 molienti.
1325 4463 1434 4509 219.

221 4525 500 4572 Hominem
532 4524 701 4572 docet.
727 4525 835 4572 258.

217 4587 301 4635 Dii
339 4587 506 4648 poetis
535 4587 755 4647 paganis
782 4585 956 4647 superi
986 4588 1039 4633 et
1069 4585 1242 4635 inferi.
1275 4587 1386 4634 252.

224 4648 376 4697 Dolia
401 4649 506 4697 duo
542 4649 595 4696 in
620 4649 764 4697 Jovis
795 4648 993 4696 limine.
1015 4651 1133 4763 I1303.

215 4781 376 4830 Ebrio
402 4781 586 4830 similis
616 4782 705 4844 qui
737 4781 891 4829 bonis
917 4780 1164 4844 adhaeret
1189 4779 1420 4830 caducis.
1456 4783 1559 4831 179.

217 4845 477 4904 Epicurus
508 4849 559 4890 et
589 4841 846 4904 Epicurei.
879 4841 1012 4892 Ibid.

212 4911 374 4969 Ἔποψ
401 4907 504 4969 Θεῷ
536 4906 907 4969 Pythagoreis.

215 4968 383 5016 Exsul
418 4968 554 5016 alius
578 4967 816 5030 corpOre,
843 4967 977 5016 alius
999 4971 1174 5017 mento
1196 4984 1209 5029 ;
1233 4967 1320 5016 hic
1345 4980 1620 5030 nunquam
1647 4969 1856 5018 exsulat

153 5032 378 5080 invitus.
411 5032 487 5078 72.
1045 5093 1085 5145 F

222 5163 420 5212 Fabula
449 5163 575 5225 quid
596 5165 618 5210 ’ἲ
635 5163 756 5225 7254.

221 5228 381 5291 Fama
399 5223 727 5291 brevioribus
757 5225 857 5273 loci
888 5223 1244 5288 temporisque
1266 5226 1525 5288 angustiis
1556 5239 1763 5291 semper

151 5289 482 5337 wntiuetur.
518 5290 623 5336 156.

221 5352 407 5398 Fatum
444 5351 708 5398 delinitur.
744 5350 852 5398 294.

223 5414 454 5462 Fortuna
475 5412 647 5460 omnis
674 5412 815 5460 bona
835 5415 932 5470 est,
960 5425 1058 5460 nec
1096 5411 1194 5459 nisi
1216 5412 1546 5461 abutentium
1573 5413 1699 5462 vitio
1717 5414 1855 5525 again

1777 5481 1800 5524 0
1842 5514 1850 5522 .

223 5608 456 5656 Gratiam
489 5607 698 5666 habere,
729 5620 899 5671 agere,
931 5611 982 5657 et
1001 5608 1209 5657 referre.
1238 5608 1340 5656 101.

1055 5671 1100 5725 Η

227 5749 459 5799 Hebenus
495 5751 559 5799 ab
589 5749 738 5811 equis
762 5750 829 5799 ab
865 5749 966 5799 alia
996 5749 1402 5800 transferuntur.
1434 5752 1541 5800 281.

2066 1319 2242 1366 Haeres
2277 1319 2413 1367 alius
2436 1334 2580 1381 suns,
2613 1323 2746 1372 alius
2772 1328 3042 1376 externus.
3071 1329 3177 1378 122.

2063 1381 2324 1496 ξξῗῑρὲἓυὶε
2352 1386 2726 1445 grammaticis,
2758 1387 3038 1450 historicis,
3070 1393 3239 1454 poetis
3268 1398 3320 1446 et
3347 1396 3695 1462 philosophis.

1998 1447 2124 1504 quid
2151 1447 2176 1490 ‘I
2203 1447 2264 1496 65
2293 1483 2299 1492 .

2062 1505 2286 1554 Homero
2317 1507 2395 1554 sol
2417 1509 2595 1557 omnia
2624 1512 2794 1560 cernit
2832 1515 2885 1561 et
2914 1513 3079 1563 audit.
3105 1517 3212 1565 322.

2058 1567 2221 1635 Homo
2254 1570 2508 1635 rationale
2536 1572 2731 1635 animal
2763 1577 2920 1635 atque
2949 1577 3190 1627 mortale.
3221 1583 3298 1630 85.

2059 1629 2268 1700 Animal
2297 1631 2446 1693 bipes
2477 1629 2896 1700 rationale.r33'7.

2059 1692 2290 1755 Erigitur
2319 1692 2536 1757 corpore
2563 1697 2626 1745 ad
2661 1698 2779 1746 cceli
2805 1704 3166 1764 conspectum.
3194 1705 3303 1754 346.

2847 1783 2869 1834 Ι

2059 1845 2431 1915 Immortalitas
2455 1848 2646 1915 mentis
2677 1848 2926 1901 humanae
2954 1853 3224 1915 probatur.
3254 1858 3360 1907 159.

2056 1907 2262 1972 Imperii
2285 1908 2452 1957 forma
2477 1909 2682 1972 triplex.
2713 1915 2773 1961 72
2803 1918 2856 1962 et
2890 1907 2998 1965 146.

2055 1970 2285 2042 [mprobi
2313 1970 2730 2042 misericordiam
2761 1977 2938 2038 potius
2967 1992 3126 2042 quam
3152 1980 3285 2030 iram
3331 1985 3568 2033 nostram
3599 1985 3689 2036 de-

1993 2032 2120 2081 bent
2147 2035 2388 2083 excitare.
2423 2038 2534 2083 286.

2056 2094 2347 2160 impunitas
2371 2096 2588 2160 fraudes
2617 2100 2770 2160 parit.
2796 2102 2871 2148 61.

2052 2157 2327 2228 Ingenuus
2352 2157 2704 2228 diciturfo—ns,
2739 2162 2916 2228 homo,
2943 2177 3086 2228 ager.
3115 2167 3230 2214 173.

2052 2220 2330 2270 Insensilia
2359 2221 2640 2271 sensilibus
2668 2224 2827 2288 vulgo
2854 2220 3245 2291 proponuntur.
3279 2232 3328 2277 9.

2839 2307 2878 2361 L

2049 2389 2340 2456 Lethargus
2368 2394 2419 2440 et
2446 2393 2678 2456 corporis
2704 2398 2756 2442 et
2779 2397 2969 2445 mentis
2990 2397 3233 2447 morbus.
3265 2400 3325 2448 25

2050 2454 2554 2544 humana,
2581 2456 2684 2504 alia
2707 2457 2903 2518 divina,
2935 2473 3054 2522 qua:
3080 2464 3297 2522 aeterna,
3329 2461 3604 2526 naturalis,
3632 2466 3685 2514 et

1983 2517 2226 2579 positura.
2258 2517 2363 2565 115.
2893 2517 2896 2518 ⁷
2949 2517 2968 2522 “

2051 2579 2249 2626 Liberis
2285 2593 2468 2628 carens
2497 2581 2790 2630 infortunio
2822 2582 2964 2631 felix.
2997 2585 3104 2633 210.

2047 2641 2278 2689 Libertas
2308 2644 2595 2703 generatim
2633 2644 2901 2693 definitur.
2929 2648 3036 2694 318.

2047 2703 2290 2767 Humana
2309 2709 2387 2752 est
2412 2706 2633 2753 facultas
2664 2708 2728 2754 ad
2760 2708 3086 2767 utrumlibet,
3119 2708 3229 2756 319.

2047 2765 2199 2828 Varia
2229 2780 2322 2828 pro
2351 2768 2508 2815 variis
2538 2770 2822 2817 mentibus.
2854 2773 2962 2818 320.

2045 2827 2245 2876 Lumen
2276 2831 2467 2878 mentis
2484 2844 2591 2879 non
2613 2832 2984 2895 exstinguitur,
3008 2837 3098 2881 sed
3124 2831 3421 2883 offunditur
3439 2847 3677 2900 corpore.

2043 2952 2263 3015 Lynceis
2292 2953 2458 3002 oculis
2493 2954 2690 3004 videre.
2718 2958 2848 3072 212lii
3584 2900 3677 2948 242

2038 3086 2297 3153 lliachinze
2327 3088 2505 3136 Boetio
2537 3088 2787 3153 dicuntur
2813 3103 3033 3153 corpora
3068 3089 3316 3142 animata.
3345 3092 3456 3143 238.

2037 3149 2138 3197 Mel
2165 3155 2284 3211 post
2312 3165 2490 3198 amara
2520 3151 2744 3199 dulcius.
2774 3155 2878 3201 174.

2037 3211 2185 3279 Mens
2210 3212 2442 3279 humana
2462 3215 2599 3262 inter
2617 3215 2785 3263 Deum
2816 3220 2866 3265 et
2891 3229 3082 3279 corpus
3107 3216 3280 3266 media
3304 3217 3370 3268 ab
3403 3217 3506 3268 hoc
3533 3219 3672 3270 etab

1974 3273 2066 3322 illo
2097 3274 2339 3322 afﬁcitur.
2371 3277 2449 3323 22.

2036 3336 2300 3400 Moduset
2329 3352 2448 3400 pars
2479 3337 2747 3386 diiferunt.
2779 3340 2888 3389 217.

2035 3398 2203 3446 Moliri
2232 3398 2345 3456 iter,
2378 3400 2614 3457 insidias,
2641 3414 2832 3450 arcem.
2864 3403 2971 3450 242.

2033 3461 2260 3509 Mulsum
2294 3463 2418 3522 quid
2450 3463 2475 3509 9
2505 3465 2612 3517 140,

2033 3524 2196 3590 Musa:
2230 3525 2405 3572 Boetio
2433 3525 2550 3573 alia:
2580 3526 2819 3590 poeticae,
2851 3526 2967 3576 alia:
2994 3525 3393 3590 philosophicm.
3433 3531 3509 3578 12.

2034 3586 2228 3634 Musica
2263 3601 2345 3634 ars
2375 3601 2494 3635 cum
2515 3586 2887 3648 canendi,tum
2918 3586 3271 3653 componendi
3291 3593 3556 3643 carminis.
3590 3594 3669 3643 94.

2825 3654 2867 3706 Ν

2033 3720 2232 3771 Natura
2264 3720 2640 3769 unde’dicatur
2671 3723 2696 3769 9
2721 3723 2799 3770 21.

2031 3785 2147 3837 Alia
2177 3783 2229 3829 in
2259 3797 2449 3844 genere
2477 3798 2666 3847 causae,
2700 3785 2803 3832 alia
2837 3785 2892 3832 in
2927 3797 3119 3847 genere
3151 3783 3359 3836 formas.
3387 3786 3463 3835 Ib.

2031 3852 2136 3898 Cur
2165 3846 2390 3893 obscura
2409 3845 2604 3906 21111211.

2027 3913 2223 3960 Natura
2253 3912 2471 3954 vocatur
2503 3909 2656 3954 Deus.
2696 3908 2796 3954 181.

2027 3977 2162 4023 Nero
2187 3969 2411 4017 luxuriae
2435 3969 2721 4017 saevientis.
2749 3971 2856 4019 197.

2027 4032 2522 4097 Ejusdem‘szuvitia.
2566 4035 2668 4079 151.

2025 4093 2260 4148 Nimbosi
2287 4093 2479 4142 imbres
2515 4096 2714 4156 quare?
2745 4095 2822 4140 27.

2027 4157 2226 4210 Nobilis
2252 4157 2393 4204 unde
2422 4156 2614 4204 dicitur
2634 4159 2656 4204 ?
2691 4157 2794 4204 121.

2030 4220 2282 4272 Nobilitas
2314 4219 2438 4281 quid
2463 4221 2487 4267 ‘?
2520 4220 2628 4266 205.

2030 4288 2140 4335 Nox
2169 4279 2393 4344 duplicis
2423 4282 2630 4344 generis
2655 4295 2666 4329 :
2696 4279 2860 4328 altera
2881 4282 3016 4343 post,
3039 4279 3203 4329 altera
3226 4282 3347 4330 ante
3366 4279 3493 4329 solis
3517 4292 3667 4329 occa-

1965 4357 2101 4397 sum.
2145 4349 2216 4394 17.

2028 4407 2461 4471 Nutusvoluntas
2479 4410 2555 4456 est
2576 4421 2588 4466 ;
2617 4406 2756 4456 unde
2774 4417 2972 4453 numen
2992 4407 3072 4454 est
3089 4405 3254 4469 ipsius
3271 4405 3365 4454 Dei
3397 4404 3664 4516 volunitgg.

2027 4607 2171 4655 Obex
2201 4603 2342 4652 unde
2373 4603 2564 4651 dicitur
2584 4603 2609 4650 (ἲ
2643 4615 2736 4649 cur
2789 4601 3038 4649 scribitur
3066 4599 3230 4664 objz’ce
3259 4603 3310 4649 et
3339 4598 3507 4664 obice.
3525 4602 3602 4650 89.

2027 4667 2176 4717 Oculi
2212 4666 2300 4714 ﬁxi
2347 4669 2677 4714 constantem
2709 4664 2900 4712 mentis
2932 4663 3304 4725 cogitationem
3345 4663 3664 4776 signiﬁcapé.

2024 4796 2163 4857 '_()vo_;
2188 4789 2356 4857 λύρᾳς,
2373 4789 2565 4857 asinus
2595 4788 2743 4850 lyrae,
2769 4787 2978 4836 auditor
2998 4787 3396 4857 quare_di_catur
3420 4790 3443 4837 ?
3463 4789 3541 4838 42.

2028 4854 2221 4916 Orphei
2245 4850 2732 4916 fabula,_hujus«:1ue
2762 4857 2952 4899 cantus
2981 4850 3137 4899 vires.
3166 4850 3278 4899 251.

2029 4914 2310 4964 Ostentum
2339 4914 2465 4976 quid
2486 4915 2510 4960 (Γ
2540 4915 2616 4961 99.

2031 4979 2242 5026 Ostrum
2266 4977 2436 5040 quid?
2470 4978 2571 5024 196.
2852 5038 2892 5091 Ρ

2032 5130 2185 5191 Papa:
2213 5129 2224 5175 1
2253 5125 2545 5191 interjectio
2568 5124 3069 5191 admirantisquare
3096 5126 3122 5174 ?
3155 5127 3263 5191 264.

2029 5183 2360 5253 Papinianus
2369 5183 2780 5251 j'urisconsultus
2799 5189 2862 5236 ab
2877 5183 3146 5237 Antonino
3169 5187 3437 5237 Caracalla
3459 5183 3667 5235 interfe-

1968 5256 2100 5302 ctus.
2133 5257 2241 5301 200.

2031 5318 2155 5364 Pars
2182 5320 2232 5363 et
2252 5313 2440 5361 modus
2466 5311 2732 5421 quomodo
2757 5311 3052 5361 differunt?
3073 5312 3185 5360 217.

2031 5379 2252 5421 Parthus
2281 5376 2478 5421 fugiam
2502 5389 2531 5420 o
2561 5379 2776 5421 [)llﬂllﬂt.
2811 5377 2920 5421 315.

2029 5379 2252 5426 Parthus
2281 5376 2531 5435 fugiendo
2561 5379 2776 5435 pugnat.
2811 5377 2920 5423 315.

2029 5441 2220 5488 Paulus
2248 5433 2492 5485 misertus
2518 5433 2874 5484 calamitatum
2905 5437 3042 5497 regis
3068 5450 3096 5482 a
3126 5447 3181 5482 se
3203 5434 3339 5496 capti
3373 5433 3530 5482 ﬂevit.
3557 5434 3661 5482 103.

2027 5504 2326 5563 Paupertas,
2361 5500 2606 5563 angustia
2634 5499 2708 5546 rei
2733 5498 3021 5563 familiaris.
3050 5498 3158 5547 121.

2024 5559 2211 5613 Pectus
2242 5559 2501 5622 signitiCat
2527 5561 2810 5621 aliquando
2841 5561 3186 5610 voluntatem.
3213 5559 3292 5608 24.

2027 5628 2260 5675 Perenue
2293 5625 2431 5672 unde
2463 5624 2656 5670 dicitur
2677 5625 2702 5672 εἰ
2742 5626 2845 5672 127.

2028 5689 2321 5752 Purjurium
2348 5687 2473 5752 quid
2492 5687 2516 5734 ‘i
2538 5689 2614 5734 69.

2024 5747 2137 5801 Sua
2151 5756 2229 5800 est
2249 5747 2478 5815 perjurio
2509 5762 2682 5812 pcena,
2709 5747 2833 5796 ibid.
