3956 6138
311 189 372 241 ‘ll
722 160 727 165 Ι
988 176 1046 233 S.
1084 175 1361 234 JOANNIS
1387 171 1858 232 CHRYSOSTOMI
1897 167 2212 226 ARClllEP.
2252 169 2782 229 CONSTANTINOP.
3526 166 3595 233 η

312 302 672 366 adversarios,
701 312 798 353 cur
835 308 941 352 non
972 293 1037 348 ad
1075 292 1289 349 Judmos
1327 307 1354 344 a
1393 292 1503 345 Deo
1547 289 1743 343 missus
1788 283 1895 341 sit?

317 397 443 466 quia
506 407 574 449 eo
630 388 849 446 nomine
904 388 1176 458 praecipue
1231 383 1333 454 ipsi
1404 381 1631 437 fuissent
1680 376 1896 433 infensi.

216 506 223 527 ι
321 487 455 542 Cum
501 484 604 538 hoc
652 480 812 552 igitur
851 478 1127 550 praesciret
1168 475 1328 538 Deus,
1377 482 1428 528 et
1465 470 1605 541 quod
1637 484 1758 524 eum
1793 482 1898 520 non

321 586 501 634 essent
525 572 844 637 admissuri;
873 569 1208 637 Proﬁciscere
1242 565 1310 618 ad
1335 571 1525 634 gentes,
1560 560 1752 629 inquit,
1780 557 1900 629 quia

318 670 397 725 illi
431 684 531 723 non
572 665 815 734 accipient
841 659 1183 716 testimonium
1216 669 1357 710 tuum
1397 654 1460 707 de
1500 669 1578 706 me
1625 652 1764 723 (Act.
1806 648 1899 704 22.

321 760 434 833 18).
458 758 593 814 Tum
620 757 747 811 ille:
783 754 978 818 Etiam,
1002 750 1237 815 Domine,
1278 747 1377 815 ipsi
1419 746 1583 800 sciunt
1631 743 1769 814 quod
1810 755 1902 809 ego

320 854 616 917 vinciebant,
660 858 707 902 et
755 844 1078 903 verberabam
1107 858 1194 912 per
1224 854 1510 916 synagogas
1555 835 1811 889 credentes
1848 835 1902 889 in

318 958 386 1015 te,
419 954 464 1001 et
493 960 607 999 cum
628 940 974 1013 effunderetur
1013 933 1220 1004 sanguis
1250 930 1500 1001 Stephani
1528 929 1663 982 testis
1690 928 1783 991 tui,
1811 942 1902 995 ego

320 1054 516 1110 quoque
570 1035 781 1090 aderant
832 1027 1125 1101 approbans
1173 1039 1285 1077 eam
1336 1020 1559 1086 caedem,
1618 1018 1903 1072 custodiens

318 1109 473 1185 uestes
509 1122 908 1181 interimentium
953 1118 1101 1172 illum
1145 1113 1306 1187 (Ibid.
1345 1128 1393 1165 υ.
1431 1110 1519 1166 19.
1560 1109 1677 1178 20).
1729 1111 1905 1177 Atque

319 1223 425 1278 hoc
449 1221 497 1276 ei
524 1220 734 1288 signum
774 1227 897 1269 esse
939 1208 1177 1266 ostendit
1219 1214 1275 1261 et
1319 1211 1713 1275 argumentum,
1762 1200 1905 1273 quod

320 1330 433 1373 non
477 1308 737 1368 credituri
779 1306 887 1367 sint
931 1303 1055 1365 sibi.
1108 1300 1200 1358 Sic
1248 1300 1394 1355 enim
1444 1311 1505 1352 se
1555 1311 1643 1351 res
1695 1294 1902 1350 habet:

320 1404 537 1478 quando
558 1401 679 1472 quis
704 1414 733 1453 a
759 1406 919 1470 gente
948 1394 1198 1467 quapiam
1226 1388 1504 1456 deiecerit,
1536 1388 1582 1444 si
1612 1387 1683 1442 sit
1719 1402 1785 1443 ex
1826 1387 1908 1478 inf

321 1476 469 1553 limis
507 1502 564 1550 et
610 1490 814 1549 nullius
872 1482 1306 1549 existimationis,
1356 1496 1466 1535 non
1513 1478 1800 1534 admodum
1851 1476 1907 1533 id

321 1591 612 1647 molestum
642 1594 726 1641 est
763 1583 828 1638 iis
854 1596 988 1652 quos
1015 1577 1257 1634 deseruit
1284 1593 1298 1630 :
1327 1573 1472 1645 quod
1496 1572 1540 1628 si
1578 1572 1720 1629 idem
1750 1570 1908 1626 faciat

322 1682 557 1740 eximius
577 1678 772 1746 aliquis
801 1684 854 1730 et
874 1673 989 1729 zelo
1020 1670 1217 1727 ardens
1247 1676 1302 1723 et
1334 1667 1423 1737 qui
1452 1664 1660 1737 pridem
1689 1664 1906 1718 illorum

322 1773 603 1830 sententia:
645 1766 836 1830 fuerat,
878 1764 931 1818 id
970 1775 1102 1817 vero
1130 1760 1249 1814 illos
1274 1757 1413 1812 male
1441 1756 1625 1823 habet,
1658 1762 1714 1810 et
1742 1767 1906 1824 supra

320 1864 540 1919 modum
591 1871 824 1914 mmrore
868 1853 1106 1919 conﬁcit,
1137 1860 1196 1906 ut
1224 1848 1368 1921 quod
1414 1847 1649 1903 maxime
1692 1845 1906 1903 illorum

320 1957 513 2026 dogma
544 1949 833 2013 convellat,
865 1943 1158 2003 resiliendo
1184 1942 1252 1997 ad
1283 1942 1442 2000 alios.
1480 1939 1620 2011 Quin
1660 1947 1714 1993 et
1760 1935 1906 1993 aliud

320 2050 521 2114 inerat,
572 2042 713 2115 quod
769 2039 1076 2096 incredulos
1128 2035 1398 2092 redderet.
1454 2032 1720 2104 Quidnam
1766 2030 1909 2089 hoc?

322 2138 475 2208 Quod
502 2138 691 2192 Petrus
724 2143 779 2188 et
805 2131 997 2202 reliqui
1029 2144 1153 2185 cum
1179 2126 1397 2182 Christo
1439 2124 1814 2189 convixerant,
1854 2133 1910 2177 et

320 2232 557 2304 prodigia
592 2229 711 2299 ejus
740 2242 801 2280 ac
832 2224 1091 2279 miracula
1118 2219 1361 2274 viderant
1389 2235 1402 2271 :
1438 2217 1525 2270 hic
1554 2225 1736 2269 autem
1768 2214 1907 2271 nihil

322 2328 536 2389 horum,
563 2321 658 2376 sed
675 2334 796 2374 cum
814 2317 1028 2372 essetin
1056 2311 1300 2383 partibus
1324 2308 1660 2375 Judzeorum,
1690 2314 1911 2376 repente

324 2417 608 2486 transfugit
655 2413 722 2468 ad
769 2419 1030 2465 nostros:
1081 2405 1136 2460 id
1168 2402 1316 2475 'quod
1366 2401 1521 2457 valde
1561 2415 1649 2455 res
1700 2409 1912 2453 nostras

323 2505 679 2563 conﬁrmavit.
724 2501 804 2559 l-lli
848 2499 991 2555 enim
1035 2496 1121 2551 vel
1159 2494 1227 2550 ad
1269 2493 1492 2565 gratiam
1547 2490 1909 2546 testimonium

327 2603 468 2659 ferre
502 2598 672 2657 videri
715 2601 986 2666 poterant,
1016 2589 1169 2661 quasi
1210 2588 1280 2642 ob
1307 2585 1544 2655 Magistri
1580 2582 1911 2639 desiderium

324 2699 707 2749 attestareutur
751 2686 873 2741 talia
909 2702 923 2736 :
955 2692 1009 2737 at
1052 2682 1141 2736 hic
1173 2678 1587 2736 resurrectionis
1633 2677 1806 2742 testis,
1863 2676 1911 2729 is

326 2790 447 2858 ipse
475 2800 661 2840 vocem
704 2781 876 2836 solam
917 2778 1035 2847 ejus
1074 2774 1369 2829 audiverat.
1402 2772 1738 2843 Quapropter
1763 2770 1913 2825 vides

325 2896 420 2937 eos
470 2878 593 2935 huic
636 2891 699 2930 ex
744 2872 924 2926 animo
969 2867 1216 2935 infestos,
1245 2865 1537 2920 seditiones
1560 2863 1910 2929 concitantes,

326 2985 381 3028 ct
420 2971 549 3027 nihil
582 2968 769 3023 nonin
803 2962 1095 3034 perniciem
1136 2962 1254 3029 ejus
1295 2958 1603 3012 molientes.
1647 2955 1912 3012 Caeterum

327 3062 636 3120 incredulos
677 3056 898 3113 Judaeos
946 3054 1060 3108 hmo
1109 3066 1272 3106 causa
1323 3050 1743 3115 abalienaverat,
1793 3064 1914 3104 cre-

328 3157 520 3212 dcmcs
544 3167 673 3207 vero
703 3145 990 3219 quaenam?
1019 3143 1157 3213 Quia
1204 3155 1427 3196 necesse
1474 3139 1701 3195 habebat
1743 3140 1917 3209 genti-

328 3252 431 3305 bus
473 3259 610 3316 pure
656 3241 952 3313 praedicare
990 3235 1350 3293 Christianam
1396 3234 1733 3304 religionem,
1780 3243 1834 3288 et
1870 3229 1918 3287 si

329 3340 547 3411 quando
589 3336 642 3390 in
688 3331 997 3389 ludworum
1037 3328 1261 3398 regione
1312 3335 1639 3390 versaretur,
1680 3325 1813 3379 nihil
1865 3324 1919 3379 id

329 3433 572 3490 curabat.
616 3429 806 3484 Petrus
856 3423 999 3479 enini
1047 3432 1102 3476 et
1138 3421 1292 3486 socii,
1337 3428 1397 3473 ut
1439 3418 1531 3489 qui
1569 3417 1921 3490 Jerosolymis

331 3523 713 3596 praedicabant,
748 3519 834 3573 ubi
863 3517 996 3587 legis
1024 3515 1237 3570 fervens
1259 3512 1501 3570 studium
1528 3521 1667 3579 erat,
1700 3528 1922 3570 necesse

333 3618 604 3675 habebant
639 3628 758 3670 eam
799 3611 990 3683 jubere
1038 3608 1242 3664 servari
1272 3625 1287 3661 :
1330 3614 1388 3662 at
1427 3606 1515 3663 hic
1545 3617 1730 3663 noster
1758 3608 1924 3665 multa

332 3712 582 3771 libertate
627 3705 890 3760 utebatur.
935 3701 1125 3756 Plures
1159 3700 1321 3757 etiam
1360 3708 1516 3756 erant
1555 3715 1587 3756 e
1635 3701 1925 3771 gentilibus

333 3816 492 3874 quant
532 3796 722 3863 Judazi,
773 3803 956 3866 utpote
995 3793 1089 3863 qui
1137 3791 1347 3849 externi
1396 3801 1611 3858 essent,
1642 3807 1747 3848 non
1781 3802 1925 3848 tanta

333 3893 472 3964 legis
516 3889 775 3960 religione
822 3884 1172 3949 tenebantur,
1203 3898 1378 3954 eoque
1407 3882 1614 3941 facilius
1640 3899 1699 3940 se
1726 3884 1795 3941 ab
1834 3886 1923 3941 illa

339 3982 721 4044 absolvebant,
752 3977 917 4034 Paulo
946 3975 1124 4030 omnia
1156 3990 1287 4045 pure
1316 3975 1659 4044 praedicante.
1691 3977 1761 4032 Et
1804 3994 1929 4035 vere

340 4090 404 4131 ea
423 4072 491 4127 de
516 4085 673 4126 causa
695 4070 842 4123 illum
871 4066 1126 4121 inducere
1154 4064 1425 4133 videntur,
1451 4076 1508 4120 ut
1532 4069 1931 4130 multitudinem

344 4168 688 4219 revereantur
717 4175 731 4210 :
776 4155 945 4221 Vides,
970 4154 1235 4222 inquiunt,
1265 4158 1445 4225 frater,
1483 4164 1602 4226 quot
1644 4157 1808 4212 millia
1830 4163 1932 4215 sint

338 4255 643 4327 λαίφεσι-κω
686 4247 1036 4304 credentium?
1077 4246 1164 4317 qui
1210 4245 1271 4299 ob
1316 4246 1413 4300 hoc
1449 4255 1496 4303 te
1532 4248 1768 4320 oderunt,
1796 4254 1931 4324 quod

340 4348 595 4405 audierint
621 4354 668 4398 te
691 4341 1019 4413 defectionem
1045 4356 1077 4391 a
1097 4339 1207 4411 lege
1235 4338 1433 4394 docere.

412 4438 517 4495 Cur
557 4435 751 4489 Paulus
796 4429 1079 4500 Epistolam
1121 4430 1190 4483 ad
1221 4427 1463 4485 Hebraeos
1507 4434 1789 4504 scripserit,
1833 4454 1933 4508 quo

342 4545 593 4605 tempore,
629 4543 729 4596 qua
762 4523 1045 4585 occasione.
1067 4553 1138 4563 —
1161 4521 1271 4577 Cur
1293 4522 1453 4594 igitur
1486 4524 1686 4582 Judzeis
1725 4530 1932 4598 scribit,

340 4643 466 4684 cum
497 4640 602 4680 non
630 4622 700 4677 sit
735 4632 921 4675 eorum
965 4614 1199 4671 doctor?
1226 4625 1317 4670 aut
1343 4630 1575 4686 quonam
1603 4618 1672 4674 ad
1699 4634 1792 4675 eos
1821 4622 1936 4692 cpi-

340 4721 535 4777 stolam
566 4714 767 4772 mittit?
806 4710 923 4766 Mea
950 4708 1205 4778 opinione
1231 4707 1628 4781 Jerosolymam
1672 4720 1726 4765 et
1754 4711 1809 4768 in
1837 4711 1935 4767 Pa-

340 4812 630 4871 laestinam.
664 4805 769 4864 Sed
800 4803 1071 4877 quomodo
1118 4800 1346 4857 scribit?
1373 4801 1836 4869 Quemadmodum
1883 4817 1938 4861 et

340 4902 672 4978 baptizabat,
722 4914 829 4954 non
856 4895 1040 4966 jussus
1086 4893 1398 4963 baptizare;
1431 4894 1505 4948 ait
1547 4895 1691 4949 enim
1739 4911 1797 4951 se
1829 4914 1937 4953 non

343 5000 570 5056 missum
596 4982 665 5049 ad
697 4987 1075 5061 baptizandum
1107 4988 1187 5057 (1.
1219 4983 1339 5042 Cor.
1375 4987 1424 5041 1.
1456 4988 1547 5058 17)
1580 5010 1592 5043 :
1627 5003 1728 5044 nec
1761 4999 1939 5047 tamen

343 5091 547 5147 vetitus
573 5094 716 5150 erat,
748 5081 844 5137 sed
875 5095 1054 5151 operte
1089 5079 1384 5134 auctarium
1413 5078 1517 5136 hoc
1547 5079 1694 5135 fecit.
1738 5082 1809 5138 Et
1844 5100 1942 5141 cur

344 5181 430 5236 his
462 5194 568 5234 non
600 5175 882 5239 scriberet,
915 5186 1015 5242 pro
1039 5171 1230 5240 quibus
1255 5171 1541 5226 anathema
1581 5187 1703 5229 esse
1730 5176 1942 5233 volebat

346 5275 528 5346 (Rom.
558 5268 615 5326 9.
639 5269 733 5339 5)?
759 5266 1097 5336 Quapropter
1125 5263 1258 5319 dixit
1284 5282 1298 5318 :
1330 5262 1507 5319 Nostis
1535 5267 1744 5337 fratrem
1774 5269 1942 5326 Timo-

349 5365 522 5417 theum
547 5360 790 5425 solutum,
811 5372 1064 5429 cumquo,
1083 5356 1129 5410 si
1154 5356 1405 5410 maturius
1434 5358 1644 5423 venerit,
1678 5363 1835 5413 visam
1856 5379 1942 5417 vos

352 5455 537 5529 (Hebr.
572 5456 659 5512 15.
693 5452 813 5524 23).
848 5451 1091 5506 Nondum
1142 5450 1285 5504 enim
1327 5450 1756 5519 comprehensus
1802 5463 1938 5509 erat.

351 5549 489 5603 Cum
530 5548 689 5618 igitur
728 5546 1011 5601 biennium
1053 5542 1240 5599 Roma:
1292 5543 1559 5611 cxcgissct
1595 5543 1648 5597 in
1693 5543 1939 5611 vinculis,

362 5641 576 5696 tandem
604 5640 856 5697 dimissus
886 5650 964 5695 est
983 5655 1009 5707 ς.
1028 5638 1221 5696 deinde
1252 5640 1307 5694 in
1331 5638 1611 5710 Hispanias
1636 5644 1940 5708 protectus;

2009 293 2193 353 postea
2222 282 2274 338 in
2299 283 2536 339 Judaeum
2570 287 2735 349 venit,
2786 295 2837 342 et
2873 285 3089 344 Judazos
3135 287 3350 357 invisit;
3393 305 3457 346 ac
3484 303 3592 345 tum

2006 390 2190 431 rursus
2232 376 2460 432 Romam
2496 393 2744 434 reversus
2775 388 2878 442 est,
2911 381 3128 450 quando
3170 390 3223 439 et
3268 382 3592 452 supplicium

2001 468 2152 536 jttSsu
2203 468 2433 523 Neronis
2465 470 2701 538 pertulit.
2736 471 2970 526 Proinde
3016 472 3241 542 epistola
3289 474 3356 528 ad
3408 474 3595 529 Timo-

2008 561 2189 616 theum
2233 562 2504 630 antiquior
2535 563 2634 617 hac
2678 574 2794 630 est;
2828 564 2935 619 illic
2963 566 3105 620 enim
3136 566 3286 633 dicit,
3322 567 3431 639 Ego
3461 570 3593 621 enim

1996 655 2109 724 jam
2150 654 2420 720 inuuolor;
2466 664 2521 710 et
2563 671 2801 722 rursum,
2848 655 2916 710 In
2956 658 3120 727 prima
3164 675 3276 713 mea
3306 659 3594 729 defensione

2007 763 2150 801 nemo
2192 748 2315 801 mihi
2342 747 2507 817 adfuit
2542 748 2792 827 (2.\Tim.
2824 750 2879 804 4.
2920 750 2971 805 6.
3017 760 3064 804 et
3094 750 3205 822 16).
3238 751 3395 821 Smpe
3436 768 3588 806 nam-

2005 854 2109 908 que
2143 839 2393 905 certavit,
2430 839 2883 909 quemadmndum
2927 849 2983 897 et
3018 841 3597 898 Thessalonicensihus

2008 932 2191 986 scribit
2247 950 2260 986 :
2309 931 2602 987 Imitatores
2650 935 2774 1003 facti
2827 935 2944 988 estis
2996 933 3349 990 Ecclesiarum
3397 936 3600 991 Judwa:

2012 1024 2087 1094 (1.
2120 1022 2296 1080 Thess.
2326 1025 2379 1077 2.
2406 1024 2518 1095 14).
2548 1025 2685 1091 Quin
2709 1035 2762 1079 et
2790 1025 2919 1096 ipsis
2942 1028 3203 1094 scribens,
3228 1027 3356 1082 Cum
3383 1030 3595 1099 gaudio,

2009 1114 2201 1183 inquit,
2254 1116 2590 1185 direptionem
2639 1117 2946 1187 facultatum
2998 1128 3279 1172 vestrarum
3332 1121 3600 1190 accepistis

2010 1207 2194 1281 (Hebr.
2248 1210 2335 1265 10.
2384 1210 2494 1282 54).
2535 1210 2694 1266 Vides
2739 1226 2926 1268 eorum
2969 1213 3301 1269 certamina?
3351 1212 3504 1280 Quod
3551 1214 3597 1268 si

2008 1301 2282 1373 apostolos
2326 1303 2397 1356 ita
2429 1303 2753 1370 tractabant,
2805 1319 2913 1360 non
2959 1305 3013 1359 in
3044 1304 3227 1360 Judma
3276 1305 3459 1369 modo,
3502 1305 3598 1358 sed

2013 1393 2335 1464 ubicumque
2377 1394 2518 1448 inter
2567 1395 2795 1465 gentiles
2839 1395 3108 1467 degebant
3144 1396 3312 1467 :quid
3358 1412 3467 1451 non
3519 1395 3597 1452 fa-

2009 1487 2143 1541 cturi
2174 1494 2330 1541 erant
2357 1486 2569 1541 caeteris
2597 1486 2884 1542 ﬁdelibus?
2913 1488 3037 1543 Ideo
3070 1488 3218 1542 vides
3245 1504 3366 1542 eum
3401 1488 3599 1543 horum

2010 1593 2195 1637 curam
2229 1592 2419 1649 gerere
2459 1579 2803 1648 pratcipuam.
2834 1579 2966 1633 Cum
3012 1580 3155 1633 enim
3185 1579 3334 1645 dicit,
3373 1578 3600 1649 Proﬁci-

2009 1687 2122 1725 scor
2150 1671 2530 1724 ministraturus
2555 1670 2744 1723 sanctis
2763 1667 3101 1741 Jerosolyma.’
3126 1670 3302 1739 (Rom.
3343 1671 3430 1726 15.
3463 1671 3558 1741 ‘25)
3584 1690 3597 1735 ;

2012 1772 2066 1817 et
2092 1775 2303 1816 rursum
2331 1777 2451 1816 cum
2493 1760 2810 1815 adhortatur
2845 1760 3152 1817 Corinthios
3195 1761 3261 1816 ad
3291 1762 3602 1816 beneﬁcen-

2010 1855 2160 1922 tiam,
2210 1855 2453 1910 scribens
2501 1853 2817 1909 Macedonas
2861 1854 2972 1925 jam
3017 1854 3357 1909 collationem
3407 1854 3603 1910 fecisse

2012 1948 2088 2021 (2.
2117 1947 2233 2005 Cor.
2252 1950 2305 2004 8.
2337 1948 2411 2020 1),
2443 1947 2645 2004 addens
2674 1962 2731 2003 se
2757 1963 2968 2019 quoque
2992 1948 3037 2003 si
3068 1963 3202 2018 (tptts
3234 1949 3305 2003 sit
3337 1948 3605 2017 profectu—

2010 2056 2149 2095 rum.
2177 2041 2241 2095 Et
2269 2056 2389 2095 cum
2434 2040 2580 2103 dicit,
2608 2039 2829 2094 Tantum
2866 2051 2918 2094 ut
2946 2058 3226 2111 pauperum
3255 2058 3499 2096 ntemores
3527 2059 3604 2096 es-

2011 2147 2198 2196 semus,
2236 2131 2291 2184 id
2337 2131 2473 2198 quod
2519 2130 2784 2200 diligenter
2833 2133 3008 2185 curavi
3037 2131 3178 2203 (Gal.
3209 2132 3262 2186 Ξ.
3299 2133 3410 2203 10),
3464 2134 3602 2187 idem

2012 2223 2160 2278 dicit.
2214 2222 2444 2277 Rursum
2500 2222 2685 2279 dicens
2716 2264 2730 2285 ,
2786 2221 3006 2277 Dextras
3057 2224 3299 2277 dederunt
3350 2226 3605 2278 societatis

2013 2317 2139 2371 mihi
2166 2325 2211 2370 et
2233 2314 2502 2382 Barnabw,
2533 2325 2586 2368 ut
2616 2332 2706 2369 nos
2744 2316 2942 2383 quidem
2981 2316 3048 2369 ad
3074 2326 3263 2386 gentes,
3294 2317 3392 2385 ipsi
3437 2328 3604 2370 autem

2013 2409 2081 2464 ad
2127 2409 2445 2463 circumcisos
2486 2405 2650 2475 (Ibid.
2681 2422 2727 2460 υ.
2760 2406 2841 2479 9),
2871 2407 3012 2461 idem
3059 2406 3206 2461 dicit.
3266 2409 3334 2461 At
3379 2423 3483 2461 non
3528 2410 3607 2462 sic

2015 2502 2081 2557 de
2107 2501 2430 2573 pauperibus
2460 2500 2569 2554 illic
2589 2498 2894 2569 agentibus,
2928 2500 3023 2553 sed
3047 2499 3161 2553 vult
3187 2514 3284 2553 nos
3313 2501 3601 2568 participes

2015 2607 2137 2648 esse
2189 2606 2313 2662 erga
2366 2590 2486 2647 illos
2531 2589 2919 2645 beneﬁcentiae.
2970 2589 3088 2643 Non
3131 2592 3276 2644 enim
3322 2600 3378 2643 ut
3410 2591 3605 2659 ιιι-διξόί-

2020 2681 2174 2737 candi
2200 2721 2214 2745 ,
2241 2682 2318 2735 sic
2342 2695 2634 2750 pauperum
2666 2695 2848 2734 curam
2897 2680 2967 2734 ita
3014 2681 3118 2734 illis
3149 2681 3513 2735 commisimus
3555 2693 3608 2737 ut

2017 2775 2071 2830 hi
2123 2774 2416 2835 Gentibus,
2446 2775 2516 2828 illi
2562 2773 2761 2829 Judmis
2790 2775 3175 2844 prospicerent.
3212 2775 3371 2830 Vides
3413 2777 3608 2848 ultique

2016 2884 2174 2939 quam
2208 2869 2277 2922 sit
2298 2866 2559 2922 sollicitus
2592 2886 2605 2921 :
2635 2876 2685 2920 et
2719 2867 2929 2921 merito.
2962 2867 3118 2919 Aliud
3149 2868 3291 2921 enim
3326 2878 3442 2922 crat
3470 2870 3607 2938 apud

2018 2968 2242 3016 exteras
2291 2967 2494 3026 gentes,
2530 2957 2618 3010 ubi
2674 2956 2841 3012 JUdRCi
2893 2973 3014 3011 cum
3055 2956 3255 3012 Gl'.L'CiS
3309 2960 3610 3034 pt'Otttiscne

2018 3052 2414 3109 versabantur:
2447 3051 2498 3104 in
2552 3049 2736 3106 Judaea
2789 3065 2916 3104 vero
2971 3050 3222 3118 quoniam
3276 3052 3439 3106 etiam
3499 3063 3609 3110 tmn

2019 3144 2259 3216 quaedam
2306 3142 2572 3199 libertatis
2601 3142 2811 3212 species
2862 3142 3131 3207 manebat,
3167 3159 3266 3198 nec
3293 3146 3612 3205 vetebantur

2023 3238 2135 3293 suis
2181 3237 2384 3308 legibus
2440 3237 2621 3291 vivere
2676 3234 2910 3289 nondum
2961 3234 3219 3290 Romanis
3272 3237 3337 3290 ad
3397 3239 3609 3307 plenum

2023 3329 2245 3397 subditi,
2276 3345 2385 3385 non
2436 3329 2630 3384 mirum
2661 3328 2704 3384 si
2748 3343 2997 3398 magnam
3028 3328 3129 3387 sibi
3161 3329 3502 3386 vindicabant
3528 3344 3610 3403 ty-

2025 3422 2329 3483 rannidem.
2358 3422 2414 3478 Si
2442 3422 2582 3476 enim
2615 3431 2670 3476 et
2701 3422 2755 3478 in
2786 3422 2975 3475 alienis
2997 3422 3235 3487 urbibus,
3265 3423 3401 3477 sicut
3424 3425 3614 3477 Coriu-

2027 3514 2125 3581 thi,
2156 3502 2440 3582 pulsabant
2491 3513 2969 3585 archisynagogum
2999 3525 3122 3567 aute
3164 3515 3335 3584 ipsum
3381 3516 3613 3575 tribunal

2027 3606 2384 3676 proconsulis,
2430 3604 2672 3660 Gallione
2721 3621 2832 3659 rem
2886 3605 3017 3659 nihil
3068 3613 3291 3661 curante
3335 3606 3489 3677 (Act.
3525 3611 3611 3665 18.

2030 3701 2154 3771 17);
2187 3715 2362 3754 annon
2389 3699 2557 3769 magis
2582 3700 2633 3752 in
2665 3698 2889 3755 Iudaea?

2099 3793 2153 3845 2.
2198 3791 2360 3847 Vides
2385 3790 2547 3861 igitur
2571 3790 2842 3861 quomodo
2868 3790 2919 3843 in
2953 3790 3057 3844 illis
3088 3790 3309 3845 urbibus
3340 3793 3614 3861 apostolos

2029 3883 2097 3938 ad
2138 3884 2481 3953 magistratus
2520 3882 2812 3946 adducunt,
2860 3891 2915 3937 et
2942 3883 3178 3952 gentium
3227 3898 3384 3953 opem
3429 3895 3613 3940 contra

2031 3992 2127 4032 eos
2156 3976 2469 4046 postulant:
2503 3974 2649 4029 domi
2694 3991 2823 4029 vero
2871 3974 3002 4029 nihil
3044 3976 3149 4030 tale
3188 3974 3476 4039 faciebant.
3523 3978 3617 4032 sed

2034 4069 2157 4139 ipsi,
2186 4076 2483 4123 convocato
2509 4067 2758 4133 concilio,
2785 4067 2838 4121 in
2865 4082 3231 4137 quoscumque
3261 4067 3477 4122 libuerit
3505 4070 3622 4123 ani-

2035 4159 2395 4214 madvertunt.
2429 4158 2517 4214 Sic
2555 4158 2883 4229 Stephanum
2931 4159 3337 4225 interfecerunt,
3368 4160 3449 4215 sic
3478 4177 3609 4232 apo-

2037 4252 2204 4307 stolos
2229 4251 2408 4323 flagris
2451 4253 2849 4321 castigaverunt
2894 4252 3210 4306 inconsultis
3255 4253 3619 4322 praesidibus:

2038 4346 2115 4399 sic
2159 4353 2213 4398 et
2256 4344 2476 4398 Paulum
2519 4344 2746 4400 occisuri
2793 4351 2967 4409 erant,
3018 4344 3116 4397 nisi
3150 4344 3395 4399 tribunus
3438 4344 3517 4399 eis
3564 4358 3624 4399 se

2039 4436 2341 4505 objeeisset.
2373 4434 2500 4489 Haec
2529 4435 2670 4490 enim
2702 4434 2902 4489 ﬁebant
2942 4443 3197 4489 manente
3235 4436 3411 4490 adhuc
3439 4445 3625 4489 aucto-

2039 4527 2197 4582 ritate
2223 4525 2559 4597 poutiﬁcum,
2591 4526 2847 4583 incolumi
2876 4527 3076 4596 templo
3116 4542 3236 4584 cum
3264 4543 3362 4581 suo
3393 4529 3540 4583 cultu
3567 4537 3623 4582 ct

2041 4618 2338 4672 sacriliciis.
2383 4618 2578 4687 Aspice
2611 4619 2781 4687 ipsum
2828 4619 3049 4673 Paulum
3078 4618 3284 4687 judicio
3330 4621 3630 4675 sacerdotis

2043 4711 2253 4781 subjici,
2282 4710 2571 4775 dicentem,
2603 4711 2904 4766 Nesciebam
2925 4728 3030 4768 esse
3052 4713 3341 4783 pontiﬁcem
3375 4712 3512 4783 (Act.
3534 4714 3629 4770 “23.

2044 4806 2138 4876 5);
2174 4805 2332 4876 idque
2379 4821 2559 4861 coram
2592 4806 2835 4862 Romano
2863 4807 3111 4876 prmside.
3162 4805 3331 4862 Tanta
3382 4807 3490 4860 illis
3521 4817 3630 4861 tum

2045 4910 2161 4955 erat
2185 4901 2420 4955 licentia.
2453 4898 2640 4971 Cogita
2687 4900 2847 4971 igitur
2889 4917 3050 4970 quam
3085 4901 3284 4955 misera
3318 4909 3445 4954 tunc
3474 4901 3635 4956 fuerit

2048 4993 2282 5048 fidelium
2318 4992 2655 5065 Jerosolyma
2698 5003 3057 5064 cmteratnque
3099 4994 3340 5052 Judmam
3388 4994 3636 5053 habitan-

2050 5086 2185 5141 tium
2223 5087 2480 5142 couditio.
2514 5088 2691 5155 Quare
2727 5087 2855 5158 quid
2889 5088 3079 5141 mirum
3121 5088 3188 5154 si,
3229 5088 3318 5156 qui
3350 5088 3637 5142 anathema

2051 5199 2170 5238 esse
2200 5199 2294 5252 pro
2318 5183 2603 5238 incredulis
2631 5183 2895 5252 cupiebat,
2921 5192 2973 5236 et
2993 5181 3061 5238 de
3090 5183 3363 5237 conversis
3388 5182 3453 5236 ad
3479 5181 3637 5237 ﬁdem

2053 5285 2161 5329 tum
2207 5282 2323 5329 erat
2367 5276 2653 5343 sollicitus,
2683 5284 2739 5328 ut
2766 5276 2809 5328 si
2839 5289 2927 5328 res
2959 5283 3223 5344 posceret,
3255 5271 3640 5341 profcetiont-m

2052 5383 2154 5421 non
2186 5368 2529 5433 detrectaret,
2557 5366 2623 5420 ad
2658 5365 3071 5419 ministrandum
3109 5379 3293 5419 eorum
3342 5364 3641 5417 necessita-

2053 5456 2194 5511 tibus
2237 5457 2483 5527 dignatur
2527 5474 2620 5510 eos
2649 5456 3017 5511 consolatione
3063 5470 3161 5526 per
3201 5454 3429 5518 litteras,
3479 5464 3534 5506 et
3563 5455 3642 5507 la-

2053 5546 2236 5601 bantes
2295 5547 2442 5602 fulcit
2490 5549 2600 5602 suis
2644 5545 3122 5600 adhortationibus.
3154 5543 3209 5597 ln
3249 5553 3454 5597 tantum
3498 5558 3643 5599 ctum

2055 5643 2513 5712 Opprimebantur,
2545 5651 2600 5696 ut
2653 5656 2790 5713 pene
2839 5639 3129 5697 deficerent
3158 5655 3172 5692 :
3204 5636 3257 5693 id
3313 5635 3455 5708 quod
3499 5636 3640 5691 circa
