3956 6138
365 309 430 366 ιτ.
1260 303 1325 359 IN
1365 303 1575 362 EPIST.
1616 305 1708 360 AD
1748 302 2110 366 nemusos.
2151 308 2304 366 CAP.
2346 311 2387 368 ι.
2428 313 2652 371 ttontL.
2696 315 2735 370 t.
2811 300 2820 304 ’
3549 321 3616 372 η

366 423 603 494 epistola:
634 420 792 484 linem
823 419 904 474 his
929 417 1106 473 verbis
1134 417 1330 473 indicat
1361 437 1373 471 :
1407 420 1729 489 Quapropter
1758 436 1936 474 manus

367 518 601 570 remissas
631 523 677 567 et
704 527 868 582 genua
911 509 1080 564 soluta
1119 511 1358 580 surrigite
1381 509 1562 581 (Hebr.
1591 511 1676 565 12.
1713 510 1837 584 12);
1886 520 1941 566 et

366 618 601 666 rursum,
646 601 825 654 Adhuc
854 598 1185 669 perpusillum
1226 600 1484 666 temporis,
1513 611 1559 652 et
1587 601 1675 670 qui
1701 609 1939 654 venturus

363 707 434 750 est
458 694 638 758 veniet,
670 702 715 746 et
736 708 834 745 non
856 691 1108 755 tardabit;
1129 700 1181 744 et
1207 693 1419 754 iterum,
1450 691 1512 745 Si
1538 700 1678 744 extra
1703 693 1936 760 discipli-

363 801 480 838 nam
507 784 648 848 estis,
692 783 846 854 igitur
872 781 1035 850 spurii
1076 783 1213 842 estis,
1254 799 1353 834 non
1391 783 1486 850 filii
1516 781 1677 854 (Ibid.
1726 783 1811 838 10.
1843 785 1932 838 37.

363 885 409 930 et
442 875 526 928 12.
555 874 632 943 8).
662 873 926 941 Quoniam
953 871 1095 927 enim
1125 871 1293 926 Jttdri
1337 881 1508 934 erant,
1556 882 1612 927 et
1639 889 1668 927 a
1700 873 1936 940 patrihus

361 967 476 1021 suis
505 965 801 1020 didicerant
827 980 858 1019 e
879 965 1100 1034 vestigio
1122 964 1504 1034 exspectandas
1528 981 1648 1021 esse
1678 968 1934 1022 malorum

361 1067 418 1112 et
461 1059 726 1112 bonorum
765 1056 1177 1121 vicissitudines,
1226 1057 1408 1125 sicque
1447 1072 1567 1112 esse
1606 1057 1932 1124 vivendum;

363 1159 488 1203 tunc
530 1164 659 1202 vero
695 1163 790 1217 spe
831 1147 1091 1202 bonorum
1124 1157 1240 1218 post
1290 1158 1517 1204 mortem
1565 1149 1746 1217 dilata,
1795 1153 1933 1207 mala

362 1250 566 1295 tantum
596 1247 746 1293 erant
778 1239 830 1292 in
861 1238 1140 1304 manibus,
1169 1247 1222 1294 et
1247 1239 1502 1294 credibile
1533 1250 1648 1296 erat
1679 1251 1794 1312 post
1815 1243 1934 1298 lon-

360 1347 479 1400 gam
507 1329 843 1384 tolerantiam
873 1329 1130 1399 quosdam
1178 1331 1232 1384 in
1278 1331 1764 1399 pusillanimitatem
1800 1332 1935 1388 ἰηρὶ⁴

360 1425 538 1488 disse;
570 1423 792 1477 multum
825 1422 922 1476 hac
949 1421 1017 1478 de
1047 1437 1104 1476 re
1131 1423 1389 1477 sollicitus
1415 1433 1514 1478 est.
1549 1423 1651 1478 Sed
1679 1425 1792 1480 haec
1835 1441 1933 1481 suo

365 1525 604 1584 tempore
630 1515 954 1569 disseremus
995 1515 1286 1584 prolixius;
1333 1531 1474 1572 nunc
1517 1517 1646 1572 satis
1689 1518 1755 1572 sit
1799 1518 1934 1574 indi-

365 1621 538 1672 casse,
577 1605 714 1674 quod
756 1619 978 1659 necesse
1017 1605 1096 1658 illi
1127 1606 1285 1660 luerit
1327 1606 1393 1661 ad
1423 1622 1517 1662 eos
1563 1608 1822 1674 scribere,
1865 1610 1933 1666 de

361 1698 554 1767 quibus
581 1708 695 1751 erat
725 1706 1001 1765 tantopere
1026 1697 1310 1752 sollicitus.
1343 1697 1493 1752 Licet
1521 1699 1662 1754 enim
1693 1701 1833 1756 notis
1864 1701 1933 1757 de

359 1790 539 1848 causis
567 1790 632 1843 ad
659 1791 802 1859 ipsos
835 1791 1026 1844 missus
1059 1805 1164 1844 non
1211 1792 1299 1855 sit,
1335 1791 1464 1845 nihil
1511 1801 1689 1848 tamen
1722 1795 1932 1850 vetabat

361 1898 480 1935 cum
518 1883 769 1936 scribere.
801 1881 954 1949 Quod
997 1891 1172 1934 autem
1202 1882 1266 1935 ad
1299 1883 1786 1951 pusillanimitatem
1815 1902 1935 1941 ver-

357 1981 568 2043 gerent,
604 1971 803 2026 indicat
832 1972 914 2026 his
941 1972 1118 2026 verbis
1151 1989 1164 2024 :
1195 1970 1454 2027 Remissas
1493 1991 1672 2029 manus
1697 1986 1744 2028 et
1767 1978 1933 2031 soluta

354 2079 519 2135 genua
563 2063 816 2132 surrigite,
870 2071 916 2116 et
958 2079 1160 2133 gressus
1196 2073 1355 2118 rectos
1395 2066 1576 2135 facite;
1624 2074 1676 2121 et
1717 2068 1928 2134 iterum,

358 2138 478 2208 Non
517 2155 646 2207 enim
687 2155 904 2224 injustus
932 2164 1003 2207 est
1031 2153 1188 2220 Deus,
1216 2164 1270 2207 ut
1298 2156 1619 2209 obliviscatur
1655 2161 1819 2226 operis
1845 2178 1930 2214 reo

354 2247 444 2300 stri
484 2256 529 2299 et
568 2246 793 2298 caritatis
843 2244 1023 2316 (Ibid.
1073 2246 1158 2299 12.
1207 2246 1291 2300 12.
1337 2247 1404 2301 15
1448 2257 1495 2300 et
1538 2249 1591 2303 6.
1642 2250 1752 2318 10).
1799 2251 1930 2306 Nam

353 2338 528 2390 anima
575 2337 779 2391 crebris
818 2346 1063 2405 quassnta
1117 2337 1515 2402 tentationibus,
1570 2353 1713 2408 sa‘pc
1755 2340 1928 2394 dimo-

354 2437 506 2482 vetur
557 2443 588 2481 a
631 2427 756 2481 lidc.
799 2427 920 2482 Ideo
974 2427 1253 2482 conlinunt
1288 2444 1380 2483 eos
1427 2432 1620 2486 talibus
1684 2433 1934 2489 adhortao

354 2518 608 2578 tionibus,
655 2534 723 2572 ne
779 2519 885 2571 sint
931 2519 1093 2573 corde
1137 2519 1429 2574 incredulo.
1465 2524 1639 2592 Atque
1688 2523 1804 2580 htee
1850 2534 1934 2580 est

351 2625 508 2663 causa
554 2626 652 2666 cur
694 2612 744 2664 in
779 2611 874 2665 hac
903 2613 1238 2682 potissimum
1270 2613 1494 2682 epistola
1528 2616 1690 2670 multa
1722 2616 1789 2671 de
1831 2618 1933 2674 lide

352 2700 602 2768 disserat,
627 2713 681 2755 et
706 2704 887 2757 multis
909 2703 1084 2758 allatis
1109 2705 1365 2774 exemplis
1395 2706 1534 2761 circa
1569 2707 1727 2762 linem
1753 2718 1933 2764 osten-

350 2791 449 2856 dit,
480 2793 726 2860 patribus
755 2808 964 2862 quoque
988 2809 1091 2847 non
1121 2805 1498 2863 repraesentata
1527 2812 1643 2865 qua:
1671 2799 1929 2866 promissa

351 2892 504 2937 erant
529 2899 559 2936 e
586 2884 810 2952 vestigio
836 2893 1082 2938 secutura
1112 2883 1272 2938 bona.
1304 2885 1383 2940 Ad
1418 2888 1552 2950 haec,
1586 2903 1650 2943 ne
1688 2903 1748 2944 se
1775 2901 1929 2958 puta-

352 2983 469 3026 rent
493 2971 786 3027 derelictos
822 2973 874 3027 in
913 2973 1343 3040 adversitatibus,
1376 2977 1583 3033 duobus
1622 2981 1797 3035 modis
1837 2996 1931 3038 eos

352 3064 565 3118 instruit
597 3082 610 3118 :
645 3065 817 3133 primo
847 3082 1198 3136 qmceumque
1245 3069 1535 3124 acciderint
1558 3071 1753 3140 jubens
1788 3074 1930 3130 ferre

352 3153 561 3208 fortiter
586 3195 602 3220 ,
663 3154 860 3210 deinde
899 3171 1118 3226 sperare
1165 3169 1370 3212 certum
1413 3164 1686 3229 prtemium
1720 3183 1733 3219 :
1765 3165 1929 3222 Deum

355 3245 492 3298 ettini
517 3259 624 3300 non
658 3247 1023 3316 neglecturum
1057 3248 1431 3304 inhonoratum
1464 3251 1708 3320 Abelem,
1751 3266 1804 3310 et
1841 3273 1928 3311 rc-

2050 422 2244 491 liquam
2271 426 2522 498 deinceps
2545 431 2814 500 justorum
2843 432 3062 490 seriem.
3109 434 3174 489 Et
3203 435 3466 506 triplicem
3512 435 3618 489 illis

2045 516 2466 573 consolationem
2520 521 2738 578 adhibet
2781 540 2796 577 :
2843 540 3001 579 unam
3051 528 3298 596 exemplo
3353 531 3619 597 passionis

2045 606 2242 662 Christi
2273 627 2286 662 :
2319 611 2506 666 dicens
2542 630 2646 668 non
2688 631 2806 669 esse
2837 618 3094 686 potiorem
3120 633 3334 672 servum
3366 635 3527 690 quam
3548 621 3618 676 sit

2045 700 2211 769 ipsius
2236 702 2484 757 dominus
2516 721 2528 756 :
2562 707 2784 760 alteram
2812 717 3081 763 ostentato
3117 710 3448 765 credentium
3479 726 3613 780 pra:-

2046 795 2153 846 mio
2181 811 2194 849 :
2229 796 2434 849 tertiam
2460 796 2586 850 dum
2614 797 2770 852 docet
2794 801 3090 869 qualisnam
3134 803 3203 856 sit
3243 804 3354 856 [nec
3375 805 3616 860 adversi-

2044 895 2146 940 tas.
2174 885 2283 941 Nec
2310 901 2405 956 per
2430 887 2603 942 lutura
2631 891 2801 944 solum
2829 907 2921 946 eos
2949 895 3227 948 conlirmat
3254 939 3268 960 ,
3301 897 3491 966 quibus
3520 900 3618 952 mi.

2043 994 2144 1034 nus
2181 981 2379 1035 moveri
2433 991 2709 1050 poterant,
2762 999 2944 1038 verum
2992 987 3148 1040 etiam
3206 1003 3296 1056 per
3349 991 3614 1058 prmterita

2043 1089 2161 1143 quas
2185 1074 2494 1128 acciderunt
2537 1077 2772 1144 ipsorum
2812 1077 3070 1146 patribus.
3097 1080 3240 1134 Idem
3280 1089 3333 1136 et
3372 1082 3614 1139 Christus

2042 1166 2186 1230 facit,
2213 1182 2352 1221 nunc
2374 1182 2572 1237 negans
2591 1183 2800 1222 senum
2821 1169 3076 1239 majorem
3103 1188 3221 1226 esse
3248 1189 3345 1226 suo
3376 1173 3604 1238 domino,

2042 1274 2181 1314 nunc
2226 1261 2418 1313 multas
2449 1276 2568 1316 esse
2599 1262 2902 1316 mansiones
2932 1263 3069 1332 apud
3117 1263 3323 1318 Patrem
3352 1281 3502 1320 suum
3528 1280 3615 1320 as-

2039 1364 2312 1413 severans,
2337 1361 2389 1405 et
2411 1367 2695 1422 numquam
2727 1369 2832 1408 non
2862 1353 3147 1411 incredulis
3172 1371 3250 1408 va:
3272 1355 3608 1410 denuntians.

2041 1440 2210 1496 Porro
2264 1444 2552 1510 Apostolus
2606 1446 2849 1500 crebram
2903 1446 3226 1500 mentionem
3273 1447 3394 1500 facit
3422 1446 3611 1502 'l'e-ta-

2040 1534 2202 1590 menti
2233 1534 2360 1588 Novi
2393 1537 2546 1590 simul
2569 1545 2622 1592 et
2653 1536 2860 1592 Veteris
2885 1555 2896 1591 :
2925 1538 3062 1609 quod
3088 1540 3135 1591 id
3167 1540 3612 1595 animadverteret

2038 1627 2104 1682 ad
2150 1629 2560 1683 resurrectionis
2600 1630 2996 1698 persuasionem
3050 1630 3199 1685 valde
3252 1631 3610 1686 conducibile.

2037 1718 2116 1776 Ne
2143 1720 2284 1775 enim
2313 1730 2530 1790 prepter
2555 1721 2854 1789 passionem
2888 1721 3094 1775 Domini
3124 1722 3189 1776 de
3224 1724 3612 1777 resurrectimie

2039 1811 2156 1880 ejus
2175 1811 2438 1874 dubitent,
2464 1811 2838 1882 prepbetarum
2871 1827 2988 1867 eam
3021 1813 3338 1867 testimoniis
3365 1813 3611 1878 adstruit,

2039 1904 2300 1975 docetque
2322 1905 2516 1958 nostris
2539 1905 2697 1958 rebus
2721 1904 3118 1958 venerationem
3142 1903 3346 1970 deberi,
3380 1922 3482 1958 non
3513 1905 3610 1960 Ju-

2039 1995 2206 2050 daicis
2233 2013 2246 2046 :
2281 1994 2453 2049 adlmc
2479 1996 2619 2048 enim
2647 1995 2901 2063 templum
2928 1995 3099 2048 stabat
3118 2009 3238 2048 cum
3270 1995 3380 2049 suis
3407 1997 3611 2048 sacrili-

2039 2087 2137 2142 ciis
2165 2104 2178 2140 :
2208 2098 2532 2156 quaprOptcr
2557 2086 2685 2142 dicit
2720 2105 2733 2141 :
2765 2085 3020 2141 Exeamus
3061 2087 3214 2156 igitur
3241 2097 3382 2141 extra
3421 2099 3608 2152 castra,

2039 2177 2365 2245 opprobrium
2393 2178 2503 2246 ejus
2531 2187 2783 2246 portantes
2808 2176 2988 2246 (llebr.
3024 2178 3107 2232 15.
3140 2178 3250 2245 15).
3282 2177 3493 2232 Paterat
3519 2195 3612 2232 au-

2042 2281 2147 2326 tem
2169 2270 2266 2324 hac
2298 2279 2445 2340 parte
2474 2268 2798 2324 contradici:
2822 2269 2875 2323 Si
2903 2267 3017 2324 hrrc
3046 2269 3229 2323 umbra
3263 2279 3462 2324 tantum
3487 2279 3610 2324 sunt

2039 2371 2093 2417 et
2142 2363 2314 2429 imago
2363 2361 2450 2430 qui
2484 2360 2538 2414 lit
2567 2368 2625 2414 ut
2675 2374 2779 2413 non
2808 2368 3168 2428 praetereant,
3201 2376 3375 2428 neque
3419 2361 3612 2416 cedant

2035 2454 2146 2522 jam
2177 2461 2373 2506 exortae
2404 2452 2506 2505 luci
2539 2450 2797 2515 veritatis,
2831 2448 2921 2503 sed
2950 2450 3001 2502 in
3030 2463 3127 2503 suo
3152 2451 3329 2518 vigore
3357 2466 3611 2518 perseve-

2039 2546 2195 2602 rent?
2221 2545 2340 2600 Ideo
2373 2544 2473 2598 hoc
2494 2558 2702 2613 quoque
2735 2552 3047 2596 eventurum
3076 2555 3174 2594 suo
3203 2553 3438 2610 tempore
3482 2544 3611 2596 sub-

2039 2637 2255 2691 indicat.
2283 2635 2432 2704 Quod
2461 2646 2638 2689 autem
2678 2633 2787 2702 jam
2835 2645 2980 2696 ante,
3022 2633 3179 2702 longo
3226 2643 3482 2702 tempore.
3518 2649 3612 2702 per

2039 2730 2195 2785 tidem
2241 2730 2292 2784 in
2339 2725 2712 2782 afﬂictionibus
2748 2733 3051 2780 constanter
3078 2724 3481 2794 perduraverint
3509 2726 3607 2779 de-

2036 2825 2202 2879 clarat
2220 2821 2404 2877 dicens
2448 2839 2461 2874 :
2499 2819 2624 2875 Cum
2669 2819 2887 2873 debeatis
2914 2835 3009 2886 pro
3037 2819 3272 2888 temporis
3299 2819 3500 2872 ratione
3519 2820 3612 2872 do-

2037 2925 2194 2970 ctores
2221 2931 2358 2976 esse;
2379 2922 2454 2979 et,
2480 2911 2561 2966 Ne
2581 2913 2710 2980 forte
2725 2912 2788 2965 sit
2809 2911 2861 2963 in
2882 2911 3052 2979 aliqua
3072 2920 3284 2963 vestrum
3310 2926 3399 2963 cor
3423 2910 3611 2962 malum

2036 3004 2388 3073 infidelitatis;
2433 3013 2507 3067 et,
2541 3001 2830 3055 lmitatores
2855 3001 2975 3070 [acti
3025 3003 3142 3054 estis
3179 3018 3372 3066 eorum,
3414 3003 3496 3071 qui
3525 3017 3613 3065 per

2036 3098 2190 3166 ﬁdem
2230 3111 2289 3148 ac
2315 3095 2609 3165 patientiam
2651 3094 2977 3146 hereditatem
3010 3094 3396 3162 promissionum
3432 3109 3609 3148 conse-

2035 3188 2178 3260 quuti
2205 3197 2320 3241 sunt
2348 3184 2509 3254 (Ibid.
2551 3185 2605 3239 5.
2638 3184 2722 3238 12.
2753 3194 2800 3237 et
2825 3184 2876 3238 3.
2907 3183 2990 3236 12.
3023 3193 3069 3237 et
3100 3184 3153 3238 6.
3188 3184 3297 3253 12).

1815 3553 2150 3614 HOMILIA
2199 3553 2241 3611 1.

359 3679 479 3735 CAP.
510 3683 559 3736 1.
589 3697 641 3735 v.
678 3683 726 3736 1.
761 3682 1103 3750 Multifariam
1139 3683 1409 3757 multisque
1447 3688 1608 3741 modis
1643 3690 1761 3743 olim
1789 3690 1926 3745 Deus

428 3772 627 3841 loquens
649 3773 880 3840 patribus
901 3774 953 3826 in
984 3776 1264 3842 prop/retis,
1311 3779 1579 3831 novissime
1609 3780 1784 3834 diebus
1819 3782 1928 3834 istis

424 3861 660 3931 loquutus
690 3874 764 3916 cst
794 3864 1010 3916 nobisin
1044 3863 1182 3917 Filio
1214 3865 1307 3918 :2.
1335 3883 1480 3933 quem
1498 3871 1748 3922 constituit
1781 3870 1923 3924 liere-

427 3953 533 4006 dem
556 3954 922 4015 uniuersorum,
958 3972 1045 4023 per
1072 3972 1216 4024 quem
1237 3958 1354 4026 fecit
1383 3967 1429 4010 et
1448 3958 1654 4012 swcula.

426 4042 474 4094 1.
517 4042 725 4097 Revera
754 4044 838 4097 ubi
871 4044 1155 4099 abundavit
1192 4054 1486 4112 peccaturo,
1519 4049 1926 4115 superabunda-

361 4133 496 4186 vitet
525 4135 694 4202 gratia
728 4134 905 4204 (Rom.
936 4135 986 4187 5.
1023 4135 1136 4202 20).
1171 4135 1280 4188 lloe
1308 4137 1465 4204 igitur
1506 4137 1590 4190 hic
1631 4153 1842 4208 quoque
1877 4141 1927 4194 in

364 4226 610 4290 protentio
649 4225 955 4279 subindicat
989 4227 1171 4280 beatus
1203 4227 1416 4290 Paulus,
1445 4229 1685 4284 scribens
1723 4232 1788 4285 ad
1826 4233 1927 4288 lle-

359 4313 538 4368 [προς.
563 4314 696 4370 Nam
726 4316 977 4385 quoniam
999 4325 1114 4370 erat
1135 4316 1422 4371 verisimile
1439 4321 1579 4385 ipsos
1592 4324 1854 4374 cruciatos
1880 4335 1929 4376 «ιι

362 4413 388 4450 a
414 4401 564 4454 malis
596 4409 836 4463 vexatos,
870 4407 926 4452 et
955 4413 1039 4453 res
1068 4415 1128 4453 ex
1153 4400 1236 4454 his
1260 4399 1582 4468 judicantes,
1613 4401 1923 4454 existimare

360 4488 559 4556 seipsos
587 4491 840 4543 omnibus
869 4490 988 4542 aliis
1017 4490 1274 4553 minores,
1317 4490 1551 4544 ostendit
1591 4490 1688 4545 hac
1718 4491 1927 4544 ratione

360 4591 444 4630 eos
472 4579 648 4647 potius
678 4576 938 4646 majorem
967 4587 1280 4646 assequutos
1301 4593 1419 4633 esse
1444 4580 1666 4649 gratiam
1693 4591 1747 4634 et
1775 4581 1928 4634 valde

360 4680 794 4737 exsuperantem,
824 4674 910 4722 'ex
957 4669 1073 4737 ipso
1116 4671 1336 4724 exordio
1376 4671 1635 4726 orationis
1684 4672 1927 4726 excitans

361 4760 667 4814 auditorem.
719 4761 1008 4831 Propterea
1053 4761 1221 4816 dicit:
1255 4761 1600 4834 Multi/ariam
1645 4763 1919 4834 multisth

362 4851 510 4904 modis
543 4852 664 4904 olim
687 4850 827 4904 Deus
854 4852 1062 4920 loquens
1086 4853 1314 4921 patribus
1344 4855 1396 4906 in
1428 4856 1686 4924 prop/telis
1710 4871 1728 4909 :
1754 4857 1805 4909 in
1828 4873 1929 4910 no-

361 4946 558 5001 vissimis
585 4949 663 5001 liis
690 4949 863 5002 diebus
886 4948 1119 5019 loquutus
1141 4947 1217 5004 est
1245 4953 1384 5007 nobis
1406 4955 1456 5006 in
1479 4953 1634 5012 Filia.

425 5034 617 5090 Paulus
656 5041 820 5106 major
849 5040 1126 5104 prop/telis.
1153 5069 1224 5080 —
1259 5043 1364 5096 Cttt‘
1398 5059 1502 5097 non
1537 5047 1772 5112 seipsum
1818 5060 1914 5111 0p-

359 5125 521 5190 posuit
550 5129 826 5197 prophetis
861 5129 886 5182 ?
919 5130 1063 5198 atqui
1114 5139 1231 5184 erat
1273 5131 1377 5184 illis
1409 5132 1563 5201 longe
1608 5133 1803 5203 major,
1836 5148 1940 5203 quo

366 5214 508 5270 etiam
553 5220 752 5287 majora
784 5219 992 5274 fuerant
1032 5221 1078 5274 ei
1112 5222 1334 5279 credita.
1375 5222 1478 5277 Sed
1510 5224 1609 5278 hoc
1641 5241 1745 5278 non
1790 5225 1934 5278 l'aeit.

360 5305 563 5372 (mare?
592 5311 830 5367 Primum
863 5315 1078 5379 quidem
1113 5331 1300 5383 magna
1341 5315 1410 5369 de
1450 5332 1508 5371 se
1553 5317 1733 5371 dicere
1777 5334 1934 5372 recu-

362 5409 509 5454 sans:
539 5402 776 5457 secundo
804 5411 982 5458 autem
1005 5445 1020 5468 ,
1048 5405 1190 5475 quod
1233 5406 1468 5459 nondum
1505 5407 1722 5476 perfecti
1751 5419 1933 5463 essent

360 5489 613 5547 auditores
638 5511 652 5549 :
682 5499 874 5563 tertio,
907 5511 1001 5552 eos
1030 5498 1197 5567 magis
1229 5498 1418 5552 volens
1445 5501 1736 5566 extollere,
1768 5512 1822 5555 et
1845 5516 1928 5554 os-

360 5581 563 5639 tendere
593 5601 839 5654 magnam
871 5603 992 5642 esse
1026 5589 1461 5656 prmcellentiam.
1491 5591 1651 5657 Quasi
1683 5591 1886 5646 diceret
1915 5611 1926 5644 :

2038 3676 2250 3723 nostros
2270 3667 2294 3720 ?
2314 3666 2380 3722 ad
2407 3683 2506 3724 nos
2531 3668 2673 3725 enim
2700 3669 2844 3723 misit
2866 3669 3058 3724 Filium
3085 3685 3240 3725 suum
3269 3671 3621 3742 unigenitum.

2037 3757 2270 3811 Pulchre
2319 3768 2497 3812 autem
2542 3760 2622 3814 sic
2669 3761 2903 3829 incepit,
2957 3761 3296 3832 Multifariam
3351 3765 3622 3833 multisun

2035 3851 2196 3903 modis
2218 3867 2237 3903 :
2266 3851 2503 3905 ostendit
2526 3853 2666 3905 enim
2696 3854 2838 3921 quod
2868 3869 2933 3908 ne
2965 3855 3063 3922 ipsi
3093 3855 3307 3923 quidem
3341 3857 3622 3925 prepbetze

2037 3941 2202 3994 Deum
2253 3942 2526 4008 viderunt;
2559 3943 2725 3998 Filius
2757 3961 2884 3998 vero
2913 3947 3062 4001 vidit.
3098 3947 3230 4001 Illud
3264 3950 3404 4002 enim
3431 3991 3445 4015 ,
3478 3949 3620 4003 Mulv

2035 4033 2260 4099 tifariam
2290 4036 2561 4104 multisque
2590 4038 2783 4101 modis,
2819 4038 2921 4092 hoc
2964 4049 3076 4104 est,
3118 4041 3328 4095 diverse
3370 4053 3421 4095 et
3451 4044 3616 4097 varie.

2037 4125 2148 4194 Ego
2169 4128 2314 4182 enim
2335 4170 2350 4193 ,
2380 4130 2570 4199 inquit,
2605 4131 2938 4200 multiplicari
2969 4134 3202 4200 visiones,
3229 4144 3272 4187 et
3306 4134 3356 4187 in
3388 4137 3618 4189 manibus

2032 4221 2397 4288 pmpltetarum
2441 4239 2553 4275 sum
2578 4205 2888 4278 assimilatas
2916 4224 3068 4293 (Osee
3095 4226 3179 4280 12.
3208 4227 3312 4297 10).
3347 4227 3618 4295 Quamob-

2032 4326 2141 4364 rrm
2187 4313 2378 4367 nonin
2429 4315 2530 4368 hoc
2575 4317 2746 4370 solum
2794 4328 2875 4371 est
2923 4319 3318 4388 praecellentia,
3363 4321 3503 4390 quod
3549 4320 3618 4374 ad

2029 4403 2148 4458 illos
2172 4406 2383 4473 quidem
2416 4409 2561 4462 missi
2588 4419 2711 4462 sunt
2744 4410 3017 4479 prophetze
3040 4453 3053 4472 ,
3095 4413 3160 4464 ad
3195 4430 3290 4466 nos
3317 4423 3494 4466 autem
3528 4413 3615 4466 Fi-

2028 4495 2160 4557 lius;
2209 4496 2300 4551 sed
2353 4499 2685 4568 etiamquod
2736 4501 2946 4554 illorum
2996 4503 3208 4571 quidem
3262 4505 3437 4555 nullus
3484 4503 3613 4557 vidit

2029 4589 2229 4656 Deum,
2259 4592 2386 4644 vidit
2415 4602 2590 4647 autem
2617 4595 2783 4648 Filius
2813 4596 3138 4665 unigenitus.
3173 4596 3236 4649 Et
3269 4596 3368 4650 hoc
3397 4596 3610 4664 quidem

2029 4697 2132 4734 non
2162 4683 2338 4735 statim
2370 4684 2539 4753 ponit,
2572 4687 2763 4754 probat
2791 4697 2968 4741 autem
3000 4705 3093 4757 per
3120 4704 3178 4742 ea
3209 4706 3327 4760 qua-
3355 4689 3612 4757 deinceps

2027 4785 2322 4843 sequuntur
2352 4795 2362 4828 :
2397 4793 2589 4845 nempe
2621 4779 2832 4847 quando
2864 4781 2990 4833 dicit
3019 4781 3085 4834 de
3114 4781 3443 4835 humanitate
3471 4801 3482 4834 :
3516 4783 3612 4836 Cui

2025 4867 2158 4919 enim
2193 4869 2492 4938 angelorum
2533 4871 2661 4924 dixit
2685 4891 2702 4924 :
2736 4871 2900 4927 Filius
2929 4891 3064 4927 meus
3091 4891 3140 4927 es
3170 4883 3221 4927 tu
3248 4876 3272 4927 ?
3302 4885 3382 4940 et,
3420 4876 3551 4929 Sede
3578 4895 3609 4930 a

2027 4957 2217 5012 dextris
2261 4961 2381 5012 meis
2514 4963 2566 5015 5.
2594 4973 2639 5015 et
2666 4963 2796 5033 15)?
2832 4965 2960 5019 Vide
2991 4975 3167 5020 autem
3217 4982 3461 5035 magnam
3493 4967 3608 5033 ejus

2026 5049 2360 5118 prudentiam
2389 5071 2401 5105 :
2431 5068 2458 5104 a
2482 5054 2754 5123 pr0phetis
2784 5059 3014 5126 primum
3044 5059 3274 5112 ostendit
3301 5061 3609 5127 pr:ccellen-

2026 5140 2150 5192 tiam
2176 5157 2188 5192 :
2210 5142 2404 5196 deinde
2431 5159 2550 5196 cum
2578 5146 2706 5200 illttd
2730 5148 3101 5202 confirmasset
3126 5159 3392 5220 tamquam
3413 5151 3477 5206 de
3499 5168 3607 5222 quo

2022 5241 2328 5297 constaret,
2363 5239 2669 5302 pronuntiat
2695 5239 2834 5307 quod
2868 5241 2973 5293 illis
3000 5241 3213 5309 quidem
3249 5243 3497 5313 loquutus
3524 5255 3607 5298 est

2024 5338 2116 5388 per
2152 5324 2472 5392 prophetas,
2511 5328 2664 5381 nobis
2707 5342 2882 5382 autem
2933 5345 3028 5398 per
3060 5331 3418 5402 Unigenitum.
3452 5336 3602 5401 Quod

2022 5415 2063 5467 si
2098 5415 2203 5468 illis
2234 5417 2392 5469 etiam
2425 5434 2517 5484 per
2546 5420 2764 5487 angelos
2793 5420 2956 5492 (nam
2987 5424 3159 5491 angeli
3192 5440 3404 5493 quoque
3433 5428 3601 5478 eollo-

2021 5506 2167 5572 qunti
2215 5519 2340 5560 sont
2380 5524 2499 5561 cum
2538 5508 2736 5564 Judmis
2763 5512 2780 5577 )
2808 5527 2818 5560 :
2849 5520 2902 5563 at
2929 5512 2978 5563 in
3013 5511 3111 5565 hoc
3140 5528 3352 5581 quoque
3400 5516 3515 5569 illos
3551 5517 3599 5570 in

2016 5607 2219 5654 tantum
2250 5616 2581 5669 superamus,
2615 5603 2754 5671 quod
2786 5605 3058 5657 nobiscum
3088 5605 3298 5674 quidem
3324 5608 3598 5674 liotninus,

357 5665 485 5734 Quid
522 5689 771 5746 magnum
817 5686 898 5734 est
939 5680 1077 5750 quod
1123 5682 1412 5754 prophetas
1454 5684 1599 5740 misit
1642 5683 1706 5739 ad
1749 5694 1929 5756 patres
2013 5707 2135 5746 cum
2171 5692 2277 5748 illis
2318 5665 2498 5748 autem
2547 5665 2686 5748 ser'vi
2728 5712 2893 5756 :nam
2927 5708 2974 5750 et
3012 5665 3189 5769 angvli
3235 5708 3287 5752 et
3329 5704 3601 5770 propheta:
