3956 6138
416 301 484 358 ις
1144 291 1200 348 s.
1239 289 1514 348 JOANNlS
1551 288 2021 347 cunvsosrom
2061 288 2380 343 Mullllf-SP.
2412 289 2944 347 CONSTANTtNUP.
3612 298 3682 356 {6

417 403 686 460 conservi.
717 402 946 459 Pulchre
971 410 1147 458 autem
1178 401 1309 458 dicit
1335 419 1351 458 :
1383 403 1448 458 In
1475 404 1758 463 novissimis
1781 410 1954 464 diebus
1981 428 2001 465 :

420 512 542 550 nam
587 494 690 550 hoc
736 510 950 564 quoque
995 494 1141 564 ipsos
1171 495 1401 561 excitat,
1452 503 1506 550 et
1555 499 1866 555 consUlatur
1890 501 2002 573 jam

2094 403 2184 454 tia.
2213 399 2328 453 Non
2366 397 2509 452 enim
2549 412 2615 451 ex
2653 410 2753 450 suo
2791 409 2951 449 sensu
2997 391 3112 448 hinc
3151 402 3229 447 est
3274 392 3541 461 loquutus.
3576 413 3676 451 ιιιις

2096 497 2294 541 tantam
2343 502 2408 540 ex
2454 501 2511 542 se
2555 485 2761 540 invenit
2809 484 3123 555 sapientiam
3156 501 3169 536 :
3203 483 3344 539 unde
3381 485 3569 540 enim?
3607 502 3675 542 ex

417 589 682 644 defessos,
715 587 865 642 sicut
885 588 1026 644 enim
1053 586 1186 642 dicit
1209 587 1371 642 alibi;
1396 586 1652 644 Danaum
1695 608 1854 663 ρτορε
1889 604 1962 648 εει
1985 636 2001 654 η
2033 603 2071 653 ρ
2095 580 2267 634 cultro
2295 589 2347 634 et
2371 579 2623 650 pellibus,
2654 588 2745 633 aut
2767 595 2830 634 ex
2859 578 3112 632 officina?
3137 578 3230 633 sed
3260 579 3453 633 divinae
3480 579 3531 635 id
3557 592 3677 637 erat

419 682 549 736 nihil
581 681 786 735 solliciti
824 681 932 735 sitis
978 678 1242 751 (Philipp.
1287 680 1342 735 4.
1374 680 1470 748 6);
1501 689 1556 737 et
1583 699 1807 749 rursus,
1851 683 2002 740 Nunc

417 776 548 830 enim
585 774 796 846 propior
823 783 896 828 est
925 782 1102 828 nostra
1145 773 1286 828 salus
1305 813 1323 841 ,
1371 790 1526 844 quam
1556 792 1669 829 cum
1698 777 2004 841 credidimus

418 866 596 934 (Rom.
643 866 726 922 l5.
766 866 856 936 Η)
879 882 892 920 :
919 865 991 920 ita
1023 863 1112 919 hic
1141 879 1372 936 quoque.
1408 865 1546 933 Quid
1583 876 1666 923 est
1695 883 1823 938 ergo
1861 870 2003 938 quod

417 955 587 1011 dicit?
609 955 758 1024 Quod
785 956 878 1027 qui
910 959 963 1012 in
1003 957 1299 1013 certamine
1323 965 1406 1014 est
1433 969 1786 1029 consumptus
1830 972 1884 1016 et
1910 979 2005 1018 ex-

418 1047 659 1115 haustus,
678 1058 960 1120 postquam
993 1048 1222 1104 audierit
1259 1050 1419 1106 linem
1447 1053 1774 1122 certaminis,
1815 1056 2004 1124 paulu-

417 1139 526 1194 lum
546 1139 797 1209 respirat,
823 1149 879 1196 ιιι
905 1142 992 1210 qui
1015 1140 1149 1196 sciat
1167 1141 1308 1197 illius
1325 1142 1539 1213 quidem
1555 1159 1674 1200 esse
1697 1146 1879 1212 linem,
1905 1147 2009 1202 ini-

420 1230 550 1284 tium
582 1242 762 1286 autem
788 1231 1002 1301 quietis.
1046 1231 1113 1286 In
1154 1233 1435 1289 novissimis
1472 1235 1646 1290 diebus
1671 1237 1906 1306 loquutus
1935 1249 2008 1294 est

419 1322 634 1377 nobisin
662 1322 824 1378 Filio.
858 1324 996 1379 Ecce
1025 1339 1242 1393 rursus,
1276 1325 1340 1379 In
1367 1325 1526 1381 Filio.
1556 1327 1660 1383 Per
1685 1328 1903 1397 Filium,
1929 1331 2009 1385 in-

416 1415 532 1482 quit
552 1455 566 1478 ,
613 1416 870 1471 adversus
899 1431 993 1473 eos
1023 1418 1112 1488 qui
1154 1417 1339 1474 dicunt
1367 1419 1417 1474 id
1444 1422 1735 1477 convenire
1762 1422 2007 1494 Spiritui.

419 1504 584 1562 Vides
609 1507 750 1576 quod
781 1509 920 1564 istud
948 1508 1018 1564 lu
1045 1519 1128 1565 est
1155 1511 1274 1566 Per.
1309 1512 1376 1566 Et
1401 1512 1554 1578 illud,
1582 1513 1740 1583 Olim,
1769 1525 1824 1571 et
1852 1517 2004 1586 illud,

420 1595 488 1652 In
515 1599 798 1654 novissimis
823 1601 1032 1669 diebus,
1063 1601 1265 1673 aliquid
1293 1603 1438 1659 aliud
1469 1605 1660 1662 innuit.
1689 1607 2009 1675 Quodnam?

419 1690 624 1762 Nempe
649 1707 772 1748 cum
804 1694 1030 1748 multum
1067 1696 1324 1765 temporis
1349 1695 1768 1768 intercessisset,
1803 1717 1874 1756 ex
1902 1717 2008 1773 quo

421 1799 635 1840 eramus
659 1785 977 1856 castigandi,
1009 1802 1075 1842 ex
1102 1803 1210 1856 quo
1235 1787 1545 1844 defecerant
1569 1790 1914 1856 charismata,
1941 1812 2006 1850 ex

419 1891 525 1944 quo
551 1891 655 1932 non
679 1886 795 1933 erat
822 1893 944 1947 spes
967 1878 1175 1944 salutis,
1207 1895 1274 1934 ex
1297 1896 1404 1951 quo
1431 1884 1874 1952 exspectabamus
1895 1886 2008 1942 fore

419 1975 478 2021 ut
502 1966 829 2022 detrimento
859 1968 1093 2040 undique
1113 1967 1470 2036 afﬁccrcmur,
1496 1980 1623 2028 tunc
1652 1975 1825 2042 majus
1854 1977 2006 2031 nobis

419 2057 611 2129 obtigit
649 2059 1097 2116 emolumentum.
1145 2060 1280 2116 Vide
1307 2071 1487 2118 autem
1518 2080 1678 2134 quam
1712 2066 2009 2134 prudenter

419 2149 522 2207 hoc
549 2151 767 2207 dixerit.
793 2151 908 2207 Non
939 2154 1082 2208 enim
1124 2153 1290 2221 dixit,
1330 2154 1582 2211 Christus
1611 2157 1863 2227 loquutus
1891 2169 1971 2213 est
1992 2202 2004 2224 ,

417 2261 738 2316 quamquam
769 2246 884 2316 ipse
923 2255 1037 2300 erat
1069 2245 1354 2315 loquutus;
1397 2246 1493 2302 sed
1531 2249 1784 2316 quoniam
1845 2249 2010 2302 imbe-

418 2340 526 2395 cilli
552 2355 740 2396 eorum
766 2338 970 2404 animi,
999 2353 1098 2393 nec
1123 2354 1243 2409 qua:
1267 2338 1336 2393 de
1365 2337 1583 2393 Christo
1613 2340 1834 2394 dicenda
1860 2351 2010 2396 erant

419 2431 595 2486 adhuc
635 2429 820 2484 audire
858 2437 1122 2498 poterant,
1169 2429 1342 2484 dicit:
1386 2428 1453 2483 In
1482 2428 1621 2483 Filio
1657 2431 1895 2500 loquutus
1938 2442 2010 2486 est

422 2521 583 2576 nobis.
603 2521 738 2590 Quid
756 2521 911 2584 dicis,
937 2521 1075 2575 Deus
1089 2536 1182 2591 per
1203 2521 1397 2576 Filium
1420 2523 1668 2592 loquutus
1689 2524 1808 2578 est?
1828 2525 2006 2580 Certe.

426 2614 526 2670 Ubi
551 2628 681 2685 ergo
707 2614 1066 2670 excellentia?
1098 2614 1186 2668 hic
1212 2614 1355 2668 enim
1395 2614 1676 2670 ostendisti
1709 2626 1762 2670 et
1801 2615 2008 2671 Novum

421 2718 478 2762 et
504 2707 671 2763 Vetus
698 2721 820 2764 esse
851 2707 1010 2762 unius
1047 2715 1101 2762 et
1129 2706 1372 2776 ejusdem
1397 2747 1412 2772 ,
1455 2707 1598 2777 quod
1628 2708 1844 2778 quidem
1899 2726 2010 2764 ma-

421 2815 542 2871 gna;
571 2815 678 2854 non
699 2808 782 2854 est
805 2797 1158 2854 excellentiae.
1193 2797 1480 2868 Propterea
1509 2797 1611 2853 hoc
1639 2798 1860 2854 verbum
1889 2815 2010 2870 per-

422 2893 666 2964 sequitur
713 2899 769 2946 et
806 2891 1062 2960 exponit,
1090 2889 1275 2945 dicens
1316 2887 1619 2959 :Loquutus
1661 2903 1732 2946 est
1771 2891 1914 2946 nobis
1957 2892 2011 2947 in

425 2983 585 3039 Filio.
622 2983 750 3038 Vide
773 2981 1044 3054 quomodo
1066 2981 1116 3036 id
1141 2996 1425 3037 commune
1449 2981 1636 3048 faciat,
1675 2990 1730 3037 et
1761 2982 2002 3053 discipu-

425 3079 506 3133 los
536 3076 637 3132 sibi
666 3084 915 3146 exzequat
946 3075 1144 3130 Paulus
1167 3073 1354 3130 dicens
1393 3092 1407 3127 :
1435 3073 1703 3144 Loquutus
1730 3085 1803 3132 est
1842 3077 2008 3134 nobis.

427 3177 585 3245 Atqui
621 3187 726 3228 non
753 3182 834 3226 est
863 3177 910 3226 el
943 3177 1190 3240 loquutus
1211 3211 1226 3234 ,
1260 3167 1354 3226 sed
1393 3166 1650 3237 apostolis
1670 3205 1687 3232 ,
1718 3174 1774 3220 et
1801 3180 1895 3234 per
1919 3165 1998 3233 ip-

424 3279 515 3318 sos
555 3263 756 3318 multis.
793 3261 896 3318 Sed
930 3262 1072 3331 ipsos
1115 3260 1355 3324 extollit,
1403 3267 1457 3312 et
1486 3256 1716 3311 ostendit
1749 3254 1892 3326 quod
1923 3254 2002 3308 eis

424 3368 636 3424 quoque
688 3354 759 3407 sit
814 3353 1090 3422 loquutus;
1140 3351 1204 3404 Et
1257 3348 1416 3404 simul
1471 3347 1687 3402 Judteos
1741 3345 2004 3417 perstrin-

423 3450 500 3512 git
542 3462 554 3497 :
591 3459 712 3498 nam
764 3458 953 3498 omnes
1014 3444 1152 3508 fere,
1207 3443 1399 3512 quibus
1457 3439 1662 3510 loquuti
1701 3449 1827 3496 sunt
1880 3453 2004 3508 pro-

422 3537 620 3609 phetaa,
665 3536 909 3592 scelerati
961 3543 1114 3590 erant
1165 3544 1220 3590 et
1262 3532 1594 3588 exsccrandi.
1649 3533 1714 3586 Et
1762 3531 1999 3585 nondum

421 3629 490 3684 de
531 3629 613 3685 his
650 3629 810 3685 verba
847 3629 1017 3695 fiunt;
1045 3628 1257 3682 interim
1304 3637 1480 3682 autem
1531 3625 1762 3694 loquitur
1789 3625 1856 3680 de
1902 3624 2000 3678 do-

421 3723 505 3778 nis
524 3738 641 3791 qua:
661 3737 691 3776 a
719 3722 827 3776 Deo
854 3730 979 3776 sunt
1005 3720 1230 3782 collata;
1257 3718 1482 3790 ideoque
1508 3717 1814 3787 subjungit:
1842 3715 2002 3782 Quem

418 3815 669 3870 constituit
694 3815 926 3869 heredem
949 3814 1314 3867 universorum.
1346 3811 1444 3868 llic
1469 3811 1598 3866 dicit
1623 3825 1840 3865 carnem
1862 3828 1873 3861 :
1893 3809 1999 3864 sic-

420 3915 474 3960 ut
501 3918 553 3959 et
596 3905 758 3960 David
787 3906 923 3959 dixit
953 3905 1006 3958 in
1058 3903 1296 3959 secundo
1326 3903 1560 3972 psalmo,
1594 3901 1806 3956 Postulo
1837 3918 1868 3954 a
1899 3917 1998 3964 me,

418 4006 465 4054 et
492 3997 620 4050 dabo
647 3997 735 4049 tibi
760 4004 930 4066 gentes
972 3994 1301 4048 hereditatem
1335 4002 1471 4045 tuam
1493 3993 1662 4063 (l’sol.
1691 3992 1738 4043 2.
1778 3992 1857 4058 8).
1886 3989 2000 4043 Non

420 4097 504 4140 est
523 4088 665 4142 enim
693 4087 924 4156 amplius
951 4100 1072 4155 pars
1092 4084 1309 4139 Domini
1333 4083 1517 4150 Jacob,
1549 4100 1722 4153 neque
1749 4099 1865 4138 sors
1886 4086 2002 4153 ejus

420 4189 505 4233 est
551 4177 741 4244 Israel,
772 4177 868 4232 sed
910 4192 1117 4232 omnes.
1163 4175 1300 4243 Quid
1343 4175 1444 4232 sibi
1487 4177 1598 4231 vult
1629 4176 1794 4243 illud,
1844 4178 2003 4244 Quem

421 4271 682 4328 constituit
707 4269 938 4325 heredem
959 4269 983 4323 7
1002 4268 1112 4324 Hoc
1139 4277 1242 4335 est,
1277 4267 1403 4322 fecit
1430 4283 1553 4323 eum
1581 4268 1862 4323 Dominum
1887 4283 2005 4324 omo

421 4361 592 4418 nimn.
623 4359 772 4427 Quod
803 4360 963 4414 etiam
1007 4359 1199 4415 Petrus
1238 4359 1373 4414 dixit
1418 4360 1471 4414 in
1515 4361 1691 4424 Actis,
1727 4359 1792 4413 Et
1819 4359 2002 4415 Domi-

423 4471 546 4507 num
576 4463 623 4508 et
651 4451 908 4508 Christum
935 4469 1050 4506 eum
1077 4454 1193 4524 fecit
1222 4451 1360 4506 Deus
1392 4451 1526 4525 (Act.
1550 4452 1606 4507 2.
1635 4452 1748 4524 56).
1781 4453 2004 4509 lleredis

422 4555 599 4602 autem
630 4545 849 4600 nomine
875 4560 1001 4599 usus
1022 4553 1133 4606 est.
1157 4544 1265 4600 duo
1291 4544 1620 4615 significans,
1649 4561 1838 4616 nempe
1861 4546 2003 4617 quod

423 4637 670 4709 proprius
709 4647 763 4691 et
807 4651 1098 4706 germanus
1144 4646 1288 4691 esset
1332 4635 1528 4703 Filius,
1574 4646 1628 4692 et
1657 4637 1797 4708 quod
1843 4639 1912 4693 ab
1937 4654 2004 4694 eo

421 4727 578 4782 avelli
621 4743 725 4782 non
759 4737 939 4797 posset
972 4727 1287 4782 dominium.
1319 4725 1574 4782 Heredem
1613 4730 1959 4784 universorum
1985 4773 2001 4799 ,

423 4817 525 4877 hoc
556 4826 669 4884 est,
704 4817 868 4872 totius
898 4818 1103 4872 mundi.
1138 4817 1369 4872 Rursum
1403 4817 1468 4872 ad
1501 4818 1550 4873 id
1577 4820 1719 4889 quod
1746 4829 1830 4877 est
1855 4822 2004 4892 prius

421 4913 589 4969 refert
616 4914 917 4969 orationem
951 4930 964 4967 :
999 4912 1103 4968 Per
1125 4930 1270 4982 quem
1300 4913 1418 4982 fecit
1447 4921 1491 4966 et
1516 4915 1720 4968 swcula.

491 5007 544 5061 2.
587 5005 775 5062 Contra
825 5004 1266 5061 Arianos.-—-—Ubi
1295 5014 1418 5059 sunt
1470 5006 1559 5076 qui
1614 5006 1820 5075 dicunt,
1882 5010 2007 5065 Erat

421 5099 635 5168 quando
679 5113 786 5153 non
819 5097 972 5153 erat?
1004 5097 1207 5153 Deinde
1257 5107 1413 5152 utens
1453 5097 1741 5169 gradibus,
1769 5099 1904 5156 dixit
1950 5101 2004 5157 id

419 5191 562 5263 quod
585 5200 667 5246 est
695 5190 852 5261 longe
876 5189 1069 5260 majus.
1097 5190 1150 5246 5.
1179 5188 1280 5258 Qui
1308 5207 1420 5243 cum
1442 5190 1506 5244 sit
1533 5191 1773 5260 splendor
1804 5193 2002 5264 gloriae,

419 5299 464 5340 et
506 5286 674 5356 ﬁgura
703 5285 996 5339 substantia:
1020 5287 1152 5355 ejus,
1186 5293 1496 5355 portansque
1521 5285 1693 5338 omnia
1721 5287 1868 5341 t'erbo
1898 5289 2002 5342 vir-

417 5379 538 5431 tutis
582 5392 709 5444 sute,
754 5379 1106 5448 purgationem
1147 5386 1465 5448 peccatorum
1509 5379 1719 5448 faciens,
1761 5378 1897 5433 sedet
1937 5383 2006 5434 ad

417 5470 674 5524 dexteram
705 5470 986 5540 mojestatis
1012 5470 1065 5522 in
1097 5469 1307 5523 excelsis
1337 5485 1354 5522 :
1380 5468 1433 5522 ι.
1466 5478 1606 5522 tanto
1646 5469 1826 5524 melior
1849 5488 2004 5543 ange-

418 5561 482 5615 lis
523 5561 750 5627 e/fectus,
781 5573 971 5633 quanto
1001 5561 1318 5627 differentias
1349 5576 1458 5630 pra:
1497 5561 1600 5614 illis
1644 5578 1824 5616 nomen
1863 5564 2006 5618 here-

417 5653 609 5705 dituuit.
644 5653 819 5722 Pupze,
866 5662 1061 5723 quanta
1100 5663 1182 5707 est
1224 5651 1516 5722 apostolica
1562 5653 1860 5722 sapientia!
1897 5656 2006 5709 imo

421 5760 549 5799 vero
582 5760 687 5798 non
720 5744 890 5804 Pauli,
915 5745 1005 5801 sed
1044 5746 1273 5817 Spiritus
1311 5753 1391 5801 est
1425 5744 1509 5801 hic
1540 5747 1848 5803 admiranda
1877 5764 2002 5819 gra-

2095 673 2445 741 Operationis.
2493 671 2608 728 Non
2651 673 2794 726 enim
2844 670 2960 726 lucc
2997 672 3228 743 cogitata
3270 673 3514 742 pariebat
3556 676 3678 743 ejus

2097 763 2467 832 intelligentia,
2517 779 2636 833 qum
2684 773 2808 817 tunc
2846 762 3061 834 quidem
3107 773 3224 818 erat
3277 763 3412 819 adeo
3458 764 3577 818 vilis
3625 773 3682 820 et

2096 854 2323 924 abjecta,
2355 863 2413 908 ut
2454 853 2586 908 nihil
2633 853 2854 909 haberet
2893 853 3123 924 amplius
3163 869 3320 924 quam
3364 854 3555 924 plebeii
3587 856 3678 925 qui

2097 944 2151 999 in
2179 944 2294 1000 foro
2321 955 2603 1001 versantur
2630 963 2644 998 :
2673 944 2940 1015 quomodo
2970 946 3110 1000 enim
3143 945 3262 1014 plus
3289 945 3531 1011 haberet,
3558 962 3682 1016 qua:

2099 1035 2152 1091 in
2182 1036 2565 1099 contractibus,
2600 1045 2656 1091 et
2682 1035 2908 1104 pellibus
2935 1045 3190 1106 perpetuo
3225 1045 3434 1090 versata
3463 1047 3516 1090 et
3544 1051 3684 1090 con-

2097 1140 2307 1198 sumpta
2328 1130 2526 1184 fuerat?
2550 1128 2643 1183 sed
2666 1129 2892 1198 Spiritus
2921 1129 3085 1198 gratia
3111 1146 3204 1198 per
3228 1145 3364 1200 quos
3394 1131 3503 1184 vult
3528 1146 3682 1184 suam

2099 1220 2205 1272 vim
2237 1221 2492 1276 ostendit.
2531 1221 2680 1276 Sicut
2715 1221 2856 1274 enim
2897 1221 2941 1275 si
2971 1222 3090 1292 quis
3118 1236 3336 1290 parvum
3366 1237 3589 1291 puerum
3630 1225 3682 1276 in

2100 1311 2268 1364 altum
2315 1312 2600 1382 quemdam
2644 1313 2841 1378 locum,
2869 1322 2923 1367 et
2953 1314 3041 1383 qui
3077 1313 3144 1367 ad
3196 1314 3368 1384 ipsum
3419 1315 3687 1386 pertingat

2101 1405 2216 1459 οωΙὶ
2257 1406 2532 1473 verticem,
2587 1405 2714 1460 velit
2753 1405 3042 1473 adducere,
3083 1406 3282 1461 sensim
3323 1416 3377 1462 et
3427 1409 3686 1478 paulatim

2102 1496 2204 1552 hoc
2225 1495 2371 1564 facit,
2404 1514 2500 1568 per
2520 1498 2715 1569 gradus
2738 1499 2826 1566 qui
2848 1507 2972 1552 sunt
3000 1497 3208 1552 inferne
3230 1514 3353 1554 eum
3385 1499 3682 1564 adducens;

2102 1588 2296 1643 deinde
2334 1597 2614 1658 postquam
2651 1604 2771 1643 eum
2799 1603 2959 1658 supra
2988 1589 3249 1653 statuerit,
3284 1599 3337 1642 et
3358 1589 3582 1656 jusserit
3614 1591 3680 1643 ad

2105 1678 2356 1734 inferiora
2390 1679 2626 1732 animum
2667 1680 2944 1732 advertere
2964 1718 2979 1743 ,
3011 1678 3303 1747 videritque
3333 1679 3684 1748 caligantem,

2104 1770 2482 1826 conturbatum
2529 1777 2584 1824 et
2631 1768 3013 1824 circumfusum
3069 1769 3323 1835 tenebris,
3367 1785 3489 1824 cum
3543 1772 3686 1824 acci-

2105 1862 2258 1933 piens
2287 1862 2433 1917 ducit
2474 1861 2719 1928 inferius,
2756 1861 3054 1916 concedens
3096 1871 3153 1915 ut
3193 1861 3459 1930 respiret;
3493 1861 3690 1917 deinde

2105 1962 2383 2023 postquam
2414 1953 2586 2021 ipsum
2613 1950 2892 2017 recrearit,
2923 1966 3107 2005 rursus
3133 1952 3385 2017 sustullit,
3416 1960 3473 2006 et
3501 1969 3687 2008 rursus

2104 2044 2358 2100 deorsum
2398 2045 2542 2099 ducit
2572 2063 2584 2098 :
2617 2045 2685 2098 ita
2717 2044 2876 2099 etiam
2909 2043 3032 2098 fecit
3070 2044 3257 2099 beatus
3297 2045 3514 2107 Paulus,
3543 2057 3598 2102 et
3638 2048 3688 2102 in

2107 2135 2345 2191 Hebraeis
2371 2144 2425 2191 et
2461 2120 2676 2206 ubique,
2709 2142 2767 2188 ut
2810 2134 2900 2204 qui
2947 2135 3045 2188 hoc
3073 2150 3101 2188 a
3144 2135 3390 2205 Magistro
3422 2136 3687 2190 didicerit.

2109 2224 2321 2280 Etenim
2355 2225 2470 2293 ipse
2498 2239 2708 2295 quoque
2749 2225 2827 2279 sic
2875 2224 2999 2279 fecit
3028 2242 3041 2279 :
3073 2225 3362 2296 aliquando
3388 2227 3606 2297 quidem
3639 2229 3689 2282 in

2109 2317 2275 2370 altum
2313 2317 2547 2382 sustulit,
2582 2317 2868 2387 aliquando
2896 2327 3073 2372 autem
3133 2317 3269 2372 infra
3299 2318 3518 2374 demisit
3542 2322 3694 2374 audi-

2112 2419 2274 2474 tores,
2315 2422 2419 2462 non
2448 2409 2627 2463 sinens
2667 2418 2723 2462 ut
2762 2408 2850 2462 diu
2882 2409 3069 2462 eodem
3099 2410 3150 2463 in
3180 2421 3322 2464 statu
3352 2423 3695 2467 morarentur

2114 2496 2208 2568 (a).
2247 2497 2377 2552 Vide
2418 2513 2546 2567 ergo
2585 2499 2670 2552 hic
2698 2513 2928 2568 quoque,
2963 2508 3240 2568 postquam
3273 2501 3416 2570 ipsos
3448 2502 3498 2554 in
3529 2503 3694 2556 altum

2108 2588 2383 2643 eduxisset
2411 2588 2686 2659 gradibus,
2715 2599 2768 2644 et
2795 2591 3069 2644 statuisset
3107 2589 3160 2643 in
3191 2590 3306 2658 ipso
3344 2592 3548 2646 vertice
3578 2593 3694 2662 pie-

2110 2681 2272 2744 tatis,
2302 2681 2608 2749 priusquam
2657 2679 2947 2750 caligarent
2995 2691 3049 2734 et
3093 2681 3341 2751 gravibus
3385 2683 3695 2739 circumfusi

2109 2779 2291 2825 essent
2329 2772 2584 2837 tenebris,
2617 2773 2884 2841 quomodo
2928 2787 3022 2826 eos
3068 2787 3254 2827 rursus
3296 2773 3513 2828 deducit
3558 2776 3697 2830 inle-

2109 2863 2242 2927 rius,
2273 2870 2329 2917 et
2353 2863 2656 2918 concedens
2685 2872 2743 2918 ut
2769 2864 3116 2933 respirarcnt,
3148 2865 3300 2930 dicit,
3337 2865 3600 2936 Loquutus
3627 2879 3698 2922 cst

2109 2954 2252 3007 nobis
2292 2955 2344 3008 in
2392 2953 2573 3018 Filio;
2601 2965 2655 3010 et
2701 2972 2906 3019 rursus,
2945 2956 3102 3022 Quem
3150 2959 3406 3011 constituit
3452 2960 3687 3012 heredem

2111 3046 2477 3098 uniuersorum.
2525 3045 2730 3099 Numen
2783 3046 2927 3100 enim
2980 3046 3100 3101 Filii
3157 3047 3370 3101 interim
3416 3060 3500 3102 est
3543 3065 3695 3102 cmu-

2118 3157 2300 3198 munc.
2333 3141 2434 3197 Ubi
2477 3142 2620 3196 enim
2670 3141 2971 3194 intellectus
3017 3138 3175 3192 fuerit
3217 3137 3467 3207 proprius
3495 3146 3550 3192 et
3577 3152 3702 3205 ger-

2121 3249 2330 3296 manus,
2364 3242 2446 3288 est
2471 3233 2718 3302 superior
2746 3232 3014 3286 universis
3043 3249 3056 3284 :
3086 3231 3296 3285 interim
3325 3239 3528 3296 autem,
3562 3245 3702 3300 quo-

2115 3324 2506 3394 modocumque
2533 3325 2621 3389 sit,
2651 3324 2878 3377 adstruit
2902 3322 3042 3392 quod
3065 3323 3133 3375 sit
3157 3339 3187 3376 e
3215 3323 3445 3390 superis.

2189 3413 2388 3468 Paulus
2417 3415 2669 3486 gradatim
2693 3415 2755 3467 de
2783 3414 2982 3467 Christo
3012 3414 3254 3481 loquitur.
3272 3411 3491 3466 —Vidc
3518 3419 3697 3464 autem

2117 3514 2174 3559 ut
2199 3506 2250 3558 in
2280 3505 2565 3561 humiliore
2590 3507 2754 3574 gradu
2780 3506 2949 3574 primo
2977 3513 3194 3570 statuat,
3221 3505 3381 3568 Quem
3409 3506 3694 3569 constituit,

2113 3597 2314 3662 dicens,
2337 3596 2567 3650 heredem
2589 3598 2966 3662 universorum;
2991 3594 3118 3649 illud
3137 3596 3299 3656 enim,
3318 3595 3587 3649 Constituit
3609 3596 3697 3647 he-

2112 3689 2302 3753 redem,
2344 3698 2428 3744 est
2458 3688 2656 3742 humile
2683 3699 2737 3742 et
2767 3689 3084 3753 snlijecuim.
3122 3686 3321 3741 Deinde
3349 3688 3398 3740 in
3429 3687 3691 3754 superiori
3750 3717 3757 3722 -

2111 3781 2276 3851 gradu
2301 3797 2420 3836 eum
2448 3780 2744 3845 constituit,
2791 3779 3119 3850 subjungens
3147 3797 3160 3832 :
3196 3777 3295 3830 Per
3327 3794 3474 3845 quem
3500 3779 3617 3848 fecit
3646 3787 3692 3830 et

2110 3875 2296 3928 stecula
2316 3890 2335 3927 :
2363 3874 2555 3928 deinde
2590 3875 2640 3927 in
2660 3872 2856 3934 altiori,
2877 3881 2930 3927 et
2953 3881 3071 3942 post
3091 3887 3248 3942 quem
3266 3887 3370 3924 non
3397 3881 3477 3925 est
3506 3871 3641 3924 alius
3672 3887 3686 3923 :

2117 3966 2217 4031 Qui
2241 3982 2356 4018 cum
2383 3965 2446 4019 sit
2472 3964 2714 4035 splendor
2742 3965 2918 4034 gloriae
2965 3974 3010 4016 et
3041 3964 3208 4033 ﬁgura
3237 3963 3531 4017 substantia:
3558 3964 3686 4033 ejus.

2112 4057 2316 4116 Revera
2340 4057 2488 4113 duxit
2503 4057 2569 4110 ad
2589 4058 2758 4112 lucem
2780 4056 3219 4119 inaccessibilem,
3238 4056 3304 4108 ad
3325 4057 3493 4124 ipsum
3515 4054 3691 4123 splen-

2111 4148 2316 4203 dorem.
2359 4149 2426 4203 Et
2457 4150 2765 4218 priusquam
2817 4147 3050 4202 tenebrtn
3087 4146 3363 4212 accedant,
3409 4145 3532 4199 vide
3558 4161 3686 4213 quo-

2110 4239 2269 4294 modo
2290 4254 2470 4294 rursus
2493 4255 2612 4294 eum
2636 4239 2834 4294 sensim
2856 4238 3103 4301 demittit,
3128 4237 3308 4290 dicens
3331 4253 3346 4289 :
3374 4235 3689 4304 Portansque

2109 4331 2281 4385 omnia
2321 4332 2469 4386 uerbo
2519 4331 2717 4384 uirtutis
2761 4345 2885 4392 suta,
2929 4345 3041 4381 cum
3087 4345 3179 4396 per
3226 4328 3448 4394 seipsum
3493 4328 3689 4394 fecisset

2106 4423 2459 4492 purgationem
2491 4433 2806 4491 peccatorum
2838 4430 3144 4481 nostrorum,
3176 4417 3304 4472 sedit
3332 4416 3400 4470 ad
3425 4416 3688 4468 dexteram

2106 4513 2404 4582 majestatis.
2431 4512 2546 4566 Non
2575 4512 2706 4566 dixit
2735 4511 2996 4571 absolute,
3027 4509 3196 4573 Sedit,
3225 4507 3320 4563 sed
3346 4507 3472 4560 Post
3494 4522 3688 4575 purga-

2105 4607 2303 4659 ti0nem
2349 4605 2506 4660 sedit.
2542 4603 2904 4675 Apprehendit
2943 4601 3086 4656 enim
3135 4599 3554 4655 incarnationem
3589 4617 3603 4652 :
3633 4607 3688 4651 ct
3773 4671 3786 4678 _

2101 4711 2286 4752 rursus
2314 4697 2546 4766 loquitur
2571 4695 2812 4750 lnnnilia.
2847 4693 3046 4747 Deinde
3077 4708 3260 4746 rursus
3283 4706 3402 4745 cum
3429 4705 3683 4758 magnum
3761 4681 3764 4684 ’

2101 4788 2227 4856 quid
2264 4797 2407 4843 esset
2435 4788 2703 4858 loquutus,
2738 4787 2816 4839 Ad
2844 4786 3103 4839 dexteram
3148 4785 3311 4849 enim,
3343 4783 3532 4852 inquit,
3568 4799 3680 4836 ma-

2097 4881 2295 4950 feslalis
2320 4881 2370 4933 in
2399 4880 2629 4943 excelsis,
2661 4879 2946 4934 revertitur
2973 4878 3039 4931 ad
3072 4878 3122 4931 id
3148 4876 3288 4947 quod
3315 4884 3398 4930 est
3427 4875 3632 4929 humile
3664 4894 3676 4928 ε

2098 4972 2264 5026 Tanto
2312 4975 2491 5027 melior
2528 4974 2722 5043 angelis
2766 4976 2956 5042 factus,
2987 4981 3174 5039 quanto
3220 4967 3537 5034 di/I'erentins
3577 4982 3684 5034 pne

2101 5063 2204 5115 illis
2231 5079 2411 5116 nomen
2459 5063 2772 5116 hereditavit.
2818 5061 2912 5114 llic
2954 5061 3209 5129 deinceps
3245 5058 3477 5127 loquitur
3514 5056 3586 5110 de
3616 5072 3683 5111 eo

2099 5152 2240 5220 quod
2272 5153 2502 5220 pertinet
2528 5153 2592 5205 ad
2625 5167 2863 5205 carnem.
2898 5150 3030 5204 Illud
3059 5149 3224 5212 enim,
3256 5146 3448 5200 Factus
3477 5147 3678 5210 melior,

2101 5251 2375 5310 paternam
2426 5257 2531 5295 non
2581 5241 2843 5310 signiﬁcat
2885 5241 3208 5302 essentiam;
3261 5239 3346 5291 illa
3395 5237 3537 5290 enim
3573 5253 3679 5289 non

2098 5337 2255 5400 facta,
2296 5335 2388 5388 sed
2419 5335 2596 5404 genita
2625 5343 2705 5388 est
2736 5350 2750 5390 :
2783 5333 2876 5388 sed
2904 5333 3174 5388 carnalem
3207 5330 3528 5391 essentiam;
3561 5329 3673 5398 ipsa

2103 5424 2243 5476 enim
2271 5433 2350 5477 est
2381 5423 2536 5476 facta.
2562 5423 2664 5478 Sed
2693 5439 2797 5476 non
2823 5438 2965 5476 nunc
2991 5422 3164 5489 agitur
3192 5421 3258 5474 de
3287 5430 3516 5473 essentia
3541 5436 3556 5484 ;
3588 5421 3680 5472 sed

2103 5514 2242 5567 sicut
2269 5513 2505 5568 Joannes
2533 5513 2748 5577 dicens,
2776 5513 2876 5579 Qui
2901 5523 3011 5582 post
3050 5529 3128 5565 me
3154 5513 3287 5565 venit
3306 5553 3320 5574 ,
3352 5519 3471 5563 ante
3496 5527 3577 5562 me
3603 5513 3683 5580 fn-

2107 5615 2215 5658 ctus
2247 5615 2340 5670 est,
2371 5605 2490 5672 quia
2516 5613 2586 5657 est
2625 5605 2766 5672 prior
2795 5604 2972 5671 (Joan.
3002 5603 3053 5656 1.
3074 5603 3184 5668 15),
3208 5601 3257 5654 id
3291 5600 3509 5665 indicat,
3537 5600 3679 5670 quod

2180 5740 2252 5804 (α)
2276 5739 2380 5789 lluc
2404 5737 2582 5788 desinit
2609 5733 2798 5784 homilia
2824 5731 2972 5794 prima
2997 5729 3043 5779 in
3077 5723 3251 5775 Codice
3277 5724 3575 5775 Colbcrtlno.
