3956 6138
419 251 487 325 17
1202 240 1260 299 S.
1297 239 1586 298 JOANNIS
1623 236 2113 295 CIIRYSOSTOMI
2152 236 2486 307 ARCHIEP.‘
2514 230 3069 297 CONSTANTINOP.
3634 235 3699 294 18

418 367 610 437 Λόγος,
641 364 730 418 ἀεὶ
783 357 951 433 εἶχεν,
983 361 1082 432 οὐχ
1114 358 1340 431 ὕστερον
1370 359 1834 429 ἐκληρονόμησεν,
1877 357 1999 411 6666

412 463 535 517 τότε
591 460 700 513 τῶν
754 457 1000 526 ἀγγέλων
1067 453 1332 525 κρείττων
1383 455 1622 523 ἐγένετο,
1670 454 1759 506 ὅτε
1819 454 1995 507 καθα-

417 551 618 625 ρισμὸν
653 549 763 603 τῶν
815 545 1099 620 ἁμαρτιῶν
1157 547 1316 616 ἡμῶν
1373 546 1690 616 ἐποιήσατο,
1751 546 1869 599 ἀλλ’
1912 546 2001 600 ἀεὶ

412 643 683 716 κρείττων
710 636 802 712 ἦν,
828 639 922 693 καὶ
954 638 1219 710 κρείττων
1245 637 1619 708 ἀσυγκρίτως.
1657 636 1793 708 Περὶ
1822 636 1881 690 66
1906 636 2001 692 τοῦ

411 736 558 791 κατά
585 735 762 805 σάρκα
788 731 945 786 τοῦτο
973 731 1210 803 είρηται.
1241 728 1399 784 Οῦτω
1422 730 1556 798 γοῦν
1594 730 1692 783 καὶ
1722 730 1854 801 ἡμῖν
1883 728 2005 793 ἔθος

412 844 479 880 πε
490 827 543 898 ρὶ
564 823 855 897 ἀνθρώπου
877 821 1312 893 διαλεγομένοις,
1334 820 1430 873 καὶ
1449 819 1630 891 ὑψηλά
1656 819 1750 873 καὶ
1770 818 2005 874 ταπεινά

412 916 769 987 φθέγγεσθαι.
789 916 962 969 Ὅταν
999 913 1100 985 μὲν
1131 913 1242 985 γὰρ
1270 912 1543 982 λέγωμεν,
1573 911 1740 965 Οὐδὲν
1786 909 2003 982 ἄνθρω-

412 1028 533 1076 πος,
570 1012 643 1082 γῆ
682 1009 993 1081 ἄνθρωπος,
1032 1006 1229 1069 σποδὸς
1270 1005 1579 1077 ἄνθρωπος,
1615 1004 1724 1058 ἀπὸ
1755 1003 1852 1058 τοῦ
1891 1004 2007 1075 χεί-

416 1120 568 1175 ρονος
605 1103 668 1157 τὸ
689 1103 798 1156 πᾶν
821 1098 1099 1170 καλοῦμεν
1120 1117 1133 1132 ·
1157 1099 1286 1153 ὅταν
1315 1097 1373 1152 δὲ
1406 1097 1681 1169 λέγωμεν,
1710 1098 2005 1152 Ἀθάνατον

412 1194 552 1259 ζῶον
590 1195 620 1248 6
646 1192 956 1264 ἄνθρωπος,
1005 1190 1101 1244 καὶ
1146 1188 1364 1258 λογικὸς
1392 1190 1419 1243 6
1458 1188 1766 1260 ἄνθρωπος,
1798 1190 1891 1243 καὶ
1923 1190 2005 1244 ὅτι

410 1283 521 1341 τῶν
541 1283 656 1338 ἄνω
691 1281 984 1350 συγγενὴς,
1018 1280 1126 1333 ἀπὸ
1149 1279 1243 1334 τοῦ
1273 1278 1584 1350 κρείττονος
1612 1280 1673 1333 τὸ
1702 1282 1810 1334 πᾶν
1843 1281 2005 1335 πάλιν

413 1373 712 1445 καλοῦμεν.
755 1371 913 1427 Οῦτω
954 1373 1050 1425 καὶ
1100 1374 1230 1442 περὶ
1278 1370 1374 1424 τοῦ
1411 1371 1672 1443 Χριστοῦ,
1725 1371 1859 1425 ποτὲ
1906 1373 2006 1442 μὲν

412 1465 525 1519 ἀπὸ
554 1464 649 1520 τοῦ
686 1464 992 1529 ἐλάττονος,
1030 1463 1161 1515 ποτὲ
1188 1461 1245 1514 δὲ
1276 1460 1383 1514 ἀπὸ
1414 1462 1509 1515 τοῦ
1549 1463 1857 1533 κρείττονος
1890 1462 2004 1516 δια-

412 1555 634 1626 λέγεται
658 1555 687 1609 ό
720 1553 955 1619 Παῦλος,
1004 1554 1098 1607 καὶ
1127 1551 1223 1623 τὴν
1249 1553 1564 1623 οἰκονομίαν
1587 1553 1853 1625 συστῆσαι
1882 1554 2007 1626 βου.

411 1647 663 1721 λόμενος,
699 1646 798 1701 καὶ
826 1646 956 1717 περὶ
988 1645 1085 1717 τῆς
1114 1645 1395 1715 ἀκηράτου
1419 1644 1626 1712 διδάξαι
1657 1644 1896 1715 φύσεως.

481 1821 552 1891 γ’.
598 1823 755 1878 Ἐπεὶ
805 1817 899 1878 οὗν
943 1824 1288 1898 καθαρισμὸν
1325 1825 1549 1898 ἐποίησε
1587 1827 1696 1881 τῶν
1717 1826 2005 1900 ἁμαρτιῶν

410 1915 592 1986 ἡμῶν,
635 1916 889 1988 μένωμεν
938 1918 1194 1989 καθαροὶ,
1242 1919 1335 1972 καὶ
1393 1920 1668 1993 μηδεμίαν
1717 1919 2005 1992 δεξώμεθα

412 2008 629 2079 κηλῖδα,
647 2008 782 2063 ἀλλά
804 2009 865 2063 τὸ
881 2009 1096 2075 κάλλος,
1118 2012 1401 2084 ὅπερήμῖν
1424 2013 1671 2085 ἐνέθηκε,
1699 2012 2006 2084 καῖτὴνεύ·

412 2099 684 2170 πρέπειαν
703 2100 1089 2172 διαφυλάττειν
1111 2103 1254 2157 οὕτω
1284 2104 1679 2174 σπουδάςωμεν
1705 2104 2006 2175 ἀμόλυντον

408 2192 508 2247 καὶ
528 2191 955 2265 καθαράν,ῶστε
985 2194 1191 2266 μηδένα
1223 2195 1412 2251 σπῖλον
1442 2193 1588 2266 έχειν
1617 2194 1649 2265 ἦ
1671 2194 1882 2265 ῥυτίδα,
1901 2194 1936 2263 ἦ
1952 2210 2004 2246 τι

408 2282 522 2339 τῶν
542 2284 823 2340 τοιούτων.
859 2285 1059 2349 Σπῖλος
1096 2285 1208 2356 γάρ
1232 2286 1350 2339 ἐστι
1377 2287 1473 2340 καὶ
1503 2286 1657 2357 ῥυτὶς
1693 2287 1789 2339 καὶ
1819 2285 1888 2340 τά
1912 2302 2006 2355 μιν

410 2374 527 2446 κρά
551 2374 662 2428 τῶν
682 2375 903 2447 ἀμάρτη
913 2376 1118 2446 μάτωνο
1141 2371 1253 2431 οἷόν
1274 2395 1326 2431 τι
1346 2377 1511 2446 λέγω,
1535 2377 1792 2449 λοιδορία,
1824 2375 2005 2449 ὕϐρις,

408 2464 629 2536 ψεῦδοςο
661 2466 864 2536 μᾶλλον
894 2466 952 2519 66
976 2467 1099 2521 6666
1120 2466 1296 2522 ταῦτα
1331 2468 1531 2540 μικρά,
1574 2467 1712 2522 ἀλλά
1742 2466 1837 2522 καὶ
1869 2466 2005 2537 σφό-

408 2555 512 2628 δρα
537 2557 772 2629 μεγάλα,
805 2558 897 2611 καὶ
924 2556 1071 2612 οὕτω
1102 2560 1336 2630 μεγάλα,
1366 2559 1443 2623 ὡς
1465 2559 1562 2613 καὶ
1592 2558 1692 2630 τῆς
1722 2557 2001 2629 βασιλείας

408 2650 736 2724 ἀποστερεῖν
762 2651 873 2707 τῶν
920 2652 1188 2725 οὐρανῶν.
1227 2652 1352 2719 Πῶς
1386 2656 1480 2709 καὶ
1499 2654 1606 2708 τίνι
1654 2654 1880 2727 τρόπῳ;
1941 2652 2002 2707 '0

409 2742 595 2797 καλῶν
621 2743 712 2799 τὸν
762 2744 993 2815 ἀδελφὸν
1024 2745 1191 2799 αὐτοῦ
1226 2746 1431 2817 μωρὸν,
1484 2746 1669 2817 ἔνοχός
1718 2748 1858 2812 ἐστιν
1897 2763 2002 2819 φη⁶

412 2836 519 2898 σὶν.
549 2837 631 2900 εἰς
659 2837 759 2908 τὴν
796 2837 1025 2906 γέενναν
1060 2840 1158 2892 τοῦ
1194 2839 1385 2912 πυρός.
1427 2838 1490 2892 Εἰ
1521 2839 1577 2892 66
1611 2841 1639 2893 6
1680 2839 1864 2911 μωρὸν
1897 2855 1999 2893 κα-

407 2926 541 2992 λῶν,
572 2927 602 2982 6
639 2929 802 3003 δοκεῖ,
822 2931 1045 2985 πάντων
1077 2928 1220 2986 εἶναι
1268 2932 1619 3005 κουφότερον,
1655 2933 1751 2987 καὶ
1790 2933 1999 2988 παίδων

406 3017 616 3087 όμιλίαο
647 3021 677 3073 6
710 3020 961 3092 κακοήθη
991 3021 1176 3076 καλῶν
1201 3021 1297 3076 καὶ
1325 3023 1638 3092 κακοῦργον
1662 3022 1758 3077 καὶ
1788 3022 1999 3094 βάσκα-

407 3128 523 3179 νον,
555 3113 651 3168 καὶ
684 3114 900 3186 μυρίοις
938 3115 1155 3188 ἑτέροις
1194 3115 1407 3186 βάλλων
1438 3117 1703 3183 ὀνείδεσι,
1732 3117 1858 3172 τίνα
1898 3116 1997 3189 οὐχ

409 3204 780 3275 ὑποστήσεται
817 3204 1095 3270 κολάσεως
1122 3206 1309 3278 δίκην;
1336 3208 1387 3261 τί
1414 3207 1853 3280 φρικωδέστερον
1873 3208 1999 3263 τού-

405 3310 539 3362 τους
573 3296 713 3350 Ἀλλ’
736 3298 1059 3369 ἀνάσχεσθε,
1096 3300 1425 3373 παρακαλῶ,
1454 3299 1549 3354 τοῦ
1580 3300 1759 3369 λόγου.
1799 3299 1862 3355 Εἰ
1888 3299 1997 3373 γὰρ

404 3387 438 3440 6
485 3388 655 3442 ποιῶν
690 3388 774 3444 ἑνὶ
808 3390 919 3444 τῶν
948 3391 1271 3462 ἐλαχίστων,
1306 3391 1458 3462 αὐτῷ
1495 3395 1674 3461 ποιεῖ,
1711 3393 1807 3448 καὶ
1851 3395 1880 3448 6
1921 3395 1997 3466 μὴ

407 3480 582 3535 ποιῶν
608 3481 690 3535 ἑνὶ
724 3478 842 3554 [10]
871 3481 980 3537 τῶν
1007 3483 1330 3554 ἐλαχίστων,
1372 3482 1520 3555 αὐτῷ
1554 3485 1615 3538 66
1650 3487 1830 3539 ποιεῖ·
1872 3484 1995 3550 πῶς

404 3572 528 3644 οὐχὶ
559 3574 658 3629 καὶ
686 3574 778 3628 ἐπὶ
807 3575 907 3647 τῆς
935 3576 1238 3648 εὐφημίας,
1273 3577 1367 3631 καὶ
1398 3579 1493 3631 ἐπὶ
1521 3578 1624 3648 τῆς
1658 3579 1997 3651 κατηγορίας

403 3663 600 3718 ταῦτόν
630 3664 817 3732 ὲστιν;
879 3665 938 3720 '0
975 3666 1218 3739 ὑϐρίζων
1247 3667 1357 3739 γάρ
1391 3669 1484 3723 τὸν
1521 3668 1755 3739 ἀδελφὸν
1784 3668 1950 3723 αὑτοῦ
1976 3710 1991 3735 ,

401 3755 495 3811 τὸν
524 3756 657 3811 Θεὸν
691 3756 883 3830 ὕϐρισε
909 3775 926 3790 ο
976 3759 1073 3815 καὶ
1114 3760 1143 3814 6
1193 3760 1371 3831 τιμῶν
1409 3761 1500 3815 τὸν
1536 3761 1765 3832 ἀδελφὸν
1792 3760 1991 3827 αὑτοῦ,

401 3848 498 3904 ¹τὸν
520 3848 653 3905 Θεὸν
678 3853 834 3922 τιμᾷ.

472 4001 537 4053 6'.
581 4001 939 4072 Παιδεύωμεν
966 3998 1059 4057 οὖν
1103 4002 1204 4076 τὴν
1254 4005 1503 4074 γλῶτταν
1550 4007 1797 4079 εὔφημον
1827 4008 1989 4065 εἶναι·

405 4087 659 4143 Παῦσον
688 4088 820 4159 γὰρ,
857 4092 1014 4161 φησὶ,
1031 4089 1149 4159 τὴν
1170 4091 1460 4161 γλῶσσάν
1484 4108 1602 4149 σου
1629 4097 1748 4151 ἀπὸ
1776 4099 1989 4154 κακοῦ.

404 4181 482 4235 06
498 4180 607 4251 γάρ
632 4179 722 4233 διὰ
749 4180 911 4235 τοῦτο
944 4181 1115 4253 αὐτὴν
1134 4181 1335 4237 ἔδωκεν
1349 4184 1379 4238 6
1393 4185 1546 4250 Θεὸς,
1566 4186 1655 4239 ἵνα
1671 4190 1994 4261 κατηγορῶ-

407 4287 530 4340 μεν,
564 4272 652 4326 ῐνα
678 4271 1014 4345 ύϐρίζωμεν,
1045 4274 1133 4328 ἵνα
1158 4275 1420 4348 ἀλλήλους
1449 4276 1849 4352 διαϐάλλωμεν·
1874 4283 1991 4339 ἀλλ’

404 4359 496 4415 ῖνα
526 4359 618 4414 τὸν
641 4361 774 4415 Θεὸν
804 4362 1086 4434 ὑμνῶμεν,
1119 4365 1209 4419 ἵνα
1236 4365 1413 4421 ταῦτα
1464 4367 1714 4443 λαλῶμεν
1740 4373 1777 4429 ἀ
1808 4374 1993 4429 δίδωσι

406 4456 571 4528 χάριν
606 4459 720 4523 τοῖς
749 4458 1046 4526 ἀκούουσι,
1095 4460 1164 4514 τά
1199 4460 1338 4533 πρὸς
1378 4463 1696 4536 οίκοδομὴν,
1735 4465 1805 4521 τά
1853 4467 1993 4538 πρὸς

403 4545 695 4616 ὠφέλειαν.
727 4544 897 4613 Εἷπες
934 4549 1026 4603 τὸν
1052 4549 1202 4604 δεῖνα
1235 4552 1459 4619 κακῶς;
1490 4554 1545 4607 τί
1569 4555 1869 4625 κερδαίνεις
1897 4558 1990 4611 καὶ

404 4636 606 4693 σαυτὸν
641 4640 758 4711 μετ’
804 4639 1014 4694 ἐκείνου
1056 4640 1230 4716 βλάϐῃ
1268 4644 1644 4714 περιϐάλλων;
1678 4645 1838 4712 δόξαν
1879 4649 1989 4720 γάρ

402 4728 595 4795 ἔλαϐες
647 4731 986 4804 κακηγόρου.
1017 4734 1091 4787 Οὐ
1131 4733 1241 4806 γάρ
1270 4735 1442 4802 ἐστιν,
1493 4738 1594 4792 οὐκ
1636 4737 1786 4795 ἐστιν
1833 4741 1988 4795 οὐδὲν

399 4818 593 4886 κακὸν,
628 4819 658 4874 6
687 4821 851 4895 μέχρι
879 4822 972 4875 τοῦ
1004 4822 1306 4894 πάσχοντος
1338 4824 1578 4890 ῖσταται,
1605 4828 1743 4884 ἀλλά
1772 4832 1867 4883 καὶ
1896 4831 1988 4885 τὸν

316 4982 323 4989 _
400 4913 663 4970 ποιοῦντα
696 4913 1117 4985 περιλαμϐάνει*
1153 4911 1285 4983 οἷον,
1319 4919 1349 4972 6
1387 4919 1658 4989 βάσκανος
1688 4920 1838 4977 δοκεῖ
1886 4922 1987 4995 μὲν

400 5005 775 5062 ἐπιϐουλεύειν
798 5008 990 5079 ἑτέρῳ,
1023 5007 1289 5081 πρότερος
1312 5010 1370 5064 δὲ
1393 5011 1555 5077 αὐτὸς
1585 5015 1852 5070 ἀπολαύει
1883 5018 1987 5087 τῆς

395 5100 652 5167 ἀδικίας,
708 5099 1010 5170 τηκόμενος
1069 5101 1165 5156 κα)⁵
1235 5102 1634 5176 φθειρόμενος,
1691 5109 1784 5163 καὶ
1830 5111 1985 5180 παρά

396 5190 617 5245 πάντων
655 5189 1007 5262 μισούμενος.
1062 5192 1121 5246 ’0
1149 5191 1477 5265 πλεονέκτης
1514 5196 1818 5270 ἀποστερεῖ
1848 5203 1985 5272 χρή-

398 5298 545 5352 ματα
573 5281 782 5355 ἕτερον,
806 5283 943 5338 ἀλλά
985 5284 1079 5339 καὶ
1112 5284 1176 5339 τὸ
1225 5286 1498 5356 φιλεῖσθαι
1525 5288 1739 5345 ἑαυτόν·
1785 5293 1984 5363 μᾶλλον

394 5374 452 5428 66
498 5375 652 5447 παρά
709 5377 929 5432 πάντων
979 5379 1125 5431 ποιεῖ
1179 5380 1631 5451 κακηγορεῖσθαι.
1686 5383 1874 5457 Πολλῷ
1923 5387 1981 5441 66

396 5468 661 5537 κρείττων
702 5469 882 5541 ἀγαθὴ
927 5469 1058 5538 δόξα
1102 5470 1437 5542 χρημάτων·
1483 5472 1583 5547 τὴν
1624 5474 1724 5545 μὲν
1750 5475 1859 5547 γάρ
1917 5480 1978 5532 οὐ

397 5557 577 5629 ῥᾴδιον
618 5560 1029 5631 ἀπονίψασθαι,
1077 5563 1148 5615 τὰ
1199 5561 1259 5615 δὲ
1292 5562 1475 5633 ῥᾴδιον
1525 5564 1976 5638 ἀποκτήσασθαι*

398 5648 597 5718 μᾶλλον
638 5651 734 5715 δὲ,
783 5652 855 5707 τά
913 5653 1013 5724 μὲν
1078 5656 1140 5707 66
1198 5653 1443 5722 παρόντα
1494 5657 1647 5711 οὐδὲν
1720 5658 1811 5712 τὸν
1876 5661 1975 5715 οὐκ

392 5739 589 5819 ἔχοντα
642 5741 977 5817 ἔϐλαψενη
1036 5745 1090 5799 6‘:
1152 5748 1226 5821 μὴ
1302 5747 1548 5821 παροῦσα
1614 5749 1972 5808 ἐπονείδιστον

2110 361 2255 412 ποιεῖ
2290 359 2385 413 καὶ
2426 361 2858 430 καταγέλαστον,
2892 354 2991 410 καὶ⁵
3029 352 3197 406 πᾶσιν
3229 349 3424 421 ἐχθρὸν
3475 349 3576 404 καὶ
3608 367 3701 407 πο-

2101 449 2314 520 λέμιον.
2363 451 2423 505 ’0
2458 452 2676 522 ὀργίλος
2710 450 2875 504 πάλιν
2917 446 3186 516 πρότερον
3216 442 3412 497 ἑαυτὸν
3439 444 3703 514 τιμωρεῖ-

2100 540 2199 594 ται
2218 542 2567 614 σπαράττων,
2593 543 2690 596 καὶ
2713 541 2838 595 τότε
2870 540 3084 593 ἐκεῖνον
3110 530 3154 605 ᾧ
3176 534 3484 607 ὀργίζεται.
3513 535 3704 600 Οῦτως

2101 636 2130 689 ὁ
2170 637 2492 706 κακήγορος
2519 634 2787 707 πρότερον
2822 628 3017 686 ἑαυτὸν
3042 627 3311 698 αἰσχύνει,
3343 628 3440 680 καὶ
3459 625 3584 680 τότε
3612 626 3705 680 τὸν

2102 726 2607 798 κακηγορούμενονο
2638 726 2672 798 ἢ
2708 725 2829 779 6666
2866 722 3028 776 τοῦτο
3070 721 3202 784 ἴσως
3233 719 3553 791 δεδύνηται,
3586 718 3703 773 ἀλλ’

2104 820 2349 892 ἀπῆλθεν
2390 814 2547 885 οὗτος
2592 818 2693 890 μὲν
2734 815 2932 888 μιαροῦ
2981 830 3130 877 τινος
3179 813 3273 867 καὶ
3317 810 3704 866 καταπτύστου

2104 898 2262 981 δόξαν
2281 910 2484 977 λαϐὼν,
2508 913 2716 971 ἐκεῖνον
2740 910 2797 963 66
2824 907 3025 981 μᾶλλον
3051 904 3264 977 φιλεῖσο
3275 921 3331 958 αι
3352 903 3706 975 παρασκευά-

2104 1005 2232 1070 ζων.
2264 1005 2433 1059 Ὅταν
2452 1003 2563 1075 γὰρ
2585 1002 2802 1057 ἀκούων
2831 999 3040 1063 κακῶς,
3073 996 3152 1069 μὴ
3182 999 3299 1061 τοῖς
3328 996 3514 1059 αὐτοῖς
3536 996 3703 1050 αὐτὸν

2104 1097 2400 1168 ἀμύνηται,
2437 1095 2553 1153 ἀλλ’
2601 1096 2800 1166 ἐπαινῇ
2859 1093 2952 1146 καὶ
2998 1088 3258 1163 θαυμάζῃ
3283 1107 3298 1122 ο
3335 1090 3438 1144 οὐκ
3491 1090 3703 1144 ἐκεῖνον

2104 1190 2448 1244 ἐπαινέσεται
2470 1228 2486 1254 ,
2526 1189 2642 1243 ἀλλ’
2682 1186 2900 1241 ἑαυτόν.
2936 1186 3151 1256 Ὠσπερ
3180 1184 3291 1256 γάρ
3316 1226 3332 1251 ,
3363 1185 3502 1254 ὅπερ
3528 1182 3705 1254 ἔφθην

2104 1284 2295 1348 εἰπὼν,
2329 1287 2383 1339 αἰ
2421 1284 2566 1339 κατά
2600 1283 2713 1338 τῶν
2742 1282 2976 1354 πλησίον
3029 1279 3374 1351 κακηγορίαι
3423 1277 3535 1332 τῶν
3584 1278 3707 1331 ἑπι-

2103 1376 2473 1431 ϐουλευόντων
2506 1376 2771 1431 ἅπτονται
2799 1373 3037 1446 πρῶτον
3067 1370 3212 1425 οὕτω
3241 1370 3338 1423 καὶ
3364 1369 3433 1423 τά
3463 1371 3545 1432 εἰς
3573 1370 3705 1433 τοὺς

2103 1469 2334 1540 πλησίον
2357 1467 2541 1537 ἀγαθά
2556 1468 2684 1530 τοὺς
2709 1465 3122 1539 ἐργαζομένους
3147 1462 3432 1535 εὐφραίνει
3456 1461 3700 1534 πρῶτον.

2113 1560 2174 1615 ’0
2206 1561 2316 1631 γὰρ
2345 1560 2546 1614 τίκτων
2583 1560 2679 1613 καὶ
2712 1558 2774 1612 τὸ
2804 1556 2968 1613 καλὸν
2999 1556 3097 1609 καὶ
3143 1555 3206 1608 τὸ
3240 1554 3433 1617 κακὸν,
3473 1553 3705 1618 εἰκότως

2103 1649 2322 1720 πρῶτος
2353 1647 2520 1711 αὐτὸς
2557 1645 2844 1703 ἀπολαύει·
2877 1647 2973 1700 καὶ
3003 1645 3255 1716 καθάπερ
3283 1644 3428 1716 ὓδωρ
3459 1647 3700 1715 πηγαῖον

2097 1739 2158 1794 τό
2180 1757 2238 1793 τε
2266 1738 2532 1811 ἁλμυρὸν,
2557 1738 2618 1792 τό
2652 1736 2767 1811 [li]
2794 1755 2853 1795 τε
2888 1737 3140 1809 πότιμον,
3167 1737 3264 1791 καὶ
3289 1737 3357 1790 τὰ
3388 1735 3499 1790 τῶιν
3528 1752 3702 1808 προσο

2101 1832 2345 1901 ἀγόντων
2403 1832 2604 1900 ἀγγεῖα
2631 1830 2851 1902 πληροῖ,
2883 1829 2981 1883 καὶ
3000 1829 3100 1900 τὴν
3131 1827 3319 1900 πηγὴν
3346 1827 3447 1887 66x
3479 1827 3699 1881 ἐλαττοῖ

2098 1925 2199 1999 τὴν
2238 1924 2613 1998 ἐκφέρουσανο
2639 1921 2784 1978 οῦτω
2808 1923 2873 1992 δὴ
2903 1923 3000 1977 καὶ
3029 1920 3202 1976 κακία
3232 1922 3328 1974 καὶ
3358 1920 3555 1993 ἀρετὴ,
3577 1919 3700 1974 ὅθεν

2102 2019 2169 2074 ἂν
2207 2019 2327 2091 ἐξίῃ
2352 2061 2368 2085 ,
2418 2020 2628 2074 ἐκεῖνον
2667 2018 2764 2072 καὶ
2794 2016 3083 2090 εὐφραίνει
3117 2016 3215 2071 καὶ
3247 2014 3542 2069 ἀπόλλυσι.
3588 2013 3702 2070 Καὶ

2100 2112 2277 2167 ταῦτα
2323 2113 2424 2183 μὲν
2448 2110 2709 2166 ἐνταῦθα.

2172 2257 2254 2312 Τά
2281 2257 2338 2313 66
2366 2258 2484 2311 ἐκεῖ
2506 2257 2588 2321 τίς
2610 2257 2933 2330 διηγήσεται
2959 2254 3140 2327 λόγος,
3173 2256 3208 2328 ἢ
3237 2253 3307 2309 τά
3331 2255 3543 2325 ἀγαθὰ,
3566 2254 3601 2327 ἢ
3630 2254 3703 2310 τά

2100 2350 2287 2418 κακὰς
2332 2350 2448 2405 Οὐκ
2489 2351 2637 2405 ἔστιν
2678 2348 2874 2414 οὐδείς.
2922 2348 3005 2403 Τὰ
3048 2348 3263 2421 χρηστά
3311 2349 3413 2419 μὲν
3443 2349 3552 2417 γὰρ
3601 2348 3703 2402 καί⁵

2102 2443 2282 2499 πάντα
2308 2442 2435 2498 νοῦν
2471 2442 2812 2515 ὑπερϐαίνει,
2844 2442 2965 2514 οὐχὶ
3002 2442 3163 2512 λόγον
3206 2441 3368 2513 μόνον
3391 2457 3406 2473 ·
3436 2440 3507 2494 τά
3537 2441 3703 2494 ἔναν-

2099 2536 2193 2592 τία
2212 2537 2268 2592 66
2290 2538 2506 2610 εἴρηται
2539 2536 2640 2608 μὲν
2663 2537 2776 2601 τοῖς
2808 2535 3035 2607 ὀνόμασι
3060 2537 3176 2598 τοῖς
3190 2533 3518 2605 συντρόφοις
3537 2534 3704 2605 ἡμῖνι

2100 2629 2214 2703 πῦρ
2252 2628 2384 2701 γὰρ,
2421 2628 2617 2700 φησὶν,
2663 2627 2811 2683 ἐστὶν
2844 2629 2962 2682 ἐκεῖ
3009 2626 3106 2681 καὶ
3155 2625 3352 2690 σκότος
3394 2625 3490 2680 καὶ
3517 2624 3702 2696 δεσμά

2096 2723 2194 2779 καὶ
2234 2722 2452 2795 σκώληξ
2493 2720 2853 2794 άτελεύτητος
2876 2738 2892 2752 ο
2922 2721 2985 2776 66
3026 2719 3203 2774 ταῦτα
3243 2719 3300 2773 δὲ
3347 2718 3509 2791 μόνον
3550 2735 3701 2791 παρ-

2099 2814 2330 2886 ίστησιν,
2366 2816 2512 2887 άπερ
2558 2813 2804 2887 εἴρηται,
2832 2813 2948 2868 ἀλλ’
2975 2813 3140 2887 ἕτερα
3164 2813 3547 2885 χαλεπώτερα.
3584 2812 3704 2866 Καὶ

2095 2907 2184 2963 ἵνα
2227 2908 2445 2981 μάθῃς,
2491 2906 2697 2971 εὐθέως
2736 2905 2899 2960 τοῦτο
2940 2905 3221 2978 σκόπησον
3267 2904 3506 2977 πρῶτον.
3556 2903 3700 2958 Εἰπὲ

2093 3001 2225 3069 γάρ,
2253 3000 2302 3052 εἰ
2332 2996 2445 3070 πῦρ
2470 2998 2590 3051 ἐστι
2613 3037 2629 3064 ,
2660 2996 2780 3061 πῶς
2812 2997 2910 3051 καὶ
2955 2997 3148 3062 σκότος
3180 2996 3328 3051 ἐστίν
3355 3014 3371 3062 ;
3410 2997 3583 3068 Ὁρᾷς
3609 2997 3696 3051 ὅτι

2093 3088 2472 3163 χαλεπώτερον
2496 3089 2691 3144 τούτου
2720 3089 2783 3144 τὸ
2803 3087 2916 3163 πῦρ
2950 3091 3129 3145 έκεῖνο
3152 3108 3168 3157 ;
3190 3089 3252 3144 66
3274 3088 3386 3160 γὰρ
3412 3088 3527 3160 έχει
3548 3088 3695 3158 φῶς.

2092 3180 2158 3234 Εἰ
2186 3181 2295 3254 πῦρ
2334 3184 2472 3246 ἐστι,
2508 3182 2627 3247 πῶς
2666 3182 2754 3239 ἀεὶ
2803 3182 3102 3241 κατακαίει
3134 3200 3149 3249 ;
3192 3184 3358 3255 Ὁρᾷς
3399 3183 3483 3237 ὅτι
3529 3181 3698 3254 χαλε-

2093 3271 2340 3345 πώτερον
2377 3273 2571 3328 τούτου
2616 3274 2919 3345 τυγχάνει;
2963 3273 3027 3329 o6
3067 3275 3178 3347 γὰρ
3223 3274 3512 3330 σϐέννυται
3550 3291 3566 3307 ο
3602 3274 3695 3328 διὰ

2091 3363 2203 3434 γάρ
2221 3364 2378 3419 τοῦτο
2397 3363 2657 3421 ἄσϐεστον
2677 3365 2918 3436 λέγεται.
2949 3367 3330 3439 Ἐννοήσωμεν
3356 3366 3543 3422 τοίνυν
3562 3366 3695 3421 ὅσον

2093 3454 2211 3509 ἐστὶ
2235 3456 2405 3510 κακὸν
2428 3457 2830 3514 κατακαίεσθαι
2858 3443 3174 3526 διαπαντὸς,
3211 3460 3306 3514 καὶ
3330 3461 3390 3514 ὲν
3415 3459 3595 3531 σκότῳ
3614 3454 3698 3515 εἰ·

2093 3562 2223 3613 ναι,
2256 3547 2351 3601 καὶ
2379 3548 2550 3619 μυρία
2577 3548 2858 3621 οἰμώζειν,
2891 3551 2987 3605 καὶ
3028 3550 3254 3623 βρύχειν
3289 3551 3416 3612 τοὺς
3444 3552 3688 3618 όδόντας,

2093 3638 2190 3692 καὶ
2222 3639 2356 3710 μηδὲ
2384 3639 2700 3695 ἀκούεσθαι.
2733 3643 2796 3696 El
2825 3643 2935 3713 γὰρ
2959 3644 3041 3707 εἰς
3069 3643 3444 3716 δεσμωτήριόν
3465 3660 3550 3706 τις
3582 3644 3689 3714 εμ-

2093 3729 2313 3801 ϐληθεὶς
2341 3730 2573 3785 ἐνταῦθα
2588 3732 2696 3785 τῶν
2723 3733 2959 3802 εὐγενῶς
2972 3733 3393 3808 τεθραμμένων,
3421 3736 3523 3808 τὴν
3554 3736 3687 3793 δυσ-

2090 3823 2253 3877 ωδίαν
2290 3823 2471 3894 μόνον,
2503 3824 2599 3878 καὶ
2637 3825 2700 3879 τὸ
2755 3826 2814 3878 ἐν
2846 3826 3025 3899 σκότῳ
3053 3828 3289 3895 κεῖσθαι,
3319 3830 3415 3882 καὶ
3446 3829 3507 3882 τὸ
3542 3828 3689 3896 μετά

2090 3914 2430 3985 ἀνδροφόνων
2470 3914 2718 3970 δεδέσθαι
2743 3956 2758 3980 ,
2794 3916 2997 3980 παντὸς
3035 3917 3266 3972 θανάτου
3301 3915 3688 3989 χαλεπώτερον

2090 4002 2232 4060 εἷναί
2260 4024 2427 4078 φησιν
2455 4030 2472 4045 ο
2515 4007 2768 4077 ἐννόησον
2808 4008 2862 4061 τί
2891 4009 3063 4073 ἐστιν,
3104 4010 3234 4064 ὅταν
3267 4010 3409 4081 μετά
3446 4011 3558 4065 τῶν
3584 4009 3686 4081 τῆς

2090 4096 2418 4168 οἰκουμένης
2438 4097 2786 4168 ἀνδροφόνων
2808 4098 3262 4172 κατακαιώμεθα,
3286 4102 3427 4171 μήτε
3445 4100 3686 4173 δρῶντες

2093 4187 2233 4257 μήτε
2279 4184 2546 4258 ὁρώμενοι
2571 4226 2586 4249 ,
2622 4187 2738 4241 ἀλλ’
2764 4189 2822 4242 ὲν
2868 4187 3067 4260 πλήθει
3096 4191 3338 4262 τοσούτῳ
3369 4190 3684 4261 νομίζοντες

2091 4274 2232 4333 εἶναι
2284 4277 2459 4350 μόνοι.
2505 4278 2581 4332 Τὸ
2626 4278 2737 4350 γὰρ
2781 4279 2974 4344 σκότος
3024 4282 3119 4334 καὶ
3165 4281 3227 4334 τὸ
3278 4281 3533 4352 ἀλαμπὲς
3582 4283 3685 4336 οὐκ

2088 4369 2315 4440 ἀφίησιν
2341 4368 2461 4423 6666
2498 4368 2626 4432 τοὺς
2667 4369 2898 4442 πλησίον
2928 4371 3077 4442 ἡμᾶς
3112 4370 3497 4440 διαγινώσκειν
3522 4385 3538 4402 ⁸
3567 4372 3687 4426 ἀλλ’

2088 4457 2166 4523 ὡς
2197 4459 2357 4530 μόνος
2388 4459 2548 4514 τοῦτο
2570 4459 2798 4531 πάσχων
2830 4461 3064 4525 ἕκαστος
3089 4502 3104 4526 ,
3134 4461 3280 4515 οὕτω
3320 4462 3681 4520 διακείσεται.

2089 4551 2153 4604 Et
2181 4551 2238 4604 66
2273 4552 2464 4616 σκότος
2509 4551 2684 4606 θλίϐει
2713 4552 2837 4607 καθ’
2861 4553 3023 4607 ἑαυτὸ
3053 4554 3155 4618 τάς
3195 4555 3474 4627 ἡμετέρας
3501 4556 3687 4629 ψυχάς

2090 4644 2183 4699 καὶ
2210 4645 2469 4717 θορυϐεῖ·
2504 4646 2557 4699 τί
2595 4645 2748 4701 ἔσται
2795 4648 2927 4720 ἀρα,
2963 4649 3094 4703 ὅταν
3144 4649 3283 4720 μετά
3322 4649 3419 4706 τοῦ
3454 4654 3688 4716 σκότους

2090 4737 2188 4791 καὶ
2212 4736 2398 4792 ὀδύναι
2421 4738 2681 4792 τοσαῦται
2716 4732 2821 4792 ὦσι
2849 4740 2945 4794 καὶ
2975 4741 3297 4814 ὲμπρησμοί
3323 4760 3337 4810 ;
3366 4743 3457 4796 Διὸ
3489 4744 3685 4815 δέομαι

2087 4831 2260 4886 ταῦτα
2287 4832 2580 4897 διαπαντὸς
2611 4833 2868 4905 στρέφειν
2897 4837 3028 4908 παρ’
3050 4837 3286 4903 ἑαυτοῖς,
3320 4837 3416 4891 καὶ
3439 4838 3541 4908 τῆς
3568 4839 3683 4893 ἀπὸ

2085 4927 2194 4982 τῶν
2225 4928 2488 5000 ῥημάτων
2515 4927 2693 4999 λύπης
2731 4931 3021 5002 ἀνέχεσθαι
3047 4972 3061 4993 .
3097 4934 3184 4988 ῖνα
3218 4934 3293 5005 μὴ
3328 4934 3428 5006 τὴν
3450 4935 3541 4989 διὰ
3566 4936 3683 4989 τῶν

2086 5020 2430 5091 πραγμάτων
2447 5022 2835 5095 ὑπομείνωμεν
2857 5042 2910 5078 τι
2918 5025 3150 5096 μωρίαν.
3176 5027 3403 5092 Πάντως
3420 5027 3531 5100 γὰρ
3552 5027 3684 5082 ταῦ-

2083 5127 2154 5166 τα
2188 5111 2366 5166 πάντα
2394 5112 2571 5177 ἐσται,
2608 5116 2703 5169 καὶ
2740 5116 2868 5179 τοὺς
2897 5116 3023 5183 ἀξια
3059 5118 3377 5188 πράξαντας
3420 5118 3531 5173 τῶν
3561 5120 3690 5173 ἐκεῖ

2083 5203 2463 5276 κολαστηρίων
2491 5204 2664 5269 οὐδεὶς
2703 5204 3073 5278 ἐξαιρήσεται,
3116 5208 3178 5261 o6
3224 5208 3429 5279 πατὴρ,
3456 5211 3519 5263 66
3568 5211 3680 5279 μή-

2081 5312 2210 5367 τηρ,
2238 5296 2339 5349 ούκ
2372 5296 2604 5365 ἁδελφὸς
2628 5336 2643 5361 ,
2672 5297 2776 5351 κᾶν
2820 5299 3025 5369 πολλὴν
3051 5301 3367 5372 παρρησίαν
3394 5301 3493 5373 ἔχῃ
3517 5343 3532 5365 ,
3570 5303 3677 5356 κᾶν

2084 5387 2297 5459 μεγάλα
2344 5388 2502 5461 ἰσχύῃ
2553 5389 2692 5461 πρὸς
2741 5389 2835 5444 τὸν
2879 5391 3034 5445 Θεόν.
3080 5392 3371 5461 ’.ἁδελφὸς
3435 5394 3545 5463 γάρ
3597 5396 3673 5447 οὐ

2079 5477 2432 5548 λυτροῦτηι,
2485 5481 2657 5551 φησί’
2701 5483 3067 5551 λυτρώσεται
3106 5484 3415 5552 ἅνθρωπος
3438 5499 3459 5547 ;
3502 5484 3674 5548 Αὐτὸς

2082 5568 2195 5642 [12]
2228 5571 2336 5642 γάρ
2379 5573 2532 5624 ἐστιν
2579 5573 2608 5624 6
2653 5572 2935 5635 ἀποδιδοὺς
2964 5575 3198 5644 ’έκάστῳ
3227 5576 3367 5629 κατά
3416 5574 3486 5628 τά
3530 5574 3674 5645 ἔργα

2079 5659 2243 5713 αὐτοῦ
2272 5702 2287 5725 ,
2320 5662 2413 5714 καὶ
2456 5660 2564 5716 ἀπὸ
2602 5661 2807 5716 τούτων
2852 5662 2947 5717 καὶ
2989 5663 3227 5735 σωθῆναι
3260 5664 3340 5721 ἔνι
3384 5663 3476 5725 καὶ
3507 5662 3673 5723 uol-Ia

2085 5753 2297 5824 σθῆναι.
