3956 6138
341 380 408 436 rt
1126 339 1132 343 ’
1201 369 1264 426 IN
1305 365 1519 425 EPIST.
1572 367 1662 422 an
1703 359 2062 421 HEBRIEUS.
2107 364 2256 422 car.
2302 365 2342 421 ι.
2387 361 2632 421 noun..-
2659 363 2700 419 t.
3535 366 3603 422 ts

345 473 418 524 sit
447 468 758 523 honoratior
797 477 850 524 et
890 468 1220 540 splendidior
1252 487 1267 524 :
1301 472 1370 524 ita
1417 471 1503 526 hic
1541 487 1751 541 quoque
1783 472 1918 524 Pau-

346 562 450 629 lus,
478 579 596 617 cum
620 563 771 628 dicit,
806 561 966 616 Tanto
992 565 1169 617 melior
1194 566 1387 634 angelis
1409 566 1592 633 factus,
1625 566 1723 619 hoc
1755 566 1922 636 signi.

343 655 485 719 ficat,
515 653 657 723 quod
683 653 907 724 probior
930 663 984 709 et
1011 655 1337 725 prmclarior,
1367 667 1558 726 quanto
1599 657 1921 712 excellentius

341 762 450 815 pro:
486 746 590 799 illis
617 762 802 799 nomen
829 747 1144 799 hereditarit.
1180 745 1339 800 Vides
1376 745 1517 816 quod
1558 747 1732 815 agitur
1760 746 1827 800 de
1854 760 1920 799 eo

339 835 482 906 quod
528 837 759 906 pertinet
801 836 866 890 ad
908 837 1163 891 carnem?
1209 836 1307 891 hue
1346 838 1487 891 enim
1536 852 1750 902 nomen,
1786 837 1922 890 Deus

340 926 602 993 Verbum,
634 942 849 997 semper
876 927 1082 993 habuit,
1114 942 1218 982 non
1259 939 1439 998 postea
1475 929 1678 999 accepit
1707 928 1920 983 heredi-

342 1019 559 1082 tarium;
584 1034 757 1088 neque
781 1028 907 1072 tunc
934 1018 1124 1072 melior
1152 1020 1355 1089 angelis
1381 1019 1551 1074 factus
1573 1029 1677 1086 est,
1708 1019 1922 1088 quando

342 1109 466 1164 fecit
512 1109 881 1177 purgationem
926 1117 1236 1162 nostrorum
1282 1117 1646 1178 peccatorum,
1685 1108 1781 1162 sed
1825 1109 1920 1162 fuit

340 1215 553 1270 semper
583 1200 794 1260 melior,
826 1209 880 1253 et
905 1199 1092 1252 melior
1131 1199 1640 1268 incomparabiliter.
1679 1199 1781 1254 Sed
1821 1197 1920 1252 hoc

341 1291 540 1346 dictum
585 1301 671 1344 est
711 1298 970 1358 quantum
1017 1289 1084 1343 ad
1132 1304 1348 1343 carnem
1381 1289 1593 1344 attinet.
1635 1290 1723 1344 Sic
1765 1291 1919 1343 nobis

339 1395 552 1451 quoque
581 1395 698 1434 mos
719 1389 822 1443 est,
848 1394 968 1432 cum
1000 1380 1266 1448 loquimur
1291 1378 1356 1434 de
1384 1378 1708 1446 ltouiinibus,
1735 1387 1788 1434 et
1811 1379 1917 1432 alta

339 1485 394 1528 et
437 1473 657 1527 humilia
695 1472 890 1526 dicere.
925 1471 1054 1525 Nam
1085 1471 1300 1542 quando
1332 1470 1582 1536 dicimus,
1621 1470 1794 1524 llomo
1834 1471 1918 1522 ui-

342 1565 464 1629 hili,
487 1566 646 1618 homo
674 1573 830 1625 terra,
859 1561 1021 1615 homo
1049 1563 1205 1626 cinis,
1233 1562 1300 1615 ab
1321 1577 1386 1616 eo
1407 1560 1546 1631 quod
1572 1570 1652 1616 est
1682 1559 1918 1615 deterius

340 1665 514 1710 totum
549 1667 833 1717 vocamus;
878 1653 1092 1722 quando
1123 1663 1300 1708 autem
1331 1653 1577 1717 dicimus,
1611 1651 1917 1706 lmmortale

337 1748 539 1801 animal
583 1746 764 1811 homo,
797 1745 1127 1800 rationabilis
1165 1754 1221 1800 et
1249 1755 1506 1814 cognatus
1531 1759 1912 1814 supernorum,

337 1842 412 1896 ab
462 1856 528 1896 eo
583 1839 722 1909 quod
790 1847 875 1894 est
938 1839 1132 1892 melius
1184 1853 1370 1892 rursus
1415 1848 1580 1891 totum
1639 1852 1912 1892 vocamus.

339 1933 418 1986 Ita
461 1934 618 1986 etiam
673 1933 738 1986 de
790 1930 1038 1994 Christo,
1095 1930 1380 2000 aliquando
1453 1929 1669 1999 quidem
1727 1945 1792 1983 ex
1849 1945 1915 1983 eo

335 2023 482 2092 quod
518 2031 600 2077 est
641 2024 850 2089 minus,
925 2020 1216 2090 aliquando
1285 2028 1462 2074 autem
1519 2035 1587 2074 ex
1648 2036 1712 2074 eo
1772 2019 1912 2088 quod

334 2125 420 2169 est
485 2115 674 2170 meiius
757 2113 989 2182 loquitur
1058 2112 1286 2177 Paulus,
1346 2120 1400 2166 ct
1460 2111 1911 2180 dispensationem

336 2204 523 2258 Valens
547 2205 896 2271 constituere,
926 2212 978 2259 et
1008 2203 1201 2259 docere
1229 2203 1297 2259 de
1323 2212 1508 2257 natura
1542 2204 1593 2258 iu
1621 2219 1778 2274 quam
1807 2219 1912 2258 non

331 2297 480 2352 cadit
505 2297 772 2351 interitus.

402 2388 456 2442 5.
487 2384 790 2440 Exhortatio
813 2387 880 2441 ad
915 2387 1252 2441 innocentiam
1275 2386 1594 2440 servandam.
1636 2384 1912 2439 Maledicta

329 2476 384 2531 ξπ
413 2473 703 2537 proximum
732 2485 935 2542 quanta'
961 2493 1120 2544 pwua:
1140 2478 1375 2531 obnoxio.
1403 2504 1474 2516 —-
1494 2477 1753 2546 Quoniam
1783 2491 1910 2546 ergo

331 2571 679 2630 peccatorum
704 2574 1009 2620 nostrorum
1035 2567 1158 2622 fecit
1188 2569 1574 2638 purgationem,
1601 2583 1912 2623 maneamus

329 2653 451 2722 puri
489 2663 547 2708 et
595 2655 814 2722 mundi,
846 2657 1041 2711 nullam
1087 2661 1440 2728 suscipiamus
1485 2661 1778 2726 maculam;
1818 2659 1910 2714 sed

327 2761 493 2816 quam
525 2747 687 2803 nobis
713 2748 902 2804 indidit
941 2750 1388 2820 pulchritudinem
1420 2761 1473 2806 et
1497 2752 1748 2807 decorem
1780 2768 1913 2806 con-

325 2849 613 2893 servemus
657 2839 990 2909 impollntum
1033 2851 1086 2898 et
1136 2844 1389 2898 mundum
1417 2885 1432 2907 ,
1465 2845 1668 2898 nullam
1697 2845 1912 2899 sordem

327 2925 624 2983 habentem
651 2970 667 2994 ,
699 2939 793 2984 aut
817 2946 1025 3002 rugam,
1051 2942 1143 2987 aut
1171 2933 1369 3004 aliquid
1401 2933 1686 3004 ejusmodi.
1713 2935 1911 2990 Sordes

324 3017 472 3070 enim
491 3029 618 3074 sunt
633 3027 688 3074 et
706 3035 832 3090 ruga
850 3023 1009 3077 etiam
1029 3039 1186 3092 parva
1206 3039 1362 3094 pecca
1372 3032 1442 3089 ta,
1465 3034 1520 3078 ut
1548 3025 1910 3087 maledictum,

325 3108 657 3164 contumelia
689 3151 704 3175 ,
738 3112 1075 3166 mendacium
1123 3130 1136 3166 :
1182 3115 1290 3168 imo
1337 3129 1464 3166 vero
1497 3131 1561 3167 ne
1589 3130 1649 3168 ea
1698 3115 1908 3184 quidem

323 3207 455 3252 sunt
485 3214 652 3267 parva
681 3241 698 3266 ,
728 3201 822 3256 sed
851 3210 907 3257 et
933 3202 1086 3257 valde
1113 3218 1300 3273 magna
1324 3243 1338 3270 ,
1367 3203 1501 3258 adeo
1531 3220 1587 3257 Ut
1615 3205 1774 3258 etiam
1804 3205 1912 3274 pri-

323 3300 458 3344 vent
487 3307 656 3361 regno
694 3294 970 3348 ctelorum.
1023 3294 1336 3362 Quomodo?
1360 3295 1458 3362 Qui
1493 3295 1709 3350 fratrem
1753 3312 1906 3350 suum

324 3392 489 3435 vocat
525 3382 728 3436 fatuum
754 3425 768 3448 ,
802 3394 883 3438 est
909 3385 1173 3440 obnoxius
1197 3426 1211 3449 ,
1241 3385 1444 3454 inquit,
1486 3385 1748 3455 gebennm
1777 3386 1912 3456 ignis

326 3475 347 3543 (
381 3474 570 3526 Matth.
609 3475 661 3530 5.
693 3474 765 3528 22
791 3475 831 3546 ).
863 3477 915 3530 Si
946 3486 1124 3531 autem
1174 3477 1262 3546 qui
1295 3486 1448 3531 vocat
1497 3478 1694 3531 fatuum
1722 3518 1738 3544 ,
1772 3478 1911 3547 quod

327 3565 543 3618 videtur
568 3570 808 3619 omnium
852 3583 973 3622 esse
1005 3568 1334 3622 levissimum
1363 3577 1416 3622 et
1463 3567 1610 3622 lusus
1641 3570 1862 3638 puerilis
1892 3586 1908 3632 ;

323 3657 423 3724 qui
451 3666 603 3710 vocat
651 3658 942 3724 malignum
983 3666 1035 3712 et
1086 3657 1382 3712 maleficum
1415 3669 1468 3712 et
1495 3658 1727 3712 invidum
1755 3669 1807 3712 et
1834 3658 1914 3712 in-

323 3748 754 3802 numerabilibus
784 3749 903 3802 aliis
949 3749 1162 3819 probris
1210 3750 1444 3818 appetit,
1480 3764 1613 3817 quas
1647 3766 1752 3804 non
1805 3750 1913 3804 luet

323 3853 526 3910 poenas
574 3841 980 3910 castigationis?
1011 3841 1137 3910 quid
1184 3851 1264 3894 est
1309 3842 1407 3895 hoc
1438 3841 1780 3896 horribilius?
1809 3841 1911 3897 Sed

321 3931 595 3984 sostinete
642 3946 824 4000 qttmso
853 3930 993 4000 quod
1021 3933 1155 3984 dico.
1188 3931 1244 3986 Si
1274 3931 1414 3986 enim
1460 3933 1547 4001 qui
1576 3931 1700 3985 facit
1730 3932 1817 3985 uni
1847 3948 1912 3987 ex

321 4022 572 4075 minimis
594 4063 608 4088 ,
634 4024 731 4091 ipsi
764 4023 908 4087 facit,
940 4032 993 4077 et
1027 4023 1114 4092 qui
1144 4037 1248 4076 non
1284 4022 1410 4076 facit
1439 4023 1526 4076 ttni
1560 4039 1624 4076 ex
1653 4023 1910 4089 minimis,

321 4115 434 4184 ipsi
461 4130 563 4168 non
593 4114 713 4169 facit
738 4115 954 4185 (.lfattlt.
975 4116 1066 4169 2‘5.
1091 4113 1308 4180 40.45);
1338 4113 1605 4184 quomodo
1635 4131 1740 4168 non
1773 4114 1911 4168 idem

322 4206 491 4259 estin
519 4207 676 4260 laude
697 4217 751 4260 et
774 4207 1199 4275 vituperatione?
1221 4207 1316 4273 Qui
1345 4208 1484 4260 enim
1518 4206 1734 4260 fratrem
1759 4222 1911 4259 sumn

325 4298 658 4352 contumelia
708 4299 916 4363 allicit,
951 4299 1117 4352 Deum
1152 4299 1314 4351 allicit
1345 4298 1696 4362 contumelia;
1728 4310 1779 4351 et
1823 4296 1912 4367 qui

320 4389 554 4446 fratrem
583 4406 738 4446 suum
786 4390 1046 4453 honorat,
1076 4390 1303 4444 honorat
1335 4391 1520 4444 Deum.

403 4505 461 4557 4.
509 4505 830 4559 Erud'amus
859 4521 986 4575 ergo
1015 4505 1270 4573 linguam,
1303 4511 1361 4557 ut
1389 4503 1670 4557 benedicat
1695 4513 1747 4557 et
1776 4502 1911 4558 bona

317 4595 501 4650 verba
533 4596 758 4650 efferat:
789 4595 1059 4665 Compesce
1082 4597 1224 4651 enim
1244 4637 1258 4662 ,
1295 4596 1492 4664 inquit,
1525 4595 1746 4663 linguam
1775 4605 1912 4648 luant

318 4706 352 4738 η
379 4688 526 4739 man
554 4686 723 4758 (Paul.
746 4689 836 4743 55.
862 4688 974 4756 Η).
993 4687 1108 4741 Non
1128 4687 1267 4740 enim
1298 4685 1418 4739 ideo
1440 4701 1556 4740 eam
1585 4685 1729 4739 dedit
1753 4685 1912 4753 Deus,

316 4788 381 4829 ut
413 4777 717 4832 maledictis
743 4789 798 4834 et
826 4781 1166 4834 contumeliis
1196 4792 1532 4850 appetamus,
1565 4795 1622 4836 ut
1648 4799 1748 4838 nos
1775 4785 1911 4838 invi-

311 4885 454 4924 cem
502 4871 920 4937 calumniemur;
969 4874 1062 4928 sed
1104 4883 1156 4927 ut
1204 4876 1370 4928 Deum
1418 4876 1736 4941 laudemus,
1771 4886 1913 4931 utea

311 4965 617 5034 loquamur
653 4981 773 5034 qua:
802 4965 930 5020 dant
957 4971 1182 5036 gratiam
1227 4968 1587 5034 audientibus,
1644 4986 1762 5038 qum
1793 4980 1915 5025 sunt

309 5054 389 5106 ad
420 5054 837 5110 aedificationem
863 5099 876 5121 ,
903 5074 1021 5127 qua:
1051 5067 1175 5112 sunt
1219 5058 1282 5111 ad
1317 5060 1614 5112 utilitatem.
1639 5059 1918 5112 Maledirto

309 5148 637 5216 quempiam
664 5164 721 5202 es
751 5149 1080 5205 insectatus?
1106 5151 1230 5218 quid
1265 5152 1485 5204 lucraris
1511 5193 1524 5215 ,
1553 5152 1640 5220 qui
1688 5152 1916 5219 teipsum

309 5252 546 5305 quoque
575 5253 692 5292 cum
722 5239 814 5311 illo
834 5239 1029 5293 damno
1059 5241 1334 5309 implicas?
1362 5257 1420 5295 ea
1445 5258 1509 5295 eo
1532 5243 1670 5296 enim
1704 5258 1761 5297 es
1788 5258 1917 5296 con-

310 5338 592 5395 sequutus
622 5338 677 5382 ut
704 5331 970 5398 reputcris
1004 5331 1316 5385 maledicus.
1344 5332 1555 5386 Nullum
1589 5332 1764 5396 enim,
1801 5333 1921 5386 nul-

310 5418 438 5470 lum
479 5427 559 5470 est
585 5421 781 5473 malum
808 5420 945 5490 quod
974 5435 1032 5475 se
1061 5423 1213 5475 sistat
1237 5423 1300 5475 ad
1335 5423 1477 5475 illum
1504 5439 1669 5490 usque
1704 5424 1788 5491 qui
1822 5439 1916 5491 pa-

310 5506 490 5569 titur,
524 5507 610 5561 sed
639 5525 760 5562 eum
782 5525 990 5578 quoque
1026 5510 1112 5578 qui
1153 5509 1276 5564 facit
1301 5511 1707 5580 comprehendit
1733 5532 1744 5563 :
1771 5513 1915 5565 verbi

309 5615 523 5659 causa,
544 5600 745 5654 imidus
770 5601 976 5656 videtur
997 5603 1207 5672 quidem
1231 5605 1378 5658 alteri
1411 5605 1665 5669 insidiari,
1691 5606 1800 5673 ipse
1823 5621 1918 5657 au-

313 5701 435 5744 tem
475 5689 623 5756 prior
651 5691 878 5748 fructum
907 5695 1097 5762 accipit
1129 5696 1359 5762 peccati,
1391 5705 1444 5749 ut
1471 5699 1555 5764 qui
1588 5696 1821 5749 tabescat
1866 5705 1919 5748 et

310 5792 709 5850 corrumpatur
732 5827 744 5850 ,
791 5794 845 5840 et
874 5785 940 5838 ab
968 5786 1213 5839 omnibus
1242 5785 1363 5839 odio
1394 5785 1665 5840 habeatur.
1714 5788 1915 5838 Avarus

2010 471 2169 521 alium
2197 470 2362 537 privat
2388 470 2653 538 pecuniis,
2688 467 2780 522 sed
2810 467 2910 521 sibi
2941 461 3151 537 quoque
3173 466 3340 521 aufert
3361 466 3586 523 aliorum

2010 562 2280 624 amorem;
2317 560 2424 614 imo
2451 560 2614 614 efficit
2642 571 2695 614 ut
2741 576 2926 615 onmes
2954 576 3074 615 eum
3121 560 3419 615 maledictis
3444 560 3590 615 iuse-

2011 661 2241 705 ctentur.
2267 651 2364 705 Est
2391 660 2569 706 autem
2600 653 2737 706 bona
2765 653 2899 705 fama
2929 653 3082 719 longe
3106 652 3295 706 melior
3319 652 3585 721 pecuniis:

2013 758 2135 795 nam
2169 742 2312 796 illam
2342 743 2554 812 quidem
2588 759 2691 797 non
2718 753 2798 797 est
2826 744 2977 798 facile
3005 745 3332 814 ahstergere,
3365 744 3460 798 has
3487 759 3586 798 au-

2015 845 2116 888 tem
2147 834 2301 889 facile
2327 845 2409 889 est
2452 837 2696 889 amittere
2739 854 2752 889 :
2801 845 2959 903 atque
2987 836 3118 889 adeo
3143 877 3158 902 ,
3188 836 3329 905 quod
3357 844 3438 890 est
3468 851 3585 890 am-

2014 926 2188 994 plius,
2234 923 2338 978 illae
2366 923 2579 994 quidem
2611 925 2655 979 si
2706 938 2812 979 non
2842 925 3013 979 adsint
3038 968 3050 989 ,
3082 928 3213 980 nihil
3243 928 3440 981 lardunt
3466 943 3586 982 eum

2013 1017 2100 1085 qui
2132 1031 2235 1070 non
2264 1016 2450 1080 habet;
2484 1018 2598 1070 hare
2627 1024 2802 1069 autem
2833 1016 2876 1068 si
2909 1032 3015 1068 non
3043 1017 3182 1071 adsit
3208 1060 3220 1080 ,
3247 1018 3412 1072 efficit
3437 1026 3494 1070 ut
3522 1019 3592 1071 sit

2015 1107 2305 1176 probrosus
2329 1118 2383 1162 et
2413 1107 2666 1161 ridiculus
2687 1147 2700 1172 ,
2733 1108 3084 1178 omnibusque
3131 1109 3300 1164 hostis
3329 1121 3382 1163 et
3412 1111 3593 1164 inimi-

2015 1213 2130 1252 cus.
2161 1199 2448 1253 Iracundus
2473 1213 2658 1252 rursus
2687 1199 2834 1268 prius
2877 1199 3110 1268 seipsum
3155 1203 3355 1255 cruciat
3383 1241 3396 1264 ,
3425 1216 3481 1255 se
3511 1201 3592 1254 la-

2016 1291 2170 1343 nians
2200 1305 2261 1343 ac
2291 1289 2600 1357 discerpeus
2624 1330 2640 1357 ,
2685 1300 2739 1344 et
2770 1297 2895 1344 tunc
2926 1291 3070 1344 illum
3099 1293 3181 1343 cui
3208 1291 3481 1345 irascitur.
3515 1291 3591 1344 Ita

2017 1380 2310 1434 maledicus
2337 1395 2394 1434 se
2423 1381 2652 1450 priorem
2694 1382 2890 1450 probro
2917 1389 2970 1434 et
3009 1382 3276 1436 dedecore
3301 1381 3466 1438 afficit
3494 1423 3507 1445 ,
3540 1392 3594 1435 et

2022 1479 2146 1525 tunc
2173 1485 2294 1526 eum
2322 1485 2479 1540 quem
2509 1470 2795 1524 maledicto
2823 1472 3024 1539 appetit
3048 1488 3060 1522 :
3092 1482 3183 1524 aut
3230 1489 3296 1525 ne
3337 1471 3437 1523 hoc
3463 1473 3585 1540 qui-

2019 1562 2139 1617 dem
2167 1562 2300 1616 forte
2329 1569 2503 1632 potest
2528 1581 2540 1615 :
2573 1561 2667 1617 sed
2698 1561 2807 1616 abit
2837 1562 2950 1632 ipse
2979 1563 3191 1631 quidem
3223 1605 3236 1628 ,
3266 1571 3452 1615 nat-tus
3483 1565 3594 1616 exi-

2026 1661 2386 1715 stimationem
2408 1659 2654 1714 scelerati
2677 1668 2730 1713 et
2754 1659 3064 1714 exsecrandi
3097 1658 3346 1723 hominis,
3374 1658 3459 1712 ille
3483 1672 3613 1712 vero

2024 1762 2081 1806 ut
2103 1754 2275 1824 magis
2296 1764 2505 1807 ametur
2522 1751 2782 1810 efficiens.
2795 1752 3018 1821 Quando
3040 1753 3181 1807 enim
3206 1753 3342 1807 male
3363 1752 3607 1816 audiens,

2022 1860 2125 1896 non
2156 1860 2249 1912 par
2275 1844 2389 1914 pari
2420 1843 2582 1898 refert
2603 1887 2615 1907 ,
2647 1845 2739 1898 sed
2773 1845 2958 1900 laudat
2986 1855 3040 1899 et
3064 1845 3380 1909 admiratur,
3414 1862 3518 1899 non
3543 1845 3610 1899 ilo

2019 1935 2129 1988 lum
2160 1934 2372 2000 laudat,
2407 1935 2499 1989 sed
2529 1935 2785 2004 seipsum.
2832 1934 2962 1989 Nam
2991 1936 3129 1990 sicut
3155 1977 3168 2001 ,
3199 1945 3258 1990 ut
3289 1937 3433 2005 prius
3460 1935 3565 1988 dixi
3591 1976 3608 2001 ,

2019 2041 2142 2097 qua:
2181 2027 2232 2080 in
2262 2027 2532 2096 proximos
2564 2036 2882 2096 torquentur
2910 2027 3194 2081 maledicta
3217 2069 3230 2090 ,
3262 2043 3324 2081 ea
3356 2028 3500 2096 prius
3526 2035 3610 2081 at-

2024 2116 2235 2188 tingunt
2280 2134 2373 2174 eos
2419 2121 2505 2190 qui
2554 2121 2915 2176 insidiantur:
2953 2123 3020 2175 ita
3051 2123 3212 2176 etiam
3245 2139 3363 2191 qua:
3391 2121 3442 2176 in
3475 2137 3607 2190 pro-

2023 2208 2250 2279 pinquos
2285 2211 2635 2266 conferuntur
2663 2212 2801 2267 bona
2829 2254 2844 2278 ,
2879 2229 2973 2269 cos
3005 2214 3096 2282 qui
3139 2224 3433 2284 operantur
3462 2215 3608 2282 prius

2022 2298 2294 2355 delectant
2345 2311 2396 2355 et
2438 2303 2634 2372 gaudio
2672 2303 2931 2358 afficiunt.
2966 2305 3097 2358 Nam
3129 2306 3216 2372 qui
3247 2305 3442 2358 bonum
3472 2305 3610 2373 parit

2025 2403 2072 2445 et
2107 2393 2338 2454 malum,
2373 2409 2438 2447 eo
2485 2396 2678 2448 merito
2735 2396 2883 2464 prior
2927 2396 3040 2464 ipse
3078 2394 3270 2449 fruitur
3317 2412 3330 2447 :
3377 2405 3431 2448 ct
3473 2395 3609 2448 sicut

2023 2497 2159 2552 aqua
2189 2493 2242 2539 et
2285 2484 2423 2539 salsa
2451 2494 2502 2540 et
2536 2487 2785 2555 potabilis
2819 2502 2944 2542 vasa
2976 2487 3163 2558 implet
3194 2501 3379 2542 eorum
3413 2485 3499 2555 qui
3532 2485 3609 2538 af—

2022 2571 2242 2641 ferunt,
2276 2591 2337 2630 ac
2381 2575 2581 2632 fontem
2623 2594 2726 2633 non
2761 2579 2948 2633 minuit
2975 2594 3040 2634 ex
3072 2594 3179 2648 quo
3223 2587 3436 2632 emanat
3476 2596 3488 2630 :
3539 2579 3607 2630 ita

2023 2667 2183 2719 etiam
2214 2676 2266 2721 et
2294 2668 2480 2722 vitium
2510 2679 2563 2724 et
2595 2671 2762 2724 virtus
2791 2671 2939 2725 illum
2969 2670 3110 2725 unde
3139 2671 3248 2724 exit
3275 2680 3328 2725 et
3357 2670 3605 2734 delectat,

2022 2767 2078 2812 et
2105 2758 2299 2826 perdit.
2335 2758 2403 2813 Et
2429 2759 2544 2815 lucc
2573 2762 2788 2831 quidem
2817 2763 2901 2816 hic
2929 2763 2998 2817 ita
3031 2762 3250 2818 habent.

2095 2846 2388 2917 lnferorum
2417 2866 2590 2919 petite.
2621 2882 2689 2890 —
2710 2851 2840 2919 Qute
2859 2862 3035 2907 autem
3065 2853 3170 2908 illic
3191 2861 3335 2918 sunt,
3364 2868 3607 2924 qua‘nam

2023 2940 2306 3008 explicabit
2331 2941 2541 2996 dicendi
2565 2942 2807 3008 facultas,
2836 2944 2923 2998 vel
2948 2943 3084 2998 bona
3109 2945 3193 2999 vel
3223 2945 3404 2999 mala?
3433 2945 3609 2999 Nulla.

2030 3030 2160 3084 Nam
2195 3031 2328 3086 bona
2364 3034 2576 3102 quidem
2607 3036 2686 3088 vel
2713 3051 2925 3090 omnem
2961 3045 3285 3106 exsuperant
3316 3036 3609 3105 intelligi-n-

2026 3123 2193 3189 tiam,
2237 3121 2435 3180 nedum
2474 3126 2808 3190 orationem;
2857 3128 2996 3180 mla
3059 3136 3236 3180 autem
3290 3126 3431 3181 dicta
3486 3127 3605 3195 qui-

2024 3212 2148 3268 dem
2192 3223 2316 3268 sunt
2355 3217 2660 3272 nominibus
2687 3218 2880 3288 quibus
2905 3220 3275 3273 assuevimus:
3307 3235 3426 3272 nam
3460 3220 3564 3273 illic
3592 3258 3611 3282 ν

2029 3307 2195 3377 inquit
2224 3348 2240 3373 ,
2269 3318 2348 3363 est
2380 3310 2515 3379 ignis
2541 3319 2596 3365 et
2628 3311 2860 3366 tenebrat
2887 3321 2938 3366 et
2966 3312 3176 3366 vincula
3210 3323 3261 3366 et
3296 3313 3492 3366 vermis
3518 3313 3608 3381 qui

2026 3413 2130 3453 non
2154 3399 2349 3454 desinit
2375 3417 2390 3466 ;
2425 3417 2601 3471 neque
2631 3403 2742 3456 lucc
2789 3403 2959 3456 solum
3008 3402 3296 3458 ostendunt
3323 3419 3440 3472 quze
3466 3403 3607 3455 dicta

2029 3501 2173 3555 sunt,
2199 3491 2290 3546 sed
2323 3493 2423 3546 alia
2455 3494 2718 3562 graviora.
2754 3494 2820 3548 Et
2841 3505 2898 3548 ut
2926 3495 3209 3563 intelligas,
3241 3495 3343 3548 hoe
3372 3496 3602 3563 primum

2026 3583 2204 3638 statim
2228 3583 2531 3638 considera.
2567 3584 2696 3637 Nam
2725 3585 2766 3638 si
2796 3595 2877 3639 est
2904 3586 3060 3655 ignis,
3086 3585 3354 3655 quomodo
3385 3595 3509 3638 sunt
3535 3595 3614 3638 te-

2030 3673 2252 3727 llel‘tl)?
2292 3673 2451 3728 Vides
2492 3675 2632 3745 quod
2685 3677 2771 3729 ille
2803 3675 2940 3744 ignis
2982 3676 3050 3729 sit
3094 3676 3194 3729 hoc
3220 3677 3478 3745 gravior?
3504 3692 3613 3728 non

2029 3762 2190 3818 habet
2210 3765 2350 3817 enim
2375 3764 2569 3818 lucem.
2597 3765 2650 3818 Si
2673 3776 2754 3818 est
2779 3765 2934 3833 ignis,
2956 3766 3224 3833 quomodo
3251 3781 3464 3832 semper
3481 3765 3613 3818 urit?

2030 3855 2188 3910 Vides
2221 3856 2362 3926 quod
2392 3855 2494 3912 hoc
2535 3857 2656 3925 igne
2703 3857 2774 3910 sit
2801 3856 3049 3926 gravior?
3095 3871 3200 3910 non
3233 3858 3375 3910 enim
3402 3858 3611 3910 exstin-

2022 3950 2204 4016 guitur
2234 3966 2246 4001 :
2279 3965 2400 4003 nam
2449 3960 2736 4018 propterea
2766 3949 2964 4004 dicitur
2995 3949 3476 4018 inexstinguibilis.
3504 3951 3610 4005 Co-

2024 4045 2256 4113 gitemus
2295 4058 2424 4112 ergo
2469 4052 2727 4113 quantum
2756 4044 2825 4098 sit
2853 4042 3052 4097 malum
3101 4043 3179 4096 uri
3227 4053 3489 4113 perpetuo
3513 4087 3527 4108 ,
3557 4053 3614 4098 et

2026 4149 2146 4189 esse
2174 4135 2224 4188 in
2256 4135 2513 4200 tenebris,
2546 4144 2601 4190 et
2627 4136 3044 4190 innumerabiles
3071 4137 3316 4190 emittere
3347 4136 3612 4204 ejulatus,

2026 4234 2080 4279 et
2120 4227 2345 4282 stridere
2373 4227 2624 4281 dentibus
2647 4270 2659 4290 ,
2687 4237 2739 4282 et
2768 4244 2834 4282 ne
2860 4228 3030 4282 audiri
3063 4228 3298 4296 quidem.
3334 4229 3386 4283 Si
3434 4231 3574 4282 enim
3595 4272 3612 4295 ,

2023 4331 2144 4368 cum
2175 4319 2294 4384 quis
2319 4333 2381 4370 ex
2417 4319 2482 4370 iis
2512 4320 2601 4385 qui
2646 4317 2939 4371 liberaliter
2980 4329 3103 4370 sunt
3145 4317 3391 4383 educati,
3425 4317 3511 4371 hic
3543 4317 3597 4371 in

2020 4421 2290 4460 carcerem
2313 4408 2562 4474 injectus,
2597 4407 2844 4463 faetorem
2868 4407 3064 4470 solum,
3091 4418 3139 4461 ct
3167 4408 3346 4476 jacere
3379 4410 3428 4462 in
3461 4417 3603 4463 teneo

2020 4495 2131 4550 bris
2152 4508 2204 4550 et
2230 4499 2280 4552 in
2311 4499 2535 4553 vincul‘s
2566 4515 2682 4553 esse
2717 4516 2839 4552 cum
2867 4499 3150 4553 homicidis
3170 4540 3183 4562 ,
3215 4501 3399 4569 quatis
3428 4510 3602 4553 morte

2018 4586 2142 4640 dicit
2173 4603 2291 4642 esse
2337 4590 2547 4658 gravius
2589 4590 2808 4658 :cogita
2853 4591 2979 4659 quid
3028 4593 3095 4644 sit
3142 4591 3356 4659 quando
3395 4590 3604 4644 urimur

2017 4693 2137 4732 cum
2179 4680 2337 4748 hujus
2365 4683 2511 4736 orbis
2543 4691 2698 4737 terra:
2727 4683 3008 4738 homicidis
3030 4727 3042 4746 ,
3074 4695 3128 4738 et
3156 4700 3328 4754 neque
3355 4685 3604 4739 videmus

2018 4786 2117 4824 nec
2167 4773 2450 4837 videmur,
2481 4773 2574 4828 sed
2625 4775 2674 4827 in
2729 4783 2872 4828 tanta
2920 4775 3259 4829 multitudine
3305 4776 3453 4831 sv-los
3478 4791 3602 4831 esse

2018 4863 2405 4918 existimamus.
2433 4865 2560 4918 Nam
2585 4867 2822 4920 tanebrre
2851 4879 2902 4920 et
2931 4868 3061 4921 lucis
3080 4868 3321 4922 defectus
3349 4884 3457 4922 non
3483 4886 3602 4938 per-

2018 4956 2178 5010 mittit
2207 4966 2261 5010 ut
2291 4959 2373 5012 vel
2401 4973 2494 5012 eos
2531 4961 2619 5028 qui
2653 4976 2819 5029 prope
2861 4969 2986 5014 sunt
3039 4960 3448 5024 discernamus;
3502 4963 3603 5016 sed

2019 5053 2382 5121 unusquisque
2407 5053 2474 5105 ita
2500 5053 2604 5107 erit
2635 5054 2874 5116 affectus,
2910 5064 3176 5123 tamquam
3205 5055 3350 5107 solus
3377 5054 3476 5108 hoc
3506 5070 3600 5123 pa-

2021 5145 2180 5199 tiens.
2214 5146 2267 5200 Si
2320 5157 2497 5200 autem
2541 5158 2756 5200 nostros
2801 5149 3009 5199 animos
3040 5165 3131 5215 per
3162 5164 3218 5199 se
3267 5156 3512 5214 premunt
3551 5156 3602 5201 et

2020 5237 2341 5290 conturbant
2367 5238 2600 5292 tenebrae
2629 5255 2640 5290 :
2669 5237 2794 5306 quid
2825 5238 2947 5298 erit,
2981 5237 3193 5305 quando
3223 5254 3341 5290 cum
3368 5239 3602 5293 tenebris

2022 5336 2126 5380 tam
2158 5329 2310 5382 multi
2339 5329 2534 5383 fuerint
2569 5330 2785 5384 dolores
2815 5339 2869 5384 et
2893 5328 3373 5398 conﬂagrationes?
3399 5329 3600 5396 Quam-

2021 5422 2204 5475 obrem
2233 5438 2364 5490 rogo
2391 5431 2446 5474 ut
2471 5423 2587 5476 lucc
2611 5423 2749 5492 ιψυιι
2794 5438 2891 5475 nos
2923 5431 3180 5491 perpetuo
3206 5437 3482 5475 versemus
3504 5461 3520 5488 ,
3551 5431 3604 5476 et

2023 5530 2139 5580 quze
2169 5531 2196 5567 a
2221 5516 2398 5569 verbis
2444 5515 2661 5569 affertur
2706 5516 3004 5569 molestiam
3052 5515 3344 5569 toleremus
3369 5557 3384 5579 ,
3415 5530 3481 5569 ne
3513 5516 3602 5584 qui

2025 5621 2118 5672 per
2151 5622 2234 5659 res
2258 5607 2398 5674 ipsas
2432 5608 2720 5675 suscipitur
2750 5608 3046 5660 cruciatum
3073 5608 3352 5674 patiamur.
3375 5605 3606 5661 Omnino

2022 5700 2161 5750 enim
2191 5710 2348 5750 erunt
2371 5700 2483 5752 ha-e
2512 5700 2710 5759 omnia,
2734 5708 2894 5752 cteos
2917 5700 3006 5769 qui
3037 5699 3228 5768 injusta
3254 5700 3602 5762 lldllllSt'l‘llltl,

2027 5793 2196 5844 nullus
2233 5793 2374 5846 illiue
2403 5794 2621 5860 eximet,
2657 5807 2759 5845 non
2793 5802 2962 5863 pater,
2997 5811 3099 5848 non
3141 5804 3330 5861 mater,
3366 5808 3470 5847 non
3497 5793 3607 5847 iraa
