3956 6138
354 297 418 349 ta
1055 287 1108 344 s.
1143 285 1418 344 JOANNIS
1455 278 1928 340 CIIRYSOSTOMI
1969 281 2285 337 ARCIIIEP.
2325 256 2858 342 coxsranrtxor.
3551 289 3622 348 αλδ

349 417 466 468 ter;
495 399 704 457 etiamsi
739 387 958 454 multam
989 393 1235 450 fiduciam
1263 391 1456 446 haheat
1477 433 1492 455 ,
1515 398 1569 445 et
1593 401 1781 458 magna
1812 399 1932 453 pos—

353 499 422 551 sit
469 494 608 564 apud
643 494 810 547 Deum
855 506 869 543 :
915 487 1099 542 Frater
1125 485 1266 540 enim
1297 500 1397 537 non
1440 481 1645 540 redimit
1678 521 1693 545 ,
1725 480 1936 532 redimet

356 593 505 643 tiotno
535 585 711 655 (Psal.
747 583 834 638 t8.
866 581 965 651 8)?
997 579 1114 649 Ipse
1144 577 1287 633 enim
1311 585 1394 631 est
1419 574 1509 644 qui
1535 572 1712 628 reddit
1735 571 1940 626 unicui-

357 698 458 749 que
487 677 776 732 secundum
800 687 963 743 opera
991 684 1087 724 sua
1110 707 1126 737 ,
1157 678 1212 724 et
1238 684 1304 723 ex
1334 667 1401 722 iis
1422 667 1548 720 licet
1577 673 1626 720 et
1654 661 1856 719 servari
1886 669 1942 716 et

359 770 557 840 puniri.

433 860 770 927 Elecmosyna
815 851 1218 908 commendatur.
1254 878 1326 890 —
1355 848 1532 902 Facite
1576 846 1712 901 vobis
1757 845 1945 898 amicos

361 972 423 1008 ea:
471 967 704 1006 mmnona
746 946 1028 1016 iniquitatis
1079 941 1256 1015 (Luc.
1300 942 1387 996 16.
1435 940 1538 1010 9).
1577 937 1946 1006 Obsequamur

363 1061 526 1114 ergo;
561 1037 896 1096 Dominicum
928 1035 1073 1091 enim
1117 1042 1202 1088 est
1245 1031 1554 1087 mandatum
1597 1046 1609 1082 :
1653 1025 1951 1097 superfluas

365 1135 621 1207 pecunias
659 1132 710 1185 in
743 1142 945 1199 egenos
974 1138 1325 1196 spargamns:
1360 1121 1616 1176 faciamus
1646 1119 1950 1187 elecmosy-

370 1244 489 1281 nam
517 1267 530 1287 ,
556 1224 728 1278 donec
756 1233 1075 1291 possumus;
1111 1216 1212 1270 hoc
1257 1223 1340 1270 est
1378 1213 1520 1268 enim
1549 1211 1751 1265 amicos
1777 1208 1953 1263 facere

370 1339 433 1375 ex
480 1330 724 1372 tuamona
767 1311 1092 1383 iniquitatis:
1124 1306 1373 1378 pecunias
1399 1306 1451 1358 in
1475 1317 1672 1373 egenos
1709 1298 1955 1355 effunda-

373 1417 519 1470 mus,
630 1415 683 1458 ut
713 1405 862 1458 illiilli
895 1405 1072 1471 ignem
1118 1398 1525 1477 exinaniamus.
1557 1394 1829 1477 ut_iP-“_""
1853 1405 1960 1477 ff‘

377 1467 744 1558 stinguamus,
776 1496 834 1540 ut
861 1467 970 1538 illic
993 1483 1286 1536 habeamus
1310 1475 1582 1530 fiduciam.
1609 1470 1822 1525 Etenim
1853 1467 1964 1520 illic

379 1599 484 1636 non
518 1589 642 1633 sunt
668 1578 752 1632 isti
783 1576 870 1647 qui
902 1590 1000 1628 nos
1036 1571 1339 1640 suscipiunt
1365 1608 1379 1631 ,
1408 1565 1501 1620 sed
1534 1571 1776 1617 nostrum
1806 1574 1962 1647 opus.

379 1671 532 1739 Quod
576 1671 716 1726 enim
747 1646 849 1724 non
892 1665 1136 1720 absolute
1183 1659 1322 1732 quod
1366 1659 1520 1713 nobis
1549 1656 1658 1709 sint
1684 1652 1880 1715 amici,
1909 1646 1964 1705 id

381 1780 478 1819 nos
504 1763 673 1834 possit
697 1773 911 1814 servare
930 1799 944 1821 ,
972 1756 1117 1810 disce
1144 1769 1206 1809 ex
1241 1751 1628 1806 additamenta.
1670 1744 1777 1799 Cur
1821 1740 1964 1834 enim

385 1831 690 1918 nouvdixit,
740 1850 922 1907 Facite
951 1847 1100 1902 vobis
1126 1847 1328 1899 amicos
1373 1850 1432 1896 ut
1479 1853 1574 1894 vos
1617 1835 1883 1904 excipiant
1913 1831 1966 1884 in

381 1946 601 2003 :elcrnis
628 1944 738 1997 suis
772 1939 1150 2004 tabernaculis,
1178 1935 1272 1990 sed
1304 1933 1518 1988 modum
1541 1930 1699 1985 etiam
1731 1921 1965 1993 adjecit?

385 2057 506 2094 cum
537 2039 681 2094 enim
709 2035 970 2100 dixisset,
1001 2030 1085 2084 Ea:
1129 2043 1366 2083 mamona
1415 2021 1697 2091 iniquitatis
1717 2061 1732 2084 ,
1781 2025 1966 2072 osten-

385 2133 461 2188 dit
492 2129 635 2201 quod
682 2145 746 2183 ex
793 2125 1036 2197 pecuniis
1061 2120 1315 2175 convenit
1360 2131 1455 2171 eos
1504 2114 1684 2201 facere,
1728 2109 1968 2201 amicos,

387 2195 694 2294 significans
721 2195 862 2289 quod
895 2215 1007 2271 sola
1037 2227 1134 2268 nos
1170 2225 1278 2266 non
1305 2205 1558 2263 defendet
1585 2200 1839 2264 amicitia,
1869 2195 1975 2252 nisi

2057 382 2348 439 habeamus
2376 385 2514 442 bona
2545 403 2704 458 opera
2734 431 2748 454 ,
2783 390 2884 444 nisi
2913 390 3110 460 injuste
3137 391 3399 447 collectas
3426 392 3643 448 divitias

2048 476 2192 545 juste
2221 476 2580 535 ell'undamus.
2631 482 2741 537 lloc
2787 494 2964 539 autem
3009 487 3150 556 quod
3183 486 3250 540 de
3295 487 3642 557 eleemosyua

2051 568 2314 636 dicimus,
2368 586 2472 626 non
2515 573 2686 627 solum
2719 577 3002 640 conveniet
3041 576 3326 642 divitibus,
3356 578 3450 631 sed
3481 580 3640 632 etiam

2053 653 2397 730 pauperibus.
2432 663 2495 717 Et
2520 666 2564 718 si
2596 669 2713 736 quis
2742 669 2811 721 sit
2837 668 2928 737 qui
2953 669 3306 724 mendicando
3335 671 3508 724 alatur
3529 710 3544 733 ,
3573 670 3642 724 ad

2051 767 2173 808 eum
2227 769 2440 825 quoque
2488 757 2603 811 lucc
2653 758 2900 828 dirigitur
2929 761 3140 815 oratio:
3175 777 3333 815 nemo
3375 770 3457 815 est
3497 762 3640 816 enim

2047 845 2184 900 adeo
2216 861 2452 917 pauper,
2493 850 2594 904 etsi
2623 849 2692 903 sit
2719 850 2871 906 valde
2908 866 3114 923 pauper
3138 896 3151 920 ,
3175 855 3264 923 qui
3308 869 3412 907 non
3445 853 3641 908 habeat

2062 937 2169 989 duo
2200 937 2423 990 minuta.
2464 935 2612 990 Licet
2642 951 2770 1006 ergo
2821 936 2900 989 vel
2932 951 2996 990 cx
3044 941 3225 1003 paucis
3265 953 3431 1008 pauca
3457 941 3609 994 danti
3636 980 3654 1011 ,

2063 1043 2318 1097 superare
2394 1042 2487 1082 eos
2537 1027 2624 1097 qui
2679 1028 2828 1097 plura
2885 1027 3225 1097 possidentes
3283 1030 3430 1100 plura
3486 1030 3655 1100 dant,

2061 1121 2202 1174 sicut
2251 1120 2342 1175 illa
2392 1120 2571 1175 vidua.
2615 1119 2729 1174 Non
2759 1119 2904 1175 enim
2949 1134 3017 1174 ex
3048 1134 3236 1175 eorum
3284 1136 3402 1192 qu:e
3455 1123 3654 1178 dantur

2061 1226 2313 1267 mensura
2335 1255 2352 1278 ,
2381 1211 2476 1267 sed
2509 1227 2574 1266 ex
2602 1211 2652 1266 vi
2695 1219 2752 1267 et
2789 1219 3054 1280 potestate
3097 1221 3150 1267 et
3193 1227 3378 1268 eorum
3405 1215 3494 1285 qui
3525 1215 3658 1270 dant

2061 1304 2308 1358 instituto
2336 1311 2392 1358 et
2433 1311 2679 1373 prompta
2721 1302 2998 1357 voluntate
3036 1301 3307 1372 judicatur
3344 1305 3656 1374 magnitudo

2061 1395 2445 1467 cleemosynzc.
2482 1395 2665 1463 Itaque
2707 1394 2903 1463 ubique
2933 1396 3178 1450 instituto
3208 1410 3344 1466 opus
3369 1405 3454 1451 est
3483 1406 3539 1452 et
3585 1398 3656 1452 li—

2063 1486 2188 1542 bera
2223 1496 2574 1557 promptaque
2595 1485 2895 1551 voluntate;
2920 1486 3119 1557 ubique
3142 1487 3192 1540 in
3213 1488 3378 1541 Deum
3405 1489 3654 1545 caritate.

2060 1576 2116 1632 Si
2149 1592 2271 1632 cum
2303 1592 2366 1632 ea
2413 1577 2590 1632 omnia
2622 1592 2843 1646 agamus
2869 1619 2882 1643 ,
2917 1579 3128 1633 etiamsi
3175 1594 3343 1648 pauca
3391 1580 3656 1636 habentes

2063 1683 2230 1737 pauca
2261 1668 2574 1723 dederimus
2603 1709 2617 1733 ,
2652 1667 2842 1722 faciem
2887 1684 3040 1722 suam
3075 1668 3217 1723 Deus
3263 1685 3369 1724 non
3403 1681 3654 1736 avertet,

2062 1758 2156 1814 sed
2189 1759 2416 1829 accipiet
2447 1771 2714 1828 tamquam
2745 1774 2935 1829 magna
2962 1771 3015 1814 et
3045 1759 3379 1815 admiranda.
3411 1763 3657 1819 Attendit

2061 1854 2208 1908 enim
2239 1853 2463 1906 liberam
2495 1862 2549 1908 et
2595 1862 2896 1922 promptam
2929 1853 3094 1907 animi
3145 1854 3472 1909 voluntatem
3500 1896 3514 1919 ,
3546 1872 3655 1910 non

2063 1961 2123 2001 ea
2158 1961 2276 2014 qua:
2304 1945 2536 1999 dantur:
2565 1953 2619 1998 et
2645 1944 2690 1999 si
2722 1945 2866 1999 illam
2895 1943 3089 1999 viderit
3127 1960 3248 2002 esse
3285 1962 3530 2017 magnam
3557 1990 3571 2016 ,
3606 1950 3658 2004 ei

2064 2050 2220 2090 suum
2252 2035 2353 2090 fert
2379 2035 2686 2105 suifragium
2725 2044 2778 2090 et
2799 2035 3058 2103 judicium
3078 2075 3093 2103 ,
3124 2045 3178 2090 et
3204 2046 3529 2093 aeternorum
3560 2041 3662 2094 bo-

2066 2141 2257 2181 norum
2310 2125 2439 2180 facit
2484 2125 2811 2196 participes:
2840 2141 2958 2196 quae
3005 2127 3165 2184 detur
3204 2130 3453 2186 omnibus
3497 2131 3659 2188 nobis

2065 2217 2276 2286 assequi
2301 2257 2314 2285 ,
2351 2217 2520 2286 gratia
2549 2226 2602 2272 et
2631 2215 2976 2286 benignitate.

1828 2555 2174 2617 HOMILIA
2214 2554 2294 2613 ll.

374 2705 500 2759 Car.
551 2705 598 2758 Ι.
645 2719 697 2756 v.
746 2704 798 2756 5.
847 2701 950 2770 Qui
981 2716 1096 2758 cum
1120 2711 1185 2755 stt
1212 2700 1454 2771 splendor
1484 2701 1680 2772 glorite,
1721 2709 1768 2756 et
1793 2701 1962 2770 ﬁgura

442 2798 738 2852 substantia:
759 2799 890 2869 ejus,
912 2808 1230 2868 portamque
1247 2797 1418 2851 omnia
1437 2797 1584 2850 verba
1613 2795 1809 2850 virtutis
1829 2811 1955 2862 suat,

447 2908 538 2960 per
566 2891 889 2961 semetipsum
915 2890 1268 2961 purgationem
1305 2897 1631 2959 peccatorum
1672 2899 1959 2943 nostrorum

444 2984 656 3054 faciens.

443 3078 496 3131 1.
541 3074 618 3129 De
655 3073 763 3128 Deo
803 3090 956 3144 quam
985 3083 1264 3129 reverenter
1304 3072 1407 3128 sive
1447 3073 1586 3143 loqui
1629 3075 1732 3128 sive
1778 3073 1960 3127 audire

372 3167 663 3221 debeamus.
692 3195 763 3206 —
797 3166 1001 3236 Ubique
1030 3166 1247 3236 quidem
1283 3166 1364 3235 pia
1403 3176 1455 3219 et
1494 3165 1744 3235 religiosa
1777 3173 1956 3219 mente

371 3270 453 3316 est
478 3274 630 3330 opus.
663 3260 902 3313 maxime
930 3266 1108 3313 autem
1136 3258 1350 3326 quando
1371 3257 1437 3311 tle
1470 3257 1577 3311 Deo
1598 3255 1794 3327 aliquid
1824 3256 1957 3311 dici-

372 3367 492 3405 mus
518 3361 574 3405 et
597 3350 844 3405 audimus
876 3365 890 3402 :
922 3365 1042 3404 nam
1074 3365 1245 3418 neque
1272 3349 1449 3418 lingua
1473 3349 1636 3418 loqui,
1666 3363 1840 3419 neque
1861 3365 1957 3403 au-

370 3444 444 3495 ris
483 3441 679 3511 aliquid
729 3441 917 3495 audire
963 3441 1030 3494 de
1079 3441 1186 3495 Deo
1228 3450 1400 3510 potest
1443 3457 1539 3510 pro
1569 3440 1866 3511 dignitate:
1900 3449 1956 3496 et

369 3536 493 3604 quid
522 3535 641 3590 dico
682 3535 913 3604 linguam
941 3544 996 3590 et
1023 3536 1248 3590 aurem?
1278 3551 1448 3606 neque
1479 3537 1620 3591 enim
1653 3553 1802 3592 meus
1833 3551 1954 3606 quae

370 3628 483 3682 h:ec
511 3628 667 3698 longe
687 3637 927 3698 superat,
965 3639 1140 3697 potest
1167 3628 1363 3698 aliquid
1392 3639 1577 3683 exacte
1599 3627 1952 3698 comprehen-

367 3719 518 3784 dere,
550 3721 764 3790 quando
794 3721 861 3774 de
889 3721 999 3774 Deo
1030 3721 1278 3775 volumus
1299 3720 1498 3791 aliquid
1527 3721 1724 3791 eloqui.
1754 3720 1884 3775 Nam
1905 3719 1950 3774 si

366 3825 466 3877 pax
499 3811 589 3865 Dei
617 3821 906 3879 exsuperat
938 3825 1154 3865 omnem
1187 3819 1440 3876 mentem,
1472 3821 1526 3866 et
1555 3827 1674 3880 quae
1706 3820 1830 3865 sunt
1860 3825 1952 3876 pa-

367 3911 478 3955 rata
510 3901 574 3955 iis
600 3901 691 3970 qui
721 3901 892 3968 ipsum
914 3898 1160 3967 diligunt,
1187 3897 1238 3950 in
1261 3911 1352 3952 c0r
1370 3898 1600 3951 hominis
1624 3912 1729 3952 non
1756 3913 1946 3952 ascen-

365 3995 596 4047 derunt:
630 3992 796 4044 multo
828 3991 997 4059 magis
1029 3990 1142 4059 ipse
1178 3990 1319 4044 Deus
1363 3990 1507 4059 pacis
1527 4031 1542 4056 ,
1573 3990 1945 4044 universorum

365 4086 552 4156 Opifex
575 4127 590 4151 ,
623 4096 859 4139 nostram
893 4093 1179 4154 exsuperat
1220 4086 1502 4140 rationem.
1552 4084 1778 4152 Oportet
1826 4099 1953 4153 ergo

366 4181 543 4235 omnia
576 4179 852 4245 suscipere
883 4192 1003 4231 cum
1034 4177 1135 4231 fide
1171 4186 1224 4232 et
1253 4179 1488 4246 pietate;
1522 4184 1574 4230 et
1602 4177 1815 4246 quando
1849 4176 1952 4229 im-

366 4271 560 4327 becilla
590 4269 748 4324 fuerit
774 4271 932 4335 ratio,
967 4279 1025 4322 ut
1054 4284 1162 4323 non
1195 4269 1363 4338 possit
1393 4275 1582 4322 exacte
1611 4275 1665 4322 et
1705 4278 1955 4322 accurate

366 4363 643 4432 explicare
691 4369 746 4416 et
797 4361 1084 4416 ostendere
1124 4375 1245 4428 qua:
1296 4359 1564 4423 dicuntur,
1616 4367 1742 4412 tunc
1786 4359 1956 4429 magis

369 4457 536 4510 Deum
565 4453 866 4522 gloriﬁcare
886 4495 901 4519 ,
931 4451 1074 4522 quod
1106 4452 1264 4505 talem
1308 4450 1598 4505 habeamus
1628 4448 1797 4504 Deum
1820 4491 1834 4515 ,
1863 4450 1954 4518 qui

367 4554 605 4600 mentem
649 4552 886 4598 nostram
927 4548 1148 4611 superat
1189 4549 1245 4595 et
1292 4539 1731 4608 intelligentiam.
1758 4545 1944 4602 Multa1

367 4637 509 4692 enim
537 4653 602 4691 ex
635 4635 721 4700 iis,
752 4651 873 4705 qua:
899 4634 966 4689 de
995 4635 1103 4688 Deo
1129 4642 1311 4687 mente
1343 4644 1638 4695 versamus,
1670 4644 1737 4684 ne
1765 4644 1956 4700 possu-

367 4743 486 4784 mus
527 4726 745 4798 quidem
769 4726 946 4796 eloqui
979 4742 992 4778 :
1022 4733 1114 4779 aut
1140 4724 1307 4778 multa
1337 4721 1657 4791 eloquimur,
1699 4734 1803 4774 non
1832 4735 1956 4789 pos-

373 4832 562 4872 sumus
599 4825 776 4870 autem
825 4815 1125 4884 intelligere
1159 4810 1348 4866 :vcrhi
1379 4810 1584 4878 gratia,
1629 4805 1770 4878 quod
1815 4807 1954 4860 Deus

374 4911 572 4980 ubique
607 4911 679 4963 sit
700 4909 900 4963 scimus
925 4923 939 4970 ;
968 4902 1238 4974 quomodo
1268 4912 1446 4955 autem
1469 4940 1483 4964 ,
1513 4916 1619 4953 non
1651 4899 1833 4969 utique
1873 4897 1955 4951 in-

381 5003 671 5073 telligimus
703 5018 718 5055 :
749 4999 894 5071 quod
939 4999 1010 5053 sit
1045 4997 1129 5051 vis
1169 4995 1410 5065 quandam
1456 4993 1764 5062 incorporea
1786 5031 1802 5059 ,
1845 5005 1960 5046 om-

377 5093 522 5146 nium
564 5091 825 5146 bonorum
868 5103 1049 5154 causa,
1097 5087 1328 5152 scimus;
1366 5084 1636 5155 quomodo
1663 5092 1840 5138 autem
1868 5082 1956 5148 sit,

375 5191 465 5235 aut
503 5196 749 5251 quamam
781 5181 850 5235 sit
879 5179 1169 5234 nescimus.
1204 5176 1342 5231 Ecce
1368 5176 1593 5230 dicimus
1613 5216 1627 5242 ,
1665 5184 1718 5229 et
1747 5189 1852 5227 non
1882 5173 1962 5227 in-

375 5271 688 5342 telligimus.
722 5271 834 5326 Dixi
875 5284 996 5326 esse
1027 5269 1220 5339 ubique
1241 5309 1255 5332 ,
1287 5267 1380 5323 sed
1410 5281 1514 5322 non
1553 5265 1822 5338 intelligo;
1850 5266 1959 5320 dixi

378 5372 500 5418 esse
529 5363 645 5418 sine
678 5361 939 5431 principio
961 5401 977 5426 ,
1022 5369 1077 5414 et
1117 5374 1220 5413 non
1254 5357 1518 5428 intelligo;
1561 5357 1667 5412 dixi
1708 5357 1962 5427 genuisse

387 5467 440 5508 3x
468 5455 668 5524 seipse,
698 5463 753 5508 et
778 5453 958 5507 nescio
978 5450 1244 5522 quomodo
1271 5465 1452 5506 rursus
1475 5448 1786 5519 intelligam.
1823 5447 1960 5502 Sunt

382 5561 508 5615 ergo
560 5546 804 5616 quaedam
855 5562 974 5616 qua:
1024 5559 1125 5601 nec
1173 5544 1276 5601 dici
1321 5552 1546 5617 possunt
1579 5561 1593 5598 :
1626 5551 1685 5597 ut
1730 5541 1961 5608 exempli

439 5699 539 5768 [in
561 5697 838 5768 L‘olhertino
863 5707 968 5768 post
994 5701 1189 5755 allatum
1215 5703 1483 5768 Scriptura:
1507 5713 1656 5768 sacrm
1681 5698 1841 5748 locum
1880 5699 1966 5768 ho-

376 5765 506 5830 spitia
542 5765 750 5830 secunda
788 5765 874 5815 hic
907 5767 1098 5830 incipit,
1133 5765 1455 5817 omissis’aiiis
1489 5765 1729 5821 omnibus,
1769 5773 1878 5822 qua:
1920 5765 1965 5806 in

379 5827 522 5878 Edita
549 5828 915 5887 tramittuntur.
974 5883 980 5895 ι

2077 2718 2249 2768 (ausa,
2285 2711 2531 2783 intelligit
2571 2716 2856 2786 cogitatio,
2899 2719 2992 2774 sed
3020 2736 3122 2774 non
3155 2731 3329 2790 potest
3353 2723 3552 2780 dicere.
3588 2726 3662 2782 Et

2068 2805 2124 2846 ut
2157 2798 2295 2853 scias
2327 2801 2544 2856 Paulum
2574 2820 2786 2875 quoque
2823 2823 2943 2862 esse
2987 2809 3335 2879 imbecillum,
3368 2823 3423 2869 et
3464 2830 3658 2871 exem-

2071 2885 2154 2954 pla
2189 2904 2292 2945 non
2325 2904 2512 2949 exacte
2545 2895 2748 2962 dicere,
2787 2907 2844 2952 et
2865 2901 3270 2966 contremiscas,
3306 2918 3479 2973 neque
3511 2904 3659 2960 ultco

2067 2978 2178 3032 rius
2209 2982 2407 3052 aliquid
2440 3001 2672 3054 quaeras,
2701 2988 2824 3042 audi
2855 3008 2867 3042 :
2899 3007 3018 3045 nam
3042 3008 3162 3047 cum
3187 2993 3409 3051 dixisset
3431 2996 3652 3063 Filium,

2065 3073 2417 3144 Opificcmque
2442 3079 2732 3144 posuisset,
2763 3081 2886 3146 quid
2919 3081 3088 3136 dicit?
3118 3084 3214 3150 Qui
3249 3102 3362 3139 cum
3387 3087 3450 3141 sit
3477 3091 3656 3157 spten-

2063 3163 2158 3217 dor
2184 3167 2382 3235 gloriae,
2414 3179 2458 3222 et
2486 3169 2649 3237 ﬁgura
2671 3171 2966 3228 substantia:
2993 3178 3121 3244 ejus.
3155 3176 3269 3233 Hoc
3300 3181 3386 3248 pie
3407 3190 3488 3234 est
3507 3185 3658 3236 acci-

2065 3255 2318 3323 piendum
2341 3300 2354 3321 ,
2386 3269 2440 3313 et
2469 3263 2827 3318 abscindenda
2859 3282 2976 3335 quae
3008 3278 3132 3323 sunt
3170 3271 3422 3328 absurda.
3453 3274 3654 3344 Splen‘

2061 3348 2156 3400 dor
2181 3349 2377 3418 gloria,
2409 3350 2602 3420 inquit.
2638 3354 2745 3410 Sed
2777 3356 2897 3412 vide
2925 3357 2990 3411 ad
3017 3360 3144 3428 quid
3179 3361 3282 3417 hoc
3308 3364 3555 3433 accipiat,
3590 3377 3652 3421 et

2061 3438 2132 3491 ita
2159 3440 2339 3509 accipe
2365 3458 2377 3493 :
2406 3442 2546 3511 quod
2575 3459 2640 3498 ex
2663 3445 2796 3513 ipso,
2823 3448 2963 3517 quod
2995 3448 3377 3518 impatibiliter,
3409 3454 3550 3523 quod
3581 3471 3654 3510 eo

2060 3545 2164 3582 non
2193 3530 2453 3587 diminuto
2485 3549 2584 3588 nec
2614 3535 2807 3592 effecto
2840 3539 3031 3595 minori
3060 3559 3073 3594 :
3101 3545 3352 3611 quoniam
3382 3554 3505 3599 sunt
3534 3547 3656 3616 qui-

2059 3621 2180 3674 dam
2229 3623 2319 3692 qui
2374 3625 2616 3694 quzedam
2673 3627 2900 3683 absurda
2947 3631 3012 3685 ab
3067 3634 3313 3702 exemplo
3353 3635 3649 3705 accipiunt.

2061 3712 2324 3782 Splendor
2353 3717 2492 3770 enim
2515 3759 2530 3784 ,
2563 3717 2805 3788 inquiunt
2830 3761 2841 3782 ,
2886 3737 2989 3775 non
3032 3732 3114 3777 est
3140 3725 3191 3778 in
3219 3740 3279 3779 se
3305 3726 3606 3781 consistens
3632 3768 3648 3792 ,

2061 3804 2152 3858 sed
2185 3806 2323 3874 quod
2356 3806 2422 3860 sit
2453 3807 2611 3863 habet
2640 3809 2688 3862 in
2721 3810 2846 3864 alio.

2133 3895 2365 3950 Marcelli
2419 3908 2466 3951 et
2523 3898 2734 3953 l‘ltotini
2764 3902 2986 3956 haeresis.
3032 3904 3222 3958 Contra
3271 3907 3554 3963 Sabellium
3597 3919 3652 3964 et

2059 3986 2257 4041 Arium.
2289 4017 2357 4027 —
2384 3988 2463 4042 Ne
2499 3988 2599 4042 hoc
2628 4005 2754 4061 ergo
2780 3993 3031 4060 accipias,
3074 4010 3108 4050 ο
3148 3995 3330 4061 homo,
3360 4014 3534 4068 neque
3562 4000 3649 4054 la-

2058 4076 2215 4132 bores
2245 4081 2433 4134 morbo
2461 4081 2692 4136 Marcelli
2732 4095 2785 4138 et
2823 4084 3056 4141 Pbotiui.
3093 4089 3131 4142 E
3175 4091 3473 4160 prepinquo
3497 4094 3648 4147 enim

2058 4169 2150 4222 tibi
2186 4170 2452 4237 medetur,
2505 4189 2569 4226 ne
2619 4173 2668 4226 in
2721 4175 2870 4229 illum
2917 4179 3204 4248 cogitatum
3255 4182 3494 4248 incidas;
3541 4201 3649 4239 nec

2058 4262 2320 4329 permittit
2365 4273 2423 4316 ut
2470 4263 2769 4320 deturbcris
2817 4269 2868 4321 in
2900 4272 3256 4339 perniciosum
3304 4276 3451 4329 illum
3493 4292 3646 4330 mor-

2057 4353 2204 4404 bum.
2249 4352 2385 4418 Quid
2431 4366 2607 4410 autem
2640 4355 2806 4411 dicit?
2836 4357 2905 4411 Et
2948 4362 3112 4432 ﬁgura
3154 4365 3446 4420 substantia:
3493 4369 3648 4437 ejus;

2054 4442 2330 4498 declarans
2385 4446 2547 4514 quod,
2602 4447 2740 4503 sicut
2793 4450 2906 4519 ipse
2953 4455 3022 4506 sit
3072 4456 3123 4508 in
3175 4454 3448 4527 hypostasi
3504 4473 3641 4526 sua,

2057 4534 2252 4588 nullius
2296 4535 2538 4607 indigens
2571 4555 2584 4591 :
2617 4540 2685 4593 ita
2715 4540 2874 4595 etiam
2907 4542 3092 4600 Filius.
3123 4546 3220 4602 llic
3250 4550 3392 4603 enim
3425 4549 3528 4604 hoc
3557 4551 3647 4603 di-

2053 4625 2144 4687 cit,
2169 4626 2457 4682 ostendens
2487 4645 2591 4683 non
2620 4646 2740 4686 esse
2771 4631 3131 4689 diversitatem
3163 4653 3259 4693 nec
3282 4639 3446 4694 ullam
3474 4641 3646 4694 dissi-

2057 4710 2432 4780 militudinem,
2479 4723 2534 4768 et
2571 4716 2837 4784 propriam
2869 4731 2988 4772 esse
3025 4717 3245 4788 ﬁguram
3275 4730 3329 4775 et
3353 4722 3642 4776 characte-

2057 4816 2169 4854 rem
2196 4803 2464 4872 prototypi
2494 4819 2588 4859 seu
2618 4806 2956 4875 exemplaris,
2990 4817 3044 4862 et
3074 4810 3214 4879 quod
3245 4826 3339 4880 per
3363 4826 3420 4866 se
3453 4812 3643 4866 consi-

2057 4901 2180 4946 stat.
2223 4893 2354 4949 Nam
2390 4896 2480 4965 qui
2510 4896 2646 4952 dixit
2673 4900 2920 4968 superius
2943 4940 2957 4965 ,
3001 4901 3142 4970 quod
3175 4917 3267 4971 per
3293 4904 3463 4973 ipsum
3497 4904 3644 4960 Deus

2057 4981 2182 5036 fecit
2208 4985 2410 5048 omnia,
2437 4986 2522 5041 hic
2553 4987 2643 5042 dat
2668 4989 2717 5044 ei
2747 4991 3138 5045 auctoritatem.
3170 4992 3306 5060 Quid
3334 4995 3476 5049 enim
3509 4994 3644 5049 sub-

2053 5075 2261 5144 juugit?
2289 5077 2608 5150 Portansque
2635 5082 2805 5135 omnia
2833 5083 2980 5138 verba
3005 5085 3202 5139 virtutis
3225 5101 3360 5151 sum;
3388 5096 3445 5141 ut
3472 5102 3535 5142 ex
3568 5099 3646 5141 eo

2056 5167 2376 5234 accipiamus
2400 5183 2505 5222 non
2533 5169 2704 5224 solum
2738 5170 2960 5241 figuram
2992 5173 3325 5241 substantiae,
3357 5175 3449 5231 sed
3473 5175 3641 5232 etiam

2055 5255 2197 5324 quod
2245 5259 2421 5312 omnia
2463 5260 2729 5329 gubernet
2770 5276 2890 5317 cum
2941 5265 3280 5322 auctoritate.
3329 5265 3461 5322 Vide
3505 5282 3645 5338 ergo

2055 5347 2322 5416 quomodo
2343 5349 2484 5420 quod
2511 5360 2593 5405 est
2619 5353 2893 5423 proprium
2918 5354 3109 5417 Patris,
3141 5353 3241 5408 hoc
3269 5357 3453 5412 tribuit
3476 5355 3643 5412 Filio.

2056 5437 2185 5490 Nam
2216 5449 2493 5507 propterea
2519 5455 2624 5496 non
2651 5442 2786 5496 dixit
2810 5443 3071 5508 absolute,
3105 5444 3422 5516 Portansque
3442 5449 3642 5515 omnia,

2057 5543 2228 5598 neque
2248 5530 2401 5593 dixit.
2433 5530 2638 5587 Virtute
2663 5547 2779 5598 sua,
2807 5534 2923 5600 sed,
2966 5533 3122 5588 Verbo
3149 5536 3342 5591 virtutis
3368 5554 3493 5592 sate.
3515 5538 3646 5594 Sic-

2057 5627 2115 5670 ut
2139 5619 2280 5675 enim
2312 5621 2465 5675 nobis
2494 5637 2663 5692 nuper
2707 5625 2957 5693 paulatim
2994 5626 3315 5681 ascendebat
3336 5638 3388 5683 et
3409 5629 3645 5684 descen-

2057 5710 2219 5765 debat
2251 5731 2264 5766 :
2296 5714 2362 5766 ita
2411 5729 2550 5768 nunc
2579 5731 2790 5784 quoque
2821 5725 3085 5784 tamquam
3117 5717 3371 5785 gradibus
3398 5721 3651 5776 ascendit

2059 5805 2110 5856 in
2154 5805 2352 5875 altum,
2387 5806 2579 5862 deinde
2611 5823 2796 5863 rursus
2825 5807 3073 5864 deorsum
3100 5807 3276 5875 ducit,
3309 5820 3362 5865 et
3389 5813 3496 5880 ait,
3535 5812 3650 5866 Per
