3956 6138
130 143 138 178 l

256 326 308 380 ei
1113 325 1177 382 nt
1219 320 1432 380 EPIST.
1473 321 1564 374 an
1604 314 1960 372 nummos.
2001 317 2150 382 car.
2197 320 2234 372 l.
2276 318 2502 374 unum
2542 317 2606 371 ιι.
3403 318 3472 382 93
3519 367 3522 377 .

246 435 382 489 quem
409 424 518 485 fecit
544 427 591 472 et
620 416 827 472 uacula.
868 417 996 474 Vide
1023 425 1290 488 quomodo
1323 424 1407 475 hic
1437 437 1649 491 quoque
1674 424 1810 478 duas

246 511 461 581 capessit
487 510 618 565 vias.
654 509 851 565 Volens
887 510 1029 565 enim
1071 526 1170 566 nos
1212 512 1477 568 abducere
1523 530 1553 568 a
1593 515 1807 571 Sabellii

246 611 296 654 et
334 601 438 655 Arii
478 600 960 665 innovationibus;
1004 615 1229 670 quorum
1273 602 1408 657 alter
1448 605 1502 658 in
1539 605 1808 675 hypostasi

246 692 493 762 superﬂua
539 693 716 756 tollit,
757 692 895 747 alter
935 708 1063 748 vero
1109 709 1269 747 unam
1301 706 1544 750 naturam
1587 712 1683 766 per
1725 700 1809 752 in-

244 785 585 854 aequalitatem
616 784 839 849 dividit;
872 799 940 839 ex
967 784 1257 839 abundanti
1282 786 1372 840 ille
1401 797 1685 858 utrumque
1711 788 1810 843 de-

241 875 364 942 jicit.
411 873 696 941 Quomodo
739 874 902 943 igitur
949 874 1052 929 hoc
1093 874 1260 929 facit?
1311 876 1578 946 Perpetuo
1625 878 1810 932 eadem

243 973 408 1018 versat
435 973 490 1018 et
513 963 755 1033 loquitur
773 1004 788 1029 ,
816 972 874 1017 ut
898 979 966 1017 ne
996 971 1208 1032 putetur
1235 979 1355 1019 esse
1388 966 1502 1020 sine
1527 965 1812 1036 principio,

243 1056 317 1110 vel
341 1071 368 1109 a
401 1056 510 1110 Deo
538 1056 770 1109 alienus.
800 1055 869 1108 Et
893 1070 961 1109 ne
988 1063 1204 1125 stupeas
1232 1056 1313 1110 his
1338 1056 1552 1124 auditis,
1580 1057 1772 1114 dilecte
1798 1079 1811 1114 :

243 1163 353 1202 nam
378 1149 420 1200 si
447 1149 608 1202 etiam
638 1157 760 1217 post
785 1156 891 1201 tam
919 1149 1084 1202 multa
1114 1135 1433 1203 documenta
1457 1159 1580 1204 sunt
1599 1151 1812 1219 quidam

242 1238 321 1306 qui
350 1237 600 1294 dixerunt
627 1254 749 1293 eum
777 1253 898 1292 esse
923 1238 1176 1304 alienum,
1216 1249 1269 1292 et
1307 1240 1532 1294 alterum
1572 1243 1620 1295 ei
1650 1242 1816 1297 dede-

243 1338 359 1383 runt
384 1340 588 1398 patrem
612 1372 629 1395 ,
663 1330 836 1398 ipsum
867 1344 1078 1398 quoque
1105 1330 1345 1385 dicentes
1369 1347 1490 1386 cum
1522 1348 1588 1386 eo
1619 1333 1816 1390 bellum

241 1436 458 1490 gerere:
482 1422 528 1475 si
547 1437 652 1476 non
674 1423 788 1476 hzec
819 1421 1063 1487 dixisset,
1089 1421 1213 1490 quid
1237 1438 1342 1478 non
1369 1432 1553 1478 essent
1575 1425 1819 1494 loquuti?

242 1513 466 1579 Quando
494 1513 656 1583 igitur
682 1528 900 1568 necesse
942 1513 1102 1568 habet
1137 1513 1220 1566 his
1256 1515 1481 1579 mederi,
1508 1526 1634 1570 tunc
1657 1515 1820 1570 etiam

245 1621 467 1662 necesse
494 1605 652 1660 habet
679 1606 817 1675 loqui
848 1605 1104 1670 humilia;
1130 1614 1186 1658 ut
1209 1606 1358 1671 illud,
1388 1607 1677 1661 Constituit
1697 1623 1818 1662 eum

245 1695 500 1750 heredem
527 1696 894 1749 universorum
920 1735 935 1760 ,
968 1702 1055 1760 et,
1081 1695 1187 1749 Per
1213 1694 1388 1764 ipsum
1430 1695 1556 1749 fecit
1603 1696 1817 1751 saecula.

245 1788 446 1843 Deinde
469 1803 539 1841 ne
578 1797 750 1844 autem
779 1788 939 1851 aliam
977 1796 1179 1857 partem
1209 1785 1404 1852 laedat,
1439 1802 1506 1842 ex
1537 1787 1823 1844 humilibus

244 1879 403 1933 dictis
440 1893 564 1934 eum
591 1893 772 1932 rursus
795 1877 975 1933 evehit
999 1876 1066 1931 ad
1096 1877 1509 1943 auctoritatem;
1547 1887 1603 1932 et
1637 1889 1823 1934 osten-

245 1968 324 2023 dit
349 1983 473 2024 eum
502 1982 621 2023 esse
646 1968 700 2022 in
729 1967 916 2022 eodem
949 1967 1152 2022 honore
1175 1981 1282 2036 quo
1310 1966 1469 2022 Pater
1493 1977 1594 2034 ,et
1615 1967 1750 2023 adeo
1772 1969 1825 2022 in

245 2069 433 2124 eodem
465 2067 706 2132 honore,
753 2076 812 2120 ut
857 2066 1010 2120 multi
1056 2065 1362 2120 existiment
1407 2065 1654 2118 eumdem
1701 2078 1822 2118 esse

251 2159 481 2215 Patrem.
514 2158 648 2213 Vide
675 2169 854 2213 autem
881 2172 1126 2227 magnam
1153 2158 1266 2224 ejus
1293 2155 1625 2225 prudentiam
1651 2173 1665 2210 :
1691 2155 1821 2210 illud

248 2252 395 2320 prius
437 2251 606 2318 ponit,
647 2259 944 2318 exacteque
971 2257 1025 2304 et
1060 2258 1311 2304 accurate
1339 2247 1391 2301 id
1418 2247 1738 2312 conﬁrmat;
1769 2256 1824 2301 et

247 2355 363 2395 cum
394 2339 496 2394 hoc
525 2339 627 2394 fuit
649 2349 948 2404 ostensum,
979 2339 1120 2408 quod
1147 2339 1218 2394 sit
1247 2338 1339 2393 Dei
1366 2337 1535 2393 Filius
1554 2378 1570 2402 ,
1600 2346 1654 2392 et
1679 2336 1821 2407 quod

247 2433 312 2486 ab
340 2433 453 2501 ipso
483 2448 592 2486 non
635 2431 709 2485 sit
747 2429 989 2495 alienus,
1027 2438 1142 2483 tuto
1185 2428 1438 2495 deinceps
1475 2442 1823 2498 quaecumque

246 2521 354 2576 vult
389 2521 496 2575 alta
525 2521 783 2590 loquitur.
811 2518 942 2574 Nam
974 2519 1224 2588 quoniam
1265 2518 1405 2587 quod
1448 2532 1698 2587 magnum
1724 2517 1823 2570 ali-

246 2611 366 2683 quid
395 2611 463 2666 de
502 2626 572 2666 eo
599 2610 818 2673 dixerit,
857 2610 1055 2665 multos
1077 2607 1148 2663 ad
1189 2607 1328 2664 hanc
1355 2607 1574 2664 deduxit
1604 2615 1822 2662 senten-

247 2704 388 2766 tiam,
411 2701 480 2756 de
503 2700 798 2756 humilibus
818 2700 963 2769 prius
982 2700 1254 2770 loquutus,
1283 2708 1409 2754 tunc
1427 2707 1539 2754 tuto
1564 2708 1822 2769 quantum

247 2791 354 2846 vult
381 2792 435 2846 in
471 2792 644 2846 altum
674 2790 954 2860 procedit:
980 2799 1035 2845 et
1068 2805 1192 2846 cum
1221 2789 1464 2856 dixisset,
1505 2789 1667 2856 Quem
1696 2807 1820 2843 con-

247 2885 398 2937 stituit
437 2884 682 2938 heredem
719 2883 1086 2946 universorum,
1120 2890 1176 2938 et
1199 2881 1341 2951 quod
1372 2897 1469 2951 per
1494 2882 1669 2950 ipsum
1700 2882 1824 2938 fecit

245 2976 452 3037 sarcula,
496 2985 631 3030 tunc
661 2974 962 3044 subjungit:
996 2973 1318 3044 Portansque
1343 2974 1515 3028 omnia
1542 2973 1689 3028 verbo
1716 2975 1820 3028 vir-

247 3066 358 3119 tutis
382 3081 511 3122 suae.
547 3064 679 3118 Nam
710 3065 799 3134 qui
831 3063 996 3118 verbo
1025 3064 1143 3118 solo
1171 3063 1435 3133 gubernat
1461 3063 1638 3116 omnia
1663 3103 1680 3128 ,
1712 3079 1822 3120 non

247 3169 370 3224 opus
401 3155 649 3210 habuerit
677 3155 858 3224 aliquo
886 3153 953 3207 ad
982 3153 1162 3208 omnia
1189 3152 1556 3224 producenda.

308 3245 366 3301 2.
402 3245 560 3313 Quod
605 3245 704 3300 hoc
739 3253 915 3299 autem
946 3244 1017 3298 ita
1056 3245 1161 3308 sit,
1188 3243 1310 3298 vide
1339 3243 1609 3313 quomodo
1639 3259 1822 3300 rursus

247 3339 540 3407 procedens
560 3337 653 3392 dat
673 3338 722 3392 ei
745 3337 1136 3402 auctoritatem,
1165 3335 1324 3391 etiam
1354 3335 1504 3402 illud,
1531 3334 1635 3389 Per
1652 3353 1820 3406 quem,

245 3433 503 3490 eximens.
534 3429 671 3487 Nam
700 3430 950 3500 quoniam
997 3443 1094 3498 per
1132 3429 1305 3498 ipsum
1349 3427 1492 3498 quod
1531 3428 1703 3482 voluit
1739 3437 1823 3484 est

244 3532 518 3590 Operatus,
563 3521 633 3576 ab
676 3536 744 3576 eo
788 3520 857 3576 de
897 3529 1094 3584 caetero
1137 3518 1441 3586 discedens,
1487 3519 1611 3588 quid
1651 3519 1822 3575 dicit?

245 3611 396 3668 Initio
427 3625 486 3670 tu
509 3653 526 3679 ,
561 3612 799 3679 Domine,
833 3623 1017 3668 terram
1047 3612 1292 3683 fundasti,
1323 3619 1371 3666 et
1395 3627 1550 3682 opera
1580 3629 1823 3666 manuum

245 3713 440 3758 tuarum
465 3712 585 3758 sunt
613 3704 725 3757 caeli
747 3701 949 3775 _(Hebr.
987 3703 1040 3756 1.
1075 3701 1188 3771 10).
1218 3700 1489 3770 Nusquam
1521 3701 1672 3766 illud,
1719 3701 1824 3756 Per

245 3809 425 3861 quem,
475 3809 654 3863 neque
696 3794 836 3864 quod
876 3809 971 3865 per
1019 3793 1195 3864 ipsum
1243 3792 1370 3847 fecit
1417 3793 1632 3848 saecula.
1680 3793 1821 3860 Quid

245 3885 411 3939 vero?
437 3899 622 3938 annon
649 3885 717 3940 ab
741 3884 858 3955 ipso
886 3886 1022 3947 facta
1051 3883 1218 3939 sunt?
1262 3882 1525 3948 Maxime;
1568 3883 1663 3938 sed
1715 3898 1821 3938 non

244 3974 378 4030 sicut
419 3984 479 4028 tu
508 3973 670 4039 dicis,
703 3991 875 4044 neque
905 3985 961 4029 ut
1004 3983 1058 4028 tu
1089 3973 1402 4044 suSpicaris,
1433 3972 1584 4042 quasi
1611 3989 1708 4045 per
1736 3975 1820 4030 in-

246 4075 602 4122 strumentum
625 4108 642 4133 ,
683 4081 856 4136 neque
897 4075 1165 4136 tamquam
1205 4079 1312 4120 non
1349 4063 1535 4119 luisset
1563 4064 1818 4133 facturus,

245 4158 346 4214 nisi
375 4173 593 4214 manum
621 4158 723 4227 ipsi
754 4157 1071 4227 praebuisset
1094 4156 1271 4212 Pater.
1300 4154 1449 4212 Sicut
1471 4153 1616 4210 enim
1642 4156 1818 4211 nemi-

247 4263 362 4302 nem
384 4249 612 4318 judicat,
635 4256 692 4302 et
717 4247 914 4302 dicitur
934 4245 1181 4317 judicare
1205 4261 1300 4316 per
1330 4243 1519 4310 filium,
1552 4253 1820 4313 quatenus

243 4337 470 4403 iudicem
521 4337 670 4392 illum
720 4337 962 4408 genuit:
1003 4337 1074 4390 ita
1121 4335 1280 4390 etiam
1329 4334 1527 4389 dicitur
1573 4336 1818 4403 operari,

244 4439 505 4497 quatenus
533 4428 722 4500 genuit
765 4427 1030 4497 opiﬁcem.
1077 4425 1135 4481 Si
1183 4427 1325 4480 enim
1373 4425 1532 4480 Pater
1576 4426 1693 4494 ejus
1737 4437 1820 4481 est

247 4535 400 4576 causa
426 4531 478 4578 et
519 4531 728 4584 auctor,
761 4519 930 4574 multo
957 4519 1126 4588 magis
1155 4533 1339 4572 eorum
1371 4533 1490 4586 qua:
1523 4533 1616 4585 per
1645 4518 1817 4586 ipsqu

247 4610 376 4666 facta
406 4622 554 4668 sunt.

312 4702 468 4761 Pauli
494 4707 819 4766 Sarnosateni
843 4714 1064 4769 heresis.
1093 4715 1263 4783 Arius,
1291 4718 1566 4788 Sabellius,
1598 4723 1821 4781 Marcel-

243 4791 320 4847 lus
343 4835 360 4861 ,
405 4796 661 4858 Photinus
705 4813 753 4857 et
805 4805 1037 4860 Marcion
1080 4808 1428 4876 confutantur.
1475 4842 1546 4854 --
1586 4815 1813 4883 Quando

243 4897 368 4978 ergo
395 4890 507 4943 vult
533 4892 842 4959 ostendere,
879 4896 1020 4964 quod
1049 4912 1115 4952 ex
1143 4898 1278 4966 ipso,
1312 4905 1615 4959 necessario
1636 4905 1812 4978 loqui-

244 4983 327 5029 tur
355 4977 573 5035 humilia
608 5001 621 5036 :
650 4985 864 5052 quando
903 4997 1083 5046 autem
1125 4988 1237 5042 vult
1275 4991 1381 5046 alta
1415 4992 1592 5062 loqui,
1623 4977 1810 5051 ansam

241 5068 426 5136 arripit
460 5071 741 5128 Marcellus
777 5086 831 5130 et
867 5076 1152 5134 Sabellius.
1181 5081 1286 5136 Sed
1314 5083 1594 5141 amborum
1619 5104 1804 5147 exceso

241 5171 358 5258 sum
389 5161 599 5233 fugiens
619 5167 888 5258 Ecclesia,
917 5171 1000 5226 via
1029 5173 1202 5230 media
1231 5184 1316 5231 est
1334 5176 1600 5248 ingressa.
1625 5182 1808 5254 Neque

242 5256 380 5339 enim
411 5263 592 5308 manet
617 5256 669 5312 in
698 5257 1016 5328 humilitate,
1051 5278 1120 5318 ne
1146 5263 1324 5320 locum
1357 5280 1584 5339 occupet
1607 5272 1814 5331 Paulus

239 5337 620 5404 Samosatenus
657 5351 980 5424 (a);.neque
1019 5370 1233 5425 semper
1270 5337 1510 5417 remanet
1541 5363 1596 5418 iu
1635 5365 1760 5422 altis
1791 5383 1806 5419 :

243 5600 1067 5742 ggaaggigisnaﬁraaia
1087 5615 1812 5742 έὲἀῗὲέῗ.ῗ¹ἓῶὶξῗη⁶ἓ¹ἒῖοἷ2ἱέῖ

235 5732 356 5770 num
375 5724 766 5780 Samothracum
787 5741 924 5782 vocat
945 5724 1204 5786 Matienus.

579 5817 840 5879 Parum.
888 5822 1002 5881 Gn.
1053 5822 1268 5885 LXIII.

1915 432 1972 478 et
1995 437 2182 478 rursus
2205 421 2440 478 ostendit
2467 433 2709 489 magnam
2741 418 2856 485 ejus
2888 416 3334 486 propinquitatem
3359 457 3373 480 ,
3417 435 3484 473 ιω

1913 531 2099 572 rursus
2122 515 2319 570 insiliat
2343 513 2628 570 Sabellius.
2656 512 2798 566 Dixit
2817 510 3033 576 Filium,
3055 521 3109 576 et
3128 512 3304 568 statim
3333 525 3489 582 urget

1914 607 2109 662 Paulus
2133 607 2534 668 Samosatenus,
2566 604 2746 659 dicens
2774 603 2947 671 ipsum
2977 616 3098 658 esse
3125 603 3322 658 Filium
3348 604 3490 658 sicut

1913 701 2128 755 multos.
2155 697 2261 754 Sed
2288 697 2446 752 letale
2476 697 2523 750 ei
2556 697 2748 750 vulnus
2770 695 2977 760 inﬂixit,
2999 694 3182 749 dicens
3209 695 3488 752 heredem.

1913 791 2020 846 Sed
2045 790 2220 844 adhuc
2245 787 2580 860 impudenter
2605 801 2665 841 se
2682 787 2821 855 gerit
2850 801 2970 840 cum
2999 787 3126 841 Ario
3152 806 3164 840 :
3192 802 3312 840 nam
3336 787 3486 850 illud,

1914 880 2186 935 Constituit
2211 879 2378 947 ipsum
2413 874 2678 940 heredem,
2709 875 2868 930 ambo
2894 883 3076 929 tenent
3107 893 3119 929 :
3151 875 3241 930 ille
3270 876 3485 946 quidem

1914 971 2097 1025 dicens
2122 985 2242 1024 esse
2282 966 2702 1029 imbecillitatis;
2746 965 2833 1018 hic
2873 974 3053 1020 autem
3095 981 3295 1020 conans
3326 983 3520 1036 OpptI-l

1919 1077 2086 1133 gnare
2129 1062 2290 1114 etiam
2342 1058 2482 1124 quod
2521 1056 2774 1122 deinccj-s
2805 1057 3063 1123 sequitur.
3097 1056 3226 1109 Nam
3262 1073 3381 1111 cum
3410 1057 3493 1110 di-

1917 1156 2081 1208 xisset
2095 1153 2310 1217 Paulus,
2321 1151 2418 1203 Per
2435 1165 2580 1219 quem
2591 1148 2703 1218 fecit
2725 1157 2772 1200 et
2795 1147 3000 1208 mula,
3019 1148 3262 1216 supinum
3281 1148 3494 1216 quidem

1919 1244 2201 1314 prostravit
2227 1240 2593 1310 impudentem
2639 1240 3084 1302 Samosatenum;
3128 1237 3285 1292 Arius
3315 1247 3494 1293 autem

1918 1335 2094 1390 adhuc
2125 1332 2332 1387 videtur
2359 1346 2481 1386 esse
2511 1330 2680 1384 fortis.
2724 1328 2826 1383 Sed
2871 1327 2991 1380 vide
3035 1328 3305 1398 quomodo
3355 1329 3498 1384 hunc

1919 1441 2128 1497 quoque
2173 1423 2540 1493 prostraverit,
2587 1420 2808 1482 dicens,
2859 1421 2959 1486 Qui
2992 1437 3105 1472 cum
3147 1421 3212 1473 sit
3253 1421 3497 1490 splendor

1919 1520 2096 1590 gloriw
2114 1520 2242 1588 ejus.
2271 1516 2374 1572 Sed
2406 1530 2533 1570 ecce
2560 1529 2744 1568 rursus
2774 1513 3015 1566 insiliunt
3045 1511 3330 1579 Sabellius,
3357 1513 3498 1567 Mar-

1920 1611 2087 1664 cellus
2118 1619 2172 1663 et
2210 1609 2488 1664 Photinus.
2531 1605 2635 1661 Sed
2684 1605 2786 1658 illis
2824 1618 3036 1673 quoque
3066 1604 3315 1659 ornnihus
3341 1621 3498 1658 unam

1923 1703 2115 1772 inﬂigit
2142 1703 2369 1771 plagam,
2396 1699 2583 1754 dicens
2616 1716 2628 1752 :
2662 1696 2730 1749 Et
2756 1697 3018 1749 character
3046 1694 3340 1751 substantia:
3365 1698 3498 1766 ejus,

1924 1805 2228 1864 portamque
2256 1792 2428 1846 omnia
2454 1791 2600 1844 uerbo
2627 1788 2824 1842 virtutis
2850 1801 2974 1841 sure.
3008 1786 3106 1841 Hic
3136 1802 3322 1842 rursus
3360 1787 3499 1842 Mar-

1920 1887 2132 1941 eionem
2161 1900 2376 1954 quoque
2405 1883 2551 1946 ferit,
2583 1896 2688 1935 non
2717 1878 3006 1933 admodum
3031 1875 3246 1946 quidem
3273 1875 3504 1937 t'ortitcr,

1922 1978 2045 2032 ferit
2066 1986 2241 2031 tamen
2265 1994 2277 2029 :
2296 1989 2417 2029 nam
2435 1989 2530 2042 per
2552 1980 2719 2026 totam
2739 1968 3018 2038 epistolam
3041 1980 3160 2019 cum
3185 1965 3263 2019 eis
3287 1973 3505 2034 pugnat.

1919 2068 2050 2133 Sed,
2077 2068 2213 2122 sicut
2237 2066 2383 2131 dixi,
2409 2062 2751 2133 splendorem
2791 2059 2978 2130 gloriae
3018 2055 3214 2110 Filium
3242 2053 3376 2108 dixit
3405 2068 3420 2105 :
3452 2060 3510 2105 et

1919 2159 2062 2230 quod
2111 2157 2213 2211 hoc
2240 2165 2386 2211 recte
2425 2155 2496 2220 sit
2537 2151 2760 2218 dictum,
2786 2148 2909 2203 andi
2935 2147 3206 2203 Christum
3238 2144 3304 2198 de
3339 2158 3398 2198 se
3423 2142 3506 2196 lo-

1921 2257 2196 2320 quentem,
2213 2245 2328 2316 Ego
2351 2261 2462 2299 sum
2483 2244 2574 2296 tua:
2597 2241 2774 2295 mundi
2794 2239 2974 2308 (Joan.
3084 2235 3198 2307 12).
3220 2235 3506 2303 Propterea

1919 2353 2098 2398 autem
2119 2339 2250 2396 dicit
2277 2334 2644 2408 splendorem,
2664 2346 2855 2401 nempe
2875 2333 3193 2397 ἀπαὺνρισμα,
3216 2325 3507 2381 ostendens

1920 2432 2064 2504 quod
2095 2431 2204 2486 illic
2225 2442 2438 2499 quoque
2465 2427 2536 2481 ita
2561 2425 2738 2498 dictus
2757 2423 2848 2488 sit,
2869 2430 3138 2490 tamquam
3161 2418 3338 2472 lumen
3362 2430 3392 2469 a
3419 2415 3504 2504 lui-

1923 2503 2208 2578 mine.Non
2232 2520 2334 2574 hoc
2349 2526 2526 2572 autem
2545 2514 2718 2570 solum
2734 2511 3056 2577 ostenditur,
3076 2507 3170 2563 sed
3190 2507 3350 2562 etiam
3362 2503 3506 2576 quod

1921 2623 2132 2669 nostras
2153 2607 2474 2665 illuminavit
2499 2606 2728 2660 animas.
2754 2603 2854 2656 Per
2881 2598 3222 2671 splendorem
3268 2612 3398 2651 vero
3419 2610 3507 2650 es-

1922 2704 2110 2760 sentia:
2143 2699 2502 2770 aequalitatem
2531 2695 2786 2757 ostendit,
2813 2701 2868 2746 et
2896 2691 3012 2760 ejus
3037 2704 3158 2744 cum
3189 2687 3350 2742 Patre
3377 2701 3504 2756 pro-

1921 2794 2291 2866 pinquitatem.
2333 2787 2517 2859 Cogita
2573 2783 2924 2841 subtilitatem
2969 2795 3157 2836 eorum
3199 2793 3317 2849 quae
3363 2776 3506 2832 dicta

1921 2895 2245 2942 suntzunam
2269 2880 2476 2950 accepit
2498 2876 2810 2940 essentiam,
2830 2883 2883 2928 et
2912 2868 3344 2944 hypostasim,ad
3370 2868 3503 2922 duas

1920 2973 2276 3032 ostendendas
2305 2972 2651 3041 hypostases:
2683 2964 2821 3035 quod
2850 2963 3012 3042 etiam
3042 2962 3168 3016 facit
3197 2963 3248 3015 in
3281 2959 3519 3039 scientia.

1920 3067 2170 3137 Spiritus.
2201 3063 2267 3119 Ut
2291 3062 2432 3117 cnim
2461 3059 2589 3113 dicit
2616 3072 2772 3111 unam
2805 3070 2925 3108 esse
2952 3051 3231 3108 scientiam
3255 3049 3428 3104 Patris
3450 3057 3504 3104 et

1923 3157 2175 3227 Spiritus,
2206 3163 2264 3207 ut
2303 3165 2422 3222 qum
2451 3165 2512 3205 re
2541 3163 2665 3203 vera
2717 3146 2785 3200 sit
2814 3160 2948 3214 una,
2967 3153 3022 3199 et
3047 3158 3077 3198 a
3107 3158 3166 3198 se
3192 3142 3324 3196 nihil
3353 3141 3506 3195 diffe-

1923 3259 2005 3304 rat
2033 3267 2048 3305 :
2077 3250 2151 3302 ita
2184 3246 2270 3301 hic
2299 3245 2459 3300 etiam
2489 3255 2652 3297 unum
2685 3237 2954 3309 quidpiam
2982 3234 3337 3306 apprehendit
3377 3248 3502 3288 ver-

1921 3341 2045 3395 bum
2063 3339 2128 3394 ad
2155 3337 2380 3393 duorum
2401 3335 2737 3406 hypostases.
2753 3329 2954 3385 Deinde
2973 3327 3265 3397 subjunxit,
3288 3325 3352 3379 Et
3383 3325 3504 3379 cha-

1917 3441 2080 3488 racter
2105 3448 2193 3486 seu
2219 3409 2409 3502 ﬁgura.
2441 3405 2633 3497 Figura
2659 3424 2799 3479 enim
2832 3438 2927 3477 seu
2954 3421 3233 3477 character
3260 3428 3342 3474 cst
3367 3405 3524 3473 alius'

1917 3525 1986 3580 ab
2016 3521 2308 3592 exemplari
2342 3527 2654 3590 protorypo;
2699 3515 2837 3570 alius
2865 3524 3043 3589 autem
3090 3527 3196 3567 non
3242 3512 3461 3566 omnino
3484 3553 3521 3590 ,τ

1919 3614 2015 3670 sed
2039 3614 2092 3669 in
2121 3627 2186 3669 eo
2206 3611 2347 3682 quod
2376 3608 2561 3663 attinet
2578 3607 2643 3661 ad
2670 3605 2998 3677 hypostasin.
3028 3601 3158 3657 Nam
3181 3602 3267 3657 hic
3292 3618 3504 3672 quoque

1917 3706 2197 3762 character
2239 3701 2472 3758 ostendit
2534 3699 2736 3754 nullam
2780 3711 2902 3754 esse
2949 3696 3318 3751 diversitatem
3344 3736 3356 3758 ,
3407 3695 3502 3748 scd

1920 3797 2077 3866 plane
2101 3795 2155 3849 in
2186 3792 2437 3849 omnibus
2465 3790 2757 3861 perfectam
2785 3787 3196 3841 similitudinem
3222 3787 3336 3854 ejus
3356 3824 3372 3850 ,
3405 3799 3502 3838 cu-

1913 3887 2002 3955 jus
2040 3894 2123 3940 est
2156 3883 2434 3938 character
2465 3891 2517 3938 et
2545 3880 2733 3950 ﬁgura.
2779 3879 2914 3932 Cum
2958 3892 3089 3948 ergo
3133 3877 3306 3948 ipsum
3352 3886 3504 3931 vocct

1917 3979 2143 4034 formam
2170 3987 2224 4030 et
2247 3976 2614 4030 characterem
2635 4012 2648 4035 ,
2682 3973 2811 4041 quid
2854 3970 3068 4025 dicent?
3094 3972 3165 4022 At
3196 3969 3387 4048 homo,
3419 3970 3471 4021 in

1919 4072 2054 4142 quit,
2081 4070 2257 4125 dictus
2282 4075 2364 4123 est
2389 4067 2553 4122 etiam
2590 4063 2766 4133 imago
2795 4061 2946 4134 (Gen.
2980 4063 3030 4117 1.
3061 4059 3157 4131 26)
3228 4057 3499 4132 imaginis.

1919 4164 2056 4233 Quid
2086 4167 2252 4224 ναι-οἳ
2278 4181 2404 4220 num
2433 4167 2505 4221 ita
2536 4177 2592 4221 ut
2620 4167 2831 4222 Filius?
2856 4162 2995 4232 Non,
3020 4164 3216 4236 inquit,
3235 4162 3330 4219 sed
3349 4165 3501 4236 quod

1919 4256 2095 4328 imago
2131 4272 2238 4320 non
2278 4258 2530 4313 ostendat
2557 4256 2987 4313 similitudinem.
3035 4257 3194 4326 Atqui
3241 4265 3501 4326 quatenus

1919 4347 2082 4406 homo
2110 4350 2284 4405 dictus
2310 4359 2394 4406 est
2420 4351 2626 4420 imago,
2656 4350 2892 4405 ostendit
2920 4347 3328 4404 similitudinem
3360 4361 3418 4404 ut
3445 4349 3499 4402 in

1917 4437 2154 4494 homine.
2187 4440 2319 4496 Nam
2339 4441 2483 4510 quod
2509 4441 2648 4495 Deus
2670 4451 2751 4496 est
2777 4441 2830 4495 in
2853 4439 3006 4506 calo,
3037 4439 3139 4494 hoc
3161 4450 3244 4496 est
3264 4439 3426 4497 homo
3446 4441 3500 4494 in

1920 4539 2082 4594 terra,
2107 4530 2272 4599 quod,
2301 4532 2540 4600 inquam,
2568 4533 2760 4588 attinet
2781 4532 2846 4586 ad
2868 4533 3224 4602 principatum
3252 4549 3264 4583 :
3290 4543 3342 4585 et
3363 4532 3502 4586 sicut

1918 4619 2079 4674 homo
2119 4620 2454 4687 dominatum
2497 4623 2704 4677 obtinet
2741 4623 2794 4677 in
2825 4623 3075 4677 omnibus
3121 4638 3238 4693 quae
3282 4630 3408 4676 sunt
3449 4623 3502 4676 in

1918 4719 2082 4777 terra,
2113 4712 2184 4766 ita
2231 4711 2372 4768 Deus
2411 4712 2742 4768 dominatum
2788 4713 2994 4768 obtinet
3029 4715 3079 4766 in
3109 4711 3356 4766 omnibus
3383 4725 3503 4779 qua:

1915 4808 2040 4857 sunt
2066 4801 2120 4855 in
2153 4801 2295 4856 cado
2332 4810 2388 4857 et
2417 4802 2470 4856 in
2503 4812 2665 4860 terra.
2694 4803 2964 4858 Caeterum
2991 4802 3152 4857 homo
3181 4816 3288 4854 non
3329 4800 3504 4856 dictus

1917 4892 2016 4948 fuit
2039 4895 2319 4958 character
2341 4933 2357 4959 ,
2402 4910 2508 4948 non
2537 4895 2715 4950 dictus
2751 4894 2852 4948 fuit
2879 4894 3155 4964 splendor,
3192 4907 3298 4948 non
3330 4893 3503 4969 dictus

1915 4985 2016 5042 fuit
2039 4986 2209 5044 forma
2243 5005 2258 5042 :
2290 4987 2432 5056 quod
2458 4987 2675 5057 quidem
2704 4987 2906 5042 indicat
2933 4986 3224 5043 essentiam
3244 5025 3261 5052 ,
3307 4994 3400 5039 aut
3425 4985 3502 5039 si-

1916 5078 2273 5142 militudinem
2300 5095 2420 5148 quae
2462 5089 2544 5134 est
2583 5080 2636 5133 in
2678 5079 2934 5135 essentia.
2982 5078 3132 5134 Sicut
3159 5092 3288 5150 ergo
3330 5077 3501 5132 forma

1915 5171 2055 5232 servi
2085 5172 2218 5226 nihil
2252 5171 2408 5237 aliud
2452 5172 2725 5241 exprimit,
2766 5187 2924 5242 quam
2972 5170 3240 5228 hominem
3272 5170 3323 5224 in
3354 5169 3502 5228 nullo

1913 5264 2250 5326 differenten:
2281 5283 2295 5320 :
2326 5265 2397 5320 ita
2427 5267 2589 5320 etiam
2623 5265 2792 5320 forma
2825 5266 2918 5328 Dei
2965 5266 3094 5320 nihil
3133 5264 3280 5332 aliud
3321 5264 3506 5334 expri-

1914 5359 2012 5412 mit
2040 5373 2201 5428 quam
2236 5358 2425 5416 Deum.
2469 5359 2710 5426 Quicum
2741 5361 2827 5422 sit,
2864 5360 3056 5429 inquit,
3099 5359 3343 5429 splendor
3385 5341 3500 5430 glo-

1913 5449 2022 5506 riaz.
2052 5449 2185 5504 Vide
2212 5451 2337 5519 quid
2370 5451 2530 5508 faciat
2556 5449 2930 5508 Paulus.~Cum
2959 5451 3215 5516 dixisset,
3261 5451 3361 5518 Qui
3385 5465 3500 5503 eum

1913 5543 1976 5596 sit
2003 5543 2244 5610 splendor
2267 5543 2473 5612 gloriae,
2504 5534 2780 5613 suhjnnxit
2803 5559 2985 5598 rursus
3015 5562 3028 5596 :
3059 5542 3215 5598 Sedet
3241 5545 3308 5597 ad
3329 5543 3499 5599 dexte-

1914 5649 2022 5685 ram
2054 5634 2332 5703 majestatis
2366 5651 2382 5688 :
2414 5634 2467 5689 in
2498 5635 2694 5704 quibus
2723 5648 2849 5689 usus
2875 5644 2958 5688 est
2995 5634 3302 5690 nominibus
3323 5676 3338 5701 ,
3373 5649 3498 5689 nus-

1915 5739 2070 5794 quam
2115 5725 2328 5779 invento
2371 5726 2588 5780 nomine
2615 5725 2882 5781 csscntite.
2918 5726 3100 5798 Neque
3143 5727 3285 5780 enim
3334 5727 3495 5796 maje-

3159 5828 3198 5883 εἰ
