3956 6138
832 247 868 262 ,-

465 301 537 363 9.3
1189 303 1262 361 Β.
1289 302 1562 361 JOANNIS
1599 299 2067 360 εηεγεοετθειι
2106 295 2418 356 ARCIIIEP.
2459 303 2984 363 (IONSTANTINOP.
3659 307 3727 362 24

457 418 590 468 stas,
616 415 790 471 neque
815 412 1034 456 dextera
1057 397 1290 456 ostendit
1315 417 1508 456 nomen
1535 401 1676 470 quod
1701 401 1812 456 vult
1835 401 2039 469 dicere,

457 491 552 547 sed
580 505 775 548 nomen
804 506 910 545 non
939 499 1115 561 potest
1153 491 1418 546 invenire.
1463 490 1576 546 Hoc
1603 501 1693 546 est
1727 487 1870 546 enim
1899 488 2040 563 quod

458 583 700 638 dicebam
731 581 798 636 ab
825 581 999 647 initio,
1035 581 1224 652 Aliqua
1257 596 1402 649 saepe
1437 582 1735 651 cogitamus
1760 589 1816 637 et
1843 581 2038 637 intelli-

459 679 655 747 gimus,
705 683 760 731 et
803 690 909 730 non
948 690 1236 746 possumus
1283 675 1484 744 eloqui.
1518 675 1650 730 Nam
1696 689 1870 744 neque
1902 674 2042 730 Deus

455 784 649 824 nomen
697 774 779 821 est
823 767 1097 830 essenlite,
1149 782 1323 836 neque
1369 766 1516 822 illius
1564 765 1814 820 essentia:
1865 775 2037 834 potest

457 874 649 914 nomen
694 857 913 913 omnino
945 857 1196 912 inveniri.
1227 857 1293 912 Et
1321 857 1444 926 quid
1477 857 1672 910 mirum
1713 855 1758 908 si
1802 858 1852 909 in
1885 855 1994 910 Deo
2025 899 2038 921 ,

455 966 574 1006 cum
605 962 705 1004 nec
735 947 788 1003 in
818 947 1012 1019 angelo
1042 948 1312 1003 inveneris
1347 963 1540 1002 nomen
1567 990 1581 1014 ,
1613 945 1754 1018 quod
1782 947 2042 1017 signiticet

459 1047 791 1104 essentiam?
828 1048 1057 1101 fortasse
1097 1055 1274 1100 autem
1301 1060 1401 1100 nec
1431 1046 1482 1098 in
1515 1045 1688 1100 animo
1720 1065 1732 1099 :
1763 1062 1865 1101 non
1899 1048 2041 1101 enim

459 1141 589 1196 mihi
620 1140 832 1195 videtur
886 1139 984 1193 hoc
1029 1153 1224 1192 nomen
1255 1137 1374 1207 ejus
1413 1136 1698 1192 ostendere
1728 1139 2040 1206 essentiam,

459 1232 553 1287 sed
579 1232 686 1286 vim
718 1228 976 1301 spirandi.
1007 1227 1264 1283 Eamdem
1290 1228 1432 1283 enim
1459 1237 1514 1282 et
1542 1227 1798 1293 animam,
1828 1238 1881 1284 et
1905 1244 1998 1284 cor
2021 1267 2038 1294 ,

457 1331 512 1375 et
537 1329 774 1376 mentem
802 1319 978 1374 vocari
1009 1318 1206 1373 videris
1236 1335 1249 1372 :
1282 1317 1381 1372 Cor
1405 1318 1548 1372 enim
1577 1318 1766 1388 inquit,
1794 1319 2041 1373 mundum

458 1428 575 1466 crea
603 1413 654 1465 iu
687 1427 763 1464 me
796 1409 929 1464 Deus
957 1408 1128 1482 (Psul.
1161 1409 1250 1464 50.
1284 1409 1397 1479 l2).
1421 1408 1537 1462 Non
1562 1409 1732 1463 solum
1764 1425 1891 1464 vero
1915 1409 2036 1478 ista,

458 1505 552 1560 sed
579 1513 634 1561 et
660 1504 904 1574 spiritum
938 1503 1115 1556 multis
1144 1501 1196 1555 in
1221 1502 1354 1555 locis
1383 1499 1579 1555 videris
1606 1515 1725 1556 eam
1750 1501 2035 1570 appellari.

460 1595 778 1665 Portunsque
805 1594 972 1647 omnia
995 1593 1140 1647 uerbo
1165 1593 1362 1647 virtutis
1387 1607 1512 1646 suae.
1537 1591 1694 1647 Vides
1711 1592 1837 1663 quid
1868 1592 2038 1648 dicit?

529 1689 582 1742 ’5.
626 1687 802 1742 Minus
825 1696 896 1740 est
921 1685 1162 1738 mundum
1187 1700 1382 1751 creare,
1411 1700 1564 1753 quam
1587 1683 1754 1752 ipsum
1785 1686 2040 1738 continere

454 1793 500 1834 et
524 1796 741 1835 seruare.
762 1807 834 1819 —
853 1775 1130 1844 Quomodo
1157 1791 1305 1847 ergo,
1338 1789 1520 1846 quaeso
1552 1783 1602 1828 te
1625 1816 1640 1840 ,
1670 1775 1971 1838 contendis,
2004 1789 2038 1828 ο

453 1874 725 1938 hxretice,
751 1885 870 1926 cum
899 1869 1156 1939 scriptum
1186 1869 1256 1922 sit
1284 1886 1297 1919 :
1332 1866 1494 1931 Dixit,
1529 1866 1719 1936 inquit,
1744 1865 1896 1932 Deus,
1921 1864 2038 1920 Fiat

453 1965 544 2018 lux
573 1962 724 2032 (Gen.
760 1963 811 2016 l.
838 1961 917 2031 5),
948 1960 1160 2014 Patrem
1197 1958 1443 2028 jussisse,
1475 1956 1668 2019 Filium
1695 1967 1874 2012 autem
1910 1959 2040 2014 obc-

452 2054 656 2110 diisse?
693 2052 798 2110 Sed
839 2067 964 2108 ecce
995 2050 1081 2106 hic
1107 2065 1320 2121 quoque
1347 2050 1463 2120 ipse
1484 2049 1652 2104 verbo
1687 2048 1809 2104 facit
1841 2067 1855 2105 :
1887 2067 2032 2118 nam,

451 2143 790 2213 Portunsque,
833 2144 1023 2212 inquit,
1056 2142 1266 2205 omnia;
1305 2139 1408 2195 hoc
1437 2148 1539 2204 est,
1566 2139 1888 2208 gubernans,
1918 2157 2036 2210 quae

451 2239 648 2296 cadunt
691 2237 958 2293 continet.
998 2234 1116 2289 Non
1163 2241 1244 2286 est
1295 2231 1438 2286 enim
1489 2231 1666 2285 minus
1717 2232 2032 2300 continere,

450 2347 610 2400 quam
639 2328 893 2382 mundum
923 2317 1156 2388 fecisse;
1187 2322 1281 2378 sed
1313 2324 1355 2376 si
1388 2322 1632 2377 mirabile
1653 2323 1852 2392 aliquid
1878 2338 2036 2393 opor-

453 2430 527 2476 tet
555 2421 755 2484 dicere,
783 2426 867 2473 est
890 2421 1052 2470 etiam
1080 2415 1271 2483 majus.
1301 2413 1433 2468 Nam
1466 2413 1596 2468 illud
1618 2413 1832 2484 quidem
1859 2425 1940 2469 est
1967 2431 2031 2470 ex

451 2511 620 2567 nihilo
659 2507 857 2579 aliquid
915 2504 1256 2576 producere:
1292 2520 1412 2575 quae
1464 2503 1600 2559 facta
1653 2513 1778 2559 sunt
1820 2516 2030 2572 autem,

447 2605 725 2672 relapsura
758 2600 823 2655 ad
857 2598 1081 2654 nihilum
1110 2598 1389 2653 continere
1418 2604 1472 2653 et
1512 2598 1650 2652 inter
1677 2613 1737 2653 se
1765 2598 2031 2654 dissiden-

451 2696 519 2750 tia
551 2692 900 2764 conjungere,
943 2690 1047 2746 hoc
1083 2697 1168 2746 est
1211 2704 1459 2760 magnum
1506 2697 1562 2744 et
1607 2689 1941 2757 admirabile,
1979 2701 2031 2747 et

446 2785 698 2842 indicium
736 2799 944 2855 magnae
972 2782 1204 2838 virtutis.
1250 2780 1452 2837 Deinde
1483 2781 1778 2836 ostendens
1803 2781 2031 2837 facilita-

445 2888 575 2943 tem,
609 2876 761 2944 dixit,
787 2875 1008 2930 Portuns
1036 2888 1129 2930 seu
1159 2873 1357 2930 ferens.
1375 2871 1490 2927 Non
1510 2872 1660 2937 dixit,
1685 2871 2026 2940 Gubernans,

444 2984 473 3024 a
517 2969 827 3039 metaphora
872 2982 1056 3024 eorum
1099 2966 1189 3038 qui
1232 2965 1398 3036 digito
1445 2963 1783 3020 solummodo
1827 2967 2024 3036 aliquid

443 3069 680 3127 movent,
710 3069 766 3116 et
789 3058 1032 3114 efﬁciunt
1063 3069 1120 3113 ut
1149 3058 1557 3114 circumferatur
1584 3057 1682 3128 (a).
1717 3059 1812 3113 llic
1847 3069 2026 3114 osten-

441 3155 519 3209 dit
560 3169 804 3226 magnam
851 3153 1010 3208 etiam
1055 3152 1249 3208 molem
1296 3165 1418 3207 esse
1455 3160 1738 3218 creatum,
1786 3151 1838 3206 id
1882 3151 2022 3222 quod

427 3259 690 3316 magnum
730 3253 816 3299 est
863 3243 914 3299 ei
962 3243 1094 3298 nihil
1134 3257 1273 3298 esse.
1321 3241 1522 3297 Deinde
1570 3257 1756 3297 rursus
1793 3243 2026 3297 ostendit

437 3335 582 3407 quod
610 3335 662 3391 id
694 3317 853 3391 faciat
891 3334 1025 3390 citra
1069 3333 1330 3399 laborem,
1378 3332 1584 3396 dicens,
1637 3330 1797 3386 Verbo
1825 3333 2024 3387 virtutis

437 3442 563 3480 εηω.
587 3425 755 3481 Recte
785 3425 940 3492 dixit,
982 3423 1141 3477 Verbo
1171 3439 1188 3476 :
1215 3439 1335 3477 nam
1365 3423 1616 3494 quoniam
1643 3424 1861 3477 verbum
1884 3425 2022 3493 apud

436 3532 538 3573 nos
565 3518 773 3573 videtur
798 3533 921 3573 esse
947 3516 1086 3572 exile
1113 3524 1165 3570 et
1191 3525 1370 3578 tenue,
1414 3515 1646 3570 ostendit
1681 3515 1733 3568 id
1764 3531 1869 3568 non
1902 3530 2024 3570 esse

442 3612 580 3665 exile
609 3621 663 3666 et
693 3621 852 3666 tenue
892 3616 944 3664 in
984 3610 1112 3664 Deo.
1144 3608 1247 3664 Sed
1289 3608 1430 3679 quod
1457 3606 1670 3679 quidem
1702 3606 1864 3661 verbo
1890 3619 2016 3675 por-

439 3709 533 3763 tet,
565 3699 733 3766 dixit;
765 3699 1034 3773 quomodo
1055 3707 1234 3755 autem
1262 3698 1426 3755 verbo
1449 3707 1645 3769 portet,
1677 3709 2012 3766 nequaquam

437 3789 632 3861 adjecit
663 3808 677 3847 :
707 3805 880 3859 neque
922 3791 1067 3846 enim
1110 3789 1236 3846 sciri
1266 3796 1467 3858 potest.
1510 3787 1713 3844 Deinde
1745 3785 2022 3856 subjunxit

435 3884 504 3938 tle
534 3884 662 3954 lejus
706 3883 1006 3954 majestate.
1049 3882 1140 3938 Sic
1184 3881 1328 3936 enim
1369 3880 1497 3937 fecit
1537 3879 1697 3936 etiam
1737 3877 2017 3933 Joannes:

437 3991 563 4031 nam
585 3991 715 4031 cum
733 3974 959 4032 dixisset
987 3974 1128 4043 quod
1156 3974 1226 4028 sit
1247 3973 1420 4038 'Deus,
1452 3971 1727 4042 subjunxit
1748 3969 2018 4040 opiﬁcium

439 4074 724 4120 creaturaz.
749 4063 909 4131 Quod
953 4061 1096 4116 enim
1139 4062 1230 4116 ille
1264 4062 1424 4115 tacite
1457 4061 1654 4126 innuit,
1706 4059 1913 4123 dicens,
1954 4055 2024 4110 lit

441 4155 694 4224 principio
740 4163 846 4207 erat
896 4151 1130 4215 Verbum,
1183 4160 1259 4216 et,
1312 4150 1496 4204 Omnia
1545 4166 1633 4220 per
1675 4150 1844 4220 ipsum
1888 4151 2024 4219 facta

444 4256 559 4301 sunt
589 4245 768 4316 (Joan.
801 4246 852 4300 1.
887 4244 910 4301 l
935 4255 980 4298 et
997 4243 1076 4313 5),
1103 4243 1205 4299 hoc
1227 4242 1423 4298 Paulus
1452 4257 1662 4312 quoque
1685 4256 1778 4311 per
1800 4239 2022 4296 verbum

443 4338 679 4393 ostendit
716 4346 770 4392 et
797 4336 1046 4402 dicendo,
1095 4334 1196 4389 Per
1235 4350 1380 4404 quem
1411 4332 1526 4403 fecit
1567 4342 1613 4388 et
1647 4333 1836 4388 secula
1863 4348 1883 4387 .°
1911 4341 2026 4388 ete-

444 4428 556 4484 nim
595 4425 717 4482 eum
763 4425 997 4482 ostendit
1035 4435 1090 4480 et
1119 4424 1366 4494 opiﬁcem
1405 4432 1461 4479 et
1505 4438 1625 4480 esse
1671 4431 1798 4478 ante
1843 4424 2023 4478 omnia

443 4518 660 4573 sxcula.
685 4515 824 4584 Quid
853 4531 1004 4581 vero,
1045 4530 1166 4571 cum
1205 4514 1273 4570 de
1301 4513 1460 4570 Patre
1482 4513 1700 4585 quidem
1726 4513 1868 4569 dicat
1898 4523 2024 4584 pro-

444 4610 630 4680 pheta,
670 4611 714 4664 Α
743 4610 929 4665 seculo
954 4619 1002 4663 et
1027 4625 1186 4679 usque
1211 4605 1266 4662 in
1295 4607 1540 4662 saeculum
1569 4617 1623 4661 tu
1651 4623 1702 4662 es
1728 4605 1900 4680 (Psal.
1933 4607 2026 4664 89.

443 4702 523 4772 Ξ)
555 4719 570 4756 τ
604 4701 671 4757 de
709 4701 848 4756 Filio
877 4710 1077 4766 autem,
1117 4698 1260 4770 quod
1303 4699 1373 4753 sit
1416 4707 1541 4755 ante
1588 4699 1767 4754 omnia
1810 4699 2026 4765 saecula,

445 4805 502 4851 et
527 4795 764 4850 omnium
791 4793 990 4865 opifex,
1019 4791 1147 4862 quid
1187 4791 1462 4848 dixerint?
1492 4790 1602 4846 imo
1628 4804 1758 4846 vero
1791 4789 2027 4860 quando,

445 4887 590 4959 quod
617 4887 686 4944 de
720 4887 882 4944 Patre
915 4882 1217 4951 dicebatur,
1246 4883 1347 4952 Qui
1374 4891 1459 4938 est
1503 4892 1629 4938 ante
1668 4879 1884 4946 saecula,
1931 4879 2032 4935 hoc

446 4981 647 5038 videris
675 4979 835 5036 etiam
865 4976 1066 5034 dictum
1094 4975 1162 5032 de
1195 4975 1370 5030 Filio?
1411 4973 1479 5029 Et
1525 4973 1666 5030 sicut
1700 4971 1836 5027 dicit
1861 4969 2031 5026 Joan-

447 5089 566 5140 nes,
601 5071 726 5126 Vita
753 5080 881 5136 erat,
911 5069 1218 5140 signiﬁcans
1267 5067 1374 5122 vim
1400 5080 1463 5122 ac
1506 5071 1825 5135 potestatem
1855 5062 2034 5117 conti-

449 5167 612 5222 nendi
645 5175 968 5230 creaturam,
1015 5162 1267 5235 quoniam
1315 5159 1430 5231 ipse
1472 5167 1556 5212 est
1595 5157 1706 5210 vita
1743 5154 1982 5210 omnium
2017 5170 2032 5208 :

449 5259 522 5314 ita
548 5257 751 5314 Paulus
793 5271 1027 5327 quoque,
1077 5252 1400 5320 Portunsque
1431 5248 1604 5302 omnia
1644 5244 1792 5300 verbo
1837 5246 2037 5300 uirtutis

450 5367 559 5407 sute
586 5365 605 5404 :
636 5365 740 5405 non
766 5348 905 5402 sicut
925 5344 1126 5408 Grzeci,
1158 5351 1214 5397 et
1242 5342 1354 5411 ipsa
1381 5337 1654 5394 creatione
1674 5347 1728 5392 et
1748 5335 2037 5406 providen-

452 5448 545 5510 tia,
569 5451 826 5514 quantum
847 5438 912 5494 ad
943 5437 1089 5508 ipsos
1116 5433 1322 5497 attinet,
1347 5431 1520 5499 ipsum
1545 5429 1835 5498 privantes,
1866 5427 1931 5483 ad
1956 5428 2038 5483 lu-

456 5554 576 5592 nam
595 5549 764 5604 usque
777 5531 892 5601 ejus
909 5524 1289 5584 concludentes
1306 5519 1618 5592 potentiam.
1637 5517 1820 5583 Perse,
1840 5518 2036 5588 inquit,

521 5659 595 5766 (a3
616 5655 725 5763 iiqc
747 5651 929 5764 deﬁgit
951 5645 1156 5700 Humilia
1177 5643 1225 5696 ῐῐ
1250 5645 1297 5694 in
1323 5639 1619 5702 Oolbertino,
1643 5639 1726 5689 ubi
1748 5644 1926 5690 caetera
1949 5647 2046 5685 om-

521 5735 539 5766 l
595 5732 680 5766 esu
700 5729 800 5763 (Tal
901 5748 914 5761 .

460 5723 539 5770 nia
561 5717 914 5766 desiderantur.

2155 400 2291 468 facta
2315 397 2610 466 purgatione
2637 407 2956 466 peccatorum
2997 406 3298 457 nostrorum.
3343 401 3478 459 Cum
3515 405 3738 466 dixisset

2154 485 2222 543 de
2245 488 2350 542 illis
2380 487 2708 542 admirandis
2735 497 2789 543 et
2818 488 3025 559 magnis
3068 506 3188 560 quae
3213 503 3339 548 sunt
3365 509 3636 566 suprema,
3669 503 3736 557 de

2152 593 2348 638 caetero
2363 580 2667 636 dicitetiam
2685 579 2760 636 de
2785 595 2912 636 cura
2929 581 3047 650 ejus
3068 581 3121 637 in
3138 583 3404 642 homines.
3423 587 3487 643 Et
3503 592 3735 650 maxime

2150 672 2366 744 quidem
2393 681 2512 728 erat
2549 671 2680 727 illud
2701 673 2950 742 generale
2979 682 3036 728 et
3073 674 3319 731 universa
3345 681 3728 750 complectens,

2150 761 2472 832 Portunsqtte
2497 763 2702 827 omnia;
2725 778 2907 817 verum
2935 762 3038 818 hoc
3075 773 3158 818 est
3180 765 3352 822 multo
3373 771 3567 838 majus.
3597 773 3732 829 Nam

2149 855 2308 910 etiam
2327 863 2409 908 est
2421 853 2673 923 generale
2689 865 2740 908 et
2756 853 3005 909 universa
3023 855 3407 924 complectens:
3429 876 3574 929 nam,
3589 867 3732 935 quod

2149 948 2320 1018 ipsum
2358 955 2586 1016 spectat,
2619 961 2808 1001 omnes
2847 947 3024 1000 salvos
3068 944 3212 1000 fecit.
3257 947 3467 1005 Etenim
3495 953 3735 1012 Joannes

2145 1053 2355 1110 quoque
2381 1053 2501 1090 cum
2527 1038 2778 1092 dixisset:
2817 1031 2928 1085 Vita
2958 1044 3086 1101 erat,
3114 1044 3170 1090 et
3194 1039 3584 1105 providentiam
3610 1046 3733 1114 ejus

2161 1141 2530 1212 signiﬁcasset,
2559 1156 2744 1196 rursus
2779 1141 2928 1210 dicit,
2956 1140 3024 1194 Et
3052 1141 3141 1195 lux
3165 1151 3292 1208 erat,
3334 1141 3388 1196 id
3431 1143 3605 1211 ipsum
3636 1142 3740 1198 de-

2161 1233 2391 1290 clarans.
2440 1231 2541 1288 Per
2579 1249 2650 1299 se,
2685 1232 2876 1302 inquit,
2923 1236 3057 1304 facta
3088 1234 3388 1304 purgatione
3417 1245 3743 1305 peccatorum

2161 1337 2485 1387 nostrorum;
2526 1325 2663 1377 sedet
2702 1324 2769 1376 ad
2809 1324 3068 1378 dexteram
3104 1325 3381 1394 majestatis
3425 1326 3476 1378 in
3505 1325 3739 1380 excelsis.

2163 1413 2275 1465 Duo
2304 1411 2388 1466 hic
2423 1413 2574 1483 ponit
2612 1414 2838 1466 maxima
2868 1413 2983 1482 ejus
3013 1429 3157 1468 cura:
3185 1415 3377 1469 indicia
3407 1433 3421 1470 :
3453 1425 3508 1470 et
3535 1415 3677 1484 quod
3710 1431 3740 1469 a

2161 1503 2391 1570 peccatis
2418 1517 2515 1556 nos
2553 1504 2876 1572 purgaverit,
2909 1515 2963 1559 et
3008 1503 3148 1574 quod
3196 1520 3294 1575 per
3331 1520 3389 1560 se
3433 1504 3486 1559 id
3524 1504 3738 1561 fecerit.

2161 1595 2224 1648 lit
2251 1595 2429 1648 multis
2458 1596 2509 1648 in
2535 1595 2668 1649 locis
2694 1595 2841 1650 vides
2871 1612 2990 1651 eum
3019 1596 3086 1652 de
3121 1596 3223 1652 hoc
3244 1596 3484 1667 gloriari,
3509 1615 3615 1653 non
3644 1614 3739 1652 so-

2158 1696 2264 1739 lum
2301 1684 2368 1739 de
2397 1685 2832 1740 reconciliatione
2866 1702 2991 1756 erga
3023 1689 3206 1750 Deum,
3248 1687 3342 1742 sed
3387 1689 3547 1743 etiam
3593 1689 3737 1759 quod

2159 1777 2256 1831 hoc
2288 1776 2481 1831 factum
2512 1778 2577 1830 sit
2623 1792 2716 1846 per
2743 1777 2936 1832 Filium
2968 1796 2981 1831 :
3012 1779 3210 1835 etenim
3254 1795 3440 1834 revera
3484 1795 3735 1849 magnum

2153 1866 2350 1923 donum
2383 1872 2542 1924 etiam
2565 1871 2735 1941 majus
2764 1871 2957 1926 factum
2993 1883 3096 1938 εει,
3125 1888 3190 1926 eo
3215 1872 3357 1942 quod
3388 1887 3483 1942 per
3511 1873 3730 1928 Filium.

2153 1957 2282 2012 Nam
2326 1975 2445 2014 cum
2495 1961 2738 2027 dixisset,
2784 1962 2940 2016 Sedet
2977 1963 3045 2016 ad
3090 1964 3368 2028 dexteram,
3415 1973 3490 2028 et,
3545 1962 3646 2016 Per
3681 1981 3735 2018 se

2154 2053 2450 2120 purgatione
2477 2056 2614 2122 facta
2644 2063 2967 2122 peccatorum
2993 2063 3298 2116 nostrorum,
3327 2062 3382 2106 et
3411 2068 3627 2108 crucem
3657 2069 3736 2109 rc-

2153 2150 2396 2194 vocasset
2428 2143 2477 2195 in
2519 2143 2858 2207 memoriam,
2891 2143 3000 2196 cito
3030 2143 3301 2212 subjunxit
3329 2157 3635 2198 sermonem
3665 2143 3734 2198 de

2153 2232 2545 2286 resurrectione
2570 2244 2623 2287 et
2651 2235 2986 2288 ascensione.
3029 2233 3158 2288 Vide
3184 2242 3360 2288 autem
3393 2233 3729 2303 prudentiam

2149 2321 2264 2389 ejus
2303 2321 2621 2376 ineffabilem
2652 2339 2794 2378 :non
2840 2323 2995 2390 dixit,
3026 2323 3219 2379 Jussus
3247 2331 3330 2378 est
3358 2323 3571 2389 sedere,
3612 2322 3730 2386 sed,

2151 2411 2323 2465 Sedet.
2355 2411 2554 2468 Deinde
2581 2428 2788 2481 rursus,
2833 2430 2900 2469 ne
2929 2415 3211 2469 existimes
3241 2430 3362 2469 eum
3399 2424 3569 2478 stare,
3597 2415 3730 2468 sub-

2143 2500 2358 2568 jungit:
2392 2502 2472 2555 Ad
2516 2520 2660 2573 quem
2707 2515 2873 2558 autem
2913 2505 3207 2575 angelorum
3253 2505 3382 2559 dixit
3429 2504 3730 2573 aliquando,

2149 2590 2283 2644 Sede
2309 2608 2342 2644 u
2369 2591 2558 2645 dextris
2585 2594 2746 2646 meis?
2772 2594 2936 2649 Sedet
2961 2609 3112 2663 ergo,
3138 2595 3330 2664 inquit,
3359 2593 3424 2648 ad
3451 2593 3730 2647 dexteram

2147 2683 2439 2753 majestatis
2467 2685 2517 2739 in
2542 2687 2788 2742 excelsis.
2820 2687 2956 2755 Quid
2983 2697 3086 2751 est,
3112 2686 3176 2740 In
3205 2687 3456 2742 excelsis?
3487 2687 3731 2741 Deumne

2145 2773 2264 2829 loco
2291 2775 2603 2831 concludit?
2649 2777 2804 2832 Absit
2837 2793 2850 2831 :
2883 2792 2987 2831 non
3033 2787 3092 2832 ut
3136 2778 3187 2832 id
3236 2779 3595 2848 suspicemur,
3645 2777 3730 2830 sic

2146 2863 2394 2936 loquutus
2422 2877 2522 2933 est,
2546 2867 2639 2922 sed
2661 2869 2794 2924 sicut
2824 2868 3027 2933 dicens,
3059 2867 3141 2922 Ad
3162 2871 3436 2934 dexteram,
3470 2884 3576 2922 non
3602 2883 3725 2921 eum

2141 2971 2405 3040 ﬁguravit,
2451 2969 2544 3024 sed
2590 2968 2822 3023 ostendit
2851 2983 2970 3022 eum
3015 2968 3068 3022 in
3112 2967 3302 3023 eodem
3349 2982 3471 3022 esse
3514 2967 3729 3028 honore

2139 3078 2247 3134 quo
2274 3063 2430 3118 Pater
2459 3079 2473 3114 :
2506 3061 2578 3115 ita
2607 3075 2728 3114 eum
2755 3060 2960 3125 dicens,
2985 3057 3051 3112 In
3076 3059 3308 3123 excelsis,
3340 3073 3447 3114 non
3467 3074 3592 3114 cum
3614 3060 3722 3114 illic

2139 3155 2374 3219 inclusit,
2431 3151 2526 3208 sed
2579 3150 2812 3207 ostendit
2864 3165 2983 3204 eum
3043 3165 3162 3204 esse
3224 3150 3461 3204 omnium
3517 3149 3722 3206 altissio

2139 3263 2305 3313 mum,
2336 3255 2390 3300 et
2440 3246 2616 3299 omnia
2648 3243 3044 3309 transcendere,
3091 3242 3192 3297 hoc
3241 3252 3342 3308 est,
3377 3244 3619 3312 pervenit
3655 3245 3721 3298 ad
3763 3273 3777 3284 -

2140 3339 2311 3409 ipsum
2348 3339 2600 3392 thronum
2646 3346 2943 3406 paternum.
2986 3335 3135 3389 Sicut
3163 3350 3292 3405 ergo
3341 3335 3500 3390 Pater
3535 3345 3618 3392 est
3668 3337 3721 3392 in

2139 3431 2386 3496 excelsis,
2417 3429 2488 3483 ita
2524 3429 2685 3483 etiam
2713 3427 2828 3496 ipse
2860 3445 2874 3481 :
2904 3440 3190 3481 consessus
3219 3427 3361 3482 enim
3403 3427 3535 3482 nihil
3575 3427 3720 3482 aliud

2142 3523 2340 3578 indicat
2368 3536 2524 3592 quam
2554 3520 2604 3575 in
2633 3519 2822 3575 eodem
2856 3533 2976 3575 esse
3007 3518 3232 3574 honore.
3261 3519 3318 3574 Si
3341 3528 3518 3574 autem
3541 3519 3720 3575 dicant

2143 3627 2263 3668 eum
2305 3609 2529 3674 dixisse,
2577 3609 2732 3676 Sede,
2767 3623 2862 3664 eos
2902 3609 3295 3678 interrogemus
3327 3624 3341 3660 :
3373 3608 3509 3674 Quid
3551 3611 3723 3664 vero?

2142 3703 2345 3759 dixitne
2371 3703 2574 3758 stanti?
2599 3702 2669 3756 At
2693 3701 2743 3756 id
2766 3701 3050 3756 ostendere
3071 3716 3176 3756 non
3205 3701 3430 3771 possint.
3452 3701 3566 3755 Non
3590 3701 3722 3756 dixit

2142 3804 2289 3850 Certe
2313 3794 2453 3866 quod
2480 3793 2699 3864 jusserit
2726 3801 2818 3848 aut
2847 3792 3163 3864 imperarit;
3206 3792 3324 3859 sed,
3366 3792 3530 3860 Dixit,
3566 3793 3719 3858 Sede,

2144 3900 2248 3940 non
2274 3895 2490 3957 propter
2505 3885 2645 3940 aliud
2668 3900 2824 3955 quam
2847 3899 2916 3938 ne
2936 3883 3215 3939 existimes
3237 3899 3358 3938 eum
3381 3899 3502 3939 esse
3520 3885 3724 3954 absque

2145 3977 2406 4047 principio
2434 3985 2489 4032 et
2515 3977 2631 4030 sine
2659 3990 2843 4031 causa.
2869 3975 3001 4030 Nam
3031 3975 3171 4046 quod
3203 3984 3481 4044 propterea
3523 3977 3601 4032 sic
3639 3977 3722 4031 di-

2144 4067 2302 4129 xerit,
2332 4075 2412 4119 est
2442 4065 2781 4133 perspicuum
2814 4079 2877 4118 ex
2908 4065 3027 4118 loco
3057 4063 3312 4119 sessionis
3339 4081 3354 4119 :
3381 4065 3426 4119 si
3453 4066 3597 4120 enim
3626 4081 3721 4120 voc

2145 4156 2330 4212 luisset
2381 4153 2678 4223 signiﬁcare
2727 4153 3130 4208 diminutionem
3161 4196 3174 4217 ,
3232 4169 3338 4209 non
3388 4154 3631 4223 dixisset,
3679 4156 3722 4209 Δ

2146 4247 2355 4311 dextris,
2383 4245 2501 4312 sed,
2531 4247 2574 4300 Α
2601 4244 2854 4300 sinistris.

2217 4338 2384 4393 Filius
2435 4335 2528 4390 Dei
2570 4335 2734 4389 Filius
2790 4345 2860 4388 est
2908 4344 3110 4401 natura,
3159 4352 3257 4389 non
3293 4336 3458 4406 gratia
3506 4345 3722 4390 tantum.

2147 4467 2215 4478 -
2231 4431 2283 4486 4.
2299 4431 2488 4497 Tanto,
2505 4426 2897 4497 inquit,melior
2913 4427 3105 4495 angelis
3145 4425 3371 4492 effectus,
3405 4438 3592 4497 quanto
3617 4427 3726 4496 dif-

2149 4525 2386 4599 feremus
2417 4535 2523 4591 pro:
2561 4518 2664 4571 illis
2710 4532 2889 4569 nomen
2930 4516 3244 4570 hereditauit.
3292 4516 3445 4582 lllud,
3475 4515 3726 4584 Effecit“.

2149 4618 2236 4673 hic
2255 4625 2339 4671 est
2357 4629 2454 4684 pro
2472 4609 2774 4664 declaratus
2796 4606 2878 4660 vel
2902 4606 3320 4670 demonstratus,
3349 4615 3407 4660 ut
3432 4606 3503 4660 ita
3524 4607 3726 4661 dicam.

2150 4706 2354 4769 Deinde
2400 4703 2451 4756 id
2490 4699 2790 4755 conﬁrmat.
2823 4695 3150 4762 Quomodo?
3181 4695 3258 4750 Ex
3291 4695 3526 4752 nomine.
3567 4697 3731 4752 Vides

2151 4792 2294 4863 quod
2322 4806 2516 4848 nomen
2550 4793 2735 4858 Filius,
2783 4795 2920 4849 solet
2949 4796 3248 4866 signiﬁcare
3276 4794 3691 4866 gerrnanitatem
3715 4798 3739 4845 τ

2157 4884 2222 4940 Et
2246 4892 2413 4948 certe,
2460 4885 2503 4938 si
2534 4900 2641 4939 non
2672 4894 2815 4940 esset
2851 4902 3142 4957 germanus
3171 4888 3359 4952 Filius,
3389 4902 3496 4942 non
3535 4886 3608 4940 ita
3654 4885 3736 4938 lo-

2151 4983 2346 5043 quutus
2373 4983 2536 5028 esset.
2581 4975 2802 5043 Quare?
2843 4977 2976 5042 Quia
3015 4993 3302 5047 germanus
3330 4979 3400 5033 ob
3430 4976 3562 5031 nihil
3587 4975 3736 5031 aliud

2151 5075 2234 5120 est
2261 5079 2421 5135 quam
2450 5075 2715 5136 quatenus
2753 5077 2836 5122 est
2861 5083 2927 5123 ex
2967 5067 3087 5137 ipso
3115 5089 3129 5124 :
3161 5070 3320 5140 igitur
3349 5084 3415 5124 ex
3442 5083 3507 5124 eo
3531 5068 3736 5123 conﬁr-

2153 5165 2281 5210 mat.
2314 5154 2448 5210 Nam
2493 5157 2538 5210 si
2567 5166 2651 5211 est
2679 5158 2846 5226 gratia
2889 5158 3082 5223 Filius,
3131 5174 3236 5213 non
3285 5159 3456 5213 solum
3502 5174 3607 5211 non
3653 5166 3738 5212 est

2152 5245 2356 5316 angelis
2398 5247 2757 5316 praestantior,
2811 5247 2907 5302 sed
2939 5248 3117 5302 .etiam
3167 5249 3364 5302 minor.
3408 5245 3737 5314 Quomodo?

2148 5338 2412 5403 Quoniam
2445 5339 2690 5394 homines
2727 5353 2940 5409 quoque
2974 5339 3104 5408 justi
3135 5339 3310 5394 vocati
3349 5347 3475 5394 sunt
3521 5337 3611 5391 lllii
3637 5353 3652 5402 ;
3680 5345 3738 5392 et

2152 5444 2346 5485 nomen
2376 5428 2488 5494 lilii,
2520 5429 2620 5484 nisi
2649 5429 2717 5482 sit
2746 5429 2891 5484 ﬁlius
2922 5428 3170 5498 proprius
3203 5437 3258 5484 et
3283 5443 3586 5500 germanus,
3626 5442 3733 5481 non

2151 5532 2327 5592 potest
2361 5521 2652 5578 ostendere
2680 5521 3076 5576 excellentiam.
3109 5520 3176 5574 Et
3205 5530 3262 5574 ut
3291 5519 3555 5590 signiﬁcet
3588 5517 3730 5588 quod

2152 5617 2221 5666 sit
2247 5613 2489 5683 quadam
2519 5611 2823 5667 diﬂ'erentia
2851 5619 3220 5666 creaturarum
3253 5619 3306 5664 et
3351 5610 3580 5680 opiﬁcis,
3614 5608 3738 5662 vide

2153 5703 2280 5774 quid
2307 5704 2448 5759 dicat
2476 5722 2490 5758 :
2519 5705 2571 5761 5.
2619 5701 2717 5759 Cui
2755 5703 2888 5758 enim
2933 5702 3061 5756 dixit
3089 5700 3368 5771 aliquando
3409 5699 3734 5772 angelorum,
