3956 6138
426 284 495 336 2.")
941 343 944 345 λ
1168 287 1224 339 S.
1261 266 1537 340 J-OANNIS
1571 280 2061 340 CIIRYSOSTOMI
2103 285 2420 342 ARCHIEP.
2463 286 3008 343 CONSTANTINOP.
3586 272 3688 335 26"

421 417 520 470 μοι
544 400 629 463 είς
659 398 817 463 Υίὸν,
857 398 954 468 τῆς
990 397 1451 470 ὲνανθρωπήσεώς
1489 402 1604 452 ἐστι
1664 415 1998 470 παραστατι-

426 481 519 535 κόν
538 497 553 512 ο
584 481 644 532 10
675 479 756 542 δὲ,
799 481 932 545 Υἱός
955 496 1074 550 μου
1111 477 1165 535 εἷ
1187 483 1292 549 σὺ,
1347 483 1499 536 οὐδὲν
1546 483 1730 552 ἓτερον
1765 481 1934 551 δηλοῖ,
1961 481 2004 550 ἢ,

426 568 506 618 ὄτι
544 564 602 629 ἐξ
639 562 800 616 αὑτοῦ
839 565 1006 617 ἐστιν.
1055 564 1267 636 Ὥσπερ
1329 566 1384 618 δὲ
1421 563 1496 617 ὣν
1513 564 1733 633 λέγεται
1769 565 1876 618 ἀπὸ
1907 561 2006 617 τοῦ

426 647 717 710 ἐνεστῶτος
771 646 963 716 καιροῦ
992 663 1007 678 ο
1069 641 1225 711 οὗτος
1285 648 1396 716 γὰρ
1465 647 1704 718 μάλιστα
1772 647 2003 719 ἁρμόζει

425 731 572 802 αὐτῷ
593 749 606 762 ·
634 731 774 783 οὕτω
807 729 903 784 καὶ
931 730 1010 794 10,
1045 731 1338 799 Σήμερον,
1373 729 1606 785 ἐνταῦθά
1634 748 1724 800 μοι
1753 731 1899 784 δοκεῖ
1926 732 2005 793 είς

422 817 520 884 τὴν
555 813 732 884 σάρκα
765 813 1044 884 εἰρῆσθαι.
1077 814 1246 867 Ὅταν
1263 815 1372 883 γὰρ
1412 814 1582 881 αὐτῆς
1625 813 1956 883 ἐπιλάϐηται
1985 853 2001 878 ,

423 900 600 950 πάντα
647 897 836 949 ’λοιπὸν
894 897 1066 960 ἀδεῶς
1117 896 1435 965 φθέγγεται.
1492 898 1601 950 Καὶ
1645 899 1752 968 γὰρ
1801 898 2004 968 ήσὰρξ

423 983 671 1036 κοινωνεῖ
697 981 805 1033 τῶν
832 980 1078 1050 ὑψηλῶν,
1126 980 1412 1051 ὼσπεροῦν
1464 981 1557 1033 καὶ
1599 981 1632 1049 ἡ
1657 979 1848 1050 θεότης
1895 979 2004 1032 τῶν

422 1066 717 1120 ταπεινῶν.
765 1065 822 1117 Ὀ
849 1063 982 1128 Θεὸς
1007 1065 1117 1134 γὰρ
1145 1063 1432 1134 ἄνθρωπος
1464 1063 1715 1131 γενέσθαι
1755 1063 1837 1132 μὴ
1891 1065 2001 1116 ἀπ-

423 1148 680 1215 αξιώσας,
711 1147 807 1223 κα).
834 1147 894 1198 10
923 1148 1155 1216 πρᾶγμα
1188 1147 1262 1217 μὴ
1286 1147 1784 1218 παραιτησάμενος,
1801 1146 1916 1208 πῶς
1939 1145 2002 1200 ἂν

423 1231 491 1284 τά
525 1232 747 1300 ῥήματα
780 1230 1172 1302 παρῃτήσατος

397 1303 402 1309 ’
493 1313 554 1366 δ’.
596 1312 763 1365 Ταῦτ’
803 1308 898 1366 οὖν
958 1313 1177 1379 είδότες,
1218 1313 1383 1384 μηδὲν
1426 1310 1902 1383 ἐπαισχυνώμεθα’
1931 1311 2005 1382 μὴ

429 1397 573 1467 μέγα
605 1396 910 1466 φρονῶμεν.
937 1395 1002 1449 Εἰ
1031 1397 1139 1466 γάρ
1169 1397 1331 1460 αὐτὸς
1353 1395 1485 1460 Θεὸς
1509 1394 1585 1449 ὢν
1614 1397 1706 1449 καὶ
1729 1394 2005 1463 Δεσπότης

427 1480 522 1532 καὶ
545 1477 681 1532 Θεοῦ
701 1479 848 1544 Υἱὸς,
863 1481 923 1532 ού
947 1480 1307 1552 παρῃτήσατο
1331 1478 1543 1550 μορφὴν
1568 1478 1756 1532 δούλου
1779 1478 1964 1530 λαϐεῖν
1986 1491 2002 1506 ⁸

425 1562 606 1632 πολλῷ
641 1563 842 1631 μᾶλλον
872 1563 1018 1632 ἡμᾶς
1049 1563 1265 1617 ἅπαντα
1294 1563 1377 1616 δεῖ
1408 1565 1602 1628 ποιεῖν,
1637 1562 1742 1616 κᾶν
1771 1562 2004 1616 ταπεινὰ

523 1644 696 1698 Πόθεν
725 1645 854 1714 γάρ,
909 1645 1028 1697 είπέ
1083 1662 1194 1714 μοι,
1243 1645 1519 1716 ἄνθρωπε,
1576 1645 1719 1714 μέγα
1756 1648 2001 1715 φρονεῖς;

425 1728 532 1780 ἀπὸ
553 1729 662 1780 τῶν
689 1728 987 1798 βιωτικῶν;
1016 1728 1150 1782 ἀλλά
1173 1728 1348 1784 ταῦτα
1366 1732 1496 1800 πρὶν
1519 1730 1551 1802 ἦ
1572 1729 1807 1799 φανῆναι
1824 1746 2002 1800 παρα·

426 1813 633 1883 τρέχει.
674 1811 816 1866 Ἀλλ’
844 1812 952 1867 ἀπὸ
988 1811 1101 1866 τῶν
1142 1814 1563 1883 πνευματικῶνς
1623 1813 1738 1866 ἀλλ’
1795 1812 1852 1866 ἓν
1905 1814 2000 1868 καὶ

422 1896 580 1948 τοῦτό
604 1897 724 1948 ἐστι
751 1894 1081 1965 κατόρθωμα
1097 1896 1490 1966 πνευματικὸν,
1508 1896 1568 1949 τὸ
1595 1895 1668 1967 μὴ
1705 1897 1850 1966 μέγα
1868 1913 2002 1967 φρο-

422 1983 556 2034 νεῖν.
589 1979 687 2032 Διά
710 1981 762 2032 τί
805 1982 986 2034 τοίνυν
1037 1981 1180 2049 μέγα
1243 1981 1499 2049 φρονεῖς;
1549 1980 1634 2032 ὅτι
1679 1979 1996 2048 κατορθοῖςι

428 2060 691 2116 ’Ἄκουσον
719 2061 812 2114 τοῦ
843 2063 1081 2134 Χριστοῦ
1137 2063 1410 2130 λέγοντος·
1470 2063 1658 2116 ’Ὅταν
1704 2062 2000 2129 ποιήσητε

421 2144 638 2210 πάντα,
669 2145 878 2215 λέγετε
906 2145 996 2198 ὅτι
1041 2145 1285 2213 Ἀχρεῖοι
1315 2144 1527 2198 δοῦλοί
1556 2147 1774 2212 ἐσμεν·
1809 2143 1848 2196 ἁ
1889 2144 2000 2212 γὰρ

419 2229 758 2299 ὠφείλομεν
783 2226 1057 2296 ποιῆσαι,
1079 2226 1514 2296 πεποιήκαμεν.
1573 2226 1737 2280 Ἀλλὰ
1781 2226 1869 2280 διὰ
1908 2227 1999 2280 τὸν

421 2312 822 2383 πλοῦτοντμέγα
849 2312 1096 2382 φρονεῖς;
1123 2310 1213 2364 διὰ
1233 2311 1305 2375 τί,
1334 2312 1456 2363 εἰπέ
1477 2326 1609 2380 -μοις
1635 2310 1736 2363 ούκ
1759 2311 1999 2381 ἧκουσας

377 2402 397 2420 ’
421 2397 500 2448 ὅτι
514 2397 714 2466 γυμνοὶ
725 2395 1049 2465 εἰσήλθομεν
1059 2396 1145 2457 ἐίς
1166 2392 1280 2464 [21]
1298 2394 1389 2446 10v
1403 2393 1537 2463 βίον,
1553 2409 1621 2461 γυ
1629 2393 1752 2462 μνο¹ι
1764 2392 1857 2445 καὶ
1867 2394 1998 2446 ἀπε-

421 2480 731 2551 λευσόμεθα
751 2479 986 2550 ;μᾶλλον
1006 2476 1199 2550 δὲ,ούχ
1215 2480 1347 2551 ὁρᾷς
1363 2479 1490 2542 τοὺς
1504 2477 1619 2550 ,πρὸ
1640 2475 1734 2531 σοῦ
1754 2477 1998 2550 ἐρήμους

424 2565 522 2618 καλν
534 2565 775 2635 γυμνοὺς
786 2564 1122 2628 ἀπελθόντας
1147 2581 1161 2628 ;
1189 2565 1281 2628 Τίς
1301 2565 1369 2618 τὰ
1393 2563 1651 2633 ἀλλότρια
1673 2563 1812 2634 ἔχων
1851 2564 1998 2632 μέγα

424 2647 648 2718 φρονεῖς
671 2649 735 2700 Οί
751 2647 863 2716 ¹γάρ
889 2647 1206 2717 βουλόμενοι
1228 2647 1410 2710 αὐτοῖς
1429 2646 1666 2717 χρῆσθαι
1685 2649 1766 2711 είς
1787 2648 1997 2702 οἰκείαν

425 2731 595 2800 μόνην
625 2730 951 2794 ἀπόλαυσιν,
971 2729 1336 2800 ἀφαιροῦνται
1358 2730 1498 2783 αὐτὰ
1516 2732 1611 2782 καὶ
1633 2729 1880 2794 ἄκοντες,
1904 2731 1999 2783 καὶ

428 2813 532 2884 2190
560 2813 658 2883 μὲν
679 2814 780 2883 τῆς
791 2811 1049 2883 τελευτῆς
1065 2813 1349 2876 πολλάκις,
1369 2814 1427 2866 ἐν
1457 2813 1516 2867 δὲ
1533 2815 1598 2884 τῇ
1619 2813 1844 2884 τελευτῇ
1869 2815 1998 2868 πάν-

423 2913 549 2960 τως.
576 2896 715 2948 Ἀλλ’
729 2898 892 2966 ἡμεῖς
909 2895 1114 2960 ζῶντες
1135 2897 1339 2960 αὐτοῖς,
1361 2899 1549 2966 φησιν,
1568 2898 1644 2961 ὡς
1667 2897 1994 2968 βουλόμεθα,

423 2977 707 3048 χρώμεθα.
735 2978 986 3032 Μάλιστα
1019 2979 1117 3047 μὲν
1170 2979 1358 3033 ούδένα
1390 2981 1457 3033 ἀν
1507 2997 1592 3043 τις
1626 2981 1722 3034 ἴδοι
1756 2981 1993 3052 ταχέως,

421 3059 498 3123 ὡς
529 3060 800 3130 βούλεται,
831 3064 941 3124 τοῖς
968 3059 1391 3132 οὖσιχ-ρώμενον
1420 3079 1434 3094 ·
1466 3063 1591 3116 εἱδέ
1619 3074 1704 3126 τις
1725 3065 1820 3118 καὶ
1856 3065 2000 3134 χρῷ-

423 3159 483 3196 το
512 3143 587 3206 ὡς
610 3143 876 3213 βούλεται,
906 3144 1028 3197 οὐδὲ
1058 3145 1216 3198 τοῦτο
1247 3147 1394 3215 μέγα
1418 3160 1430 3173 ’
1453 3145 1823 3216 βραχὺςγάρό
1851 3163 1996 3217 παρ-

422 3227 495 3276 ὼν
553 3228 742 3296 καιρὸς
791 3226 926 3296 πρὸς
971 3227 1099 3290 τοὺς
1156 3226 1364 3290 αἰῶνας
1424 3229 1552 3291 τοὺς
1575 3228 1996 3299 άτελευτήτους.

424 3310 582 3376 Μέγα
617 3312 856 3379 φρονεῖς,
881 3308 1156 3382 ἄνθρωπε,
1189 3311 1270 3362 ὅτι
1301 3310 1587 3375 πλουτεί;;
1615 3310 1759 3375 τίνος
1788 3312 1995 3376 ’ένεκεν;

421 3391 582 3445 τοῦτο
609 3394 717 3464 γὰρ
735 3394 831 3446 καὶ
849 3393 1074 3464 λῃσταῖς
1087 3394 1460 3466 παραγίνεται
1489 3395 1586 3447 καὶ
1610 3394 1872 3458 κλέπταις
1903 3396 1998 3450 καὶ⁵

421 3476 771 3545 ἀνδροφόνοις
801 3478 892 3530 καὶ
929 3478 1198 3548 μαλακοῖς
1216 3478 1310 3532 καὶ
1336 3479 1559 3547 πόρνοις
1596 3479 1690 3531 καὶ
1715 3479 1849 3532 πᾶσι
1884 3480 1997 3540 τοῖς

421 3564 701 3632 πονηροῖς.
728 3562 830 3616 Διά
857 3563 909 3616 τί
948 3558 1044 3617 οὖν
1081 3563 1224 3632 μέγα
1250 3564 1468 3632 φρονεῖς
1494 3579 1508 3628 ;
1542 3562 1603 3614 Εί
1647 3561 1746 3632 μὲν
1773 3561 1884 3632 γὰρ
1919 3563 1999 3625 είς

416 3643 538 3697 δ’έον
563 3643 712 3714 αύτῷ
738 3645 1028 3717 κέχρησαι,
1054 3647 1156 3699 ούκ
1185 3645 1424 3715 ὀφείλεις
1456 3643 1600 3715 μέγα
1645 3647 1885 3714 φρονεῖν,
1911 3643 2000 3698 ἵνα

421 3729 496 3796 μὴ
521 3728 739 3800 λυμήνῃ
768 3730 868 3800 τὴν
889 3729 1111 3800 ἐντολήν
1136 3746 1148 3760 ·
1180 3731 1229 3782 εἰ
1269 3728 1329 3781 δὲ
1368 3729 1468 3782 οὐκ
1518 3729 1599 3790 είς
1641 3727 1781 3794 δέον,
1821 3726 1998 3799 ταύτῃ

420 3812 657 3879 μάλιστα
689 3813 1076 3866 συστέλλεσθαι
1123 3812 1223 3879 δεῖ,
1271 3814 1354 3866 ὅτι
1401 3811 1587 3875 δοῦλος
1625 3810 1859 3879 γέγονας
1885 3810 1996 3864 τῶν

418 3897 714 3964 χρημάτων
767 3896 862 3949 καὶ
911 3896 1206 3964 κτημάτων
1271 3896 1365 3947 καὶ
1420 3898 1600 3964 κρατῇ
1655 3895 1745 3946 ὑπ’
1791 3894 1992 3949 αὐτῶν.

422 3978 558 4029 Εἰπὲ
590 3979 698 4046 γάρ
741 3994 852 4046 μοι,
882 3980 932 4030 εἰ
967 3994 1052 4039 τις
1093 3977 1381 4046 πυρέττων
1433 3976 1584 4046 ὕδωρ
1621 3977 1803 4028 ἐκπίοι
1835 3977 1992 4041 πολὺ,

418 4059 480 4112 10
509 4059 644 4129 πρὸς
678 4059 848 4129 βραχὺ
881 4060 978 4128 μὲν
1022 4059 1274 4112 σϐεννύον
1296 4059 1394 4128 τὴν
1423 4059 1606 4126 δίψαν,
1657 4057 1885 4129 ὓστερον
1939 4060 1997 4113 δὲ

418 4141 659 4194 ἀνάπτον
685 4142 786 4213 τὴν
819 4142 1014 4211 φλόγα,
1070 4142 1215 4212 μέγα
1267 4141 1471 4210 ὀφείλει
1525 4143 1744 4211 φρονεῖν
1771 4160 1787 4208 ;
1817 4142 1883 4194 Τί
1914 4142 1992 4206 δὲ,

420 4223 476 4277 εί
501 4240 586 4287 τις
619 4225 838 4278 πλείονα
867 4226 1142 4296 φροντίζει
1159 4226 1305 4296 είκῆ,
1327 4226 1415 4279 διὰ
1439 4225 1601 4278 τοῦτο
1628 4225 1834 4292 ὀφείλει
1855 4225 1996 4296 μέγα

421 4312 674 4380 φρονεῖν.;
703 4310 801 4363 Διὰ
826 4311 902 4375 τί,
929 4309 1053 4363 εἰπέ
1076 4323 1166 4381 μοι
1180 4327 1203 4375 ~;
1237 4309 1423 4383 ἐπειδὴ
1451 4308 1682 4372 πολλοὺς
1723 4309 1868 4379 ἔχεις
1906 4309 1996 4362 δε-

425 4393 629 4455 σπότας
647 4409 661 4456 ;
681 4394 872 4464 ἐπειδὴ
889 4394 1091 4464 μυρίας
1110 4393 1379 4465 μερίμνας
1396 4411 1410 4460 ;
1430 4392 1618 4463 ἐπειδὴ
1637 4391 1994 4446 κολακεύουσί

411 4485 484 4531 σε
509 4477 728 4543 πολλοί.;
776 4477 940 4530 Ἀλλά
966 4476 1126 4530 τοῦτο
1153 4476 1428 4532 δουλεύειν
1457 4476 1592 4532 ἐστί.
1632 4467 1740 4530 καὶ
1769 4477 1858 4531 ἵνα
1887 4476 1993 4547 μά-

418 4560 559 4632 θῃςα
585 4561 668 4614 ὃτι
689 4559 963 4624 δουλεύεις
984 4561 1186 4623 αὐτοῖς,
1204 4560 1367 4614 ἄκουε
1392 4558 1578 4630 σαφῶς
1595 4576 1608 4589 ’
1635 4559 1702 4612 τά
1728 4559 1864 4613 ἄλλα
1882 4559 1992 4612 τῶν

417 4645 610 4700 παθῶν
637 4644 747 4698 τῶν
771 4645 832 4697 ἐν
859 4645 991 4714 ἡμῖν
1013 4642 1168 4697 ’ἐστιν
1189 4645 1323 4697 ὅπου
1353 4643 1602 4714 χρήσιμά
1628 4644 1798 4709 ἐστιν,
1821 4640 1935 4696 οἷον
1959 4643 1992 4714 ἠ

417 4727 562 4797 ὀργὴ
594 4727 868 4798 πολλαχοῦ
900 4727 1168 4798 χρησίμη’
1201 4727 1397 4795 Θυμὸς
1415 4726 1545 4796 γὰρ,
1572 4726 1757 4795 φησὶν,
1785 4725 1995 4793 ἄδικος

419 4815 530 4867 οὐκ
546 4812 985 4879 ἀθωωθήσεται·
1001 4810 1140 4864 ὥστε
1154 4811 1270 4864 ἐστι
1289 4811 1384 4863 καὶ
1400 4809 1627 4871 δικαίως
1642 4809 1705 4861 θυ
1715 4808 1987 4879 μωθῆναι.

417 4899 528 4950 Καὶ
558 4895 744 4959 πάλιν,
780 4896 836 4947 '0
863 4892 1233 4964 ὀργιζόμενος
1253 4894 1332 4960 τῷ
1360 4891 1601 4962 ἀδελφῷ
1621 4893 1808 4947 αὑτοῦ
1835 4892 1991 4960 εικῆ,

417 4980 636 5048 ἔνοχος
660 4979 834 5033 ἔσται
866 4978 941 5047 τῇ
972 4978 1204 5049 γεέννῃ.
1225 4979 1404 5033 -Πάλιν
1419 4978 1448 5030 ὀ
1468 4977 1631 5046 ζῆλος
1648 4976 1810 5029 καλὸν
1841 4977 1934 5028 καὶ
1959 4977 1992 5047 ή

419 5062 709 5134 ἑπιθυμία,
732 5065 766 5134 ἡ
796 5064 914 5134 μὶν,
945 5065 1075 5116 ὅταν
1105 5067 1184 5124 είς
1211 5060 1562 5117 παιδοποιίαν
1582 5061 1821 5131 γίνηται,
1855 5063 1883 5114 0
1910 5060 1988 5123 δὲ,

418 5150 549 5200 ὅταν
582 5147 718 5218 πρὸς
751 5149 820 5201 τά
863 5146 1004 5200 καλὰ
1039 5146 1138 5216 τὴν
1169 5146 1402 5216 μίμησιν
1438 5144 1464 5182 ι’
1494 5143 1616 5214 ἔχῃ.
1656 5144 1866 5215 Ὥσπερ
1895 5142 1993 5196 καὶ

422 5229 632 5294 Παῦλος
648 5229 814 5298 λέγει’
836 5230 1040 5284 Καλὸν
1055 5228 1124 5282 δὲ
1145 5229 1209 5282 τό
1232 5227 1556 5296 ζηλοῦσθαι
1575 5226 1643 5280 ἐν
1658 5225 1823 5292 καλῷ
1843 5225 1993 5280 πείν-

421 5323 572 5368 τοτεο
609 5314 704 5366 καὶ
736 5312 920 5378 πάλιν,
945 5312 1210 5379 Ζηλοῦτε
1237 5313 1308 5366 τὰ
1333 5312 1675 5380 χαρίσματα
1699 5310 1773 5364 τὰ
1797 5310 1990 5380 κρείτ·

420 5414 588 5453 rora.
620 5393 787 5448 Ὥστε
819 5395 1109 5467 ἀμφότερα
1134 5396 1400 5466 χρήσιμα.
1443 5395 1506 5446 Ἦ
1551 5393 1737 5464 μέντοι
1767 5393 1992 5447 ἀπόνοια

419 5478 657 5550 οὐδαμοῦ
697 5479 880 5545 καλὸν,
907 5478 1044 5531 ἀλλὰ
1069 5476 1350 5547 πανταχοῦ
1377 5476 1653 5547 ἄχρηστον
1677 5478 1770 5531 καὶ
1799 5476 1990 5546 βλαϐε-

480 5693 506 5722 ⁵
530 5693 1059 5751 lidem,consentiente
1089 5695 1318 5746 Muliano.
1342 5692 1528 5745 πολλοῖς
1553 5693 1734 5755 καὶγὰρ
1759 5692 1991 5750 δουλεύεις

418 5755 592 5809 αὐτοῖς.
623 5758 714 5802 Καὶ
748 5757 824 5804 ἵνα
859 5757 1022 5816 μάθῃς.

478 5818 504 5857 Ι·
533 5819 624 5866 Τὸν
648 5819 785 5876 ζῆλον
818 5818 981 5868 ﬁdem.

2110 400 2218 467 ρόν.
2241 401 2358 472 [22]
2387 403 2531 471 Πλὴν
2556 406 2602 455 εἰ
2621 403 2702 456 δεῖ
2729 405 2870 474 μέγα
2888 403 3126 473 φρονεῖν,
3148 400 3240 454 ἐπὶ
3261 400 3443 471 πενίᾳ,
3460 400 3560 454 οὐκ
3586 401 3680 454 ἐπὶ⁹

2111 481 2326 552 πλούτῳ
2352 483 2450 538 δεῖ.
2471 485 2568 538 Διά
2589 485 2641 538 τί
2660 503 2674 552 ;
2694 486 2817 539 ’Ότι
2843 489 2871 539 0
2905 489 2962 538 ἐν
2986 485 3188 552 ὀλίγοις
3219 483 3317 553 ζῇν
3362 483 3681 552 δυνάμενος,

2105 565 2199 619 τοῦ
2234 568 2307 637 μὴ
2329 568 2628 640 δυναμένου
2663 570 2842 640 πολλῷ
2863 568 3068 638 μείζων
3098 567 3194 621 καὶ
3222 566 3488 638 κρείττων
3509 567 3692 619 ἐστίν.·

2164 643 2303 704 Είπὲ
2347 652 2455 723 γάρ
2511 654 3022 722 μοι,είκληθέντων
3053 653 3135 713 είς
3190 650 3479 722 βασιλικὴν
3525 651 3687 704 πόλιν·

2105 733 2287 795 τινῶν,
2315 737 2363 787 οἱ
2395 737 2491 805 μὲν
2514 735 2696 789 αὐτῶν
2723 738 2860 807 μήτε
2887 733 3201 802 ὑποζυγίων
3258 734 3478 799 δέοιντο,
3540 734 3680 804 μήτε

2105 815 2350 883 οἰκετῶν,
2377 820 2512 888 μήτε
2536 820 2817 884 σκιαδίων,
2841 820 2978 889 μήτε
2996 817 3381 885 καταγωγίων,
3403 818 3540 887 μήτε
3557 816 3686 869 ὑπο·

2105 899 2382 969 δημάτων,
2415 903 2557 973 μήτε
2607 902 2838 966 σκευῶν,
2875 901 2991 954 ἀλλ’
3021 900 3239 971 ἀπόχρη
3288 901 3473 964 αὐτοῖς
3520 902 3685 972 ἄρτον

2110 981 2271 1050 μόνον
2294 983 2382 1052 ἔχε
2391 1000 2459 1049 ιν,
2480 985 2571 1037 καὶ
2592 984 2739 1054 ὕδωρ
2756 988 2820 1038 ἐκ
2840 984 2948 1037 τῶν
2973 983 3166 1055 πηγῶν
3188 982 3488 1052 λαμϐάνειν
3514 1001 3528 1015 ο
3546 985 3687 1037 tl:er-

2107 1078 2186 1116 νοι
2207 1063 2264 1117 δὲ
2292 1065 2521 1133 λέγοιεν,
2557 1069 2639 1120 ὅτι
2680 1069 2810 1122 Ἐάν
2848 1068 2923 1138 μὴ
2950 1067 3048 1121 καὶ
3092 1067 3346 1136 ὀχήματα
3397 1065 3535 1120 δῶτε
3586 1067 3686 1120 καὶ

2109 1149 2400 1218 στρωμνὴν
2421 1149 2655 1218 ἁπαλὴν,
2688 1150 2749 1203 ού
2777 1150 3057 1220 δυνάμεθα
3104 1149 3535 1219 παραγενέσθαι,
3587 1140 3684 1204 ἐὰν

2112 1230 2185 1300 μὴ
2213 1231 2306 1283 καὶ
2336 1232 2562 1296 πολλοὺς
2593 1233 2804 1304 ἔχωμεν
2827 1236 2954 1297 τοὺς
2983 1232 3414 1296 ἀκολουθοῦντας
3436 1273 3452 1298 ,
3480 1233 3578 1287 ἐὰν
3608 1234 3686 1303 μὴ

2109 1313 2345 1383 συνεχῶς
2403 1314 2496 1386 ἐξῇ
2543 1316 2972 1370 διαναπαύεσθαι
2992 1358 3006 1380 ,
3034 1318 3092 1369 οὺ
3122 1315 3416 1384 δυνάμεθα,
3448 1315 3546 1369 ἐὰν
3607 1317 3685 1386 μὴ

2108 1391 2424 1462 ὑποζυγίοις
2447 1395 2730 1466 χρώμεθα,
2757 1397 2854 1450 καὶ
2885 1396 3082 1466 μικρὸν
3109 1395 3385 1462 ὀδεύωμεν
3413 1395 3517 1464 τῆς
3541 1396 3683 1464 ἡμέε-

2112 1494 2209 1546 ρας
2239 1479 2403 1548 μέρος
2429 1495 2442 1508 ·
2471 1479 2553 1532 δεῖ
2577 1481 2634 1533 δὲ
2665 1482 2795 1551 ἡμῖν
2823 1482 2917 1533 καὶ
2950 1480 3154 1550 ἐτέρων
3199 1479 3463 1532 πλειόνων
3483 1495 3497 1508 ·
3530 1482 3686 1544 τίνας

2110 1562 2174 1612 ἂν
2227 1561 2654 1631 θαυμάσαιμεν;
2688 1563 2954 1626 ἐκείνους,
3006 1564 3040 1633 ἢ
3091 1562 3351 1630 τούτους;
3384 1563 3555 1633 Δῆλον
3602 1565 3685 1618 ὅτι

2105 1643 2323 1708 τούτους
2343 1647 2469 1709 τοὺς
2490 1647 2703 1708 ούδενὸς
2719 1646 3030 1716 δεομένους.
3051 1645 3207 1700 Οὕτω
3224 1647 3288 1716 δὴ
3313 1649 3406 1699 κοιλ⁸
3422 1647 3684 1713 ἐνταῦθα,

2104 1729 2152 1780 οί
2183 1727 2284 1796 μὲν
2310 1729 2446 1797 πρὸς
2473 1731 2571 1798 τὴν
2598 1729 2718 1783 ὀδὺν
2739 1730 2831 1782 τοῦ
2853 1730 2969 1800 βίου
2989 1730 3179 1784 τούτου
3205 1729 3414 1782 πολλῶν
3444 1731 3681 1796 δέονται,

2103 1813 2151 1864 οἱ
2183 1811 2237 1864 δέ
2264 1812 2498 1877 οὐδενός.
2536 1814 2698 1866 Ὥστε
2727 1815 2893 1877 τοὺςε
2928 1815 3022 1868 ἐπὶ⁹
3063 1814 3223 1885 πενίᾳ
3256 1813 3458 1884 μᾶλλον
3512 1803 3684 1884 ἐχρῆν

2107 1895 2247 1963 μέγα
2271 1898 2508 1966 φρονεῖν,
2532 1899 2587 1951 εῖ
2601 1914 2665 1966 γε
2689 1898 2780 1950 καὶ
2805 1897 2992 1969 ἐχρῆν.
3020 1897 3160 1949 Ἀλλ’
3195 1897 3684 1968 εὐκαταφρόνητός

2103 1978 2251 2030 ἐστιν
2286 1979 2314 2031 0
2342 1979 2530 2049 πένης,
2588 1979 2772 2051 φησίν.
2825 1981 2939 2033 Ούκ
2983 1981 3216 2045 ἐκεῖνος,
3249 1979 3364 2032 ἀλλ’
3396 1981 3446 2032 οί
3490 1980 3685 2034 τούτου

2104 2061 2592 2131 καταφρονοῦντες.
2628 2062 2726 2115 Διὰ
2753 2061 2806 2115 τί
2840 2065 2949 2133 γὰρ
2971 2061 3081 2130 ἐγὼ
3114 2064 3188 2132 μὴ
3217 2062 3550 2132 καταφρονῶ
3578 2062 3687 2115 τῶν

2102 2143 2201 2196 οὐκ
2230 2143 2449 2198 εἰδότων
2482 2144 2784 2215 θαυμάζειν
2814 2145 2849 2199 ἃ.
2876 2146 3018 2216 χρή;
3060 2143 3201 2196 Ἀλλ’
3223 2145 3288 2198 ἂν
3325 2145 3424 2214 μὲν
3469 2146 3688 2216 ζωγράο

2103 2221 2254 2299 φος
2287 2243 2393 2292 τις,
2426 2227 2646 2281 πάντων
2679 2227 3118 2296 καταγελάσεται
3150 2227 3259 2279 τῶν
3321 2228 3687 2301 σκωπτόντων

2101 2308 2283 2372 αὑτὸν,
2321 2308 2426 2372 ἕως
2448 2309 2512 2362 ἂν
2543 2303 2674 2363 ὦσιν
2705 2311 2960 2382 ἀμαθεῖς,
2993 2309 3087 2362 καλ.
3115 2308 3238 2361 οὔτε
3275 2307 3410 2378 πρὸς
3440 2308 3510 2362 τὰ
3553 2308 3687 2380 παρ’

2102 2391 2325 2445 ἐκείνων
2353 2392 2622 2462 λεγόμενα
2648 2387 3060 2470 ἐπιστρέφεται,
3098 2391 3236 2447 ἀλλὰ
3262 2395 3328 2462 τῇ
3357 2389 3556 2445 ἐαυτοῦ
3586 2394 3690 2462 ἀρ-

2102 2477 2280 2528 κεῖται
2340 2476 2824 2549 μαρτυρίαηήμεῖς
2844 2471 2900 2530 δὲ
2930 2478 3031 2549 τῆς
3087 2476 3194 2530 τῶν
3252 2475 3465 2528 πολλῶν
3526 2475 3691 2547 δόξης

2103 2557 2473 2634 ἐξαρτήσομεν
2530 2559 2792 2623 ἐαυτούς;
2825 2563 2918 2614 καὶ
2970 2559 3075 2614 ποῦ
3124 2557 3300 2614 ταῦτα
3348 2559 3689 2631 συγγνώμης

2102 2644 2226 2710 ἄξια
2252 2661 2267 2708 ;

2143 2725 2264 2793 ¹Διά
2316 2725 2472 2780 τοῦτό
2542 2726 2709 2794 ἐσμεν
2771 2717 2912 2790 ἄξιοι
2989 2723 3450 2796 καταφρονεῖσθαι
3482 2764 3497 2789 ,
3557 2724 3689 2778 ὅταν

2099 2811 2207 2865 τῶν
2237 2808 2722 2883 καταφρονούντων
2746 2809 2904 2880 ἡμῶν
2939 2809 3028 2862 διὰ
3053 2806 3154 2879 τὴν
3181 2809 3372 2863 πενίαν
3407 2807 3483 2879 μὴ
3516 2823 3690 2861 κατα-

2104 2894 2416 2966 φρονῶμεν,
2455 2897 2590 2967 μηδὲ
2621 2891 3003 2963 ταλανίξωμεν
3031 2892 3251 2956 αὐτούς.
3285 2892 3396 2945 Καὶ
3441 2892 3688 2963 παρίημι

2101 2980 2202 3030 ὅσα
2229 2979 2328 3048 μὲν
2359 2979 2732 3049 ἁμαρτήματα
2769 2975 2873 3033 ἀπὸ
2902 2974 2999 3033 τοῦ
3033 2974 3265 3033 πλούτου
3289 2975 3554 3043 τίκτεται,
3587 2976 3689 3032 ὅσα

2101 3061 2156 3114 δὲ
2189 3060 2370 3128 ἀγαθὰ
2397 3061 2504 3114 ἀπὸ
2528 3063 2628 3132 τῆς
2680 3064 2873 3126 πενίας
2893 3080 2906 3093 ⁶
2942 3063 3143 3134 μᾶλλον
3173 3063 3229 3116 δὲ
3262 3063 3379 3115 οὐδὲ
3429 3063 3685 3127 πλοῦτος,

2100 3144 2219 3195 οὐδὲ
2249 3144 2408 3197 πενία
2428 3143 2551 3197 καθ’
2583 3145 2745 3198 ἐαυτὸ
2760 3145 2946 3210 καλὸν,
2975 3146 3113 3200 ἀλλά
3139 3147 3292 3218 παρὰ
3307 3147 3434 3210 τοὺς
3457 3148 3686 3216 χρωμέ-

2101 3243 2223 3290 νους
2244 3225 2458 3294 τούτῳ(1
2494 3228 2724 3295 γίνεται.
2759 3227 2816 3279 Ὀ
2846 3229 3172 3298 Χριστιανὸς
3198 3229 3419 3299 δόκιμος
3444 3230 3502 3282 ἐν
3523 3229 3688 3300 πενία

2104 3308 2304 3378 μᾶλλον
2337 3308 2697 3376 διαφαίνεται,
2728 3309 2761 3380 ἢ
2785 3313 2842 3364 ἐν
2864 3311 2943 3381 τῷ
2973 3311 3208 3382 πλούτῳ.
3233 3312 3358 3374 Πῶς
3379 3329 3393 3376 ;
3413 3312 3502 3365 Ἐν
3522 3313 3687 3384 πενίᾳ

2105 3392 2204 3462 μὲν
2237 3390 2347 3462 γὰρ
2377 3391 2451 3444 ὢν
2482 3392 2816 3464 ἀτυφότερος
2843 3393 2996 3447 ἔσται
3017 3434 3031 3459 ,
3099 3396 3560 3468 σωφρονέστερος.
3593 3413 3687 3448 σεί-

2106 3475 2384 3547 μνότερος,
2405 3477 2831 3547 ἐπιεικέστερος,
2857 3478 3225 3548 συνετώτερος
3251 3495 3262 3506 ·
3283 3479 3433 3549 ἐντῷ
3464 3481 3688 3551 πλούτῳ

2099 3559 2157 3612 δὲ
2188 3559 2388 3628 μένων,
2416 3558 2586 3613 πολλὰ
2617 3561 2753 3630 πρὸς
2782 3560 2955 3613 ταῦτα
2978 3561 3170 3631 ἔχειτὰ
3193 3561 3510 3632 κωλύματα.
3535 3564 3689 3616 Ἵδω-

2103 3659 2203 3712 μεν
2228 3640 2320 3696 οῦν
2351 3643 2474 3696 τίνα
2519 3644 2667 3696 ἐστὶν
2687 3643 2723 3696 ὃ.
2753 3645 2780 3696 ὀ
2810 3644 3065 3708 πλούσιος
3121 3645 3435 3716 ἐργάζεται,
3481 3645 3686 3716 μᾶλλον

2100 3726 2157 3780 δὲ
2183 3729 2210 3780 0
2225 3727 2411 3790 κακῶς
2435 3726 2513 3796 τῷ
2531 3726 2744 3796 πλούτῳ
2761 3728 3126 3797 κεχρημένος.
3144 3729 3388 3792 Ἐκεῖνος
3419 3729 3678 3800 ἁρπάζει,

2100 3811 2432 3875 πλεονεκτεῖ,
2464 3809 2732 3880 βιάζεται.
2771 3808 2885 3881 [23]
2921 3810 2985 3862 Τί
3005 3810 3092 3863 δαί
3116 3827 3130 3875 ;
3161 3813 3290 3874 τοὺς
3318 3811 3532 3882 ἔρωτας
3558 3814 3685 3875 τοὺς

2099 3893 2355 3955 ἀτόπους,
2373 3893 2471 3955 τὰς
2493 3892 2782 3963 ἀθεμίτους
2802 3891 3001 3961 μίξεις,
3019 3893 3118 3956 τὰς
3134 3893 3410 3963 γοητείας,
3426 3894 3525 3958 τὰς
3547 3911 3685 3966 φαρ-

2103 3975 2354 4045 μακείας,
2389 3974 2458 4027 τὰ
2491 3973 2624 4026 ἄλλα
2658 3974 2835 4029 πάντα
2868 3975 3015 4028 δεινά
3059 3976 3160 4028 οὐκ
3189 3975 3296 4028 ἀπὸ
3324 3976 3418 4028 τοῦ
3449 3977 3680 4030 πλούτου

2099 4059 2351 4130 εὑρήσεις
2379 4057 2888 4128 τικτόμενα;’“ορᾷς
2923 4060 3004 4112 ὅτι
3034 4061 3090 4113 ὲν
3116 4059 3275 4130 πενίᾳ
3311 4059 3515 4132 μᾶλλον
3552 4063 3681 4116 ἀκο-

2099 4141 2345 4210 πώτερόν
2370 4141 2539 4206 ἐστιν,
2574 4141 2607 4211 ἢ
2648 4143 2704 4193 ἐν
2733 4141 2952 4213 πλούτῳ
2977 4143 3076 4213 τὴν
3139 4143 3342 4216 ἀρετὴν
3399 4147 3679 4215 μετιέναις

2097 4225 2189 4295 Μὴ
2227 4224 2336 4294 γάρ
2387 4240 2495 4293 μοι,
2551 4223 2735 4294 ἐπειδὴ
2797 4225 2953 4296 δίκην
2987 4227 3046 4280 οὐ
3075 4225 3310 4280 διδόασιν
3359 4227 3600 4282 ἐνταῦθα
3632 4229 3682 4282 οί

2099 4306 2366 4370 πλούσιοι,
2389 4306 2619 4378 νομίσῃς
2644 4308 2842 4371 αὐτοὺς
2869 4308 3005 4378 μηδέ
3027 4309 3366 4381 ἁμαρτάνειν
3392 4327 3408 4340 ο
3437 4311 3514 4375 ὡς
3544 4314 3600 4366 εί
3620 4329 3683 4382 γε

2097 4385 2165 4461 ἦν
2200 4388 2429 4444 εῦκολον
2475 4390 2734 4443 πλούσιον
2783 4391 2941 4460 δίκην
2997 4391 3315 4455 διδόναι,’ἐκ
3368 4393 3576 4448 τούτων
3617 4397 3686 4448 ἂν

2097 4469 2253 4544 εὗρες
2289 4473 2720 4544 ἐμπεπλησμένα
2747 4475 2816 4528 τὰ
2844 4475 3222 4548 δεσμωτήρια⁴
3251 4477 3386 4530 ἀλλὰ
3417 4480 3558 4546 μετὰ
3575 4480 3685 4532 τῶν

2096 4558 2271 4613 ἄλλων
2298 4558 2568 4612 καὶτοῦτο
2597 4559 2710 4628 ἔχει
2760 4559 2932 4613 κακὸν
2962 4562 2990 4612 0
3014 4560 3272 4627 πλοῦτος,
3305 4563 3390 4615 ὅτι
3422 4564 3480 4616 ἐν
3510 4578 3683 4634 πονη-

2101 4639 2193 4711 ρίᾳ.
2257 4641 2568 4712 ἀτιμωρητὶ
2615 4642 2955 4712 πλημμελῶν
2986 4646 3014 4697 0
3047 4643 3240 4698 τοῦτον
3296 4647 3641 4715 κεκτημένος
3665 4685 3680 4709 ,

2097 4724 2354 4778 οὐδέποτε
2386 4725 2643 4796 στήσεται
2666 4725 2826 4779 τοῦτο
2857 4725 3052 4790 ποιῶν,
3077 4727 3214 4781 ἀλλὰ
3244 4727 3475 4798 λήψεται
3507 4727 3681 4799 τραύ-

2101 4825 2248 4877 ματα
2278 4807 2410 4861 ἀνευ
2443 4807 2780 4880 φαρμάκων,
2803 4812 2901 4863 καὶ
2936 4811 3156 4880 χαλινὸν
3213 4810 3389 4874 οὐδεὶς
3427 4810 3681 4882 ἐπιθήσει

2097 4895 2264 4970 αὐτῷ.
2299 4895 2362 4947 El
2393 4893 2450 4948 δέ
2477 4893 2718 4964 βούλοιτό
2750 4911 2832 4960 τις
2860 4935 2874 4959 ,
2901 4897 2996 4950 καὶ
3037 4896 3175 4967 πρὸς
3202 4897 3396 4966 ἡδονὴν
3451 4897 3679 4964 εὑρήσει

2097 4981 2196 5050 τὴν
2221 4980 2411 5033 πενίαν
2459 4978 2677 5042 πλείους
2706 4981 3056 5050 παρέχουσαν
3104 4983 3238 5052 ἡμῖν
3275 4980 3372 5042 τὰς
3401 4979 3677 5049 ἀφορμάς.

2097 5063 2260 5129 Πῶς;
2294 5063 2415 5115 Ὀτι
2445 5063 2742 5133 φροντίδων
2778 5063 3148 5134 ἀπήλλακται,
3209 5062 3422 5132 μίσους,
3472 5062 3675 5131 μάχης,

2097 5145 2452 5216 φιλονεικίας,
2480 5145 2677 5217 ἔριδος,
2723 5148 2933 5218 μυρίων
2962 5147 3173 5201 δεινῶν.
3217 5147 3311 5217 Μὴ
3368 5146 3552 5198 τοίνυν
3582 5146 3670 5198 -διο

2095 5227 2223 5283 ώκω
2230 5245 2328 5300 μεν
2347 5229 2407 5282 10
2419 5229 2688 5298 πλουτεῖν,
2698 5231 2831 5302 μηδὲ
2847 5232 3071 5294 τούτους
3089 5229 3319 5302 ζηλώσω
3325 5246 3426 5300 μεν
3441 5230 3528 5282 ἀεὶ
3543 5230 3672 5292 τοὺς

2096 5311 2266 5366 πολλὰ
2295 5312 2666 5384 κεκτημένους
2694 5314 2849 5367 ’ἀλλ’
2875 5315 2926 5367 οί
2944 5306 3042 5384 μὲν
3057 5313 3292 5385 ἔχοντεςν
3329 5315 3410 5376 εἰς
3435 5313 3556 5366 δέον
3586 5312 3668 5384 τῷ

2094 5396 2310 5467 πλούτῳ
2338 5395 2600 5467 χρώμεθα
2619 5412 2633 5426 ·
2663 5398 2712 5449 οἱ
2742 5397 2798 5449 δέ
2836 5396 2912 5467 μὴ
2945 5396 3184 5466 ἔχοντες,
3209 5396 3283 5468 μὴ
3305 5395 3567 5464 ἀλγῶμεν
3587 5395 3674 5448 διὰ

2094 5481 2268 5542 τοῦτο,
2317 5479 2432 5533 ἀλλ’
2483 5479 2896 5550 εύχαριστῶμεν
2947 5480 3086 5548 ὑπὲρ
3145 5480 3408 5532 ἁπάντων
3427 5476 3506 5548 τῷ
3529 5476 3673 5547 Θεῷ,

2096 5564 2176 5616 ὅτι
2205 5564 2348 5635 ἡμᾶς
2381 5565 2436 5615 ἐν
2462 5563 2636 5632 ὀλίγῳ
2660 5562 2807 5632 πόνῳ
2836 5561 2928 5613 τὸν
2949 5561 3116 5613 αὐτὸν
3143 5563 3256 5623 τοῖς
3303 5557 3603 5624 πλουσίοις,
3639 5559 3673 5630 ἢ

2154 5759 2181 5785 ε
2214 5757 2243 5801 Α
2256 5752 2486 5802 rliculum
2511 5754 2684 5800 delere
2705 5752 2847 5812 jubet
2874 5753 3118 5802 Duna‘aus.

2151 5821 2178 5858 «ί
2199 5816 2384 5864 Forsan
2405 5815 2666 5878 legendum
2688 5813 2828 5862 τοῦτο
