  <div class='ocr_page' id='page_1' title='image "/cluster/home/n/w/nwhite01/storage/ocr_20150623/63/mdp.39015008641394/030.png"; bbox 0 0 3956 6138; ppageno 0'>
   <div class='ocr_carea' id='block_1_1' title="bbox 289 451 1886 529">
    <p class='ocr_par' dir='ltr' id='par_1_1' title="bbox 289 456 1886 529">
     <span class='ocr_line' id='line_1_1' title="bbox 289 456 1886 529; baseline 0.002 -11"><span class='ocrx_word' id='word_1_1' title='bbox 289 463 363 518; x_wconf 68' lang='lat'><strong>35</strong></span> <span class='ocrx_word' id='word_1_2' title='bbox 1151 459 1219 519; x_wconf 77' lang='lat' dir='ltr'><strong>IN</strong></span> <span class='ocrx_word' id='word_1_3' title='bbox 1255 460 1471 529; x_wconf 70' lang='lat' dir='ltr'><strong>EPIST.</strong></span> <span class='ocrx_word' id='word_1_4' title='bbox 1511 460 1605 514; x_wconf 77' lang='lat' dir='ltr'><strong>Ai)</strong></span> <span class='ocrx_word' id='word_1_5' title='bbox 1646 456 1886 522; x_wconf 65' lang='grc' dir='ltr'>ιιεΒιιιξ</span> 
     </span>
    </p>
   </div>
   <div class='ocr_carea' id='block_1_2' title="bbox 2004 451 3573 529">
    <p class='ocr_par' dir='ltr' id='par_1_2' title="bbox 2004 451 3573 523">
     <span class='ocr_line' id='line_1_2' title="bbox 2004 451 3573 523; baseline -0.001 -15"><span class='ocrx_word' id='word_1_6' title='bbox 2004 493 2008 508; x_wconf 77' lang='lat'><strong>.</strong></span> <span class='ocrx_word' id='word_1_7' title='bbox 2047 455 2198 523; x_wconf 69' lang='lat' dir='ltr'><strong>CAP.</strong></span> <span class='ocrx_word' id='word_1_8' title='bbox 2244 455 2286 510; x_wconf 92' lang='lat' dir='ltr'><strong>l.</strong></span> <span class='ocrx_word' id='word_1_9' title='bbox 2327 453 2557 510; x_wconf 69' lang='grc' dir='ltr'>ιιοιιιι.</span> <span class='ocrx_word' id='word_1_10' title='bbox 2599 451 2683 513; x_wconf 81' lang='grc' dir='ltr'><strong>ΙΙ..</strong></span> <span class='ocrx_word' id='word_1_11' title='bbox 3501 451 3573 507; x_wconf 75' lang='lat'><strong>26</strong></span> 
     </span>
    </p>
   </div>
   <div class='ocr_carea' id='block_1_3' title="bbox 302 562 1878 639">
    <p class='ocr_par' dir='ltr' id='par_1_3' title="bbox 302 562 1878 639">
     <span class='ocr_line' id='line_1_3' title="bbox 302 562 1878 639; baseline -0.006 -12"><span class='ocrx_word' id='word_1_12' title='bbox 302 573 465 635; x_wconf 74' lang='lat' dir='ltr'><strong>Filius</strong></span> <span class='ocrx_word' id='word_1_13' title='bbox 485 587 627 633; x_wconf 53' lang='lat' dir='ltr'><strong>me“</strong></span> <span class='ocrx_word' id='word_1_14' title='bbox 651 585 709 635; x_wconf 68' lang='lat' dir='ltr'><strong>es</strong></span> <span class='ocrx_word' id='word_1_15' title='bbox 753 576 830 637; x_wconf 76' lang='lat' dir='ltr'><strong>tu,</strong></span> <span class='ocrx_word' id='word_1_16' title='bbox 857 582 951 639; x_wconf 71' lang='lat' dir='ltr'><strong>ego</strong></span> <span class='ocrx_word' id='word_1_17' title='bbox 989 566 1140 635; x_wconf 76' lang='lat' dir='ltr'><strong>hodie</strong></span> <span class='ocrx_word' id='word_1_18' title='bbox 1164 566 1316 637; x_wconf 70' lang='lat' dir='ltr'><strong>genui</strong></span> <span class='ocrx_word' id='word_1_19' title='bbox 1339 573 1386 631; x_wconf 68' lang='lat' dir='ltr'><strong>ts</strong></span> <span class='ocrx_word' id='word_1_20' title='bbox 1406 564 1430 621; x_wconf 84' lang='lat'><strong>?</strong></span> <span class='ocrx_word' id='word_1_21' title='bbox 1450 575 1509 631; x_wconf 79' lang='lat' dir='ltr'><strong>et</strong></span> <span class='ocrx_word' id='word_1_22' title='bbox 1537 578 1745 633; x_wconf 71' lang='lat' dir='ltr'><strong>rursus,</strong></span> <span class='ocrx_word' id='word_1_23' title='bbox 1766 562 1878 633; x_wconf 71' lang='lat' dir='ltr'><strong>Ego</strong></span> 
     </span>
    </p>
   </div>
   <div class='ocr_carea' id='block_1_4' title="bbox 297 655 1879 731">
    <p class='ocr_par' dir='ltr' id='par_1_4' title="bbox 297 655 1879 731">
     <span class='ocr_line' id='line_1_4' title="bbox 297 655 1879 731; baseline -0.007 -10"><span class='ocrx_word' id='word_1_24' title='bbox 297 682 380 727; x_wconf 78' lang='lat' dir='ltr'><strong>era</strong></span> <span class='ocrx_word' id='word_1_25' title='bbox 400 665 479 729; x_wconf 72' lang='lat' dir='ltr'><strong>illi</strong></span> <span class='ocrx_word' id='word_1_26' title='bbox 502 664 559 729; x_wconf 66' lang='lat' dir='ltr'><strong>in</strong></span> <span class='ocrx_word' id='word_1_27' title='bbox 588 660 821 731; x_wconf 71' lang='grc' dir='ltr'>Ραιτσιιι,</span> <span class='ocrx_word' id='word_1_28' title='bbox 847 670 894 727; x_wconf 78' lang='grc' dir='ltr'>σι</span> <span class='ocrx_word' id='word_1_29' title='bbox 916 660 1029 731; x_wconf 65' lang='lat' dir='ltr'><strong>ipso</strong></span> <span class='ocrx_word' id='word_1_30' title='bbox 1047 659 1143 723; x_wconf 65' lang='lat' dir='ltr'><strong>erit</strong></span> <span class='ocrx_word' id='word_1_31' title='bbox 1170 658 1298 725; x_wconf 71' lang='lat' dir='ltr'><strong>mihi</strong></span> <span class='ocrx_word' id='word_1_32' title='bbox 1327 658 1382 731; x_wconf 64' lang='lat' dir='ltr'><strong>in</strong></span> <span class='ocrx_word' id='word_1_33' title='bbox 1408 655 1628 725; x_wconf 66' lang='grc' dir='ltr'>Εἱᾷιιιιι.</span> <span class='ocrx_word' id='word_1_34' title='bbox 1657 656 1784 719; x_wconf 71' lang='lat' dir='ltr'><strong>llzec</strong></span> <span class='ocrx_word' id='word_1_35' title='bbox 1810 656 1879 712; x_wconf 90' lang='lat' dir='ltr'><strong>de</strong></span> 
     </span>
    </p>
   </div>
   <div class='ocr_carea' id='block_1_5' title="bbox 294 748 1876 824">
    <p class='ocr_par' dir='ltr' id='par_1_5' title="bbox 294 748 1876 824">
     <span class='ocr_line' id='line_1_5' title="bbox 294 748 1876 824; baseline -0.007 -10"><span class='ocrx_word' id='word_1_36' title='bbox 294 773 450 819; x_wconf 78' lang='lat' dir='ltr'><strong>carne</strong></span> <span class='ocrx_word' id='word_1_37' title='bbox 477 756 622 813; x_wconf 84' lang='lat' dir='ltr'><strong>dicta</strong></span> <span class='ocrx_word' id='word_1_38' title='bbox 646 762 779 813; x_wconf 81' lang='lat' dir='ltr'><strong>sunt</strong></span> <span class='ocrx_word' id='word_1_39' title='bbox 810 770 825 808; x_wconf 89' lang='lat'><strong>:</strong></span> <span class='ocrx_word' id='word_1_40' title='bbox 856 751 987 815; x_wconf 86' lang='lat' dir='ltr'><strong>illud</strong></span> <span class='ocrx_word' id='word_1_41' title='bbox 1015 753 1182 819; x_wconf 81' lang='lat' dir='ltr'><strong>enim,</strong></span> <span class='ocrx_word' id='word_1_42' title='bbox 1210 750 1324 824; x_wconf 77' lang='lat' dir='ltr'><strong>Ego</strong></span> <span class='ocrx_word' id='word_1_43' title='bbox 1350 766 1435 806; x_wconf 81' lang='lat' dir='ltr'><strong>ero</strong></span> <span class='ocrx_word' id='word_1_44' title='bbox 1460 750 1538 805; x_wconf 82' lang='lat' dir='ltr'><strong>illi</strong></span> <span class='ocrx_word' id='word_1_45' title='bbox 1562 750 1617 805; x_wconf 78' lang='lat' dir='ltr'><strong>in</strong></span> <span class='ocrx_word' id='word_1_46' title='bbox 1644 748 1876 814; x_wconf 77' lang='lat' dir='ltr'><strong>Patrem,</strong></span> 
     </span>
    </p>
   </div>
   <div class='ocr_carea' id='block_1_6' title="bbox 294 838 1874 922">
    <p class='ocr_par' dir='ltr' id='par_1_6' title="bbox 294 838 1874 922">
     <span class='ocr_line' id='line_1_6' title="bbox 294 838 1874 922; baseline -0.01 -15"><span class='ocrx_word' id='word_1_47' title='bbox 294 860 339 907; x_wconf 80' lang='lat' dir='ltr'><strong>et.</strong></span> <span class='ocrx_word' id='word_1_48' title='bbox 362 850 471 922; x_wconf 78' lang='lat' dir='ltr'><strong>ipse</strong></span> <span class='ocrx_word' id='word_1_49' title='bbox 495 849 588 904; x_wconf 81' lang='lat' dir='ltr'><strong>erit</strong></span> <span class='ocrx_word' id='word_1_50' title='bbox 614 846 744 901; x_wconf 74' lang='lat' dir='ltr'><strong>mihi</strong></span> <span class='ocrx_word' id='word_1_51' title='bbox 785 846 842 905; x_wconf 77' lang='lat' dir='ltr'><strong>in</strong></span> <span class='ocrx_word' id='word_1_52' title='bbox 881 842 1096 917; x_wconf 73' lang='lat' dir='ltr'><strong>Filium,</strong></span> <span class='ocrx_word' id='word_1_53' title='bbox 1127 840 1553 901; x_wconf 74' lang='lat' dir='ltr'><strong>incarnationem</strong></span> <span class='ocrx_word' id='word_1_54' title='bbox 1593 838 1830 897; x_wconf 83' lang='lat' dir='ltr'><strong>declarat</strong></span> <span class='ocrx_word' id='word_1_55' title='bbox 1860 853 1874 891; x_wconf 90' lang='lat'>:</span> 
     </span>
    </p>
   </div>
   <div class='ocr_carea' id='block_1_7' title="bbox 294 929 1881 1007">
    <p class='ocr_par' dir='ltr' id='par_1_7' title="bbox 294 929 1881 1007">
     <span class='ocr_line' id='line_1_7' title="bbox 294 929 1881 1007; baseline -0.009 -10"><span class='ocrx_word' id='word_1_56' title='bbox 294 942 395 998; x_wconf 85' lang='lat' dir='ltr'><strong>hoc</strong></span> <span class='ocrx_word' id='word_1_57' title='bbox 417 950 621 1007; x_wconf 86' lang='lat' dir='ltr'><strong>autem,</strong></span> <span class='ocrx_word' id='word_1_58' title='bbox 668 937 843 995; x_wconf 73' lang='lat' dir='ltr'><strong>Filius</strong></span> <span class='ocrx_word' id='word_1_59' title='bbox 889 951 1032 1001; x_wconf 73' lang='lat' dir='ltr'><strong>meus</strong></span> <span class='ocrx_word' id='word_1_60' title='bbox 1070 951 1122 997; x_wconf 79' lang='lat' dir='ltr'><strong>es</strong></span> <span class='ocrx_word' id='word_1_61' title='bbox 1148 942 1221 1001; x_wconf 67' lang='lat' dir='ltr'><strong>tu,</strong></span> <span class='ocrx_word' id='word_1_62' title='bbox 1270 931 1403 989; x_wconf 82' lang='lat' dir='ltr'><strong>nihil</strong></span> <span class='ocrx_word' id='word_1_63' title='bbox 1429 929 1575 988; x_wconf 85' lang='lat' dir='ltr'><strong>aliud</strong></span> <span class='ocrx_word' id='word_1_64' title='bbox 1614 929 1881 1001; x_wconf 73' lang='lat' dir='ltr'><strong>signiﬁcat</strong></span> 
     </span>
    </p>
   </div>
   <div class='ocr_carea' id='block_1_8' title="bbox 292 1020 1877 1107">
    <p class='ocr_par' dir='ltr' id='par_1_8' title="bbox 292 1020 1877 1107">
     <span class='ocr_line' id='line_1_8' title="bbox 292 1020 1877 1107; baseline -0.006 -17"><span class='ocrx_word' id='word_1_65' title='bbox 292 1049 451 1107; x_wconf 77' lang='lat' dir='ltr'><strong>quam</strong></span> <span class='ocrx_word' id='word_1_66' title='bbox 476 1032 621 1106; x_wconf 85' lang='lat' dir='ltr'><strong>quod</strong></span> <span class='ocrx_word' id='word_1_67' title='bbox 651 1046 720 1091; x_wconf 77' lang='lat' dir='ltr'><strong>ex</strong></span> <span class='ocrx_word' id='word_1_68' title='bbox 744 1030 865 1102; x_wconf 89' lang='lat' dir='ltr'><strong>ipso</strong></span> <span class='ocrx_word' id='word_1_69' title='bbox 890 1029 981 1083; x_wconf 90' lang='lat' dir='ltr'><strong>sit.</strong></span> <span class='ocrx_word' id='word_1_70' title='bbox 1006 1026 1156 1084; x_wconf 90' lang='lat' dir='ltr'><strong>Sicut</strong></span> <span class='ocrx_word' id='word_1_71' title='bbox 1181 1024 1328 1081; x_wconf 75' lang='lat' dir='ltr'><strong>enim</strong></span> <span class='ocrx_word' id='word_1_72' title='bbox 1353 1024 1549 1087; x_wconf 86' lang='lat' dir='ltr'><strong>dicitur</strong></span> <span class='ocrx_word' id='word_1_73' title='bbox 1578 1029 1661 1091; x_wconf 67' lang='lat' dir='ltr'><strong>av,</strong></span> <span class='ocrx_word' id='word_1_74' title='bbox 1699 1020 1751 1078; x_wconf 97' lang='lat' dir='ltr'><strong>id</strong></span> <span class='ocrx_word' id='word_1_75' title='bbox 1774 1028 1877 1085; x_wconf 74' lang='lat' dir='ltr'><strong>est.</strong></span> 
     </span>
    </p>
   </div>
   <div class='ocr_carea' id='block_1_9' title="bbox 291 1112 1882 1199">
    <p class='ocr_par' dir='ltr' id='par_1_9' title="bbox 291 1112 1882 1199">
     <span class='ocr_line' id='line_1_9' title="bbox 291 1112 1882 1199; baseline -0.008 -17"><span class='ocrx_word' id='word_1_76' title='bbox 291 1126 384 1199; x_wconf 85' lang='lat' dir='ltr'><strong>qui</strong></span> <span class='ocrx_word' id='word_1_77' title='bbox 412 1134 519 1199; x_wconf 64' lang='lat' dir='ltr'><strong>est,</strong></span> <span class='ocrx_word' id='word_1_78' title='bbox 550 1139 584 1181; x_wconf 89' lang='lat' dir='ltr'><strong>a</strong></span> <span class='ocrx_word' id='word_1_79' title='bbox 612 1121 867 1196; x_wconf 66' lang='lat' dir='ltr'><strong>praesenti</strong></span> <span class='ocrx_word' id='word_1_80' title='bbox 906 1128 1186 1191; x_wconf 88' lang='lat' dir='ltr'><strong>tempore;</strong></span> <span class='ocrx_word' id='word_1_81' title='bbox 1231 1117 1337 1183; x_wconf 83' lang='lat' dir='ltr'><strong>hoc</strong></span> <span class='ocrx_word' id='word_1_82' title='bbox 1381 1114 1526 1181; x_wconf 83' lang='lat' dir='ltr'><strong>enim</strong></span> <span class='ocrx_word' id='word_1_83' title='bbox 1568 1113 1673 1185; x_wconf 86' lang='lat' dir='ltr'><strong>ipsi</strong></span> <span class='ocrx_word' id='word_1_84' title='bbox 1711 1112 1882 1185; x_wconf 75' lang='lat' dir='ltr'><strong>magis</strong></span> 
     </span>
    </p>
   </div>
   <div class='ocr_carea' id='block_1_10' title="bbox 290 1202 1881 1275">
    <p class='ocr_par' dir='ltr' id='par_1_10' title="bbox 290 1202 1881 1275">
     <span class='ocr_line' id='line_1_10' title="bbox 290 1202 1881 1275; baseline -0.013 0"><span class='ocrx_word' id='word_1_85' title='bbox 290 1214 546 1275; x_wconf 80' lang='lat' dir='ltr'><strong>convenit</strong></span> <span class='ocrx_word' id='word_1_86' title='bbox 576 1228 592 1266; x_wconf 91' lang='lat'><strong>:</strong></span> <span class='ocrx_word' id='word_1_87' title='bbox 626 1213 701 1268; x_wconf 88' lang='lat' dir='ltr'><strong>ita</strong></span> <span class='ocrx_word' id='word_1_88' title='bbox 729 1211 892 1267; x_wconf 85' lang='lat' dir='ltr'><strong>etiam</strong></span> <span class='ocrx_word' id='word_1_89' title='bbox 923 1208 1077 1274; x_wconf 88' lang='lat' dir='ltr'><strong>illud,</strong></span> <span class='ocrx_word' id='word_1_90' title='bbox 1131 1206 1319 1272; x_wconf 80' lang='lat' dir='ltr'><strong>Hodie,</strong></span> <span class='ocrx_word' id='word_1_91' title='bbox 1364 1205 1455 1269; x_wconf 86' lang='lat' dir='ltr'><strong>hic</strong></span> <span class='ocrx_word' id='word_1_92' title='bbox 1499 1202 1629 1275; x_wconf 79' lang='lat' dir='ltr'><strong>mihi</strong></span> <span class='ocrx_word' id='word_1_93' title='bbox 1670 1202 1881 1259; x_wconf 88' lang='lat' dir='ltr'><strong>videtur</strong></span> 
     </span>
    </p>
   </div>
   <div class='ocr_carea' id='block_1_11' title="bbox 291 1292 1881 1369">
    <p class='ocr_par' dir='ltr' id='par_1_11' title="bbox 291 1292 1881 1369">
     <span class='ocr_line' id='line_1_11' title="bbox 291 1292 1881 1369; baseline -0.009 -7"><span class='ocrx_word' id='word_1_94' title='bbox 291 1305 494 1362; x_wconf 85' lang='lat' dir='ltr'><strong>dictum</strong></span> <span class='ocrx_word' id='word_1_95' title='bbox 520 1319 644 1361; x_wconf 88' lang='lat' dir='ltr'><strong>esse</strong></span> <span class='ocrx_word' id='word_1_96' title='bbox 675 1302 746 1359; x_wconf 88' lang='lat' dir='ltr'><strong>de</strong></span> <span class='ocrx_word' id='word_1_97' title='bbox 790 1315 973 1357; x_wconf 88' lang='lat' dir='ltr'><strong>carne.</strong></span> <span class='ocrx_word' id='word_1_98' title='bbox 1013 1299 1151 1355; x_wconf 79' lang='lat' dir='ltr'><strong>Nam</strong></span> <span class='ocrx_word' id='word_1_99' title='bbox 1187 1296 1401 1369; x_wconf 80' lang='lat' dir='ltr'><strong>quando</strong></span> <span class='ocrx_word' id='word_1_100' title='bbox 1428 1310 1548 1361; x_wconf 83' lang='lat' dir='ltr'><strong>eam</strong></span> <span class='ocrx_word' id='word_1_101' title='bbox 1576 1292 1881 1369; x_wconf 85' lang='lat' dir='ltr'><strong>apprehen-</strong></span> 
     </span>
    </p>
   </div>
   <div class='ocr_carea' id='block_1_12' title="bbox 291 1384 1883 1461">
    <p class='ocr_par' dir='ltr' id='par_1_12' title="bbox 291 1384 1883 1461">
     <span class='ocr_line' id='line_1_12' title="bbox 291 1384 1883 1461; baseline -0.008 -9"><span class='ocrx_word' id='word_1_102' title='bbox 291 1397 454 1461; x_wconf 85' lang='lat' dir='ltr'><strong>derit,</strong></span> <span class='ocrx_word' id='word_1_103' title='bbox 488 1394 559 1452; x_wconf 90' lang='lat' dir='ltr'><strong>de</strong></span> <span class='ocrx_word' id='word_1_104' title='bbox 584 1403 783 1451; x_wconf 70' lang='lat' dir='ltr'><strong>caetero</strong></span> <span class='ocrx_word' id='word_1_105' title='bbox 811 1392 990 1457; x_wconf 82' lang='lat' dir='ltr'><strong>omnia</strong></span> <span class='ocrx_word' id='word_1_106' title='bbox 1013 1390 1206 1447; x_wconf 66' lang='lat' dir='ltr'><strong>eﬁatur</strong></span> <span class='ocrx_word' id='word_1_107' title='bbox 1230 1402 1443 1446; x_wconf 84' lang='lat' dir='ltr'><strong>secure.</strong></span> <span class='ocrx_word' id='word_1_108' title='bbox 1469 1386 1609 1449; x_wconf 81' lang='lat' dir='ltr'><strong>Caro</strong></span> <span class='ocrx_word' id='word_1_109' title='bbox 1634 1384 1777 1449; x_wconf 86' lang='lat' dir='ltr'><strong>enim</strong></span> <span class='ocrx_word' id='word_1_110' title='bbox 1797 1392 1883 1441; x_wconf 89' lang='lat' dir='ltr'><strong>est</strong></span> 
     </span>
    </p>
   </div>
   <div class='ocr_carea' id='block_1_13' title="bbox 293 1480 1880 1561">
    <p class='ocr_par' dir='ltr' id='par_1_13' title="bbox 293 1480 1880 1561">
     <span class='ocr_line' id='line_1_13' title="bbox 293 1480 1880 1561; baseline -0.009 -15"><span class='ocrx_word' id='word_1_111' title='bbox 293 1491 570 1561; x_wconf 71' lang='lat' dir='ltr'><strong>particeps</strong></span> <span class='ocrx_word' id='word_1_112' title='bbox 595 1488 851 1553; x_wconf 81' lang='lat' dir='ltr'><strong>altorum,</strong></span> <span class='ocrx_word' id='word_1_113' title='bbox 878 1486 1018 1540; x_wconf 89' lang='lat' dir='ltr'><strong>sicut</strong></span> <span class='ocrx_word' id='word_1_114' title='bbox 1041 1492 1098 1541; x_wconf 88' lang='lat' dir='ltr'><strong>et</strong></span> <span class='ocrx_word' id='word_1_115' title='bbox 1124 1483 1373 1540; x_wconf 70' lang='lat' dir='ltr'><strong>divinitas</strong></span> <span class='ocrx_word' id='word_1_116' title='bbox 1401 1480 1682 1547; x_wconf 77' lang='lat' dir='ltr'><strong>humilium</strong></span> <span class='ocrx_word' id='word_1_117' title='bbox 1714 1496 1729 1534; x_wconf 92' lang='lat'><strong>:</strong></span> <span class='ocrx_word' id='word_1_118' title='bbox 1756 1492 1880 1533; x_wconf 87' lang='lat' dir='ltr'><strong>nam</strong></span> 
     </span>
    </p>
   </div>
   <div class='ocr_carea' id='block_1_14' title="bbox 298 1575 1883 1646">
    <p class='ocr_par' dir='ltr' id='par_1_14' title="bbox 298 1575 1883 1646">
     <span class='ocr_line' id='line_1_14' title="bbox 298 1575 1883 1646; baseline -0.008 -8"><span class='ocrx_word' id='word_1_119' title='bbox 298 1582 445 1638; x_wconf 76' lang='lat' dir='ltr'><strong>Deus</strong></span> <span class='ocrx_word' id='word_1_120' title='bbox 470 1579 639 1636; x_wconf 74' lang='lat' dir='ltr'><strong>homo</strong></span> <span class='ocrx_word' id='word_1_121' title='bbox 661 1578 775 1634; x_wconf 77' lang='lat' dir='ltr'><strong>ﬁeri</strong></span> <span class='ocrx_word' id='word_1_122' title='bbox 803 1591 908 1632; x_wconf 86' lang='lat' dir='ltr'><strong>non</strong></span> <span class='ocrx_word' id='word_1_123' title='bbox 936 1575 1274 1646; x_wconf 68' lang='lat' dir='ltr'><strong>dedignatus,</strong></span> <span class='ocrx_word' id='word_1_124' title='bbox 1308 1582 1366 1628; x_wconf 91' lang='lat' dir='ltr'><strong>ut</strong></span> <span class='ocrx_word' id='word_1_125' title='bbox 1388 1586 1503 1628; x_wconf 89' lang='lat' dir='ltr'><strong>rem</strong></span> <span class='ocrx_word' id='word_1_126' title='bbox 1532 1585 1640 1641; x_wconf 83' lang='lat' dir='ltr'><strong>non</strong></span> <span class='ocrx_word' id='word_1_127' title='bbox 1666 1583 1883 1627; x_wconf 81' lang='lat' dir='ltr'><strong>recusa-</strong></span> 
     </span>
    </p>
   </div>
   <div class='ocr_carea' id='block_1_15' title="bbox 300 1665 1290 1744">
    <p class='ocr_par' dir='ltr' id='par_1_15' title="bbox 300 1665 1290 1744">
     <span class='ocr_line' id='line_1_15' title="bbox 300 1665 1290 1744; baseline -0.008 -17"><span class='ocrx_word' id='word_1_128' title='bbox 300 1674 397 1741; x_wconf 83' lang='lat' dir='ltr'><strong>vit,</strong></span> <span class='ocrx_word' id='word_1_129' title='bbox 426 1670 699 1744; x_wconf 78' lang='lat' dir='ltr'><strong>quomodo</strong></span> <span class='ocrx_word' id='word_1_130' title='bbox 723 1668 887 1726; x_wconf 81' lang='lat' dir='ltr'><strong>verba</strong></span> <span class='ocrx_word' id='word_1_131' title='bbox 922 1665 1290 1725; x_wconf 77' lang='lat' dir='ltr'><strong>recusaverit?</strong></span> 
     </span>
    </p>
   </div>
   <div class='ocr_carea' id='block_1_16' title="bbox 365 1754 1881 1833">
    <p class='ocr_par' dir='ltr' id='par_1_16' title="bbox 365 1754 1881 1833">
     <span class='ocr_line' id='line_1_16' title="bbox 365 1754 1881 1833; baseline -0.007 -14"><span class='ocrx_word' id='word_1_132' title='bbox 365 1765 422 1820; x_wconf 69' lang='grc'><strong>4.</strong></span> <span class='ocrx_word' id='word_1_133' title='bbox 466 1763 751 1833; x_wconf 72' lang='grc' dir='ltr'>Ηιιιιιίιὶιαι</span> <span class='ocrx_word' id='word_1_134' title='bbox 772 1759 1171 1816; x_wconf 72' lang='lat' dir='ltr'><strong>emendatur.</strong></span> <span class='ocrx_word' id='word_1_135' title='bbox 1193 1756 1296 1825; x_wconf 74' lang='lat' dir='ltr'><strong>Res</strong></span> <span class='ocrx_word' id='word_1_136' title='bbox 1317 1756 1433 1811; x_wconf 78' lang='lat' dir='ltr'><strong>uiue</strong></span> <span class='ocrx_word' id='word_1_137' title='bbox 1450 1754 1711 1827; x_wconf 68' lang='lat' dir='ltr'><strong>minentis</strong></span> <span class='ocrx_word' id='word_1_138' title='bbox 1725 1770 1881 1828; x_wconf 63' lang='lat' dir='ltr'><strong>quant</strong></span> 
     </span>
    </p>
   </div>
   <div class='ocr_carea' id='block_1_17' title="bbox 295 1847 1879 1925">
    <p class='ocr_par' dir='ltr' id='par_1_17' title="bbox 295 1847 1879 1925">
     <span class='ocr_line' id='line_1_17' title="bbox 295 1847 1879 1925; baseline -0.006 -14"><span class='ocrx_word' id='word_1_139' title='bbox 295 1858 473 1925; x_wconf 71' lang='grc' dir='ltr'><strong>βιιπω.</strong></span> <span class='ocrx_word' id='word_1_140' title='bbox 502 1884 575 1897; x_wconf 89' lang='grc'><strong><em>--</em></strong></span> <span class='ocrx_word' id='word_1_141' title='bbox 602 1853 728 1913; x_wconf 64' lang='lat' dir='ltr'><strong>Haec</strong></span> <span class='ocrx_word' id='word_1_142' title='bbox 756 1866 886 1925; x_wconf 74' lang='lat' dir='ltr'><strong>ergo</strong></span> <span class='ocrx_word' id='word_1_143' title='bbox 908 1865 1033 1907; x_wconf 90' lang='lat' dir='ltr'><strong>cum</strong></span> <span class='ocrx_word' id='word_1_144' title='bbox 1065 1849 1298 1919; x_wconf 79' lang='lat' dir='ltr'><strong>sciamus</strong></span> <span class='ocrx_word' id='word_1_145' title='bbox 1316 1889 1333 1915; x_wconf 89' lang='lat'><strong>,</strong></span> <span class='ocrx_word' id='word_1_146' title='bbox 1388 1847 1610 1904; x_wconf 85' lang='lat' dir='ltr'><strong>minime</strong></span> <span class='ocrx_word' id='word_1_147' title='bbox 1639 1861 1737 1903; x_wconf 87' lang='lat' dir='ltr'><strong>nos</strong></span> <span class='ocrx_word' id='word_1_148' title='bbox 1779 1860 1879 1918; x_wconf 87' lang='lat' dir='ltr'><strong>pu-</strong></span> 
     </span>
    </p>
   </div>
   <div class='ocr_carea' id='block_1_18' title="bbox 298 1938 1879 2019">
    <p class='ocr_par' dir='ltr' id='par_1_18' title="bbox 298 1938 1879 2019">
     <span class='ocr_line' id='line_1_18' title="bbox 298 1938 1879 2019; baseline -0.004 -19"><span class='ocrx_word' id='word_1_149' title='bbox 298 1948 459 2012; x_wconf 90' lang='lat' dir='ltr'><strong>deat,</strong></span> <span class='ocrx_word' id='word_1_150' title='bbox 513 1960 687 2014; x_wconf 80' lang='lat' dir='ltr'><strong>neque</strong></span> <span class='ocrx_word' id='word_1_151' title='bbox 737 1944 905 1998; x_wconf 90' lang='lat' dir='ltr'><strong>altum</strong></span> <span class='ocrx_word' id='word_1_152' title='bbox 953 1956 1246 2019; x_wconf 76' lang='lat' dir='ltr'><strong>sapiamus.</strong></span> <span class='ocrx_word' id='word_1_153' title='bbox 1302 1938 1437 2005; x_wconf 80' lang='lat' dir='ltr'><strong>Nam</strong></span> <span class='ocrx_word' id='word_1_154' title='bbox 1494 1940 1541 1994; x_wconf 89' lang='lat' dir='ltr'><strong>si</strong></span> <span class='ocrx_word' id='word_1_155' title='bbox 1591 1938 1709 2009; x_wconf 80' lang='lat' dir='ltr'><strong>ipse</strong></span> <span class='ocrx_word' id='word_1_156' title='bbox 1755 1952 1879 2005; x_wconf 79' lang='lat' dir='ltr'><strong>cum</strong></span> 
     </span>
    </p>
   </div>
   <div class='ocr_carea' id='block_1_19' title="bbox 306 2028 1881 2097">
    <p class='ocr_par' dir='ltr' id='par_1_19' title="bbox 306 2028 1881 2097">
     <span class='ocr_line' id='line_1_19' title="bbox 306 2028 1881 2097; baseline -0.007 -4"><span class='ocrx_word' id='word_1_157' title='bbox 306 2038 449 2093; x_wconf 85' lang='lat' dir='ltr'><strong>Deus</strong></span> <span class='ocrx_word' id='word_1_158' title='bbox 472 2044 618 2093; x_wconf 86' lang='lat' dir='ltr'><strong>esset</strong></span> <span class='ocrx_word' id='word_1_159' title='bbox 654 2044 709 2090; x_wconf 90' lang='lat' dir='ltr'><strong>et</strong></span> <span class='ocrx_word' id='word_1_160' title='bbox 737 2034 997 2089; x_wconf 88' lang='lat' dir='ltr'><strong>Dominus</strong></span> <span class='ocrx_word' id='word_1_161' title='bbox 1031 2042 1087 2087; x_wconf 90' lang='lat' dir='ltr'><strong>et</strong></span> <span class='ocrx_word' id='word_1_162' title='bbox 1111 2032 1204 2087; x_wconf 90' lang='lat' dir='ltr'><strong>Dei</strong></span> <span class='ocrx_word' id='word_1_163' title='bbox 1231 2031 1434 2097; x_wconf 86' lang='lat' dir='ltr'><strong>Filius,</strong></span> <span class='ocrx_word' id='word_1_164' title='bbox 1477 2043 1584 2083; x_wconf 94' lang='lat' dir='ltr'><strong>non</strong></span> <span class='ocrx_word' id='word_1_165' title='bbox 1615 2028 1881 2083; x_wconf 80' lang='lat' dir='ltr'><strong>recusavit</strong></span> 
     </span>
    </p>
   </div>
   <div class='ocr_carea' id='block_1_20' title="bbox 296 2124 1882 2196">
    <p class='ocr_par' dir='ltr' id='par_1_20' title="bbox 296 2124 1882 2196">
     <span class='ocr_line' id='line_1_20' title="bbox 296 2124 1882 2196; baseline -0.006 -11"><span class='ocrx_word' id='word_1_166' title='bbox 296 2130 439 2185; x_wconf 87' lang='lat' dir='ltr'><strong>servi</strong></span> <span class='ocrx_word' id='word_1_167' title='bbox 462 2127 695 2183; x_wconf 88' lang='lat' dir='ltr'><strong>formam</strong></span> <span class='ocrx_word' id='word_1_168' title='bbox 736 2127 1057 2196; x_wconf 90' lang='lat' dir='ltr'><strong>suscipere:</strong></span> <span class='ocrx_word' id='word_1_169' title='bbox 1087 2125 1256 2179; x_wconf 90' lang='lat' dir='ltr'><strong>multo</strong></span> <span class='ocrx_word' id='word_1_170' title='bbox 1299 2124 1470 2194; x_wconf 77' lang='lat' dir='ltr'><strong>magis</strong></span> <span class='ocrx_word' id='word_1_171' title='bbox 1515 2137 1616 2177; x_wconf 90' lang='lat' dir='ltr'><strong>nos</strong></span> <span class='ocrx_word' id='word_1_172' title='bbox 1666 2130 1882 2193; x_wconf 89' lang='lat' dir='ltr'><strong>oportet</strong></span> 
     </span>
    </p>
   </div>
   <div class='ocr_carea' id='block_1_21' title="bbox 296 2213 1877 2285">
    <p class='ocr_par' dir='ltr' id='par_1_21' title="bbox 296 2213 1877 2285">
     <span class='ocr_line' id='line_1_21' title="bbox 296 2213 1877 2285; baseline -0.003 -10"><span class='ocrx_word' id='word_1_173' title='bbox 296 2220 478 2275; x_wconf 85' lang='lat' dir='ltr'><strong>omnia</strong></span> <span class='ocrx_word' id='word_1_174' title='bbox 504 2219 710 2285; x_wconf 88' lang='lat' dir='ltr'><strong>facere,</strong></span> <span class='ocrx_word' id='word_1_175' title='bbox 753 2217 964 2274; x_wconf 88' lang='lat' dir='ltr'><strong>etiamsi</strong></span> <span class='ocrx_word' id='word_1_176' title='bbox 1005 2217 1113 2271; x_wconf 91' lang='lat' dir='ltr'><strong>sint</strong></span> <span class='ocrx_word' id='word_1_177' title='bbox 1141 2215 1349 2285; x_wconf 88' lang='lat' dir='ltr'><strong>abjecta</strong></span> <span class='ocrx_word' id='word_1_178' title='bbox 1380 2225 1433 2270; x_wconf 90' lang='lat' dir='ltr'><strong>et</strong></span> <span class='ocrx_word' id='word_1_179' title='bbox 1458 2213 1697 2285; x_wconf 71' lang='lat' dir='ltr'><strong>humilia,</strong></span> <span class='ocrx_word' id='word_1_180' title='bbox 1744 2213 1877 2281; x_wconf 67' lang='lat' dir='ltr'><strong>Nam</strong></span> 
     </span>
    </p>
   </div>
   <div class='ocr_carea' id='block_1_22' title="bbox 298 2305 1879 2380">
    <p class='ocr_par' dir='ltr' id='par_1_22' title="bbox 298 2305 1879 2380">
     <span class='ocr_line' id='line_1_22' title="bbox 298 2305 1879 2380; baseline -0.004 -14"><span class='ocrx_word' id='word_1_181' title='bbox 298 2311 564 2367; x_wconf 85' lang='lat' dir='ltr'><strong>undenam</strong></span> <span class='ocrx_word' id='word_1_182' title='bbox 589 2351 607 2377; x_wconf 92' lang='lat'><strong>,</strong></span> <span class='ocrx_word' id='word_1_183' title='bbox 642 2310 730 2365; x_wconf 88' lang='lat' dir='ltr'><strong>dic</strong></span> <span class='ocrx_word' id='word_1_184' title='bbox 771 2323 993 2380; x_wconf 74' lang='lat' dir='ltr'><strong>qumso,</strong></span> <span class='ocrx_word' id='word_1_185' title='bbox 1036 2322 1069 2362; x_wconf 89' lang='grc' dir='ltr'>ο</span> <span class='ocrx_word' id='word_1_186' title='bbox 1107 2307 1302 2374; x_wconf 88' lang='lat' dir='ltr'><strong>homo,</strong></span> <span class='ocrx_word' id='word_1_187' title='bbox 1350 2305 1519 2361; x_wconf 90' lang='lat' dir='ltr'><strong>altum</strong></span> <span class='ocrx_word' id='word_1_188' title='bbox 1575 2305 1763 2376; x_wconf 87' lang='lat' dir='ltr'><strong>sapis?</strong></span> <span class='ocrx_word' id='word_1_189' title='bbox 1812 2320 1879 2360; x_wconf 79' lang='lat' dir='ltr'><strong>ex</strong></span> 
     </span>
    </p>
   </div>
   <div class='ocr_carea' id='block_1_23' title="bbox 293 2400 1881 2471">
    <p class='ocr_par' dir='ltr' id='par_1_23' title="bbox 293 2400 1881 2471">
     <span class='ocr_line' id='line_1_23' title="bbox 293 2400 1881 2471; baseline -0.006 -9"><span class='ocrx_word' id='word_1_190' title='bbox 293 2403 647 2462; x_wconf 63' lang='lat' dir='ltr'><strong>saecularibus</strong></span> <span class='ocrx_word' id='word_1_191' title='bbox 686 2411 745 2459; x_wconf 86' lang='lat' dir='ltr'><strong>et</strong></span> <span class='ocrx_word' id='word_1_192' title='bbox 789 2404 857 2457; x_wconf 88' lang='lat' dir='ltr'><strong>iis</strong></span> <span class='ocrx_word' id='word_1_193' title='bbox 903 2417 1026 2471; x_wconf 67' lang='lat' dir='ltr'><strong>quae</strong></span> <span class='ocrx_word' id='word_1_194' title='bbox 1067 2400 1139 2458; x_wconf 78' lang='lat' dir='ltr'><strong>ad</strong></span> <span class='ocrx_word' id='word_1_195' title='bbox 1180 2400 1323 2459; x_wconf 82' lang='lat' dir='ltr'><strong>hanc</strong></span> <span class='ocrx_word' id='word_1_196' title='bbox 1364 2400 1528 2457; x_wconf 82' lang='lat' dir='ltr'><strong>vitam</strong></span> <span class='ocrx_word' id='word_1_197' title='bbox 1570 2400 1881 2469; x_wconf 82' lang='lat' dir='ltr'><strong>pertinent?</strong></span> 
     </span>
    </p>
   </div>
   <div class='ocr_carea' id='block_1_24' title="bbox 296 2494 1882 2565">
    <p class='ocr_par' dir='ltr' id='par_1_24' title="bbox 296 2494 1882 2565">
     <span class='ocr_line' id='line_1_24' title="bbox 296 2494 1882 2565; baseline -0.003 -12"><span class='ocrx_word' id='word_1_198' title='bbox 296 2496 393 2553; x_wconf 84' lang='lat' dir='ltr'><strong>sed</strong></span> <span class='ocrx_word' id='word_1_199' title='bbox 432 2511 503 2552; x_wconf 75' lang='lat' dir='ltr'><strong>es</strong></span> <span class='ocrx_word' id='word_1_200' title='bbox 550 2502 979 2565; x_wconf 69' lang='lat' dir='ltr'><strong>prietes-currunt</strong></span> <span class='ocrx_word' id='word_1_201' title='bbox 1020 2494 1334 2565; x_wconf 81' lang='lat' dir='ltr'><strong>priusquam</strong></span> <span class='ocrx_word' id='word_1_202' title='bbox 1385 2494 1755 2564; x_wconf 73' lang='lat' dir='ltr'><strong>apparuerint.</strong></span> <span class='ocrx_word' id='word_1_203' title='bbox 1801 2494 1882 2549; x_wconf 84' lang='lat' dir='ltr'><strong>Ex</strong></span> 
     </span>
    </p>
   </div>
   <div class='ocr_carea' id='block_1_25' title="bbox 293 2587 1886 2662">
    <p class='ocr_par' dir='ltr' id='par_1_25' title="bbox 293 2587 1886 2662">
     <span class='ocr_line' id='line_1_25' title="bbox 293 2587 1886 2662; baseline -0.003 -16"><span class='ocrx_word' id='word_1_204' title='bbox 293 2590 700 2662; x_wconf 74' lang='lat' dir='ltr'><strong>spiritualibus?</strong></span> <span class='ocrx_word' id='word_1_205' title='bbox 737 2588 832 2643; x_wconf 87' lang='lat' dir='ltr'><strong>sed</strong></span> <span class='ocrx_word' id='word_1_206' title='bbox 863 2589 968 2642; x_wconf 83' lang='lat' dir='ltr'><strong>hoc</strong></span> <span class='ocrx_word' id='word_1_207' title='bbox 995 2603 1209 2658; x_wconf 85' lang='lat' dir='ltr'><strong>quoque</strong></span> <span class='ocrx_word' id='word_1_208' title='bbox 1246 2596 1332 2641; x_wconf 86' lang='lat' dir='ltr'><strong>est</strong></span> <span class='ocrx_word' id='word_1_209' title='bbox 1361 2587 1561 2642; x_wconf 90' lang='lat' dir='ltr'><strong>bonum</strong></span> <span class='ocrx_word' id='word_1_210' title='bbox 1599 2601 1739 2657; x_wconf 88' lang='lat' dir='ltr'><strong>opus</strong></span> <span class='ocrx_word' id='word_1_211' title='bbox 1772 2588 1886 2657; x_wconf 88' lang='lat' dir='ltr'><strong>spi-</strong></span> 
     </span>
    </p>
   </div>
   <div class='ocr_carea' id='block_1_26' title="bbox 299 2679 1883 2750">
    <p class='ocr_par' dir='ltr' id='par_1_26' title="bbox 299 2679 1883 2750">
     <span class='ocr_line' id='line_1_26' title="bbox 299 2679 1883 2750; baseline -0.001 -12"><span class='ocrx_word' id='word_1_212' title='bbox 299 2682 534 2748; x_wconf 88' lang='lat' dir='ltr'><strong>rituale,</strong></span> <span class='ocrx_word' id='word_1_213' title='bbox 590 2695 702 2738; x_wconf 68' lang='lat' dir='ltr'><strong>tuon</strong></span> <span class='ocrx_word' id='word_1_214' title='bbox 741 2680 884 2737; x_wconf 79' lang='lat' dir='ltr'><strong>elato</strong></span> <span class='ocrx_word' id='word_1_215' title='bbox 912 2693 1034 2737; x_wconf 83' lang='lat' dir='ltr'><strong>esse</strong></span> <span class='ocrx_word' id='word_1_216' title='bbox 1079 2679 1282 2737; x_wconf 81' lang='lat' dir='ltr'><strong>animo.</strong></span> <span class='ocrx_word' id='word_1_217' title='bbox 1332 2679 1440 2733; x_wconf 87' lang='lat' dir='ltr'><strong>Cur</strong></span> <span class='ocrx_word' id='word_1_218' title='bbox 1474 2695 1606 2750; x_wconf 80' lang='lat' dir='ltr'><strong>ergo</strong></span> <span class='ocrx_word' id='word_1_219' title='bbox 1642 2681 1784 2736; x_wconf 83' lang='lat' dir='ltr'><strong>elato</strong></span> <span class='ocrx_word' id='word_1_220' title='bbox 1824 2698 1883 2737; x_wconf 89' lang='lat' dir='ltr'><strong>es</strong></span> 
     </span>
    </p>
   </div>
   <div class='ocr_carea' id='block_1_27' title="bbox 293 2769 1884 2840">
    <p class='ocr_par' dir='ltr' id='par_1_27' title="bbox 293 2769 1884 2840">
     <span class='ocr_line' id='line_1_27' title="bbox 293 2769 1884 2840; baseline -0.003 -10"><span class='ocrx_word' id='word_1_221' title='bbox 293 2771 512 2831; x_wconf 70' lang='lat' dir='ltr'><strong>animo?</strong></span> <span class='ocrx_word' id='word_1_222' title='bbox 568 2770 713 2840; x_wconf 71' lang='lat' dir='ltr'><strong>quod</strong></span> <span class='ocrx_word' id='word_1_223' title='bbox 741 2778 792 2825; x_wconf 79' lang='lat' dir='ltr'><strong>te</strong></span> <span class='ocrx_word' id='word_1_224' title='bbox 816 2778 963 2827; x_wconf 81' lang='lat' dir='ltr'><strong>recte</strong></span> <span class='ocrx_word' id='word_1_225' title='bbox 988 2770 1183 2839; x_wconf 75' lang='lat' dir='ltr'><strong>geras?</strong></span> <span class='ocrx_word' id='word_1_226' title='bbox 1225 2770 1363 2826; x_wconf 77' lang='lat' dir='ltr'><strong>Audi</strong></span> <span class='ocrx_word' id='word_1_227' title='bbox 1397 2769 1673 2825; x_wconf 78' lang='lat' dir='ltr'><strong>Christum</strong></span> <span class='ocrx_word' id='word_1_228' title='bbox 1702 2772 1884 2826; x_wconf 80' lang='lat' dir='ltr'><strong>dicen-</strong></span> 
     </span>
    </p>
   </div>
   <div class='ocr_carea' id='block_1_28' title="bbox 303 2863 1886 2937">
    <p class='ocr_par' dir='ltr' id='par_1_28' title="bbox 303 2863 1886 2937">
     <span class='ocr_line' id='line_1_28' title="bbox 303 2863 1886 2937; baseline 0.001 -19"><span class='ocrx_word' id='word_1_229' title='bbox 303 2872 449 2929; x_wconf 79' lang='lat' dir='ltr'><strong>tem,</strong></span> <span class='ocrx_word' id='word_1_230' title='bbox 494 2863 715 2930; x_wconf 69' lang='lat' dir='ltr'><strong>Quando</strong></span> <span class='ocrx_word' id='word_1_231' title='bbox 752 2864 971 2937; x_wconf 69' lang='lat' dir='ltr'><strong>feceritis</strong></span> <span class='ocrx_word' id='word_1_232' title='bbox 1015 2866 1223 2931; x_wconf 78' lang='lat' dir='ltr'><strong>omnia,</strong></span> <span class='ocrx_word' id='word_1_233' title='bbox 1270 2865 1459 2930; x_wconf 80' lang='lat' dir='ltr'><strong>dicite,</strong></span> <span class='ocrx_word' id='word_1_234' title='bbox 1493 2865 1641 2920; x_wconf 73' lang='lat' dir='ltr'><strong>Servi</strong></span> <span class='ocrx_word' id='word_1_235' title='bbox 1687 2864 1886 2918; x_wconf 78' lang='lat' dir='ltr'><strong>inutiles</strong></span> 
     </span>
    </p>
   </div>
   <div class='ocr_carea' id='block_1_29' title="bbox 303 2956 1856 3027">
    <p class='ocr_par' dir='ltr' id='par_1_29' title="bbox 303 2956 1856 3027">
     <span class='ocr_line' id='line_1_29' title="bbox 303 2956 1856 3027; baseline -0.002 -16"><span class='ocrx_word' id='word_1_236' title='bbox 303 2972 477 3011; x_wconf 77' lang='lat' dir='ltr'><strong>sumus</strong></span> <span class='ocrx_word' id='word_1_237' title='bbox 522 2972 545 3011; x_wconf 90' lang='lat'><strong><em>:</em></strong></span> <span class='ocrx_word' id='word_1_238' title='bbox 615 2972 739 3017; x_wconf 70' lang='lat' dir='ltr'><strong>nam</strong></span> <span class='ocrx_word' id='word_1_239' title='bbox 806 2971 920 3025; x_wconf 72' lang='lat' dir='ltr'><strong>qua:</strong></span> <span class='ocrx_word' id='word_1_240' title='bbox 994 2956 1293 3012; x_wconf 67' lang='lat' dir='ltr'><strong>debebamus</strong></span> <span class='ocrx_word' id='word_1_241' title='bbox 1375 2960 1540 3027; x_wconf 76' lang='lat' dir='ltr'><strong>facere</strong></span> <span class='ocrx_word' id='word_1_242' title='bbox 1561 2996 1577 3023; x_wconf 91' lang='lat'><strong>,</strong></span> <span class='ocrx_word' id='word_1_243' title='bbox 1649 2960 1856 3025; x_wconf 66' lang='lat' dir='ltr'><strong>rem</strong></span> 
     </span>
    </p>
   </div>
   <div class='ocr_carea' id='block_1_30' title="bbox 304 3044 1888 3118">
    <p class='ocr_par' dir='ltr' id='par_1_30' title="bbox 304 3044 1888 3118">
     <span class='ocr_line' id='line_1_30' title="bbox 304 3044 1888 3118; baseline 0 -18"><span class='ocrx_word' id='word_1_244' title='bbox 304 3044 454 3113; x_wconf 73' lang='lat' dir='ltr'><strong>(Luc.</strong></span> <span class='ocrx_word' id='word_1_245' title='bbox 484 3048 540 3101; x_wconf 72' lang='grc' dir='ltr'><strong>ί.</strong></span> <span class='ocrx_word' id='word_1_246' title='bbox 574 3046 689 3117; x_wconf 78' lang='grc' dir='ltr'><strong>ιθ).</strong></span> <span class='ocrx_word' id='word_1_247' title='bbox 735 3048 807 3103; x_wconf 80' lang='lat' dir='ltr'><strong>At</strong></span> <span class='ocrx_word' id='word_1_248' title='bbox 824 3046 1053 3112; x_wconf 83' lang='lat' dir='ltr'><strong>ell&#39;erris,</strong></span> <span class='ocrx_word' id='word_1_249' title='bbox 1091 3058 1144 3103; x_wconf 92' lang='lat' dir='ltr'><strong>et</strong></span> <span class='ocrx_word' id='word_1_250' title='bbox 1170 3047 1266 3102; x_wconf 87' lang='lat' dir='ltr'><strong>tibi</strong></span> <span class='ocrx_word' id='word_1_251' title='bbox 1294 3048 1472 3118; x_wconf 85' lang='lat' dir='ltr'><strong>places</strong></span> <span class='ocrx_word' id='word_1_252' title='bbox 1502 3056 1717 3117; x_wconf 81' lang='lat' dir='ltr'><strong>propter</strong></span> <span class='ocrx_word' id='word_1_253' title='bbox 1755 3046 1888 3100; x_wconf 27' lang='lat' dir='ltr'><strong>divis</strong></span> 
     </span>
    </p>
   </div>
   <div class='ocr_carea' id='block_1_31' title="bbox 310 3136 1891 3207">
    <p class='ocr_par' dir='ltr' id='par_1_31' title="bbox 310 3136 1891 3207">
     <span class='ocr_line' id='line_1_31' title="bbox 310 3136 1891 3207; baseline 0.001 -18"><span class='ocrx_word' id='word_1_254' title='bbox 310 3137 452 3193; x_wconf 78' lang='lat' dir='ltr'><strong>tias?</strong></span> <span class='ocrx_word' id='word_1_255' title='bbox 500 3138 716 3207; x_wconf 78' lang='lat' dir='ltr'><strong>quare?</strong></span> <span class='ocrx_word' id='word_1_256' title='bbox 766 3137 854 3199; x_wconf 83' lang='lat' dir='ltr'><strong>die</strong></span> <span class='ocrx_word' id='word_1_257' title='bbox 900 3138 1076 3193; x_wconf 88' lang='lat' dir='ltr'><strong>mihi:</strong></span> <span class='ocrx_word' id='word_1_258' title='bbox 1119 3154 1298 3194; x_wconf 84' lang='lat' dir='ltr'><strong>annon</strong></span> <span class='ocrx_word' id='word_1_259' title='bbox 1344 3138 1539 3193; x_wconf 79' lang='lat' dir='ltr'><strong>audisti</strong></span> <span class='ocrx_word' id='word_1_260' title='bbox 1585 3138 1727 3207; x_wconf 84' lang='lat' dir='ltr'><strong>quod</strong></span> <span class='ocrx_word' id='word_1_261' title='bbox 1764 3136 1891 3199; x_wconf 86' lang='lat' dir='ltr'><strong>nudi</strong></span> 
     </span>
    </p>
   </div>
   <div class='ocr_carea' id='block_1_32' title="bbox 302 3227 1888 3296">
    <p class='ocr_par' dir='ltr' id='par_1_32' title="bbox 302 3227 1888 3296">
     <span class='ocr_line' id='line_1_32' title="bbox 302 3227 1888 3296; baseline -0.004 -7"><span class='ocrx_word' id='word_1_262' title='bbox 302 3227 533 3296; x_wconf 75' lang='lat' dir='ltr'><strong>ingressi</strong></span> <span class='ocrx_word' id='word_1_263' title='bbox 578 3243 767 3288; x_wconf 84' lang='lat' dir='ltr'><strong>sumus</strong></span> <span class='ocrx_word' id='word_1_264' title='bbox 810 3228 864 3285; x_wconf 89' lang='lat' dir='ltr'><strong>in</strong></span> <span class='ocrx_word' id='word_1_265' title='bbox 917 3229 1054 3284; x_wconf 86' lang='lat' dir='ltr'><strong>hanc</strong></span> <span class='ocrx_word' id='word_1_266' title='bbox 1096 3231 1256 3284; x_wconf 81' lang='lat' dir='ltr'><strong>vitam</strong></span> <span class='ocrx_word' id='word_1_267' title='bbox 1283 3269 1300 3293; x_wconf 90' lang='lat'><strong>,</strong></span> <span class='ocrx_word' id='word_1_268' title='bbox 1353 3239 1409 3284; x_wconf 85' lang='lat' dir='ltr'><strong>ct</strong></span> <span class='ocrx_word' id='word_1_269' title='bbox 1451 3229 1579 3284; x_wconf 88' lang='lat' dir='ltr'><strong>nudi</strong></span> <span class='ocrx_word' id='word_1_270' title='bbox 1625 3228 1888 3283; x_wconf 85' lang='lat' dir='ltr'><strong>abibimus</strong></span> 
     </span>
    </p>
   </div>
   <div class='ocr_carea' id='block_1_33' title="bbox 302 3319 1890 3391">
    <p class='ocr_par' dir='ltr' id='par_1_33' title="bbox 302 3319 1890 3391">
     <span class='ocr_line' id='line_1_33' title="bbox 302 3319 1890 3391; baseline -0.001 -17"><span class='ocrx_word' id='word_1_271' title='bbox 302 3319 429 3389; x_wconf 74' lang='lat' dir='ltr'><strong>(Job</strong></span> <span class='ocrx_word' id='word_1_272' title='bbox 454 3321 511 3376; x_wconf 70' lang='grc' dir='ltr'><strong>Ι.</strong></span> <span class='ocrx_word' id='word_1_273' title='bbox 532 3320 671 3391; x_wconf 65' lang='lat' dir='ltr'><strong>ﬁt)?</strong></span> <span class='ocrx_word' id='word_1_274' title='bbox 719 3320 830 3377; x_wconf 86' lang='lat' dir='ltr'><strong>imo</strong></span> <span class='ocrx_word' id='word_1_275' title='bbox 856 3337 963 3376; x_wconf 93' lang='lat' dir='ltr'><strong>non</strong></span> <span class='ocrx_word' id='word_1_276' title='bbox 988 3321 1139 3377; x_wconf 82' lang='lat' dir='ltr'><strong>vides</strong></span> <span class='ocrx_word' id='word_1_277' title='bbox 1183 3335 1278 3383; x_wconf 80' lang='lat' dir='ltr'><strong>eos</strong></span> <span class='ocrx_word' id='word_1_278' title='bbox 1302 3320 1394 3390; x_wconf 88' lang='lat' dir='ltr'><strong>qui</strong></span> <span class='ocrx_word' id='word_1_279' title='bbox 1419 3330 1470 3375; x_wconf 86' lang='lat' dir='ltr'><strong>te</strong></span> <span class='ocrx_word' id='word_1_280' title='bbox 1496 3328 1890 3390; x_wconf 68' lang='lat' dir='ltr'><strong>praecesserunt</strong></span> 
     </span>
    </p>
   </div>
   <div class='ocr_carea' id='block_1_34' title="bbox 304 3413 1890 3482">
    <p class='ocr_par' dir='ltr' id='par_1_34' title="bbox 304 3413 1890 3482">
     <span class='ocr_line' id='line_1_34' title="bbox 304 3413 1890 3482; baseline -0.003 -13"><span class='ocrx_word' id='word_1_281' title='bbox 304 3413 482 3469; x_wconf 82' lang='lat' dir='ltr'><strong>nudos</strong></span> <span class='ocrx_word' id='word_1_282' title='bbox 518 3424 575 3468; x_wconf 85' lang='lat' dir='ltr'><strong>et</strong></span> <span class='ocrx_word' id='word_1_283' title='bbox 603 3413 841 3482; x_wconf 73' lang='lat' dir='ltr'><strong>abiectos</strong></span> <span class='ocrx_word' id='word_1_284' title='bbox 882 3414 1257 3471; x_wconf 83' lang='lat' dir='ltr'><strong>abscessisse?</strong></span> <span class='ocrx_word' id='word_1_285' title='bbox 1283 3413 1415 3481; x_wconf 83' lang='lat' dir='ltr'><strong>Quis</strong></span> <span class='ocrx_word' id='word_1_286' title='bbox 1443 3413 1645 3469; x_wconf 84' lang='lat' dir='ltr'><strong>habens</strong></span> <span class='ocrx_word' id='word_1_287' title='bbox 1674 3414 1846 3473; x_wconf 77' lang='lat' dir='ltr'><strong>aliena</strong></span> <span class='ocrx_word' id='word_1_288' title='bbox 1874 3454 1890 3477; x_wconf 92' lang='lat'><strong>,</strong></span> 
     </span>
    </p>
   </div>
   <div class='ocr_carea' id='block_1_35' title="bbox 302 3504 1888 3576">
    <p class='ocr_par' dir='ltr' id='par_1_35' title="bbox 302 3504 1888 3576">
     <span class='ocr_line' id='line_1_35' title="bbox 302 3504 1888 3576; baseline -0.002 -15"><span class='ocrx_word' id='word_1_289' title='bbox 302 3504 526 3562; x_wconf 76' lang='lat' dir='ltr'><strong>eﬂ‘ertur</strong></span> <span class='ocrx_word' id='word_1_290' title='bbox 545 3513 605 3561; x_wconf 82' lang='lat' dir='ltr'><strong>et</strong></span> <span class='ocrx_word' id='word_1_291' title='bbox 636 3506 741 3560; x_wconf 83' lang='lat' dir='ltr'><strong>sibi</strong></span> <span class='ocrx_word' id='word_1_292' title='bbox 774 3506 995 3576; x_wconf 79' lang='lat' dir='ltr'><strong>placet?</strong></span> <span class='ocrx_word' id='word_1_293' title='bbox 1038 3505 1169 3561; x_wconf 80' lang='lat' dir='ltr'><strong>Nam</strong></span> <span class='ocrx_word' id='word_1_294' title='bbox 1213 3507 1305 3576; x_wconf 82' lang='lat' dir='ltr'><strong>qui</strong></span> <span class='ocrx_word' id='word_1_295' title='bbox 1332 3520 1396 3561; x_wconf 81' lang='lat' dir='ltr'><strong>ea</strong></span> <span class='ocrx_word' id='word_1_296' title='bbox 1423 3506 1490 3561; x_wconf 79' lang='lat' dir='ltr'><strong>ad</strong></span> <span class='ocrx_word' id='word_1_297' title='bbox 1514 3521 1643 3567; x_wconf 78' lang='lat' dir='ltr'><strong>suos</strong></span> <span class='ocrx_word' id='word_1_298' title='bbox 1685 3515 1888 3565; x_wconf 86' lang='lat' dir='ltr'><strong>tantum</strong></span> 
     </span>
    </p>
   </div>
   <div class='ocr_carea' id='block_1_36' title="bbox 308 3597 1884 3668">
    <p class='ocr_par' dir='ltr' id='par_1_36' title="bbox 308 3597 1884 3668">
     <span class='ocr_line' id='line_1_36' title="bbox 308 3597 1884 3668; baseline 0 -17"><span class='ocrx_word' id='word_1_299' title='bbox 308 3612 438 3653; x_wconf 85' lang='lat' dir='ltr'><strong>usus</strong></span> <span class='ocrx_word' id='word_1_300' title='bbox 464 3605 784 3661; x_wconf 80' lang='lat' dir='ltr'><strong>convertere</strong></span> <span class='ocrx_word' id='word_1_301' title='bbox 810 3607 866 3652; x_wconf 91' lang='lat' dir='ltr'><strong>et</strong></span> <span class='ocrx_word' id='word_1_302' title='bbox 894 3597 960 3652; x_wconf 88' lang='lat' dir='ltr'><strong>iis</strong></span> <span class='ocrx_word' id='word_1_303' title='bbox 991 3597 1097 3652; x_wconf 89' lang='lat' dir='ltr'><strong>frui</strong></span> <span class='ocrx_word' id='word_1_304' title='bbox 1122 3597 1308 3652; x_wconf 84' lang='lat' dir='ltr'><strong>volunt</strong></span> <span class='ocrx_word' id='word_1_305' title='bbox 1331 3639 1346 3663; x_wconf 90' lang='lat'><strong>,</strong></span> <span class='ocrx_word' id='word_1_306' title='bbox 1390 3598 1494 3668; x_wconf 86' lang='lat' dir='ltr'><strong>ipsi</strong></span> <span class='ocrx_word' id='word_1_307' title='bbox 1519 3598 1598 3652; x_wconf 82' lang='lat' dir='ltr'><strong>eis</strong></span> <span class='ocrx_word' id='word_1_308' title='bbox 1627 3597 1707 3652; x_wconf 87' lang='lat' dir='ltr'><strong>vel</strong></span> <span class='ocrx_word' id='word_1_309' title='bbox 1734 3598 1884 3658; x_wconf 73' lang='lat' dir='ltr'><strong>inviti</strong></span> 
     </span>
    </p>
   </div>
   <div class='ocr_carea' id='block_1_37' title="bbox 308 3689 1887 3758">
    <p class='ocr_par' dir='ltr' id='par_1_37' title="bbox 308 3689 1887 3758">
     <span class='ocr_line' id='line_1_37' title="bbox 308 3689 1887 3758; baseline 0.001 -17"><span class='ocrx_word' id='word_1_310' title='bbox 308 3689 616 3755; x_wconf 78' lang='lat' dir='ltr'><strong>privamur,</strong></span> <span class='ocrx_word' id='word_1_311' title='bbox 639 3702 788 3758; x_wconf 66' lang='lat' dir='ltr'><strong>saepe</strong></span> <span class='ocrx_word' id='word_1_312' title='bbox 806 3689 975 3743; x_wconf 84' lang='lat' dir='ltr'><strong>etiam</strong></span> <span class='ocrx_word' id='word_1_313' title='bbox 1002 3697 1130 3744; x_wconf 86' lang='lat' dir='ltr'><strong>ante</strong></span> <span class='ocrx_word' id='word_1_314' title='bbox 1156 3697 1405 3755; x_wconf 86' lang='lat' dir='ltr'><strong>mortem,</strong></span> <span class='ocrx_word' id='word_1_315' title='bbox 1428 3689 1483 3742; x_wconf 86' lang='lat' dir='ltr'><strong>in</strong></span> <span class='ocrx_word' id='word_1_316' title='bbox 1510 3698 1689 3744; x_wconf 84' lang='lat' dir='ltr'><strong>morte</strong></span> <span class='ocrx_word' id='word_1_317' title='bbox 1712 3699 1887 3744; x_wconf 84' lang='lat' dir='ltr'><strong>autem</strong></span> 
     </span>
    </p>
   </div>
   <div class='ocr_carea' id='block_1_38' title="bbox 309 3781 1894 3851">
    <p class='ocr_par' dir='ltr' id='par_1_38' title="bbox 309 3781 1894 3851">
     <span class='ocr_line' id='line_1_38' title="bbox 309 3781 1894 3851; baseline 0 -15"><span class='ocrx_word' id='word_1_318' title='bbox 309 3781 552 3836; x_wconf 80' lang='lat' dir='ltr'><strong>omnino.</strong></span> <span class='ocrx_word' id='word_1_319' title='bbox 601 3781 672 3834; x_wconf 81' lang='lat' dir='ltr'><strong>At</strong></span> <span class='ocrx_word' id='word_1_320' title='bbox 712 3795 813 3836; x_wconf 81' lang='lat' dir='ltr'><strong>nos</strong></span> <span class='ocrx_word' id='word_1_321' title='bbox 839 3781 1121 3848; x_wconf 73' lang='lat' dir='ltr'><strong>viventes,</strong></span> <span class='ocrx_word' id='word_1_322' title='bbox 1165 3781 1378 3851; x_wconf 89' lang='lat' dir='ltr'><strong>inquit,</strong></span> <span class='ocrx_word' id='word_1_323' title='bbox 1420 3782 1499 3837; x_wconf 90' lang='lat' dir='ltr'><strong>eis</strong></span> <span class='ocrx_word' id='word_1_324' title='bbox 1542 3790 1603 3836; x_wconf 88' lang='lat' dir='ltr'><strong>ut</strong></span> <span class='ocrx_word' id='word_1_325' title='bbox 1646 3782 1894 3836; x_wconf 84' lang='lat' dir='ltr'><strong>volumus</strong></span> 
     </span>
    </p>
   </div>
   <div class='ocr_carea' id='block_1_39' title="bbox 310 3869 1891 3927">
    <p class='ocr_par' dir='ltr' id='par_1_39' title="bbox 310 3869 1891 3927">
     <span class='ocr_line' id='line_1_39' title="bbox 310 3869 1891 3927; baseline -0.003 -2"><span class='ocrx_word' id='word_1_326' title='bbox 310 3871 532 3927; x_wconf 79' lang='lat' dir='ltr'><strong>utimur.</strong></span> <span class='ocrx_word' id='word_1_327' title='bbox 576 3869 735 3927; x_wconf 77' lang='lat' dir='ltr'><strong>Certe</strong></span> <span class='ocrx_word' id='word_1_328' title='bbox 762 3872 1034 3927; x_wconf 79' lang='lat' dir='ltr'><strong>neminem</strong></span> <span class='ocrx_word' id='word_1_329' title='bbox 1080 3871 1191 3926; x_wconf 83' lang='lat' dir='ltr'><strong>cito</strong></span> <span class='ocrx_word' id='word_1_330' title='bbox 1220 3871 1418 3926; x_wconf 78' lang='lat' dir='ltr'><strong>videris</strong></span> <span class='ocrx_word' id='word_1_331' title='bbox 1465 3880 1523 3925; x_wconf 91' lang='lat' dir='ltr'><strong>ut</strong></span> <span class='ocrx_word' id='word_1_332' title='bbox 1549 3873 1666 3925; x_wconf 86' lang='lat' dir='ltr'><strong>vult</strong></span> <span class='ocrx_word' id='word_1_333' title='bbox 1691 3872 1767 3924; x_wconf 90' lang='lat' dir='ltr'><strong>uti</strong></span> <span class='ocrx_word' id='word_1_334' title='bbox 1811 3872 1891 3923; x_wconf 79' lang='lat' dir='ltr'><strong>fa-</strong></span> 
     </span>
    </p>
   </div>
   <div class='ocr_carea' id='block_1_40' title="bbox 308 3962 1890 4035">
    <p class='ocr_par' dir='ltr' id='par_1_40' title="bbox 308 3962 1890 4035">
     <span class='ocr_line' id='line_1_40' title="bbox 308 3962 1890 4035; baseline -0.004 -15"><span class='ocrx_word' id='word_1_335' title='bbox 308 3965 636 4020; x_wconf 82' lang='lat' dir='ltr'><strong>cultatibus:</strong></span> <span class='ocrx_word' id='word_1_336' title='bbox 665 3964 807 4035; x_wconf 89' lang='lat' dir='ltr'><strong>quod</strong></span> <span class='ocrx_word' id='word_1_337' title='bbox 852 3964 898 4018; x_wconf 84' lang='lat' dir='ltr'><strong>si</strong></span> <span class='ocrx_word' id='word_1_338' title='bbox 939 3963 1217 4033; x_wconf 79' lang='lat' dir='ltr'><strong>quisquam</strong></span> <span class='ocrx_word' id='word_1_339' title='bbox 1248 3963 1409 4021; x_wconf 86' lang='lat' dir='ltr'><strong>etiam</strong></span> <span class='ocrx_word' id='word_1_340' title='bbox 1455 3969 1512 4015; x_wconf 92' lang='lat' dir='ltr'><strong>ut</strong></span> <span class='ocrx_word' id='word_1_341' title='bbox 1538 3962 1651 4015; x_wconf 91' lang='lat' dir='ltr'><strong>vult</strong></span> <span class='ocrx_word' id='word_1_342' title='bbox 1688 3970 1890 4027; x_wconf 89' lang='lat' dir='ltr'><strong>utatur,</strong></span> 
     </span>
    </p>
   </div>
   <div class='ocr_carea' id='block_1_41' title="bbox 308 4054 1893 4126">
    <p class='ocr_par' dir='ltr' id='par_1_41' title="bbox 308 4054 1893 4126">
     <span class='ocr_line' id='line_1_41' title="bbox 308 4054 1893 4126; baseline -0.003 -15"><span class='ocrx_word' id='word_1_343' title='bbox 308 4072 380 4112; x_wconf 85' lang='lat' dir='ltr'><strong>ne</strong></span> <span class='ocrx_word' id='word_1_344' title='bbox 397 4056 507 4111; x_wconf 81' lang='lat' dir='ltr'><strong>hoc</strong></span> <span class='ocrx_word' id='word_1_345' title='bbox 521 4066 604 4111; x_wconf 89' lang='lat' dir='ltr'><strong>est</strong></span> <span class='ocrx_word' id='word_1_346' title='bbox 628 4056 843 4126; x_wconf 77' lang='lat' dir='ltr'><strong>quidem</strong></span> <span class='ocrx_word' id='word_1_347' title='bbox 862 4070 1109 4125; x_wconf 74' lang='lat' dir='ltr'><strong>magnum</strong></span> <span class='ocrx_word' id='word_1_348' title='bbox 1143 4073 1159 4109; x_wconf 87' lang='lat'><strong>:</strong></span> <span class='ocrx_word' id='word_1_349' title='bbox 1188 4055 1352 4110; x_wconf 82' lang='lat' dir='ltr'><strong>breve</strong></span> <span class='ocrx_word' id='word_1_350' title='bbox 1371 4064 1456 4109; x_wconf 83' lang='lat' dir='ltr'><strong>est</strong></span> <span class='ocrx_word' id='word_1_351' title='bbox 1484 4054 1629 4109; x_wconf 88' lang='lat' dir='ltr'><strong>enim</strong></span> <span class='ocrx_word' id='word_1_352' title='bbox 1655 4067 1893 4123; x_wconf 79' lang='lat' dir='ltr'><strong>praesens</strong></span> 
     </span>
    </p>
   </div>
   <div class='ocr_carea' id='block_1_42' title="bbox 309 4145 1887 4218">
    <p class='ocr_par' dir='ltr' id='par_1_42' title="bbox 309 4145 1887 4218">
     <span class='ocr_line' id='line_1_42' title="bbox 309 4145 1887 4218; baseline -0.001 -17"><span class='ocrx_word' id='word_1_353' title='bbox 309 4159 542 4218; x_wconf 82' lang='lat' dir='ltr'><strong>tempus,</strong></span> <span class='ocrx_word' id='word_1_354' title='bbox 561 4149 605 4203; x_wconf 89' lang='lat' dir='ltr'><strong>si</strong></span> <span class='ocrx_word' id='word_1_355' title='bbox 628 4146 939 4203; x_wconf 85' lang='lat' dir='ltr'><strong>conferatur</strong></span> <span class='ocrx_word' id='word_1_356' title='bbox 953 4160 1076 4201; x_wconf 88' lang='lat' dir='ltr'><strong>cum</strong></span> <span class='ocrx_word' id='word_1_357' title='bbox 1098 4146 1313 4201; x_wconf 70' lang='lat' dir='ltr'><strong>sarculis</strong></span> <span class='ocrx_word' id='word_1_358' title='bbox 1336 4160 1455 4216; x_wconf 75' lang='lat' dir='ltr'><strong>qute</strong></span> <span class='ocrx_word' id='word_1_359' title='bbox 1474 4159 1582 4201; x_wconf 89' lang='lat' dir='ltr'><strong>non</strong></span> <span class='ocrx_word' id='word_1_360' title='bbox 1608 4145 1887 4200; x_wconf 80' lang='lat' dir='ltr'><strong>liniuntur.</strong></span> 
     </span>
    </p>
   </div>
   <div class='ocr_carea' id='block_1_43' title="bbox 314 4236 1893 4308">
    <p class='ocr_par' dir='ltr' id='par_1_43' title="bbox 314 4236 1893 4308">
     <span class='ocr_line' id='line_1_43' title="bbox 314 4236 1893 4308; baseline -0.004 -13"><span class='ocrx_word' id='word_1_361' title='bbox 314 4240 550 4307; x_wconf 69' lang='lat' dir='ltr'><strong>Elei-ris,</strong></span> <span class='ocrx_word' id='word_1_362' title='bbox 574 4255 610 4293; x_wconf 92' lang='lat' dir='ltr'><strong>o</strong></span> <span class='ocrx_word' id='word_1_363' title='bbox 635 4239 796 4293; x_wconf 84' lang='lat' dir='ltr'><strong>homo</strong></span> <span class='ocrx_word' id='word_1_364' title='bbox 818 4280 833 4304; x_wconf 90' lang='lat'><strong>,</strong></span> <span class='ocrx_word' id='word_1_365' title='bbox 858 4245 915 4293; x_wconf 89' lang='lat' dir='ltr'><strong>et</strong></span> <span class='ocrx_word' id='word_1_366' title='bbox 939 4236 1184 4308; x_wconf 69' lang='lat' dir='ltr'><strong>gloriaris</strong></span> <span class='ocrx_word' id='word_1_367' title='bbox 1208 4239 1349 4306; x_wconf 90' lang='lat' dir='ltr'><strong>quod</strong></span> <span class='ocrx_word' id='word_1_368' title='bbox 1373 4237 1446 4292; x_wconf 88' lang='lat' dir='ltr'><strong>sis</strong></span> <span class='ocrx_word' id='word_1_369' title='bbox 1473 4236 1660 4292; x_wconf 87' lang='lat' dir='ltr'><strong>dives?</strong></span> <span class='ocrx_word' id='word_1_370' title='bbox 1684 4236 1893 4306; x_wconf 89' lang='lat' dir='ltr'><strong>quare?</strong></span> 
     </span>
    </p>
   </div>
   <div class='ocr_carea' id='block_1_44' title="bbox 312 4326 1891 4397">
    <p class='ocr_par' dir='ltr' id='par_1_44' title="bbox 312 4326 1891 4397">
     <span class='ocr_line' id='line_1_44' title="bbox 312 4326 1891 4397; baseline -0.003 -12"><span class='ocrx_word' id='word_1_371' title='bbox 312 4332 415 4387; x_wconf 89' lang='lat' dir='ltr'><strong>hoc</strong></span> <span class='ocrx_word' id='word_1_372' title='bbox 448 4332 593 4387; x_wconf 87' lang='lat' dir='ltr'><strong>enim</strong></span> <span class='ocrx_word' id='word_1_373' title='bbox 614 4330 769 4385; x_wconf 85' lang='lat' dir='ltr'><strong>adest</strong></span> <span class='ocrx_word' id='word_1_374' title='bbox 794 4337 852 4384; x_wconf 87' lang='lat' dir='ltr'><strong>et</strong></span> <span class='ocrx_word' id='word_1_375' title='bbox 878 4327 1170 4385; x_wconf 83' lang='lat' dir='ltr'><strong>latronibus</strong></span> <span class='ocrx_word' id='word_1_376' title='bbox 1198 4337 1254 4381; x_wconf 87' lang='lat' dir='ltr'><strong>et</strong></span> <span class='ocrx_word' id='word_1_377' title='bbox 1281 4327 1493 4383; x_wconf 84' lang='lat' dir='ltr'><strong>furibus</strong></span> <span class='ocrx_word' id='word_1_378' title='bbox 1520 4337 1576 4383; x_wconf 92' lang='lat' dir='ltr'><strong>et</strong></span> <span class='ocrx_word' id='word_1_379' title='bbox 1610 4326 1891 4397; x_wconf 84' lang='lat' dir='ltr'><strong>parricidis</strong></span> 
     </span>
    </p>
   </div>
   <div class='ocr_carea' id='block_1_45' title="bbox 313 4419 1891 4477">
    <p class='ocr_par' dir='ltr' id='par_1_45' title="bbox 313 4419 1891 4477">
     <span class='ocr_line' id='line_1_45' title="bbox 313 4419 1891 4477; baseline -0.004 0"><span class='ocrx_word' id='word_1_380' title='bbox 313 4433 365 4477; x_wconf 89' lang='lat' dir='ltr'><strong>et</strong></span> <span class='ocrx_word' id='word_1_381' title='bbox 405 4423 659 4477; x_wconf 83' lang='lat' dir='ltr'><strong>mollibus</strong></span> <span class='ocrx_word' id='word_1_382' title='bbox 686 4431 743 4476; x_wconf 87' lang='lat' dir='ltr'><strong>et</strong></span> <span class='ocrx_word' id='word_1_383' title='bbox 792 4421 1179 4476; x_wconf 86' lang='lat' dir='ltr'><strong>scortatoribus</strong></span> <span class='ocrx_word' id='word_1_384' title='bbox 1209 4427 1261 4473; x_wconf 89' lang='lat' dir='ltr'><strong>et</strong></span> <span class='ocrx_word' id='word_1_385' title='bbox 1311 4419 1584 4474; x_wconf 87' lang='lat' dir='ltr'><strong>sceleratis</strong></span> <span class='ocrx_word' id='word_1_386' title='bbox 1623 4419 1891 4473; x_wconf 89' lang='lat' dir='ltr'><strong>omnibus.</strong></span> 
     </span>
    </p>
   </div>
   <div class='ocr_carea' id='block_1_46' title="bbox 312 4511 1893 4583">
    <p class='ocr_par' dir='ltr' id='par_1_46' title="bbox 312 4511 1893 4583">
     <span class='ocr_line' id='line_1_46' title="bbox 312 4511 1893 4583; baseline -0.003 -15"><span class='ocrx_word' id='word_1_387' title='bbox 312 4515 414 4568; x_wconf 79' lang='lat' dir='ltr'><strong>Cur</strong></span> <span class='ocrx_word' id='word_1_388' title='bbox 439 4528 572 4583; x_wconf 78' lang='lat' dir='ltr'><strong>ergo</strong></span> <span class='ocrx_word' id='word_1_389' title='bbox 598 4512 815 4567; x_wconf 82' lang='lat' dir='ltr'><strong>eil&#39;erris</strong></span> <span class='ocrx_word' id='word_1_390' title='bbox 831 4512 856 4564; x_wconf 84' lang='lat'><strong>?</strong></span> <span class='ocrx_word' id='word_1_391' title='bbox 883 4511 1015 4566; x_wconf 86' lang='lat' dir='ltr'><strong>Nam</strong></span> <span class='ocrx_word' id='word_1_392' title='bbox 1042 4512 1087 4565; x_wconf 90' lang='lat' dir='ltr'><strong>si</strong></span> <span class='ocrx_word' id='word_1_393' title='bbox 1109 4527 1174 4566; x_wconf 88' lang='lat' dir='ltr'><strong>eo</strong></span> <span class='ocrx_word' id='word_1_394' title='bbox 1198 4521 1343 4566; x_wconf 86' lang='lat' dir='ltr'><strong>recte</strong></span> <span class='ocrx_word' id='word_1_395' title='bbox 1359 4520 1414 4565; x_wconf 88' lang='lat' dir='ltr'><strong>et</strong></span> <span class='ocrx_word' id='word_1_396' title='bbox 1440 4522 1495 4564; x_wconf 89' lang='lat' dir='ltr'><strong>nt</strong></span> <span class='ocrx_word' id='word_1_397' title='bbox 1522 4519 1737 4579; x_wconf 85' lang='lat' dir='ltr'><strong>Oportet</strong></span> <span class='ocrx_word' id='word_1_398' title='bbox 1766 4525 1893 4565; x_wconf 85' lang='lat' dir='ltr'><strong>usus</strong></span> 
     </span>
    </p>
   </div>
   <div class='ocr_carea' id='block_1_47' title="bbox 314 4602 1893 4669">
    <p class='ocr_par' dir='ltr' id='par_1_47' title="bbox 314 4602 1893 4669">
     <span class='ocr_line' id='line_1_47' title="bbox 314 4602 1893 4669; baseline -0.001 -11"><span class='ocrx_word' id='word_1_399' title='bbox 314 4620 369 4658; x_wconf 85' lang='lat' dir='ltr'><strong>es</strong></span> <span class='ocrx_word' id='word_1_400' title='bbox 388 4647 403 4669; x_wconf 85' lang='lat'><strong>,</strong></span> <span class='ocrx_word' id='word_1_401' title='bbox 446 4622 555 4658; x_wconf 83' lang='grc' dir='ltr'>ιιυιι</span> <span class='ocrx_word' id='word_1_402' title='bbox 592 4605 757 4659; x_wconf 83' lang='lat' dir='ltr'><strong>debes</strong></span> <span class='ocrx_word' id='word_1_403' title='bbox 784 4606 932 4659; x_wconf 86' lang='lat' dir='ltr'><strong>elato</strong></span> <span class='ocrx_word' id='word_1_404' title='bbox 963 4617 1084 4657; x_wconf 86' lang='lat' dir='ltr'><strong>esse</strong></span> <span class='ocrx_word' id='word_1_405' title='bbox 1116 4603 1297 4656; x_wconf 88' lang='lat' dir='ltr'><strong>animo</strong></span> <span class='ocrx_word' id='word_1_406' title='bbox 1319 4642 1333 4665; x_wconf 95' lang='lat'><strong>,</strong></span> <span class='ocrx_word' id='word_1_407' title='bbox 1371 4615 1441 4657; x_wconf 84' lang='lat' dir='ltr'><strong>ne</strong></span> <span class='ocrx_word' id='word_1_408' title='bbox 1472 4602 1639 4657; x_wconf 87' lang='lat' dir='ltr'><strong>violes</strong></span> <span class='ocrx_word' id='word_1_409' title='bbox 1668 4602 1893 4656; x_wconf 86' lang='lat' dir='ltr'><strong>manda-</strong></span> 
     </span>
    </p>
   </div>
   <div class='ocr_carea' id='block_1_48' title="bbox 318 4694 1896 4763">
    <p class='ocr_par' dir='ltr' id='par_1_48' title="bbox 318 4694 1896 4763">
     <span class='ocr_line' id='line_1_48' title="bbox 318 4694 1896 4763; baseline 0.003 -17"><span class='ocrx_word' id='word_1_410' title='bbox 318 4707 420 4750; x_wconf 89' lang='lat' dir='ltr'><strong>tum</strong></span> <span class='ocrx_word' id='word_1_411' title='bbox 444 4716 459 4750; x_wconf 71' lang='grc' dir='ltr'>ε</span> <span class='ocrx_word' id='word_1_412' title='bbox 496 4696 582 4750; x_wconf 87' lang='lat' dir='ltr'><strong>sin</strong></span> <span class='ocrx_word' id='word_1_413' title='bbox 614 4710 924 4749; x_wconf 68' lang='lat' dir='ltr'><strong>autemnon</strong></span> <span class='ocrx_word' id='word_1_414' title='bbox 950 4704 1093 4748; x_wconf 85' lang='lat' dir='ltr'><strong>recte</strong></span> <span class='ocrx_word' id='word_1_415' title='bbox 1117 4703 1171 4748; x_wconf 88' lang='lat' dir='ltr'><strong>et</strong></span> <span class='ocrx_word' id='word_1_416' title='bbox 1197 4703 1254 4747; x_wconf 91' lang='lat' dir='ltr'><strong>ut</strong></span> <span class='ocrx_word' id='word_1_417' title='bbox 1273 4702 1504 4763; x_wconf 78' lang='lat' dir='ltr'><strong>Oportet,</strong></span> <span class='ocrx_word' id='word_1_418' title='bbox 1521 4694 1642 4749; x_wconf 89' lang='lat' dir='ltr'><strong>ideo</strong></span> <span class='ocrx_word' id='word_1_419' title='bbox 1663 4695 1896 4750; x_wconf 81' lang='lat' dir='ltr'><strong>maxime</strong></span> 
     </span>
    </p>
   </div>
   <div class='ocr_carea' id='block_1_49' title="bbox 315 4785 1899 4856">
    <p class='ocr_par' dir='ltr' id='par_1_49' title="bbox 315 4785 1899 4856">
     <span class='ocr_line' id='line_1_49' title="bbox 315 4785 1899 4856; baseline 0.001 -16"><span class='ocrx_word' id='word_1_420' title='bbox 315 4801 415 4843; x_wconf 91' lang='lat' dir='ltr'><strong>non</strong></span> <span class='ocrx_word' id='word_1_421' title='bbox 431 4787 624 4853; x_wconf 79' lang='lat' dir='ltr'><strong>debes,</strong></span> <span class='ocrx_word' id='word_1_422' title='bbox 635 4786 779 4856; x_wconf 80' lang='lat' dir='ltr'><strong>quod</strong></span> <span class='ocrx_word' id='word_1_423' title='bbox 794 4785 1140 4856; x_wconf 79' lang='lat' dir='ltr'><strong>pecuniarum</strong></span> <span class='ocrx_word' id='word_1_424' title='bbox 1159 4785 1329 4840; x_wconf 88' lang='lat' dir='ltr'><strong>factus</strong></span> <span class='ocrx_word' id='word_1_425' title='bbox 1341 4786 1412 4839; x_wconf 88' lang='lat' dir='ltr'><strong>sis</strong></span> <span class='ocrx_word' id='word_1_426' title='bbox 1425 4798 1613 4840; x_wconf 84' lang='lat' dir='ltr'><strong>servus</strong></span> <span class='ocrx_word' id='word_1_427' title='bbox 1623 4795 1678 4840; x_wconf 87' lang='lat' dir='ltr'><strong>et</strong></span> <span class='ocrx_word' id='word_1_428' title='bbox 1695 4800 1899 4856; x_wconf 81' lang='lat' dir='ltr'><strong>posses-</strong></span> 
     </span>
    </p>
   </div>
   <div class='ocr_carea' id='block_1_50' title="bbox 315 4876 1895 4946">
    <p class='ocr_par' dir='ltr' id='par_1_50' title="bbox 315 4876 1895 4946">
     <span class='ocr_line' id='line_1_50' title="bbox 315 4876 1895 4946; baseline 0.001 -15"><span class='ocrx_word' id='word_1_429' title='bbox 315 4879 523 4933; x_wconf 86' lang='lat' dir='ltr'><strong>sionum</strong></span> <span class='ocrx_word' id='word_1_430' title='bbox 543 4918 559 4942; x_wconf 92' lang='lat'><strong>,</strong></span> <span class='ocrx_word' id='word_1_431' title='bbox 592 4887 647 4932; x_wconf 88' lang='lat' dir='ltr'><strong>et</strong></span> <span class='ocrx_word' id='word_1_432' title='bbox 668 4892 733 4932; x_wconf 85' lang='lat' dir='ltr'><strong>ea</strong></span> <span class='ocrx_word' id='word_1_433' title='bbox 773 4878 825 4931; x_wconf 83' lang='lat' dir='ltr'><strong>in</strong></span> <span class='ocrx_word' id='word_1_434' title='bbox 858 4886 911 4931; x_wconf 84' lang='lat' dir='ltr'><strong>te</strong></span> <span class='ocrx_word' id='word_1_435' title='bbox 936 4876 1266 4931; x_wconf 82' lang='lat' dir='ltr'><strong>dominatum</strong></span> <span class='ocrx_word' id='word_1_436' title='bbox 1297 4876 1595 4931; x_wconf 86' lang='lat' dir='ltr'><strong>obtineant.</strong></span> <span class='ocrx_word' id='word_1_437' title='bbox 1626 4876 1758 4933; x_wconf 81' lang='lat' dir='ltr'><strong>Nam</strong></span> <span class='ocrx_word' id='word_1_438' title='bbox 1788 4877 1895 4946; x_wconf 83' lang='lat' dir='ltr'><strong>die,</strong></span> 
     </span>
    </p>
   </div>
   <div class='ocr_carea' id='block_1_51' title="bbox 316 4971 1895 5041">
    <p class='ocr_par' dir='ltr' id='par_1_51' title="bbox 316 4971 1895 5041">
     <span class='ocr_line' id='line_1_51' title="bbox 316 4971 1895 5041; baseline -0.001 -14"><span class='ocrx_word' id='word_1_439' title='bbox 316 4987 534 5041; x_wconf 59' lang='lat' dir='ltr'><strong>quaeso,</strong></span> <span class='ocrx_word' id='word_1_440' title='bbox 565 4973 611 5025; x_wconf 89' lang='lat' dir='ltr'><strong>si</strong></span> <span class='ocrx_word' id='word_1_441' title='bbox 653 4972 774 5037; x_wconf 81' lang='lat' dir='ltr'><strong>quis</strong></span> <span class='ocrx_word' id='word_1_442' title='bbox 819 4971 1130 5025; x_wconf 84' lang='lat' dir='ltr'><strong>febricitans</strong></span> <span class='ocrx_word' id='word_1_443' title='bbox 1163 4971 1387 5024; x_wconf 89' lang='lat' dir='ltr'><strong>multum</strong></span> <span class='ocrx_word' id='word_1_444' title='bbox 1435 4986 1588 5040; x_wconf 60' lang='lat' dir='ltr'><strong>aqua:</strong></span> <span class='ocrx_word' id='word_1_445' title='bbox 1634 4971 1895 5036; x_wconf 83' lang='lat' dir='ltr'><strong>ebiberit,</strong></span> 
     </span>
    </p>
   </div>
   <div class='ocr_carea' id='block_1_52' title="bbox 317 5061 1898 5135">
    <p class='ocr_par' dir='ltr' id='par_1_52' title="bbox 317 5061 1898 5135">
     <span class='ocr_line' id='line_1_52' title="bbox 317 5061 1898 5135; baseline -0.001 -17"><span class='ocrx_word' id='word_1_446' title='bbox 317 5078 431 5135; x_wconf 66' lang='lat' dir='ltr'><strong>quae</strong></span> <span class='ocrx_word' id='word_1_447' title='bbox 473 5063 622 5118; x_wconf 82' lang='lat' dir='ltr'><strong>brevi</strong></span> <span class='ocrx_word' id='word_1_448' title='bbox 653 5061 871 5132; x_wconf 82' lang='lat' dir='ltr'><strong>quidem</strong></span> <span class='ocrx_word' id='word_1_449' title='bbox 905 5072 1146 5131; x_wconf 88' lang='lat' dir='ltr'><strong>tempore</strong></span> <span class='ocrx_word' id='word_1_450' title='bbox 1172 5062 1479 5132; x_wconf 78' lang='lat' dir='ltr'><strong>exstinguat</strong></span> <span class='ocrx_word' id='word_1_451' title='bbox 1504 5062 1669 5128; x_wconf 88' lang='lat' dir='ltr'><strong>sitim,</strong></span> <span class='ocrx_word' id='word_1_452' title='bbox 1715 5073 1898 5132; x_wconf 85' lang='lat' dir='ltr'><strong>postea</strong></span> 
     </span>
    </p>
   </div>
   <div class='ocr_carea' id='block_1_53' title="bbox 316 5151 1899 5219">
    <p class='ocr_par' dir='ltr' id='par_1_53' title="bbox 316 5151 1899 5219">
     <span class='ocr_line' id='line_1_53' title="bbox 316 5151 1899 5219; baseline 0.001 -13"><span class='ocrx_word' id='word_1_453' title='bbox 316 5165 490 5209; x_wconf 78' lang='lat' dir='ltr'><strong>autem</strong></span> <span class='ocrx_word' id='word_1_454' title='bbox 532 5153 795 5209; x_wconf 88' lang='lat' dir='ltr'><strong>accendat</strong></span> <span class='ocrx_word' id='word_1_455' title='bbox 832 5151 1104 5206; x_wconf 79' lang='lat' dir='ltr'><strong>ﬂammam</strong></span> <span class='ocrx_word' id='word_1_456' title='bbox 1127 5194 1143 5219; x_wconf 90' lang='lat'><strong>,</strong></span> <span class='ocrx_word' id='word_1_457' title='bbox 1174 5168 1240 5207; x_wconf 82' lang='lat' dir='ltr'><strong>ex</strong></span> <span class='ocrx_word' id='word_1_458' title='bbox 1263 5166 1398 5207; x_wconf 90' lang='lat' dir='ltr'><strong>eone</strong></span> <span class='ocrx_word' id='word_1_459' title='bbox 1434 5151 1595 5207; x_wconf 87' lang='lat' dir='ltr'><strong>debet</strong></span> <span class='ocrx_word' id='word_1_460' title='bbox 1630 5152 1806 5208; x_wconf 69' lang='grc' dir='ltr'><strong>επεπὶ</strong></span> <span class='ocrx_word' id='word_1_461' title='bbox 1848 5164 1899 5207; x_wconf 83' lang='lat' dir='ltr'><strong>et</strong></span> 
     </span>
    </p>
   </div>
   <div class='ocr_carea' id='block_1_54' title="bbox 320 5242 1898 5318">
    <p class='ocr_par' dir='ltr' id='par_1_54' title="bbox 320 5242 1898 5318">
     <span class='ocr_line' id='line_1_54' title="bbox 320 5242 1898 5318; baseline -0.001 -17"><span class='ocrx_word' id='word_1_462' title='bbox 320 5248 414 5303; x_wconf 85' lang='lat' dir='ltr'><strong>sibi</strong></span> <span class='ocrx_word' id='word_1_463' title='bbox 439 5248 688 5318; x_wconf 79' lang='lat' dir='ltr'><strong>placere?</strong></span> <span class='ocrx_word' id='word_1_464' title='bbox 710 5242 855 5311; x_wconf 85' lang='lat' dir='ltr'><strong>Quid</strong></span> <span class='ocrx_word' id='word_1_465' title='bbox 883 5261 1034 5310; x_wconf 83' lang='lat' dir='ltr'><strong>vero,</strong></span> <span class='ocrx_word' id='word_1_466' title='bbox 1062 5247 1107 5299; x_wconf 87' lang='lat' dir='ltr'><strong>si</strong></span> <span class='ocrx_word' id='word_1_467' title='bbox 1136 5247 1256 5315; x_wconf 84' lang='lat' dir='ltr'><strong>quis</strong></span> <span class='ocrx_word' id='word_1_468' title='bbox 1283 5248 1462 5315; x_wconf 86' lang='lat' dir='ltr'><strong>plures</strong></span> <span class='ocrx_word' id='word_1_469' title='bbox 1487 5247 1678 5301; x_wconf 84' lang='lat' dir='ltr'><strong>habeat</strong></span> <span class='ocrx_word' id='word_1_470' title='bbox 1705 5247 1898 5302; x_wconf 81' lang='lat' dir='ltr'><strong>frustra</strong></span> 
     </span>
    </p>
   </div>
   <div class='ocr_carea' id='block_1_55' title="bbox 322 5339 1897 5410">
    <p class='ocr_par' dir='ltr' id='par_1_55' title="bbox 322 5339 1897 5410">
     <span class='ocr_line' id='line_1_55' title="bbox 322 5339 1897 5410; baseline -0.003 -14"><span class='ocrx_word' id='word_1_471' title='bbox 322 5340 731 5405; x_wconf 75' lang='lat' dir='ltr'><strong>sollicitudines,</strong></span> <span class='ocrx_word' id='word_1_472' title='bbox 771 5348 1129 5410; x_wconf 86' lang='lat' dir='ltr'><strong>proptereane</strong></span> <span class='ocrx_word' id='word_1_473' title='bbox 1159 5339 1317 5393; x_wconf 84' lang='lat' dir='ltr'><strong>debet</strong></span> <span class='ocrx_word' id='word_1_474' title='bbox 1341 5339 1439 5393; x_wconf 87' lang='lat' dir='ltr'><strong>sibi</strong></span> <span class='ocrx_word' id='word_1_475' title='bbox 1472 5340 1720 5408; x_wconf 85' lang='lat' dir='ltr'><strong>placere?</strong></span> <span class='ocrx_word' id='word_1_476' title='bbox 1764 5339 1897 5404; x_wconf 84' lang='lat' dir='ltr'><strong>Cur,</strong></span> 
     </span>
    </p>
   </div>
   <div class='ocr_carea' id='block_1_56' title="bbox 328 5429 1893 5503">
    <p class='ocr_par' dir='ltr' id='par_1_56' title="bbox 328 5429 1893 5503">
     <span class='ocr_line' id='line_1_56' title="bbox 328 5429 1893 5503; baseline 0.001 -20"><span class='ocrx_word' id='word_1_477' title='bbox 328 5429 409 5485; x_wconf 84' lang='lat' dir='ltr'><strong>dic</strong></span> <span class='ocrx_word' id='word_1_478' title='bbox 448 5434 672 5503; x_wconf 59' lang='lat' dir='ltr'><strong>quasso?</strong></span> <span class='ocrx_word' id='word_1_479' title='bbox 716 5430 968 5500; x_wconf 86' lang='lat' dir='ltr'><strong>quoniam</strong></span> <span class='ocrx_word' id='word_1_480' title='bbox 998 5431 1197 5484; x_wconf 87' lang='lat' dir='ltr'><strong>multos</strong></span> <span class='ocrx_word' id='word_1_481' title='bbox 1224 5429 1396 5484; x_wconf 81' lang='lat' dir='ltr'><strong>habes</strong></span> <span class='ocrx_word' id='word_1_482' title='bbox 1428 5430 1712 5484; x_wconf 88' lang='lat' dir='ltr'><strong>dominos?</strong></span> <span class='ocrx_word' id='word_1_483' title='bbox 1758 5447 1893 5500; x_wconf 80' lang='lat' dir='ltr'><strong>quo—</strong></span> 
     </span>
    </p>
   </div>
   <div class='ocr_carea' id='block_1_57' title="bbox 330 5522 1897 5588">
    <p class='ocr_par' dir='ltr' id='par_1_57' title="bbox 330 5522 1897 5588">
     <span class='ocr_line' id='line_1_57' title="bbox 330 5522 1897 5588; baseline 0.002 -14"><span class='ocrx_word' id='word_1_484' title='bbox 330 5523 462 5577; x_wconf 79' lang='lat' dir='ltr'><strong>niam</strong></span> <span class='ocrx_word' id='word_1_485' title='bbox 483 5526 677 5579; x_wconf 66' lang='grc' dir='ltr'>ωυιωε</span> <span class='ocrx_word' id='word_1_486' title='bbox 700 5522 903 5577; x_wconf 82' lang='lat' dir='ltr'><strong>curas?</strong></span> <span class='ocrx_word' id='word_1_487' title='bbox 948 5522 1206 5588; x_wconf 66' lang='lat' dir='ltr'><strong>uttuniam</strong></span> <span class='ocrx_word' id='word_1_488' title='bbox 1254 5523 1403 5576; x_wconf 86' lang='lat' dir='ltr'><strong>multi</strong></span> <span class='ocrx_word' id='word_1_489' title='bbox 1439 5522 1530 5576; x_wconf 86' lang='lat' dir='ltr'><strong>tibi</strong></span> <span class='ocrx_word' id='word_1_490' title='bbox 1573 5523 1897 5577; x_wconf 81' lang='lat' dir='ltr'><strong>adulantur?</strong></span> 
     </span>
    </p>
   </div>
   <div class='ocr_carea' id='block_1_58' title="bbox 329 5612 1898 5683">
    <p class='ocr_par' dir='ltr' id='par_1_58' title="bbox 329 5612 1898 5683">
     <span class='ocr_line' id='line_1_58' title="bbox 329 5612 1898 5683; baseline -0.001 -16"><span class='ocrx_word' id='word_1_491' title='bbox 329 5612 425 5667; x_wconf 82' lang='lat' dir='ltr'><strong>Sed</strong></span> <span class='ocrx_word' id='word_1_492' title='bbox 449 5622 503 5668; x_wconf 85' lang='lat' dir='ltr'><strong>tu</strong></span> <span class='ocrx_word' id='word_1_493' title='bbox 530 5613 639 5669; x_wconf 80' lang='lat' dir='ltr'><strong>illis</strong></span> <span class='ocrx_word' id='word_1_494' title='bbox 669 5614 851 5669; x_wconf 80' lang='lat' dir='ltr'><strong>servis</strong></span> <span class='ocrx_word' id='word_1_495' title='bbox 880 5629 895 5665; x_wconf 90' lang='lat'><strong>:</strong></span> <span class='ocrx_word' id='word_1_496' title='bbox 926 5621 981 5667; x_wconf 89' lang='lat' dir='ltr'><strong>et</strong></span> <span class='ocrx_word' id='word_1_497' title='bbox 1009 5622 1067 5665; x_wconf 90' lang='lat' dir='ltr'><strong>ut</strong></span> <span class='ocrx_word' id='word_1_498' title='bbox 1104 5612 1369 5682; x_wconf 75' lang='lat' dir='ltr'><strong>intelligas</strong></span> <span class='ocrx_word' id='word_1_499' title='bbox 1396 5612 1517 5667; x_wconf 87' lang='lat' dir='ltr'><strong>audi</strong></span> <span class='ocrx_word' id='word_1_500' title='bbox 1563 5622 1772 5683; x_wconf 86' lang='lat' dir='ltr'><strong>aperte.</strong></span> <span class='ocrx_word' id='word_1_501' title='bbox 1820 5613 1898 5666; x_wconf 73' lang='lat' dir='ltr'><strong>Ex</strong></span> 
     </span>
    </p>
   </div>
   <div class='ocr_carea' id='block_1_59' title="bbox 333 5700 1898 5774">
    <p class='ocr_par' dir='ltr' id='par_1_59' title="bbox 333 5700 1898 5774">
     <span class='ocr_line' id='line_1_59' title="bbox 333 5700 1898 5774; baseline 0.002 -20"><span class='ocrx_word' id='word_1_502' title='bbox 333 5700 393 5755; x_wconf 88' lang='lat' dir='ltr'><strong>iis</strong></span> <span class='ocrx_word' id='word_1_503' title='bbox 438 5719 554 5774; x_wconf 70' lang='lat' dir='ltr'><strong>qua:</strong></span> <span class='ocrx_word' id='word_1_504' title='bbox 603 5706 661 5758; x_wconf 89' lang='lat' dir='ltr'><strong>in</strong></span> <span class='ocrx_word' id='word_1_505' title='bbox 726 5702 883 5757; x_wconf 83' lang='lat' dir='ltr'><strong>nobis</strong></span> <span class='ocrx_word' id='word_1_506' title='bbox 937 5710 1062 5755; x_wconf 86' lang='lat' dir='ltr'><strong>sunt</strong></span> <span class='ocrx_word' id='word_1_507' title='bbox 1121 5703 1284 5756; x_wconf 87' lang='lat' dir='ltr'><strong>animi</strong></span> <span class='ocrx_word' id='word_1_508' title='bbox 1358 5703 1730 5759; x_wconf 68' lang='lat' dir='ltr'><strong>aliectiunibus</strong></span> <span class='ocrx_word' id='word_1_509' title='bbox 1782 5707 1898 5757; x_wconf 69' lang='lat' dir='ltr'><strong>alia:</strong></span> 
     </span>
    </p>
   </div>
   <div class='ocr_carea' id='block_1_60' title="bbox 333 5794 1888 5867">
    <p class='ocr_par' dir='ltr' id='par_1_60' title="bbox 333 5794 1888 5867">
     <span class='ocr_line' id='line_1_60' title="bbox 333 5794 1888 5867; baseline 0.001 -21"><span class='ocrx_word' id='word_1_510' title='bbox 333 5795 529 5860; x_wconf 78' lang='lat' dir='ltr'><strong>quidem</strong></span> <span class='ocrx_word' id='word_1_511' title='bbox 554 5806 683 5853; x_wconf 79' lang='lat' dir='ltr'><strong>sunt</strong></span> <span class='ocrx_word' id='word_1_512' title='bbox 698 5794 1023 5865; x_wconf 80' lang='lat' dir='ltr'><strong>quandoque</strong></span> <span class='ocrx_word' id='word_1_513' title='bbox 1050 5795 1228 5857; x_wconf 84' lang='lat' dir='ltr'><strong>utiles.</strong></span> <span class='ocrx_word' id='word_1_514' title='bbox 1257 5803 1315 5849; x_wconf 91' lang='lat' dir='ltr'><strong>ut</strong></span> <span class='ocrx_word' id='word_1_515' title='bbox 1336 5795 1411 5849; x_wconf 90' lang='lat' dir='ltr'><strong>ira</strong></span> <span class='ocrx_word' id='word_1_516' title='bbox 1439 5811 1582 5867; x_wconf 65' lang='lat' dir='ltr'><strong>stupe</strong></span> <span class='ocrx_word' id='word_1_517' title='bbox 1608 5807 1688 5851; x_wconf 87' lang='lat' dir='ltr'><strong>est</strong></span> <span class='ocrx_word' id='word_1_518' title='bbox 1717 5798 1888 5851; x_wconf 67' lang='lat' dir='ltr'><strong>utilis:</strong></span> 
     </span>
    </p>
   </div>
   <div class='ocr_carea' id='block_1_61' title="bbox 337 5885 1890 5958">
    <p class='ocr_par' dir='ltr' id='par_1_61' title="bbox 337 5885 1890 5958">
     <span class='ocr_line' id='line_1_61' title="bbox 337 5885 1890 5958; baseline -0.001 -19"><span class='ocrx_word' id='word_1_519' title='bbox 337 5897 449 5939; x_wconf 77' lang='lat' dir='ltr'><strong>nant</strong></span> <span class='ocrx_word' id='word_1_520' title='bbox 469 5886 578 5954; x_wconf 77' lang='lat' dir='ltr'><strong>Ira,</strong></span> <span class='ocrx_word' id='word_1_521' title='bbox 595 5886 791 5956; x_wconf 81' lang='lat' dir='ltr'><strong>inquit,</strong></span> <span class='ocrx_word' id='word_1_522' title='bbox 809 5885 997 5954; x_wconf 78' lang='lat' dir='ltr'><strong>injusta</strong></span> <span class='ocrx_word' id='word_1_523' title='bbox 1015 5901 1114 5939; x_wconf 86' lang='lat' dir='ltr'><strong>non</strong></span> <span class='ocrx_word' id='word_1_524' title='bbox 1129 5885 1222 5940; x_wconf 83' lang='lat' dir='ltr'><strong>erit</strong></span> <span class='ocrx_word' id='word_1_525' title='bbox 1242 5886 1477 5941; x_wconf 82' lang='lat' dir='ltr'><strong>innocens</strong></span> <span class='ocrx_word' id='word_1_526' title='bbox 1497 5887 1685 5958; x_wconf 74' lang='lat' dir='ltr'><strong>(Ecrli.</strong></span> <span class='ocrx_word' id='word_1_527' title='bbox 1709 5888 1754 5943; x_wconf 82' lang='lat' dir='ltr'><strong>l.</strong></span> <span class='ocrx_word' id='word_1_528' title='bbox 1783 5886 1890 5958; x_wconf 70' lang='lat'><strong>29.).</strong></span> 
     </span>
    </p>
   </div>
   <div class='ocr_carea' id='block_1_62' title="bbox 1998 545 3575 621">
    <p class='ocr_par' dir='ltr' id='par_1_62' title="bbox 1998 545 3575 621">
     <span class='ocr_line' id='line_1_62' title="bbox 1998 545 3575 621; baseline 0 -20"><span class='ocrx_word' id='word_1_529' title='bbox 1998 547 2357 621; x_wconf 73' lang='lat' dir='ltr'><strong>Quamobrem</strong></span> <span class='ocrx_word' id='word_1_530' title='bbox 2398 550 2523 601; x_wconf 85' lang='lat' dir='ltr'><strong>licet</strong></span> <span class='ocrx_word' id='word_1_531' title='bbox 2547 548 2709 601; x_wconf 84' lang='lat' dir='ltr'><strong>etiam</strong></span> <span class='ocrx_word' id='word_1_532' title='bbox 2747 545 2889 615; x_wconf 75' lang='lat' dir='ltr'><strong>justo</strong></span> <span class='ocrx_word' id='word_1_533' title='bbox 2934 545 3111 600; x_wconf 82' lang='lat' dir='ltr'><strong>irasci.</strong></span> <span class='ocrx_word' id='word_1_534' title='bbox 3143 545 3208 601; x_wconf 84' lang='lat' dir='ltr'><strong>Et</strong></span> <span class='ocrx_word' id='word_1_535' title='bbox 3235 560 3439 611; x_wconf 74' lang='lat' dir='ltr'><strong>rursus,</strong></span> <span class='ocrx_word' id='word_1_536' title='bbox 3474 548 3575 615; x_wconf 80' lang='lat' dir='ltr'><strong>Qui</strong></span> 
     </span>
    </p>
   </div>
   <div class='ocr_carea' id='block_1_63' title="bbox 2002 636 3577 711">
    <p class='ocr_par' dir='ltr' id='par_1_63' title="bbox 2002 636 3577 711">
     <span class='ocr_line' id='line_1_63' title="bbox 2002 636 3577 711; baseline 0.001 -18"><span class='ocrx_word' id='word_1_537' title='bbox 2002 637 2240 695; x_wconf 78' lang='lat' dir='ltr'><strong>irascitur</strong></span> <span class='ocrx_word' id='word_1_538' title='bbox 2288 641 2440 707; x_wconf 77' lang='lat' dir='ltr'><strong>fratri</strong></span> <span class='ocrx_word' id='word_1_539' title='bbox 2481 654 2573 693; x_wconf 84' lang='lat' dir='ltr'><strong>suo</strong></span> <span class='ocrx_word' id='word_1_540' title='bbox 2629 647 2845 706; x_wconf 81' lang='lat' dir='ltr'><strong>temere,</strong></span> <span class='ocrx_word' id='word_1_541' title='bbox 2901 637 2995 692; x_wconf 84' lang='lat' dir='ltr'><strong>erit</strong></span> <span class='ocrx_word' id='word_1_542' title='bbox 3045 636 3289 692; x_wconf 72' lang='lat' dir='ltr'><strong>obnoxius</strong></span> <span class='ocrx_word' id='word_1_543' title='bbox 3335 638 3577 711; x_wconf 69' lang='lat' dir='ltr'><strong>gehennae</strong></span> 
     </span>
    </p>
   </div>
   <div class='ocr_carea' id='block_1_64' title="bbox 1997 740 3577 823">
    <p class='ocr_par' dir='ltr' id='par_1_64' title="bbox 1997 740 3577 823">
     <span class='ocr_line' id='line_1_64' title="bbox 1997 740 3577 823; baseline -0.006 -14"><span class='ocrx_word' id='word_1_544' title='bbox 1997 745 2215 823; x_wconf 62' lang='lat' dir='ltr'><strong>(Matth.</strong></span> <span class='ocrx_word' id='word_1_545' title='bbox 2238 745 2297 803; x_wconf 73' lang='grc' dir='ltr'><strong>ε.</strong></span> <span class='ocrx_word' id='word_1_546' title='bbox 2323 743 2445 814; x_wconf 70' lang='grc'><strong>92).</strong></span> <span class='ocrx_word' id='word_1_547' title='bbox 2472 743 2681 807; x_wconf 77' lang='lat' dir='ltr'><strong>Rursus</strong></span> <span class='ocrx_word' id='word_1_548' title='bbox 2710 745 2885 803; x_wconf 88' lang='lat' dir='ltr'><strong>bonus</strong></span> <span class='ocrx_word' id='word_1_549' title='bbox 2911 752 2996 801; x_wconf 87' lang='lat' dir='ltr'><strong>est</strong></span> <span class='ocrx_word' id='word_1_550' title='bbox 3023 743 3170 801; x_wconf 80' lang='lat' dir='ltr'><strong>zelus</strong></span> <span class='ocrx_word' id='word_1_551' title='bbox 3196 751 3252 800; x_wconf 85' lang='lat' dir='ltr'><strong>et</strong></span> <span class='ocrx_word' id='word_1_552' title='bbox 3278 740 3540 812; x_wconf 86' lang='lat' dir='ltr'><strong>cupiditas</strong></span> <span class='ocrx_word' id='word_1_553' title='bbox 3558 779 3577 803; x_wconf 94' lang='lat'><strong>.</strong></span> 
     </span>
    </p>
   </div>
   <div class='ocr_carea' id='block_1_65' title="bbox 2007 833 3587 909">
    <p class='ocr_par' dir='ltr' id='par_1_65' title="bbox 2007 833 3587 909">
     <span class='ocr_line' id='line_1_65' title="bbox 2007 833 3587 909; baseline -0.004 -12"><span class='ocrx_word' id='word_1_554' title='bbox 2007 839 2125 897; x_wconf 58' lang='lat' dir='ltr'><strong>hac</strong></span> <span class='ocrx_word' id='word_1_555' title='bbox 2151 835 2392 909; x_wconf 79' lang='lat' dir='ltr'><strong>quidem,</strong></span> <span class='ocrx_word' id='word_1_556' title='bbox 2414 850 2538 897; x_wconf 85' lang='lat' dir='ltr'><strong>cum</strong></span> <span class='ocrx_word' id='word_1_557' title='bbox 2554 836 2764 903; x_wconf 75' lang='lat' dir='ltr'><strong>exsistit</strong></span> <span class='ocrx_word' id='word_1_558' title='bbox 2784 837 2841 895; x_wconf 87' lang='lat' dir='ltr'><strong>in</strong></span> <span class='ocrx_word' id='word_1_559' title='bbox 2864 836 3155 901; x_wconf 82' lang='lat' dir='ltr'><strong>liberorum</strong></span> <span class='ocrx_word' id='word_1_560' title='bbox 3172 833 3542 907; x_wconf 85' lang='lat' dir='ltr'><strong>procreatione</strong></span> <span class='ocrx_word' id='word_1_561' title='bbox 3561 849 3587 890; x_wconf 43' lang='grc' dir='ltr'>ιν</span> 
     </span>
    </p>
   </div>
   <div class='ocr_carea' id='block_1_66' title="bbox 1999 916 3593 1001">
    <p class='ocr_par' dir='ltr' id='par_1_66' title="bbox 1999 916 3593 1001">
     <span class='ocr_line' id='line_1_66' title="bbox 1999 916 3593 1001; baseline -0.006 -12"><span class='ocrx_word' id='word_1_562' title='bbox 1999 933 2090 989; x_wconf 83' lang='lat' dir='ltr'><strong>ille</strong></span> <span class='ocrx_word' id='word_1_563' title='bbox 2109 916 2262 999; x_wconf 82' lang='lat' dir='ltr'><strong>vero,</strong></span> <span class='ocrx_word' id='word_1_564' title='bbox 2295 928 2509 1001; x_wconf 83' lang='lat' dir='ltr'><strong>quando</strong></span> <span class='ocrx_word' id='word_1_565' title='bbox 2532 929 2696 989; x_wconf 86' lang='lat' dir='ltr'><strong>habet</strong></span> <span class='ocrx_word' id='word_1_566' title='bbox 2717 928 3115 989; x_wconf 69' lang='lat' dir='ltr'><strong>aemulationem</strong></span> <span class='ocrx_word' id='word_1_567' title='bbox 3133 928 3200 984; x_wconf 88' lang='lat' dir='ltr'><strong>ad</strong></span> <span class='ocrx_word' id='word_1_568' title='bbox 3219 942 3282 985; x_wconf 85' lang='lat' dir='ltr'><strong>ea</strong></span> <span class='ocrx_word' id='word_1_569' title='bbox 3306 942 3426 999; x_wconf 74' lang='lat' dir='ltr'><strong>qua:</strong></span> <span class='ocrx_word' id='word_1_570' title='bbox 3441 926 3593 981; x_wconf 86' lang='lat' dir='ltr'><strong>bona-</strong></span> 
     </span>
    </p>
   </div>
   <div class='ocr_carea' id='block_1_67' title="bbox 1998 1018 3580 1087">
    <p class='ocr_par' dir='ltr' id='par_1_67' title="bbox 1998 1018 3580 1087">
     <span class='ocr_line' id='line_1_67' title="bbox 1998 1018 3580 1087; baseline -0.005 -9"><span class='ocrx_word' id='word_1_571' title='bbox 1998 1032 2142 1087; x_wconf 80' lang='lat' dir='ltr'><strong>sttnt.</strong></span> <span class='ocrx_word' id='word_1_572' title='bbox 2163 1021 2486 1079; x_wconf 85' lang='lat' dir='ltr'><strong>Sicuteliam</strong></span> <span class='ocrx_word' id='word_1_573' title='bbox 2514 1018 2647 1076; x_wconf 81' lang='lat' dir='ltr'><strong>dicit</strong></span> <span class='ocrx_word' id='word_1_574' title='bbox 2663 1018 2857 1077; x_wconf 77' lang='lat' dir='ltr'><strong>Paulus</strong></span> <span class='ocrx_word' id='word_1_575' title='bbox 2876 1038 2891 1076; x_wconf 90' lang='lat'><strong>:</strong></span> <span class='ocrx_word' id='word_1_576' title='bbox 2910 1018 3111 1073; x_wconf 79' lang='lat' dir='ltr'><strong>Battum</strong></span> <span class='ocrx_word' id='word_1_577' title='bbox 3134 1026 3302 1087; x_wconf 71' lang='lat' dir='ltr'><strong>quam</strong></span> <span class='ocrx_word' id='word_1_578' title='bbox 3323 1027 3395 1071; x_wconf 78' lang='lat' dir='ltr'><strong>est</strong></span> <span class='ocrx_word' id='word_1_579' title='bbox 3417 1033 3580 1083; x_wconf 74' lang='grc' dir='ltr'>ωηιιι-</span> 
     </span>
    </p>
   </div>
   <div class='ocr_carea' id='block_1_68' title="bbox 1999 1109 3582 1187">
    <p class='ocr_par' dir='ltr' id='par_1_68' title="bbox 1999 1109 3582 1187">
     <span class='ocr_line' id='line_1_68' title="bbox 1999 1109 3582 1187; baseline -0.009 -9"><span class='ocrx_word' id='word_1_580' title='bbox 1999 1115 2096 1177; x_wconf 72' lang='lat' dir='ltr'><strong>lari</strong></span> <span class='ocrx_word' id='word_1_581' title='bbox 2114 1116 2171 1175; x_wconf 77' lang='lat' dir='ltr'><strong>in</strong></span> <span class='ocrx_word' id='word_1_582' title='bbox 2194 1117 2323 1173; x_wconf 73' lang='lat' dir='ltr'><strong>bono</strong></span> <span class='ocrx_word' id='word_1_583' title='bbox 2340 1112 2685 1187; x_wconf 62' lang='lat' dir='ltr'><strong>semperwal.</strong></span> <span class='ocrx_word' id='word_1_584' title='bbox 2704 1114 2759 1169; x_wconf 76' lang='grc' dir='ltr'>ι.</span> <span class='ocrx_word' id='word_1_585' title='bbox 2782 1112 2876 1181; x_wconf 77' lang='grc'><strong>18)</strong></span> <span class='ocrx_word' id='word_1_586' title='bbox 2893 1128 2910 1179; x_wconf 88' lang='grc'>;</span> <span class='ocrx_word' id='word_1_587' title='bbox 2927 1120 2984 1167; x_wconf 91' lang='lat' dir='ltr'><strong>et</strong></span> <span class='ocrx_word' id='word_1_588' title='bbox 3006 1125 3214 1177; x_wconf 82' lang='lat' dir='ltr'><strong>rursus,</strong></span> <span class='ocrx_word' id='word_1_589' title='bbox 3236 1109 3582 1166; x_wconf 62' lang='lat' dir='ltr'><strong>zEmufamini</strong></span> 
     </span>
    </p>
   </div>
   <div class='ocr_carea' id='block_1_69' title="bbox 1995 1204 3582 1279">
    <p class='ocr_par' dir='ltr' id='par_1_69' title="bbox 1995 1204 3582 1279">
     <span class='ocr_line' id='line_1_69' title="bbox 1995 1204 3582 1279; baseline -0.003 -15"><span class='ocrx_word' id='word_1_590' title='bbox 1995 1210 2304 1275; x_wconf 79' lang='lat' dir='ltr'><strong>charismata</strong></span> <span class='ocrx_word' id='word_1_591' title='bbox 2324 1209 2531 1265; x_wconf 82' lang='lat' dir='ltr'><strong>meliora</strong></span> <span class='ocrx_word' id='word_1_592' title='bbox 2548 1206 2623 1279; x_wconf 60' lang='grc' dir='ltr'>(ιι</span> <span class='ocrx_word' id='word_1_593' title='bbox 2646 1205 2766 1263; x_wconf 86' lang='lat' dir='ltr'><strong>Cor.</strong></span> <span class='ocrx_word' id='word_1_594' title='bbox 2810 1204 2901 1261; x_wconf 73' lang='grc'><strong>12.</strong></span> <span class='ocrx_word' id='word_1_595' title='bbox 2922 1204 3036 1278; x_wconf 78' lang='lat' dir='ltr'><strong>5i).</strong></span> <span class='ocrx_word' id='word_1_596' title='bbox 3066 1205 3242 1260; x_wconf 80' lang='lat' dir='ltr'><strong>Ambo</strong></span> <span class='ocrx_word' id='word_1_597' title='bbox 3272 1204 3436 1274; x_wconf 72' lang='lat' dir='ltr'><strong>igitur</strong></span> <span class='ocrx_word' id='word_1_598' title='bbox 3450 1214 3582 1259; x_wconf 82' lang='lat' dir='ltr'><strong>sunt</strong></span> 
     </span>
    </p>
   </div>
   <div class='ocr_carea' id='block_1_70' title="bbox 1998 1297 3583 1375">
    <p class='ocr_par' dir='ltr' id='par_1_70' title="bbox 1998 1297 3583 1375">
     <span class='ocr_line' id='line_1_70' title="bbox 1998 1297 3583 1375; baseline -0.003 -16"><span class='ocrx_word' id='word_1_599' title='bbox 1998 1303 2169 1359; x_wconf 90' lang='lat' dir='ltr'><strong>utilia.</strong></span> <span class='ocrx_word' id='word_1_600' title='bbox 2187 1302 2503 1372; x_wconf 76' lang='lat' dir='ltr'><strong>Arrogantia</strong></span> <span class='ocrx_word' id='word_1_601' title='bbox 2519 1310 2697 1357; x_wconf 88' lang='lat' dir='ltr'><strong>autem</strong></span> <span class='ocrx_word' id='word_1_602' title='bbox 2715 1314 2977 1375; x_wconf 88' lang='lat' dir='ltr'><strong>nusquam</strong></span> <span class='ocrx_word' id='word_1_603' title='bbox 3006 1306 3089 1363; x_wconf 85' lang='lat' dir='ltr'><strong>est</strong></span> <span class='ocrx_word' id='word_1_604' title='bbox 3105 1297 3366 1368; x_wconf 79' lang='lat' dir='ltr'><strong>bona,sed</strong></span> <span class='ocrx_word' id='word_1_605' title='bbox 3384 1297 3583 1369; x_wconf 81' lang='lat' dir='ltr'><strong>ubique</strong></span> 
     </span>
    </p>
   </div>
   <div class='ocr_carea' id='block_1_71' title="bbox 1996 1389 3581 1463">
    <p class='ocr_par' dir='ltr' id='par_1_71' title="bbox 1996 1389 3581 1463">
     <span class='ocr_line' id='line_1_71' title="bbox 1996 1389 3581 1463; baseline -0.006 -10"><span class='ocrx_word' id='word_1_606' title='bbox 1996 1405 2079 1455; x_wconf 71' lang='lat' dir='ltr'><strong>em</strong></span> <span class='ocrx_word' id='word_1_607' title='bbox 2104 1394 2310 1453; x_wconf 89' lang='lat' dir='ltr'><strong>inutilis</strong></span> <span class='ocrx_word' id='word_1_608' title='bbox 2335 1403 2391 1451; x_wconf 87' lang='lat' dir='ltr'><strong>et</strong></span> <span class='ocrx_word' id='word_1_609' title='bbox 2414 1397 2595 1459; x_wconf 75' lang='lat' dir='ltr'><strong>noxia.</strong></span> <span class='ocrx_word' id='word_1_610' title='bbox 2618 1391 2885 1457; x_wconf 70' lang='lat' dir='ltr'><strong>Caeterum</strong></span> <span class='ocrx_word' id='word_1_611' title='bbox 2906 1390 2952 1457; x_wconf 85' lang='lat' dir='ltr'><strong>si</strong></span> <span class='ocrx_word' id='word_1_612' title='bbox 2972 1389 3151 1447; x_wconf 69' lang='lat' dir='ltr'><strong>eﬂerri</strong></span> <span class='ocrx_word' id='word_1_613' title='bbox 3169 1400 3225 1447; x_wconf 88' lang='lat' dir='ltr'><strong>et</strong></span> <span class='ocrx_word' id='word_1_614' title='bbox 3246 1390 3347 1445; x_wconf 88' lang='lat' dir='ltr'><strong>sibi</strong></span> <span class='ocrx_word' id='word_1_615' title='bbox 3367 1391 3581 1463; x_wconf 79' lang='lat' dir='ltr'><strong>placere</strong></span> 
     </span>
    </p>
   </div>
   <div class='ocr_carea' id='block_1_72' title="bbox 1998 1484 3580 1561">
    <p class='ocr_par' dir='ltr' id='par_1_72' title="bbox 1998 1484 3580 1561">
     <span class='ocr_line' id='line_1_72' title="bbox 1998 1484 3580 1561; baseline -0.006 -19"><span class='ocrx_word' id='word_1_616' title='bbox 1998 1498 2227 1559; x_wconf 85' lang='lat' dir='ltr'><strong>oportet,</strong></span> <span class='ocrx_word' id='word_1_617' title='bbox 2249 1496 2466 1557; x_wconf 87' lang='lat' dir='ltr'><strong>propter</strong></span> <span class='ocrx_word' id='word_1_618' title='bbox 2491 1496 2854 1561; x_wconf 79' lang='lat' dir='ltr'><strong>paupertatem</strong></span> <span class='ocrx_word' id='word_1_619' title='bbox 2866 1484 2966 1539; x_wconf 88' lang='lat' dir='ltr'><strong>sibi</strong></span> <span class='ocrx_word' id='word_1_620' title='bbox 2989 1484 3199 1554; x_wconf 79' lang='lat' dir='ltr'><strong>placere</strong></span> <span class='ocrx_word' id='word_1_621' title='bbox 3219 1490 3450 1552; x_wconf 82' lang='lat' dir='ltr'><strong>oportet,</strong></span> <span class='ocrx_word' id='word_1_622' title='bbox 3476 1497 3580 1533; x_wconf 86' lang='lat' dir='ltr'><strong>non</strong></span> 
     </span>
    </p>
   </div>
   <div class='ocr_carea' id='block_1_73' title="bbox 1999 1574 3581 1652">
    <p class='ocr_par' dir='ltr' id='par_1_73' title="bbox 1999 1574 3581 1652">
     <span class='ocr_line' id='line_1_73' title="bbox 1999 1574 3581 1652; baseline -0.005 -17"><span class='ocrx_word' id='word_1_623' title='bbox 1999 1589 2216 1652; x_wconf 86' lang='lat' dir='ltr'><strong>propter</strong></span> <span class='ocrx_word' id='word_1_624' title='bbox 2240 1578 2473 1635; x_wconf 76' lang='lat' dir='ltr'><strong>divitias.</strong></span> <span class='ocrx_word' id='word_1_625' title='bbox 2494 1577 2885 1647; x_wconf 76' lang='lat' dir='ltr'><strong>Quamobrem?</strong></span> <span class='ocrx_word' id='word_1_626' title='bbox 2903 1576 3164 1644; x_wconf 84' lang='lat' dir='ltr'><strong>Quoniam</strong></span> <span class='ocrx_word' id='word_1_627' title='bbox 3182 1575 3269 1647; x_wconf 91' lang='lat' dir='ltr'><strong>qui</strong></span> <span class='ocrx_word' id='word_1_628' title='bbox 3287 1574 3469 1646; x_wconf 82' lang='lat' dir='ltr'><strong>paucis</strong></span> <span class='ocrx_word' id='word_1_629' title='bbox 3491 1588 3581 1645; x_wconf 88' lang='lat' dir='ltr'><strong>po-</strong></span> 
     </span>
    </p>
   </div>
   <div class='ocr_carea' id='block_1_74' title="bbox 2000 1669 3580 1742">
    <p class='ocr_par' dir='ltr' id='par_1_74' title="bbox 2000 1669 3580 1742">
     <span class='ocr_line' id='line_1_74' title="bbox 2000 1669 3580 1742; baseline -0.006 -13"><span class='ocrx_word' id='word_1_630' title='bbox 2000 1682 2103 1729; x_wconf 90' lang='lat' dir='ltr'><strong>test</strong></span> <span class='ocrx_word' id='word_1_631' title='bbox 2120 1674 2324 1741; x_wconf 83' lang='lat' dir='ltr'><strong>vivere,</strong></span> <span class='ocrx_word' id='word_1_632' title='bbox 2345 1681 2428 1727; x_wconf 91' lang='lat' dir='ltr'><strong>est</strong></span> <span class='ocrx_word' id='word_1_633' title='bbox 2443 1672 2609 1731; x_wconf 83' lang='lat' dir='ltr'><strong>multo</strong></span> <span class='ocrx_word' id='word_1_634' title='bbox 2625 1670 3061 1742; x_wconf 82' lang='lat' dir='ltr'><strong>majorctmelior</strong></span> <span class='ocrx_word' id='word_1_635' title='bbox 3076 1669 3249 1740; x_wconf 82' lang='lat' dir='ltr'><strong>coqui</strong></span> <span class='ocrx_word' id='word_1_636' title='bbox 3262 1683 3367 1725; x_wconf 89' lang='lat' dir='ltr'><strong>non</strong></span> <span class='ocrx_word' id='word_1_637' title='bbox 3387 1677 3580 1739; x_wconf 86' lang='lat' dir='ltr'><strong>potest.</strong></span> 
     </span>
    </p>
   </div>
   <div class='ocr_carea' id='block_1_75' title="bbox 2069 1758 3585 1837">
    <p class='ocr_par' dir='ltr' id='par_1_75' title="bbox 2069 1758 3585 1837">
     <span class='ocr_line' id='line_1_75' title="bbox 2069 1758 3585 1837; baseline -0.005 -18"><span class='ocrx_word' id='word_1_638' title='bbox 2069 1765 2123 1823; x_wconf 84' lang='lat'><strong>5.</strong></span> <span class='ocrx_word' id='word_1_639' title='bbox 2162 1763 2296 1825; x_wconf 81' lang='lat' dir='ltr'><strong>Nam</strong></span> <span class='ocrx_word' id='word_1_640' title='bbox 2337 1762 2424 1821; x_wconf 88' lang='lat' dir='ltr'><strong>dic</strong></span> <span class='ocrx_word' id='word_1_641' title='bbox 2467 1762 2633 1833; x_wconf 76' lang='lat' dir='ltr'><strong>mihi,</strong></span> <span class='ocrx_word' id='word_1_642' title='bbox 2666 1762 2714 1818; x_wconf 88' lang='lat' dir='ltr'><strong>si</strong></span> <span class='ocrx_word' id='word_1_643' title='bbox 2753 1761 3020 1837; x_wconf 84' lang='lat' dir='ltr'><strong>aliquibus</strong></span> <span class='ocrx_word' id='word_1_644' title='bbox 3064 1760 3265 1819; x_wconf 85' lang='lat' dir='ltr'><strong>vocatis</strong></span> <span class='ocrx_word' id='word_1_645' title='bbox 3311 1760 3362 1813; x_wconf 88' lang='lat' dir='ltr'><strong>iu</strong></span> <span class='ocrx_word' id='word_1_646' title='bbox 3394 1758 3585 1814; x_wconf 86' lang='lat' dir='ltr'><strong>urbem</strong></span> 
     </span>
    </p>
   </div>
   <div class='ocr_carea' id='block_1_76' title="bbox 1998 1850 3579 1933">
    <p class='ocr_par' dir='ltr' id='par_1_76' title="bbox 1998 1850 3579 1933">
     <span class='ocr_line' id='line_1_76' title="bbox 1998 1850 3579 1933; baseline -0.008 -17"><span class='ocrx_word' id='word_1_647' title='bbox 1998 1857 2234 1933; x_wconf 67' lang='lat' dir='ltr'><strong>regiam,</strong></span> <span class='ocrx_word' id='word_1_648' title='bbox 2283 1856 2374 1915; x_wconf 87' lang='lat' dir='ltr'><strong>alii</strong></span> <span class='ocrx_word' id='word_1_649' title='bbox 2403 1855 2618 1931; x_wconf 84' lang='lat' dir='ltr'><strong>quidem</strong></span> <span class='ocrx_word' id='word_1_650' title='bbox 2651 1870 2720 1913; x_wconf 79' lang='lat' dir='ltr'><strong>ex</strong></span> <span class='ocrx_word' id='word_1_651' title='bbox 2758 1855 2822 1921; x_wconf 71' lang='lat' dir='ltr'><strong>iis</strong></span> <span class='ocrx_word' id='word_1_652' title='bbox 2865 1868 2966 1911; x_wconf 91' lang='lat' dir='ltr'><strong>nec</strong></span> <span class='ocrx_word' id='word_1_653' title='bbox 2989 1853 3249 1924; x_wconf 77' lang='lat' dir='ltr'><strong>iumentis</strong></span> <span class='ocrx_word' id='word_1_654' title='bbox 3294 1866 3432 1922; x_wconf 80' lang='lat' dir='ltr'><strong>opus</strong></span> <span class='ocrx_word' id='word_1_655' title='bbox 3479 1850 3579 1905; x_wconf 85' lang='lat' dir='ltr'><strong>ha-</strong></span> 
     </span>
    </p>
   </div>
   <div class='ocr_carea' id='block_1_77' title="bbox 2001 1942 3578 2017">
    <p class='ocr_par' dir='ltr' id='par_1_77' title="bbox 2001 1942 3578 2017">
     <span class='ocr_line' id='line_1_77' title="bbox 2001 1942 3578 2017; baseline -0.006 -9"><span class='ocrx_word' id='word_1_656' title='bbox 2001 1949 2192 2014; x_wconf 83' lang='lat' dir='ltr'><strong>beant,</strong></span> <span class='ocrx_word' id='word_1_657' title='bbox 2221 1963 2322 2007; x_wconf 87' lang='lat' dir='ltr'><strong>nec</strong></span> <span class='ocrx_word' id='word_1_658' title='bbox 2363 1946 2576 2013; x_wconf 77' lang='lat' dir='ltr'><strong>famulis</strong></span> <span class='ocrx_word' id='word_1_659' title='bbox 2595 1988 2625 2015; x_wconf 90' lang='lat'><strong>,.</strong></span> <span class='ocrx_word' id='word_1_660' title='bbox 2643 1961 2743 2007; x_wconf 87' lang='lat' dir='ltr'><strong>nec</strong></span> <span class='ocrx_word' id='word_1_661' title='bbox 2769 1945 3020 2009; x_wconf 80' lang='lat' dir='ltr'><strong>umbellis</strong></span> <span class='ocrx_word' id='word_1_662' title='bbox 3045 1983 3060 2011; x_wconf 74' lang='grc'><strong><em>,</em></strong></span> <span class='ocrx_word' id='word_1_663' title='bbox 3092 1960 3195 2017; x_wconf 74' lang='lat' dir='ltr'><strong>nec</strong></span> <span class='ocrx_word' id='word_1_664' title='bbox 3222 1942 3536 2009; x_wconf 77' lang='lat' dir='ltr'><strong>diversoriis</strong></span> <span class='ocrx_word' id='word_1_665' title='bbox 3562 1986 3578 2008; x_wconf 91' lang='lat'><strong>,</strong></span> 
     </span>
    </p>
   </div>
   <div class='ocr_carea' id='block_1_78' title="bbox 1999 2034 3575 2110">
    <p class='ocr_par' dir='ltr' id='par_1_78' title="bbox 1999 2034 3575 2110">
     <span class='ocr_line' id='line_1_78' title="bbox 1999 2034 3575 2110; baseline -0.004 -14"><span class='ocrx_word' id='word_1_666' title='bbox 1999 2054 2103 2109; x_wconf 84' lang='lat' dir='ltr'><strong>nec</strong></span> <span class='ocrx_word' id='word_1_667' title='bbox 2141 2039 2367 2107; x_wconf 78' lang='lat' dir='ltr'><strong>calceis,</strong></span> <span class='ocrx_word' id='word_1_668' title='bbox 2408 2052 2585 2110; x_wconf 79' lang='lat' dir='ltr'><strong>neque</strong></span> <span class='ocrx_word' id='word_1_669' title='bbox 2610 2038 2789 2105; x_wconf 84' lang='lat' dir='ltr'><strong>vasis,</strong></span> <span class='ocrx_word' id='word_1_670' title='bbox 2840 2036 2935 2097; x_wconf 81' lang='lat' dir='ltr'><strong>sed</strong></span> <span class='ocrx_word' id='word_1_671' title='bbox 2980 2036 3060 2091; x_wconf 78' lang='lat' dir='ltr'><strong>eis</strong></span> <span class='ocrx_word' id='word_1_672' title='bbox 3102 2034 3332 2102; x_wconf 71' lang='lat' dir='ltr'><strong>sufficiat</strong></span> <span class='ocrx_word' id='word_1_673' title='bbox 3373 2034 3575 2099; x_wconf 80' lang='lat' dir='ltr'><strong>habere</strong></span> 
     </span>
    </p>
   </div>
   <div class='ocr_carea' id='block_1_79' title="bbox 1999 2127 3582 2202">
    <p class='ocr_par' dir='ltr' id='par_1_79' title="bbox 1999 2127 3582 2202">
     <span class='ocr_line' id='line_1_79' title="bbox 1999 2127 3582 2202; baseline -0.005 -15"><span class='ocrx_word' id='word_1_674' title='bbox 1999 2147 2190 2202; x_wconf 89' lang='lat' dir='ltr'><strong>panem</strong></span> <span class='ocrx_word' id='word_1_675' title='bbox 2214 2174 2231 2200; x_wconf 92' lang='lat'><strong>,</strong></span> <span class='ocrx_word' id='word_1_676' title='bbox 2280 2140 2337 2187; x_wconf 91' lang='lat' dir='ltr'><strong>et</strong></span> <span class='ocrx_word' id='word_1_677' title='bbox 2379 2145 2572 2200; x_wconf 88' lang='lat' dir='ltr'><strong>aquam</strong></span> <span class='ocrx_word' id='word_1_678' title='bbox 2598 2143 2814 2185; x_wconf 87' lang='lat' dir='ltr'><strong>sumere</strong></span> <span class='ocrx_word' id='word_1_679' title='bbox 2840 2143 2906 2183; x_wconf 79' lang='lat' dir='ltr'><strong>ex</strong></span> <span class='ocrx_word' id='word_1_680' title='bbox 2949 2127 3223 2192; x_wconf 89' lang='lat' dir='ltr'><strong>fontibus;</strong></span> <span class='ocrx_word' id='word_1_681' title='bbox 3268 2127 3358 2180; x_wconf 88' lang='lat' dir='ltr'><strong>alii</strong></span> <span class='ocrx_word' id='word_1_682' title='bbox 3398 2135 3582 2180; x_wconf 84' lang='lat' dir='ltr'><strong>autem</strong></span> 
     </span>
    </p>
   </div>
   <div class='ocr_carea' id='block_1_80' title="bbox 1999 2218 3578 2288">
    <p class='ocr_par' dir='ltr' id='par_1_80' title="bbox 1999 2218 3578 2288">
     <span class='ocr_line' id='line_1_80' title="bbox 1999 2218 3578 2288; baseline -0.006 -7"><span class='ocrx_word' id='word_1_683' title='bbox 1999 2224 2214 2288; x_wconf 88' lang='lat' dir='ltr'><strong>dicant,</strong></span> <span class='ocrx_word' id='word_1_684' title='bbox 2263 2222 2374 2278; x_wconf 87' lang='lat' dir='ltr'><strong>Nisi</strong></span> <span class='ocrx_word' id='word_1_685' title='bbox 2417 2222 2681 2277; x_wconf 88' lang='lat' dir='ltr'><strong>dederitis</strong></span> <span class='ocrx_word' id='word_1_686' title='bbox 2707 2219 2989 2285; x_wconf 88' lang='lat' dir='ltr'><strong>vehicula,</strong></span> <span class='ocrx_word' id='word_1_687' title='bbox 3031 2227 3089 2274; x_wconf 90' lang='lat' dir='ltr'><strong>et</strong></span> <span class='ocrx_word' id='word_1_688' title='bbox 3127 2226 3352 2273; x_wconf 89' lang='lat' dir='ltr'><strong>stratum</strong></span> <span class='ocrx_word' id='word_1_689' title='bbox 3382 2218 3578 2285; x_wconf 90' lang='lat' dir='ltr'><strong>molle,</strong></span> 
     </span>
    </p>
   </div>
   <div class='ocr_carea' id='block_1_81' title="bbox 2000 2310 3580 2386">
    <p class='ocr_par' dir='ltr' id='par_1_81' title="bbox 2000 2310 3580 2386">
     <span class='ocr_line' id='line_1_81' title="bbox 2000 2310 3580 2386; baseline -0.003 -16"><span class='ocrx_word' id='word_1_690' title='bbox 2000 2332 2103 2371; x_wconf 89' lang='lat' dir='ltr'><strong>non</strong></span> <span class='ocrx_word' id='word_1_691' title='bbox 2137 2331 2419 2386; x_wconf 89' lang='lat' dir='ltr'><strong>possumus</strong></span> <span class='ocrx_word' id='word_1_692' title='bbox 2453 2314 2686 2379; x_wconf 84' lang='lat' dir='ltr'><strong>adesse;</strong></span> <span class='ocrx_word' id='word_1_693' title='bbox 2735 2312 2839 2367; x_wconf 89' lang='lat' dir='ltr'><strong>nisi</strong></span> <span class='ocrx_word' id='word_1_694' title='bbox 2878 2312 3039 2366; x_wconf 89' lang='lat' dir='ltr'><strong>etiam</strong></span> <span class='ocrx_word' id='word_1_695' title='bbox 3066 2310 3263 2365; x_wconf 89' lang='lat' dir='ltr'><strong>multos</strong></span> <span class='ocrx_word' id='word_1_696' title='bbox 3292 2310 3580 2366; x_wconf 83' lang='lat' dir='ltr'><strong>habeamus</strong></span> 
     </span>
    </p>
   </div>
   <div class='ocr_carea' id='block_1_82' title="bbox 1997 2402 3576 2478">
    <p class='ocr_par' dir='ltr' id='par_1_82' title="bbox 1997 2402 3576 2478">
     <span class='ocr_line' id='line_1_82' title="bbox 1997 2402 3576 2478; baseline 0.001 -16"><span class='ocrx_word' id='word_1_697' title='bbox 1997 2408 2089 2478; x_wconf 92' lang='lat' dir='ltr'><strong>qui</strong></span> <span class='ocrx_word' id='word_1_698' title='bbox 2133 2422 2232 2465; x_wconf 83' lang='lat' dir='ltr'><strong>nos</strong></span> <span class='ocrx_word' id='word_1_699' title='bbox 2271 2415 2586 2477; x_wconf 81' lang='lat' dir='ltr'><strong>sequantur,</strong></span> <span class='ocrx_word' id='word_1_700' title='bbox 2632 2405 2736 2460; x_wconf 84' lang='lat' dir='ltr'><strong>nisi</strong></span> <span class='ocrx_word' id='word_1_701' title='bbox 2788 2403 3008 2461; x_wconf 81' lang='lat' dir='ltr'><strong>assidue</strong></span> <span class='ocrx_word' id='word_1_702' title='bbox 3058 2403 3218 2463; x_wconf 62' lang='lat' dir='ltr'><strong>liceat</strong></span> <span class='ocrx_word' id='word_1_703' title='bbox 3259 2402 3576 2471; x_wconf 83' lang='lat' dir='ltr'><strong>quiescere.</strong></span> 
     </span>
    </p>
   </div>
   <div class='ocr_carea' id='block_1_83' title="bbox 2000 2493 3578 2568">
    <p class='ocr_par' dir='ltr' id='par_1_83' title="bbox 2000 2493 3578 2568">
     <span class='ocr_line' id='line_1_83' title="bbox 2000 2493 3578 2568; baseline -0.006 -13"><span class='ocrx_word' id='word_1_704' title='bbox 2000 2515 2106 2555; x_wconf 86' lang='lat' dir='ltr'><strong>non</strong></span> <span class='ocrx_word' id='word_1_705' title='bbox 2152 2513 2466 2568; x_wconf 74' lang='lat' dir='ltr'><strong>possumus;</strong></span> <span class='ocrx_word' id='word_1_706' title='bbox 2509 2497 2613 2553; x_wconf 84' lang='lat' dir='ltr'><strong>nisi</strong></span> <span class='ocrx_word' id='word_1_707' title='bbox 2667 2506 2881 2556; x_wconf 76' lang='lat' dir='ltr'><strong>utamur</strong></span> <span class='ocrx_word' id='word_1_708' title='bbox 2912 2494 3213 2565; x_wconf 76' lang='lat' dir='ltr'><strong>iumentis.</strong></span> <span class='ocrx_word' id='word_1_709' title='bbox 3270 2493 3372 2553; x_wconf 83' lang='lat' dir='ltr'><strong>nisi</strong></span> <span class='ocrx_word' id='word_1_710' title='bbox 3417 2493 3578 2549; x_wconf 79' lang='lat' dir='ltr'><strong>etiam</strong></span> 
     </span>
    </p>
   </div>
   <div class='ocr_carea' id='block_1_84' title="bbox 2001 2586 3577 2661">
    <p class='ocr_par' dir='ltr' id='par_1_84' title="bbox 2001 2586 3577 2661">
     <span class='ocr_line' id='line_1_84' title="bbox 2001 2586 3577 2661; baseline -0.005 -18"><span class='ocrx_word' id='word_1_711' title='bbox 2001 2607 2214 2661; x_wconf 72' lang='lat' dir='ltr'><strong>parram</strong></span> <span class='ocrx_word' id='word_1_712' title='bbox 2259 2589 2363 2645; x_wconf 87' lang='lat' dir='ltr'><strong>diei</strong></span> <span class='ocrx_word' id='word_1_713' title='bbox 2410 2599 2615 2660; x_wconf 85' lang='lat' dir='ltr'><strong>partem</strong></span> <span class='ocrx_word' id='word_1_714' title='bbox 2663 2586 3035 2652; x_wconf 84' lang='lat' dir='ltr'><strong>ambulemus;</strong></span> <span class='ocrx_word' id='word_1_715' title='bbox 3086 2601 3223 2655; x_wconf 69' lang='lat' dir='ltr'><strong>opus</strong></span> <span class='ocrx_word' id='word_1_716' title='bbox 3270 2592 3353 2649; x_wconf 80' lang='lat' dir='ltr'><strong>est</strong></span> <span class='ocrx_word' id='word_1_717' title='bbox 3394 2592 3577 2647; x_wconf 81' lang='lat' dir='ltr'><strong>autem</strong></span> 
     </span>
    </p>
   </div>
   <div class='ocr_carea' id='block_1_85' title="bbox 2001 2675 3577 2752">
    <p class='ocr_par' dir='ltr' id='par_1_85' title="bbox 2001 2675 3577 2752">
     <span class='ocr_line' id='line_1_85' title="bbox 2001 2675 3577 2752; baseline -0.006 -13"><span class='ocrx_word' id='word_1_718' title='bbox 2001 2683 2155 2739; x_wconf 88' lang='lat' dir='ltr'><strong>nobis</strong></span> <span class='ocrx_word' id='word_1_719' title='bbox 2191 2684 2352 2739; x_wconf 81' lang='lat' dir='ltr'><strong>etiam</strong></span> <span class='ocrx_word' id='word_1_720' title='bbox 2384 2681 2625 2752; x_wconf 87' lang='lat' dir='ltr'><strong>pluribus</strong></span> <span class='ocrx_word' id='word_1_721' title='bbox 2668 2679 2791 2735; x_wconf 84' lang='lat' dir='ltr'><strong>aliis</strong></span> <span class='ocrx_word' id='word_1_722' title='bbox 2820 2695 2835 2732; x_wconf 91' lang='lat'><strong>:</strong></span> <span class='ocrx_word' id='word_1_723' title='bbox 2864 2693 3131 2748; x_wconf 77' lang='lat' dir='ltr'><strong>quosnam</strong></span> <span class='ocrx_word' id='word_1_724' title='bbox 3171 2675 3577 2739; x_wconf 81' lang='lat' dir='ltr'><strong>admirabimur.</strong></span> 
     </span>
    </p>
   </div>
   <div class='ocr_carea' id='block_1_86' title="bbox 1999 2765 3581 2841">
    <p class='ocr_par' dir='ltr' id='par_1_86' title="bbox 1999 2765 3581 2841">
     <span class='ocr_line' id='line_1_86' title="bbox 1999 2765 3581 2841; baseline -0.006 -12"><span class='ocrx_word' id='word_1_725' title='bbox 1999 2776 2119 2831; x_wconf 81' lang='lat' dir='ltr'><strong>illos</strong></span> <span class='ocrx_word' id='word_1_726' title='bbox 2143 2816 2158 2841; x_wconf 94' lang='lat'><strong>,</strong></span> <span class='ocrx_word' id='word_1_727' title='bbox 2203 2790 2271 2829; x_wconf 89' lang='lat' dir='ltr'><strong>an</strong></span> <span class='ocrx_word' id='word_1_728' title='bbox 2313 2772 2445 2828; x_wconf 80' lang='lat' dir='ltr'><strong>hos?</strong></span> <span class='ocrx_word' id='word_1_729' title='bbox 2485 2771 2595 2827; x_wconf 84' lang='lat' dir='ltr'><strong>llos</strong></span> <span class='ocrx_word' id='word_1_730' title='bbox 2622 2779 2771 2826; x_wconf 89' lang='lat' dir='ltr'><strong>certe</strong></span> <span class='ocrx_word' id='word_1_731' title='bbox 2790 2768 2880 2840; x_wconf 89' lang='lat' dir='ltr'><strong>qui</strong></span> <span class='ocrx_word' id='word_1_732' title='bbox 2907 2768 3055 2825; x_wconf 80' lang='lat' dir='ltr'><strong>nullo</strong></span> <span class='ocrx_word' id='word_1_733' title='bbox 3081 2765 3341 2835; x_wconf 73' lang='lat' dir='ltr'><strong>indigent.</strong></span> <span class='ocrx_word' id='word_1_734' title='bbox 3372 2766 3450 2829; x_wconf 82' lang='lat' dir='ltr'><strong>lta</strong></span> <span class='ocrx_word' id='word_1_735' title='bbox 3496 2765 3581 2820; x_wconf 90' lang='lat' dir='ltr'><strong>hic</strong></span> 
     </span>
    </p>
   </div>
   <div class='ocr_carea' id='block_1_87' title="bbox 1999 2857 3579 2939">
    <p class='ocr_par' dir='ltr' id='par_1_87' title="bbox 1999 2857 3579 2939">
     <span class='ocr_line' id='line_1_87' title="bbox 1999 2857 3579 2939; baseline -0.008 -17"><span class='ocrx_word' id='word_1_736' title='bbox 1999 2882 2212 2939; x_wconf 80' lang='lat' dir='ltr'><strong>quoque</strong></span> <span class='ocrx_word' id='word_1_737' title='bbox 2280 2866 2357 2920; x_wconf 92' lang='lat' dir='ltr'><strong>illi</strong></span> <span class='ocrx_word' id='word_1_738' title='bbox 2405 2863 2620 2935; x_wconf 88' lang='lat' dir='ltr'><strong>quidem</strong></span> <span class='ocrx_word' id='word_1_739' title='bbox 2691 2861 2756 2915; x_wconf 92' lang='lat' dir='ltr'><strong>ad</strong></span> <span class='ocrx_word' id='word_1_740' title='bbox 2814 2861 2971 2929; x_wconf 88' lang='lat' dir='ltr'><strong>hujus</strong></span> <span class='ocrx_word' id='word_1_741' title='bbox 3023 2858 3145 2911; x_wconf 75' lang='lat' dir='ltr'><strong>vita:</strong></span> <span class='ocrx_word' id='word_1_742' title='bbox 3198 2858 3335 2919; x_wconf 81' lang='lat' dir='ltr'><strong>viam</strong></span> <span class='ocrx_word' id='word_1_743' title='bbox 3398 2857 3579 2912; x_wconf 83' lang='lat' dir='ltr'><strong>multis</strong></span> 
     </span>
    </p>
   </div>
   <div class='ocr_carea' id='block_1_88' title="bbox 1999 2948 3578 3029">
    <p class='ocr_par' dir='ltr' id='par_1_88' title="bbox 1999 2948 3578 3029">
     <span class='ocr_line' id='line_1_88' title="bbox 1999 2948 3578 3029; baseline -0.008 -16"><span class='ocrx_word' id='word_1_744' title='bbox 1999 2958 2237 3029; x_wconf 76' lang='lat' dir='ltr'><strong>indigent</strong></span> <span class='ocrx_word' id='word_1_745' title='bbox 2267 2973 2281 3011; x_wconf 92' lang='lat'>:</span> <span class='ocrx_word' id='word_1_746' title='bbox 2314 2957 2367 3010; x_wconf 90' lang='lat' dir='ltr'><strong>hi</strong></span> <span class='ocrx_word' id='word_1_747' title='bbox 2395 2971 2524 3011; x_wconf 85' lang='lat' dir='ltr'><strong>vero</strong></span> <span class='ocrx_word' id='word_1_748' title='bbox 2550 2954 2720 3009; x_wconf 89' lang='lat' dir='ltr'><strong>nullo.</strong></span> <span class='ocrx_word' id='word_1_749' title='bbox 2756 2950 3119 3020; x_wconf 78' lang='lat' dir='ltr'><strong>Quamobrem</strong></span> <span class='ocrx_word' id='word_1_750' title='bbox 3148 2956 3367 3017; x_wconf 76' lang='lat' dir='ltr'><strong>oportet</strong></span> <span class='ocrx_word' id='word_1_751' title='bbox 3390 2964 3483 3002; x_wconf 87' lang='lat' dir='ltr'><strong>eos</strong></span> <span class='ocrx_word' id='word_1_752' title='bbox 3508 2948 3578 3001; x_wconf 87' lang='lat' dir='ltr'><strong>oh</strong></span> 
     </span>
    </p>
   </div>
   <div class='ocr_carea' id='block_1_89' title="bbox 2000 3039 3579 3120">
    <p class='ocr_par' dir='ltr' id='par_1_89' title="bbox 2000 3039 3579 3120">
     <span class='ocr_line' id='line_1_89' title="bbox 2000 3039 3579 3120; baseline -0.009 -14"><span class='ocrx_word' id='word_1_753' title='bbox 2000 3056 2367 3120; x_wconf 79' lang='lat' dir='ltr'><strong>paupertatem</strong></span> <span class='ocrx_word' id='word_1_754' title='bbox 2416 3047 2586 3116; x_wconf 79' lang='lat' dir='ltr'><strong>magis</strong></span> <span class='ocrx_word' id='word_1_755' title='bbox 2622 3044 2803 3105; x_wconf 74' lang='lat' dir='ltr'><strong>eﬂ‘erri</strong></span> <span class='ocrx_word' id='word_1_756' title='bbox 2843 3052 2899 3097; x_wconf 88' lang='lat' dir='ltr'><strong>et</strong></span> <span class='ocrx_word' id='word_1_757' title='bbox 2946 3042 3047 3105; x_wconf 76' lang='lat' dir='ltr'><strong>sibi</strong></span> <span class='ocrx_word' id='word_1_758' title='bbox 3097 3039 3342 3109; x_wconf 83' lang='lat' dir='ltr'><strong>placere,</strong></span> <span class='ocrx_word' id='word_1_759' title='bbox 3386 3040 3431 3103; x_wconf 78' lang='lat' dir='ltr'><strong>si</strong></span> <span class='ocrx_word' id='word_1_760' title='bbox 3479 3040 3579 3103; x_wconf 78' lang='lat' dir='ltr'><strong>sibi</strong></span> 
     </span>
    </p>
   </div>
   <div class='ocr_carea' id='block_1_90' title="bbox 1999 3131 3576 3213">
    <p class='ocr_par' dir='ltr' id='par_1_90' title="bbox 1999 3131 3576 3213">
     <span class='ocr_line' id='line_1_90' title="bbox 1999 3131 3576 3213; baseline -0.009 -15"><span class='ocrx_word' id='word_1_761' title='bbox 1999 3145 2209 3213; x_wconf 80' lang='lat' dir='ltr'><strong>placere</strong></span> <span class='ocrx_word' id='word_1_762' title='bbox 2236 3148 2470 3210; x_wconf 76' lang='lat' dir='ltr'><strong>oportet.</strong></span> <span class='ocrx_word' id='word_1_763' title='bbox 2502 3141 2573 3194; x_wconf 77' lang='lat' dir='ltr'><strong>At</strong></span> <span class='ocrx_word' id='word_1_764' title='bbox 2598 3150 2824 3208; x_wconf 82' lang='lat' dir='ltr'><strong>pauper.</strong></span> <span class='ocrx_word' id='word_1_765' title='bbox 2853 3134 3045 3203; x_wconf 74' lang='lat' dir='ltr'><strong>inquit,</strong></span> <span class='ocrx_word' id='word_1_766' title='bbox 3080 3140 3163 3195; x_wconf 80' lang='lat' dir='ltr'><strong>est</strong></span> <span class='ocrx_word' id='word_1_767' title='bbox 3213 3131 3576 3200; x_wconf 80' lang='lat' dir='ltr'><strong>despicabilis.</strong></span> 
     </span>
    </p>
   </div>
   <div class='ocr_carea' id='block_1_91' title="bbox 1999 3223 3581 3299">
    <p class='ocr_par' dir='ltr' id='par_1_91' title="bbox 1999 3223 3581 3299">
     <span class='ocr_line' id='line_1_91' title="bbox 1999 3223 3581 3299; baseline -0.006 -6"><span class='ocrx_word' id='word_1_768' title='bbox 1999 3236 2114 3293; x_wconf 81' lang='lat' dir='ltr'><strong>Non</strong></span> <span class='ocrx_word' id='word_1_769' title='bbox 2161 3234 2290 3298; x_wconf 87' lang='lat' dir='ltr'><strong>ille,</strong></span> <span class='ocrx_word' id='word_1_770' title='bbox 2342 3231 2440 3295; x_wconf 77' lang='lat' dir='ltr'><strong>sed</strong></span> <span class='ocrx_word' id='word_1_771' title='bbox 2486 3230 2576 3299; x_wconf 84' lang='lat' dir='ltr'><strong>qui</strong></span> <span class='ocrx_word' id='word_1_772' title='bbox 2622 3243 2746 3289; x_wconf 77' lang='lat' dir='ltr'><strong>eum</strong></span> <span class='ocrx_word' id='word_1_773' title='bbox 2788 3225 3113 3299; x_wconf 68' lang='lat' dir='ltr'><strong>despiciam.</strong></span> <span class='ocrx_word' id='word_1_774' title='bbox 3158 3223 3269 3287; x_wconf 71' lang='lat' dir='ltr'><strong>Cur</strong></span> <span class='ocrx_word' id='word_1_775' title='bbox 3296 3224 3440 3285; x_wconf 81' lang='lat' dir='ltr'><strong>enim</strong></span> <span class='ocrx_word' id='word_1_776' title='bbox 3481 3238 3581 3293; x_wconf 70' lang='lat' dir='ltr'><strong>ego</strong></span> 
     </span>
    </p>
   </div>
   <div class='ocr_carea' id='block_1_92' title="bbox 1996 3315 3576 3391">
    <p class='ocr_par' dir='ltr' id='par_1_92' title="bbox 1996 3315 3576 3391">
     <span class='ocr_line' id='line_1_92' title="bbox 1996 3315 3576 3391; baseline -0.008 -9"><span class='ocrx_word' id='word_1_777' title='bbox 1996 3341 2104 3382; x_wconf 85' lang='lat' dir='ltr'><strong>non</strong></span> <span class='ocrx_word' id='word_1_778' title='bbox 2152 3322 2392 3391; x_wconf 73' lang='lat' dir='ltr'><strong>despicio</strong></span> <span class='ocrx_word' id='word_1_779' title='bbox 2434 3337 2562 3385; x_wconf 84' lang='lat' dir='ltr'><strong>eos.</strong></span> <span class='ocrx_word' id='word_1_780' title='bbox 2615 3320 2704 3389; x_wconf 83' lang='lat' dir='ltr'><strong>qui</strong></span> <span class='ocrx_word' id='word_1_781' title='bbox 2747 3318 2996 3379; x_wconf 83' lang='lat' dir='ltr'><strong>nesciunt</strong></span> <span class='ocrx_word' id='word_1_782' title='bbox 3046 3315 3301 3381; x_wconf 83' lang='lat' dir='ltr'><strong>admirari</strong></span> <span class='ocrx_word' id='word_1_783' title='bbox 3346 3331 3409 3379; x_wconf 78' lang='lat' dir='ltr'><strong>ea</strong></span> <span class='ocrx_word' id='word_1_784' title='bbox 3455 3330 3576 3385; x_wconf 74' lang='lat' dir='ltr'><strong>qua:</strong></span> 
     </span>
    </p>
   </div>
   <div class='ocr_carea' id='block_1_93' title="bbox 1996 3407 3580 3485">
    <p class='ocr_par' dir='ltr' id='par_1_93' title="bbox 1996 3407 3580 3485">
     <span class='ocr_line' id='line_1_93' title="bbox 1996 3407 3580 3485; baseline -0.008 -14"><span class='ocrx_word' id='word_1_785' title='bbox 1996 3416 2247 3485; x_wconf 86' lang='lat' dir='ltr'><strong>oportet?</strong></span> <span class='ocrx_word' id='word_1_786' title='bbox 2277 3413 2385 3471; x_wconf 77' lang='lat' dir='ltr'><strong>Sed</strong></span> <span class='ocrx_word' id='word_1_787' title='bbox 2423 3412 2474 3471; x_wconf 89' lang='lat' dir='ltr'><strong>si</strong></span> <span class='ocrx_word' id='word_1_788' title='bbox 2499 3412 2571 3471; x_wconf 83' lang='lat' dir='ltr'><strong>sit</strong></span> <span class='ocrx_word' id='word_1_789' title='bbox 2595 3410 2812 3480; x_wconf 81' lang='lat' dir='ltr'><strong>quidem</strong></span> <span class='ocrx_word' id='word_1_790' title='bbox 2846 3412 3020 3480; x_wconf 80' lang='lat' dir='ltr'><strong>pictor</strong></span> <span class='ocrx_word' id='word_1_791' title='bbox 3046 3407 3310 3478; x_wconf 85' lang='lat' dir='ltr'><strong>quispiam</strong></span> <span class='ocrx_word' id='word_1_792' title='bbox 3328 3447 3345 3471; x_wconf 83' lang='grc'><em>,</em></span> <span class='ocrx_word' id='word_1_793' title='bbox 3372 3422 3467 3467; x_wconf 77' lang='lat' dir='ltr'><strong>eos</strong></span> <span class='ocrx_word' id='word_1_794' title='bbox 3490 3408 3580 3474; x_wconf 86' lang='lat' dir='ltr'><strong>qui</strong></span> 
     </span>
    </p>
   </div>
   <div class='ocr_carea' id='block_1_94' title="bbox 1996 3497 3583 3572">
    <p class='ocr_par' dir='ltr' id='par_1_94' title="bbox 1996 3497 3583 3572">
     <span class='ocr_line' id='line_1_94' title="bbox 1996 3497 3583 3572; baseline -0.006 -13"><span class='ocrx_word' id='word_1_795' title='bbox 1996 3506 2171 3572; x_wconf 80' lang='lat' dir='ltr'><strong>ipsum</strong></span> <span class='ocrx_word' id='word_1_796' title='bbox 2220 3504 2399 3563; x_wconf 81' lang='lat' dir='ltr'><strong>rident</strong></span> <span class='ocrx_word' id='word_1_797' title='bbox 2438 3502 2721 3567; x_wconf 84' lang='lat' dir='ltr'><strong>irridebit,</strong></span> <span class='ocrx_word' id='word_1_798' title='bbox 2765 3500 3020 3571; x_wconf 82' lang='lat' dir='ltr'><strong>quamdiu</strong></span> <span class='ocrx_word' id='word_1_799' title='bbox 3070 3498 3273 3561; x_wconf 81' lang='lat' dir='ltr'><strong>fuerint</strong></span> <span class='ocrx_word' id='word_1_800' title='bbox 3320 3497 3482 3562; x_wconf 79' lang='lat' dir='ltr'><strong>rudes</strong></span> <span class='ocrx_word' id='word_1_801' title='bbox 3526 3506 3583 3550; x_wconf 87' lang='lat' dir='ltr'><strong>et</strong></span> 
     </span>
    </p>
   </div>
   <div class='ocr_carea' id='block_1_95' title="bbox 2008 3598 3584 3669">
    <p class='ocr_par' dir='ltr' id='par_1_95' title="bbox 2008 3598 3584 3669">
     <span class='ocr_line' id='line_1_95' title="bbox 2008 3598 3584 3669; baseline -0.003 -13"><span class='ocrx_word' id='word_1_802' title='bbox 2008 3599 2271 3668; x_wconf 82' lang='lat' dir='ltr'><strong>imperiti,</strong></span> <span class='ocrx_word' id='word_1_803' title='bbox 2324 3609 2379 3655; x_wconf 89' lang='lat' dir='ltr'><strong>et</strong></span> <span class='ocrx_word' id='word_1_804' title='bbox 2427 3614 2598 3668; x_wconf 82' lang='lat' dir='ltr'><strong>neque</strong></span> <span class='ocrx_word' id='word_1_805' title='bbox 2640 3600 2969 3656; x_wconf 78' lang='lat' dir='ltr'><strong>convertitur</strong></span> <span class='ocrx_word' id='word_1_806' title='bbox 2996 3598 3062 3654; x_wconf 82' lang='lat' dir='ltr'><strong>ad</strong></span> <span class='ocrx_word' id='word_1_807' title='bbox 3110 3614 3171 3654; x_wconf 89' lang='lat' dir='ltr'><strong>ea</strong></span> <span class='ocrx_word' id='word_1_808' title='bbox 3211 3615 3333 3669; x_wconf 65' lang='lat' dir='ltr'><strong>qua:</strong></span> <span class='ocrx_word' id='word_1_809' title='bbox 3372 3599 3444 3654; x_wconf 90' lang='lat' dir='ltr'><strong>ab</strong></span> <span class='ocrx_word' id='word_1_810' title='bbox 3476 3598 3584 3654; x_wconf 86' lang='lat' dir='ltr'><strong>illis</strong></span> 
     </span>
    </p>
   </div>
   <div class='ocr_carea' id='block_1_96' title="bbox 1999 3689 3581 3759">
    <p class='ocr_par' dir='ltr' id='par_1_96' title="bbox 1999 3689 3581 3759">
     <span class='ocr_line' id='line_1_96' title="bbox 1999 3689 3581 3759; baseline -0.004 -12"><span class='ocrx_word' id='word_1_811' title='bbox 1999 3690 2269 3759; x_wconf 79' lang='lat' dir='ltr'><strong>dicuntur,</strong></span> <span class='ocrx_word' id='word_1_812' title='bbox 2304 3692 2396 3747; x_wconf 87' lang='lat' dir='ltr'><strong>sed</strong></span> <span class='ocrx_word' id='word_1_813' title='bbox 2422 3701 2708 3747; x_wconf 72' lang='lat' dir='ltr'><strong>conuentus</strong></span> <span class='ocrx_word' id='word_1_814' title='bbox 2745 3700 2827 3747; x_wconf 86' lang='lat' dir='ltr'><strong>est</strong></span> <span class='ocrx_word' id='word_1_815' title='bbox 2853 3704 2952 3747; x_wconf 83' lang='lat' dir='ltr'><strong>suo</strong></span> <span class='ocrx_word' id='word_1_816' title='bbox 2978 3689 3180 3757; x_wconf 72' lang='lat' dir='ltr'><strong>ipsius&#39;</strong></span> <span class='ocrx_word' id='word_1_817' title='bbox 3219 3689 3530 3749; x_wconf 87' lang='lat' dir='ltr'><strong>testimonio</strong></span> <span class='ocrx_word' id='word_1_818' title='bbox 3568 3708 3581 3742; x_wconf 89' lang='lat'><strong>:</strong></span> 
     </span>
    </p>
   </div>
   <div class='ocr_carea' id='block_1_97' title="bbox 2001 3781 3582 3853">
    <p class='ocr_par' dir='ltr' id='par_1_97' title="bbox 2001 3781 3582 3853">
     <span class='ocr_line' id='line_1_97' title="bbox 2001 3781 3582 3853; baseline -0.004 -14"><span class='ocrx_word' id='word_1_819' title='bbox 2001 3792 2057 3839; x_wconf 86' lang='lat' dir='ltr'><strong>et</strong></span> <span class='ocrx_word' id='word_1_820' title='bbox 2083 3798 2182 3838; x_wconf 82' lang='lat' dir='ltr'><strong>nos</strong></span> <span class='ocrx_word' id='word_1_821' title='bbox 2208 3783 2561 3853; x_wconf 86' lang='lat' dir='ltr'><strong>pendebimus</strong></span> <span class='ocrx_word' id='word_1_822' title='bbox 2608 3798 2639 3837; x_wconf 88' lang='lat' dir='ltr'><strong>a</strong></span> <span class='ocrx_word' id='word_1_823' title='bbox 2670 3782 2810 3851; x_wconf 77' lang='lat' dir='ltr'><strong>vulgi</strong></span> <span class='ocrx_word' id='word_1_824' title='bbox 2840 3781 3134 3850; x_wconf 80' lang='lat' dir='ltr'><strong>opinione?</strong></span> <span class='ocrx_word' id='word_1_825' title='bbox 3181 3796 3248 3835; x_wconf 82' lang='lat' dir='ltr'><strong>an</strong></span> <span class='ocrx_word' id='word_1_826' title='bbox 3292 3782 3406 3837; x_wconf 75' lang='lat' dir='ltr'><strong>haec</strong></span> <span class='ocrx_word' id='word_1_827' title='bbox 3432 3782 3582 3839; x_wconf 75' lang='lat' dir='ltr'><strong>venia</strong></span> 
     </span>
    </p>
   </div>
   <div class='ocr_carea' id='block_1_98' title="bbox 2003 3875 2355 3946">
    <p class='ocr_par' dir='ltr' id='par_1_98' title="bbox 2003 3875 2355 3946">
     <span class='ocr_line' id='line_1_98' title="bbox 2003 3875 2355 3946; baseline 0.006 -18"><span class='ocrx_word' id='word_1_828' title='bbox 2003 3875 2162 3946; x_wconf 72' lang='lat' dir='ltr'><strong>digna</strong></span> <span class='ocrx_word' id='word_1_829' title='bbox 2188 3877 2355 3931; x_wconf 88' lang='lat' dir='ltr'><strong>sunt?</strong></span> 
     </span>
    </p>
   </div>
   <div class='ocr_carea' id='block_1_99' title="bbox 2075 3961 3584 4033">
    <p class='ocr_par' dir='ltr' id='par_1_99' title="bbox 2075 3961 3584 4033">
     <span class='ocr_line' id='line_1_99' title="bbox 2075 3961 3584 4033; baseline -0.005 -14"><span class='ocrx_word' id='word_1_830' title='bbox 2075 3964 2329 4033; x_wconf 69' lang='lat' dir='ltr'><strong>Pauperis</strong></span> <span class='ocrx_word' id='word_1_831' title='bbox 2393 3966 2573 4020; x_wconf 82' lang='lat' dir='ltr'><strong>melior</strong></span> <span class='ocrx_word' id='word_1_832' title='bbox 2630 3976 2703 4029; x_wconf 75' lang='lat' dir='ltr'><strong>est</strong></span> <span class='ocrx_word' id='word_1_833' title='bbox 2758 3963 3015 4026; x_wconf 81' lang='lat' dir='ltr'><strong>conditio,</strong></span> <span class='ocrx_word' id='word_1_834' title='bbox 3074 3977 3226 4031; x_wconf 80' lang='lat' dir='ltr'><strong>quam</strong></span> <span class='ocrx_word' id='word_1_835' title='bbox 3277 3961 3464 4017; x_wconf 80' lang='lat' dir='ltr'><strong>diuitis.</strong></span> <span class='ocrx_word' id='word_1_836' title='bbox 3516 3991 3584 4002; x_wconf 90' lang='lat'><strong>-—</strong></span> 
     </span>
    </p>
   </div>
   <div class='ocr_carea' id='block_1_100' title="bbox 2002 4051 3583 4129">
    <p class='ocr_par' dir='ltr' id='par_1_100' title="bbox 2002 4051 3583 4129">
     <span class='ocr_line' id='line_1_100' title="bbox 2002 4051 3583 4129; baseline -0.005 -15"><span class='ocrx_word' id='word_1_837' title='bbox 2002 4060 2294 4129; x_wconf 83' lang='lat' dir='ltr'><strong>Propterea</strong></span> <span class='ocrx_word' id='word_1_838' title='bbox 2322 4057 2468 4129; x_wconf 71' lang='lat' dir='ltr'><strong>digni</strong></span> <span class='ocrx_word' id='word_1_839' title='bbox 2499 4071 2687 4119; x_wconf 67' lang='grc' dir='ltr'>βιαιως</span> <span class='ocrx_word' id='word_1_840' title='bbox 2710 4056 2803 4125; x_wconf 88' lang='lat' dir='ltr'><strong>qui</strong></span> <span class='ocrx_word' id='word_1_841' title='bbox 2833 4063 3263 4118; x_wconf 81' lang='lat' dir='ltr'><strong>contemnamur,</strong></span> <span class='ocrx_word' id='word_1_842' title='bbox 3311 4051 3455 4120; x_wconf 85' lang='lat' dir='ltr'><strong>quod</strong></span> <span class='ocrx_word' id='word_1_843' title='bbox 3489 4068 3583 4109; x_wconf 82' lang='lat' dir='ltr'><strong>eos</strong></span> 
     </span>
    </p>
   </div>
   <div class='ocr_carea' id='block_1_101' title="bbox 2003 4146 3583 4223">
    <p class='ocr_par' dir='ltr' id='par_1_101' title="bbox 2003 4146 3583 4223">
     <span class='ocr_line' id='line_1_101' title="bbox 2003 4146 3583 4223; baseline -0.008 -14"><span class='ocrx_word' id='word_1_844' title='bbox 2003 4168 2110 4209; x_wconf 91' lang='lat' dir='ltr'><strong>non</strong></span> <span class='ocrx_word' id='word_1_845' title='bbox 2159 4151 2521 4223; x_wconf 84' lang='lat' dir='ltr'><strong>despiciamus</strong></span> <span class='ocrx_word' id='word_1_846' title='bbox 2570 4148 2662 4218; x_wconf 90' lang='lat' dir='ltr'><strong>qui</strong></span> <span class='ocrx_word' id='word_1_847' title='bbox 2698 4162 2798 4203; x_wconf 88' lang='lat' dir='ltr'><strong>nos</strong></span> <span class='ocrx_word' id='word_1_848' title='bbox 2836 4146 3137 4216; x_wconf 88' lang='lat' dir='ltr'><strong>despiciant</strong></span> <span class='ocrx_word' id='word_1_849' title='bbox 3186 4153 3406 4214; x_wconf 89' lang='lat' dir='ltr'><strong>propter</strong></span> <span class='ocrx_word' id='word_1_850' title='bbox 3450 4160 3583 4214; x_wconf 87' lang='lat' dir='ltr'><strong>pau—</strong></span> 
     </span>
    </p>
   </div>
   <div class='ocr_carea' id='block_1_102' title="bbox 2006 4237 3582 4316">
    <p class='ocr_par' dir='ltr' id='par_1_102' title="bbox 2006 4237 3582 4316">
     <span class='ocr_line' id='line_1_102' title="bbox 2006 4237 3582 4316; baseline -0.007 -14"><span class='ocrx_word' id='word_1_851' title='bbox 2006 4256 2267 4316; x_wconf 78' lang='lat' dir='ltr'><strong>pertatem</strong></span> <span class='ocrx_word' id='word_1_852' title='bbox 2290 4287 2307 4312; x_wconf 88' lang='lat'><strong>,</strong></span> <span class='ocrx_word' id='word_1_853' title='bbox 2348 4254 2405 4300; x_wconf 83' lang='lat' dir='ltr'><strong>et</strong></span> <span class='ocrx_word' id='word_1_854' title='bbox 2430 4259 2537 4302; x_wconf 92' lang='lat' dir='ltr'><strong>nou</strong></span> <span class='ocrx_word' id='word_1_855' title='bbox 2565 4257 2662 4298; x_wconf 89' lang='lat' dir='ltr'><strong>eos</strong></span> <span class='ocrx_word' id='word_1_856' title='bbox 2698 4255 3019 4297; x_wconf 77' lang='lat' dir='ltr'><strong>censeamus</strong></span> <span class='ocrx_word' id='word_1_857' title='bbox 3051 4238 3299 4293; x_wconf 85' lang='lat' dir='ltr'><strong>miseros.</strong></span> <span class='ocrx_word' id='word_1_858' title='bbox 3346 4237 3414 4292; x_wconf 80' lang='lat' dir='ltr'><strong>Et</strong></span> <span class='ocrx_word' id='word_1_859' title='bbox 3444 4253 3582 4307; x_wconf 79' lang='lat' dir='ltr'><strong>prae-</strong></span> 
     </span>
    </p>
   </div>
   <div class='ocr_carea' id='block_1_103' title="bbox 2003 4328 3583 4408">
    <p class='ocr_par' dir='ltr' id='par_1_103' title="bbox 2003 4328 3583 4408">
     <span class='ocr_line' id='line_1_103' title="bbox 2003 4328 3583 4408; baseline -0.008 -15"><span class='ocrx_word' id='word_1_860' title='bbox 2003 4348 2155 4393; x_wconf 85' lang='lat' dir='ltr'><strong>tereo</strong></span> <span class='ocrx_word' id='word_1_861' title='bbox 2198 4337 2415 4408; x_wconf 85' lang='lat' dir='ltr'><strong>quidem</strong></span> <span class='ocrx_word' id='word_1_862' title='bbox 2458 4344 2592 4405; x_wconf 89' lang='lat' dir='ltr'><strong>quot</strong></span> <span class='ocrx_word' id='word_1_863' title='bbox 2638 4342 2863 4403; x_wconf 86' lang='lat' dir='ltr'><strong>peccata</strong></span> <span class='ocrx_word' id='word_1_864' title='bbox 2896 4340 3193 4395; x_wconf 87' lang='lat' dir='ltr'><strong>nascuntur</strong></span> <span class='ocrx_word' id='word_1_865' title='bbox 3242 4345 3307 4385; x_wconf 78' lang='lat' dir='ltr'><strong>ex</strong></span> <span class='ocrx_word' id='word_1_866' title='bbox 3345 4328 3545 4385; x_wconf 87' lang='lat' dir='ltr'><strong>divitiis</strong></span> <span class='ocrx_word' id='word_1_867' title='bbox 3570 4369 3583 4390; x_wconf 92' lang='lat'><strong>,</strong></span> 
     </span>
    </p>
   </div>
   <div class='ocr_carea' id='block_1_104' title="bbox 2003 4421 3588 4500">
    <p class='ocr_par' dir='ltr' id='par_1_104' title="bbox 2003 4421 3588 4500">
     <span class='ocr_line' id='line_1_104' title="bbox 2003 4421 3588 4500; baseline -0.007 -17"><span class='ocrx_word' id='word_1_868' title='bbox 2003 4441 2134 4500; x_wconf 90' lang='lat' dir='ltr'><strong>quot</strong></span> <span class='ocrx_word' id='word_1_869' title='bbox 2178 4438 2357 4484; x_wconf 85' lang='lat' dir='ltr'><strong>autem</strong></span> <span class='ocrx_word' id='word_1_870' title='bbox 2384 4429 2523 4483; x_wconf 82' lang='lat' dir='ltr'><strong>bona</strong></span> <span class='ocrx_word' id='word_1_871' title='bbox 2565 4442 2629 4481; x_wconf 73' lang='lat' dir='ltr'><strong>ex</strong></span> <span class='ocrx_word' id='word_1_872' title='bbox 2678 4433 2992 4494; x_wconf 77' lang='lat' dir='ltr'><strong>paupertate</strong></span> <span class='ocrx_word' id='word_1_873' title='bbox 3026 4441 3038 4476; x_wconf 76' lang='grc' dir='ltr'><strong>ε</strong></span> <span class='ocrx_word' id='word_1_874' title='bbox 3092 4423 3204 4479; x_wconf 79' lang='lat' dir='ltr'><strong>into</strong></span> <span class='ocrx_word' id='word_1_875' title='bbox 3232 4436 3360 4476; x_wconf 79' lang='lat' dir='ltr'><strong>vero</strong></span> <span class='ocrx_word' id='word_1_876' title='bbox 3389 4435 3487 4475; x_wconf 89' lang='lat' dir='ltr'><strong>nec</strong></span> <span class='ocrx_word' id='word_1_877' title='bbox 3506 4421 3588 4473; x_wconf 87' lang='lat' dir='ltr'><strong>di-</strong></span> 
     </span>
    </p>
   </div>
   <div class='ocr_carea' id='block_1_105' title="bbox 2004 4513 3587 4589">
    <p class='ocr_par' dir='ltr' id='par_1_105' title="bbox 2004 4513 3587 4589">
     <span class='ocr_line' id='line_1_105' title="bbox 2004 4513 3587 4589; baseline -0.008 -14"><span class='ocrx_word' id='word_1_878' title='bbox 2004 4522 2147 4575; x_wconf 70' lang='lat' dir='ltr'><strong>vitiae</strong></span> <span class='ocrx_word' id='word_1_879' title='bbox 2171 4561 2187 4586; x_wconf 90' lang='lat'><strong>,</strong></span> <span class='ocrx_word' id='word_1_880' title='bbox 2221 4535 2320 4575; x_wconf 90' lang='lat' dir='ltr'><strong>nec</strong></span> <span class='ocrx_word' id='word_1_881' title='bbox 2351 4527 2640 4589; x_wconf 84' lang='lat' dir='ltr'><strong>paupertas</strong></span> <span class='ocrx_word' id='word_1_882' title='bbox 2668 4532 2763 4586; x_wconf 83' lang='lat' dir='ltr'><strong>per</strong></span> <span class='ocrx_word' id='word_1_883' title='bbox 2790 4531 2850 4570; x_wconf 88' lang='lat' dir='ltr'><strong>se</strong></span> <span class='ocrx_word' id='word_1_884' title='bbox 2876 4515 3073 4568; x_wconf 85' lang='lat' dir='ltr'><strong>bonum</strong></span> <span class='ocrx_word' id='word_1_885' title='bbox 3100 4555 3115 4577; x_wconf 93' lang='lat'><strong>,</strong></span> <span class='ocrx_word' id='word_1_886' title='bbox 3148 4513 3242 4579; x_wconf 80' lang='lat' dir='ltr'><strong>sed</strong></span> <span class='ocrx_word' id='word_1_887' title='bbox 3274 4523 3432 4580; x_wconf 85' lang='lat' dir='ltr'><strong>prout</strong></span> <span class='ocrx_word' id='word_1_888' title='bbox 3462 4520 3587 4566; x_wconf 88' lang='lat' dir='ltr'><strong>sunt</strong></span> 
     </span>
    </p>
   </div>
   <div class='ocr_carea' id='block_1_106' title="bbox 2004 4603 3585 4683">
    <p class='ocr_par' dir='ltr' id='par_1_106' title="bbox 2004 4603 3585 4683">
     <span class='ocr_line' id='line_1_106' title="bbox 2004 4603 3585 4683; baseline -0.006 -17"><span class='ocrx_word' id='word_1_889' title='bbox 2004 4612 2095 4683; x_wconf 90' lang='lat' dir='ltr'><strong>qui</strong></span> <span class='ocrx_word' id='word_1_890' title='bbox 2145 4612 2214 4666; x_wconf 88' lang='lat' dir='ltr'><strong>iis</strong></span> <span class='ocrx_word' id='word_1_891' title='bbox 2262 4618 2503 4665; x_wconf 88' lang='lat' dir='ltr'><strong>utuntur.</strong></span> <span class='ocrx_word' id='word_1_892' title='bbox 2547 4607 2752 4667; x_wconf 81' lang='lat' dir='ltr'><strong>Probus</strong></span> <span class='ocrx_word' id='word_1_893' title='bbox 2780 4607 3118 4661; x_wconf 66' lang='lat' dir='ltr'><strong>Christianus</strong></span> <span class='ocrx_word' id='word_1_894' title='bbox 3146 4604 3313 4671; x_wconf 82' lang='lat' dir='ltr'><strong>magis</strong></span> <span class='ocrx_word' id='word_1_895' title='bbox 3350 4603 3585 4657; x_wconf 84' lang='lat' dir='ltr'><strong>cernitur</strong></span> 
     </span>
    </p>
   </div>
   <div class='ocr_carea' id='block_1_107' title="bbox 2006 4692 3588 4773">
    <p class='ocr_par' dir='ltr' id='par_1_107' title="bbox 2006 4692 3588 4773">
     <span class='ocr_line' id='line_1_107' title="bbox 2006 4692 3588 4773; baseline -0.008 -16"><span class='ocrx_word' id='word_1_896' title='bbox 2006 4704 2060 4757; x_wconf 87' lang='lat' dir='ltr'><strong>in</strong></span> <span class='ocrx_word' id='word_1_897' title='bbox 2089 4710 2401 4773; x_wconf 85' lang='lat' dir='ltr'><strong>paupertate</strong></span> <span class='ocrx_word' id='word_1_898' title='bbox 2444 4713 2605 4770; x_wconf 89' lang='lat' dir='ltr'><strong>quam</strong></span> <span class='ocrx_word' id='word_1_899' title='bbox 2640 4699 2691 4752; x_wconf 92' lang='lat' dir='ltr'><strong>in</strong></span> <span class='ocrx_word' id='word_1_900' title='bbox 2731 4696 2954 4751; x_wconf 71' lang='lat' dir='ltr'><strong>divitiis.</strong></span> <span class='ocrx_word' id='word_1_901' title='bbox 3001 4693 3320 4763; x_wconf 83' lang='lat' dir='ltr'><strong>Quomodo?</strong></span> <span class='ocrx_word' id='word_1_902' title='bbox 3366 4692 3424 4747; x_wconf 92' lang='lat' dir='ltr'><strong>ln</strong></span> <span class='ocrx_word' id='word_1_903' title='bbox 3458 4707 3588 4761; x_wconf 86' lang='lat' dir='ltr'><strong>pau-</strong></span> 
     </span>
    </p>
   </div>
   <div class='ocr_carea' id='block_1_108' title="bbox 2015 4786 3583 4865">
    <p class='ocr_par' dir='ltr' id='par_1_108' title="bbox 2015 4786 3583 4865">
     <span class='ocr_line' id='line_1_108' title="bbox 2015 4786 3583 4865; baseline -0.007 -15"><span class='ocrx_word' id='word_1_904' title='bbox 2015 4803 2222 4865; x_wconf 83' lang='lat' dir='ltr'><strong>pertate</strong></span> <span class='ocrx_word' id='word_1_905' title='bbox 2244 4792 2345 4848; x_wconf 88' lang='lat' dir='ltr'><strong>erit</strong></span> <span class='ocrx_word' id='word_1_906' title='bbox 2393 4806 2422 4844; x_wconf 87' lang='lat' dir='ltr'><strong>a</strong></span> <span class='ocrx_word' id='word_1_907' title='bbox 2462 4790 2601 4844; x_wconf 87' lang='lat' dir='ltr'><strong>fastu</strong></span> <span class='ocrx_word' id='word_1_908' title='bbox 2649 4788 2899 4851; x_wconf 85' lang='lat' dir='ltr'><strong>alienior,</strong></span> <span class='ocrx_word' id='word_1_909' title='bbox 2948 4787 3260 4846; x_wconf 77' lang='lat' dir='ltr'><strong>tttOdCsliur,</strong></span> <span class='ocrx_word' id='word_1_910' title='bbox 3289 4786 3583 4848; x_wconf 83' lang='lat' dir='ltr'><strong>honestior,</strong></span> 
     </span>
    </p>
   </div>
   <div class='ocr_carea' id='block_1_109' title="bbox 2013 4876 3587 4957">
    <p class='ocr_par' dir='ltr' id='par_1_109' title="bbox 2013 4876 3587 4957">
     <span class='ocr_line' id='line_1_109' title="bbox 2013 4876 3587 4957; baseline -0.011 -15"><span class='ocrx_word' id='word_1_911' title='bbox 2013 4885 2327 4957; x_wconf 86' lang='lat' dir='ltr'><strong>prudentior</strong></span> <span class='ocrx_word' id='word_1_912' title='bbox 2372 4901 2385 4937; x_wconf 91' lang='lat'><strong>:</strong></span> <span class='ocrx_word' id='word_1_913' title='bbox 2437 4883 2526 4952; x_wconf 86' lang='lat' dir='ltr'><strong>qui</strong></span> <span class='ocrx_word' id='word_1_914' title='bbox 2556 4892 2734 4939; x_wconf 86' lang='lat' dir='ltr'><strong>autem</strong></span> <span class='ocrx_word' id='word_1_915' title='bbox 2790 4888 2969 4935; x_wconf 84' lang='lat' dir='ltr'><strong>manet</strong></span> <span class='ocrx_word' id='word_1_916' title='bbox 2997 4879 3046 4930; x_wconf 88' lang='lat' dir='ltr'><strong>in</strong></span> <span class='ocrx_word' id='word_1_917' title='bbox 3083 4876 3321 4943; x_wconf 83' lang='lat' dir='ltr'><strong>divitiis,</strong></span> <span class='ocrx_word' id='word_1_918' title='bbox 3376 4876 3443 4929; x_wconf 90' lang='lat' dir='ltr'><strong>ad</strong></span> <span class='ocrx_word' id='word_1_919' title='bbox 3474 4877 3587 4930; x_wconf 74' lang='lat' dir='ltr'><strong>haee</strong></span> 
     </span>
    </p>
   </div>
   <div class='ocr_carea' id='block_1_110' title="bbox 2012 4975 3585 5048">
    <p class='ocr_par' dir='ltr' id='par_1_110' title="bbox 2012 4975 3585 5048">
     <span class='ocr_line' id='line_1_110' title="bbox 2012 4975 3585 5048; baseline -0.008 -11"><span class='ocrx_word' id='word_1_920' title='bbox 2012 4983 2175 5037; x_wconf 86' lang='lat' dir='ltr'><strong>multa</strong></span> <span class='ocrx_word' id='word_1_921' title='bbox 2204 4980 2369 5035; x_wconf 82' lang='lat' dir='ltr'><strong>habet</strong></span> <span class='ocrx_word' id='word_1_922' title='bbox 2411 4978 2808 5048; x_wconf 84' lang='lat' dir='ltr'><strong>itnpedimenta.</strong></span> <span class='ocrx_word' id='word_1_923' title='bbox 2856 4975 3145 5030; x_wconf 78' lang='lat' dir='ltr'><strong>Videamus</strong></span> <span class='ocrx_word' id='word_1_924' title='bbox 3187 4988 3315 5043; x_wconf 83' lang='lat' dir='ltr'><strong>ergo</strong></span> <span class='ocrx_word' id='word_1_925' title='bbox 3344 4989 3585 5041; x_wconf 83' lang='lat' dir='ltr'><strong>quaenam</strong></span> 
     </span>
    </p>
   </div>
   <div class='ocr_carea' id='block_1_111' title="bbox 2012 5065 3587 5142">
    <p class='ocr_par' dir='ltr' id='par_1_111' title="bbox 2012 5065 3587 5142">
     <span class='ocr_line' id='line_1_111' title="bbox 2012 5065 3587 5142; baseline -0.006 -14"><span class='ocrx_word' id='word_1_926' title='bbox 2012 5085 2137 5129; x_wconf 88' lang='lat' dir='ltr'><strong>sunt</strong></span> <span class='ocrx_word' id='word_1_927' title='bbox 2160 5087 2279 5142; x_wconf 69' lang='lat' dir='ltr'><strong>quae</strong></span> <span class='ocrx_word' id='word_1_928' title='bbox 2299 5070 2424 5126; x_wconf 87' lang='lat' dir='ltr'><strong>facit</strong></span> <span class='ocrx_word' id='word_1_929' title='bbox 2470 5070 2652 5135; x_wconf 85' lang='lat' dir='ltr'><strong>dives,</strong></span> <span class='ocrx_word' id='word_1_930' title='bbox 2710 5069 2793 5124; x_wconf 84' lang='lat' dir='ltr'><strong>vel</strong></span> <span class='ocrx_word' id='word_1_931' title='bbox 2822 5068 2998 5139; x_wconf 80' lang='lat' dir='ltr'><strong>pctius</strong></span> <span class='ocrx_word' id='word_1_932' title='bbox 3046 5066 3090 5120; x_wconf 93' lang='lat' dir='ltr'><strong>is</strong></span> <span class='ocrx_word' id='word_1_933' title='bbox 3116 5067 3202 5135; x_wconf 88' lang='lat' dir='ltr'><strong>qui</strong></span> <span class='ocrx_word' id='word_1_934' title='bbox 3225 5065 3423 5119; x_wconf 80' lang='lat' dir='ltr'><strong>divitiis</strong></span> <span class='ocrx_word' id='word_1_935' title='bbox 3452 5067 3587 5118; x_wconf 81' lang='lat' dir='ltr'><strong>male</strong></span> 
     </span>
    </p>
   </div>
   <div class='ocr_carea' id='block_1_112' title="bbox 2010 5155 3583 5232">
    <p class='ocr_par' dir='ltr' id='par_1_112' title="bbox 2010 5155 3583 5232">
     <span class='ocr_line' id='line_1_112' title="bbox 2010 5155 3583 5232; baseline -0.008 -14"><span class='ocrx_word' id='word_1_936' title='bbox 2010 5166 2197 5220; x_wconf 83' lang='lat' dir='ltr'><strong>utitur.</strong></span> <span class='ocrx_word' id='word_1_937' title='bbox 2249 5162 2343 5218; x_wconf 89' lang='lat' dir='ltr'><strong>llle</strong></span> <span class='ocrx_word' id='word_1_938' title='bbox 2386 5162 2522 5232; x_wconf 88' lang='lat' dir='ltr'><strong>rapit</strong></span> <span class='ocrx_word' id='word_1_939' title='bbox 2547 5204 2563 5229; x_wconf 90' lang='lat'><strong>,</strong></span> <span class='ocrx_word' id='word_1_940' title='bbox 2586 5160 2800 5216; x_wconf 74' lang='lat' dir='ltr'><strong>lraudat</strong></span> <span class='ocrx_word' id='word_1_941' title='bbox 2824 5201 2838 5226; x_wconf 92' lang='lat'><strong>,</strong></span> <span class='ocrx_word' id='word_1_942' title='bbox 2867 5157 3213 5213; x_wconf 85' lang='lat' dir='ltr'><strong>circumvenit</strong></span> <span class='ocrx_word' id='word_1_943' title='bbox 3234 5197 3248 5219; x_wconf 80' lang='lat'><strong>,</strong></span> <span class='ocrx_word' id='word_1_944' title='bbox 3282 5157 3385 5209; x_wconf 84' lang='lat' dir='ltr'><strong>vim</strong></span> <span class='ocrx_word' id='word_1_945' title='bbox 3413 5155 3583 5209; x_wconf 73' lang='lat' dir='ltr'><strong>alien.</strong></span> 
     </span>
    </p>
   </div>
   <div class='ocr_carea' id='block_1_113' title="bbox 2011 5249 3588 5326">
    <p class='ocr_par' dir='ltr' id='par_1_113' title="bbox 2011 5249 3588 5326">
     <span class='ocr_line' id='line_1_113' title="bbox 2011 5249 3588 5326; baseline -0.008 -14"><span class='ocrx_word' id='word_1_946' title='bbox 2011 5260 2121 5312; x_wconf 84' lang='lat' dir='ltr'><strong>imo</strong></span> <span class='ocrx_word' id='word_1_947' title='bbox 2148 5255 2314 5326; x_wconf 87' lang='lat' dir='ltr'><strong>quid?</strong></span> <span class='ocrx_word' id='word_1_948' title='bbox 2357 5269 2568 5308; x_wconf 88' lang='lat' dir='ltr'><strong>amores</strong></span> <span class='ocrx_word' id='word_1_949' title='bbox 2598 5262 2783 5322; x_wconf 86' lang='lat' dir='ltr'><strong>turpes</strong></span> <span class='ocrx_word' id='word_1_950' title='bbox 2808 5262 2863 5305; x_wconf 84' lang='lat' dir='ltr'><strong>et</strong></span> <span class='ocrx_word' id='word_1_951' title='bbox 2889 5251 3208 5306; x_wconf 81' lang='lat' dir='ltr'><strong>inhonestos</strong></span> <span class='ocrx_word' id='word_1_952' title='bbox 3229 5290 3241 5310; x_wconf 90' lang='lat'><strong>,</strong></span> <span class='ocrx_word' id='word_1_953' title='bbox 3270 5249 3588 5302; x_wconf 75' lang='lat' dir='ltr'><strong>concubitus</strong></span> 
     </span>
    </p>
   </div>
   <div class='ocr_carea' id='block_1_114' title="bbox 2010 5341 3587 5416">
    <p class='ocr_par' dir='ltr' id='par_1_114' title="bbox 2010 5341 3587 5416">
     <span class='ocr_line' id='line_1_114' title="bbox 2010 5341 3587 5416; baseline -0.008 -12"><span class='ocrx_word' id='word_1_954' title='bbox 2010 5349 2245 5406; x_wconf 90' lang='lat' dir='ltr'><strong>nefarios</strong></span> <span class='ocrx_word' id='word_1_955' title='bbox 2265 5389 2279 5413; x_wconf 97' lang='lat'><strong>,</strong></span> <span class='ocrx_word' id='word_1_956' title='bbox 2312 5346 2632 5416; x_wconf 59' lang='lat' dir='ltr'><strong>praestigias,</strong></span> <span class='ocrx_word' id='word_1_957' title='bbox 2669 5343 2929 5398; x_wconf 82' lang='lat' dir='ltr'><strong>veneticia</strong></span> <span class='ocrx_word' id='word_1_958' title='bbox 2958 5383 2973 5408; x_wconf 90' lang='lat'><strong>,</strong></span> <span class='ocrx_word' id='word_1_959' title='bbox 3024 5341 3125 5394; x_wconf 86' lang='lat' dir='ltr'><strong>alia</strong></span> <span class='ocrx_word' id='word_1_960' title='bbox 3154 5349 3291 5395; x_wconf 83' lang='lat' dir='ltr'><strong>tetra</strong></span> <span class='ocrx_word' id='word_1_961' title='bbox 3323 5350 3380 5395; x_wconf 86' lang='lat' dir='ltr'><strong>et</strong></span> <span class='ocrx_word' id='word_1_962' title='bbox 3404 5341 3587 5409; x_wconf 76' lang='lat' dir='ltr'><strong>gravia</strong></span> 
     </span>
    </p>
   </div>
   <div class='ocr_carea' id='block_1_115' title="bbox 2008 5431 3588 5500">
    <p class='ocr_par' dir='ltr' id='par_1_115' title="bbox 2008 5431 3588 5500">
     <span class='ocr_line' id='line_1_115' title="bbox 2008 5431 3588 5500; baseline -0.008 -4"><span class='ocrx_word' id='word_1_963' title='bbox 2008 5456 2185 5496; x_wconf 87' lang='lat' dir='ltr'><strong>annon</strong></span> <span class='ocrx_word' id='word_1_964' title='bbox 2239 5438 2480 5492; x_wconf 87' lang='lat' dir='ltr'><strong>invenies</strong></span> <span class='ocrx_word' id='word_1_965' title='bbox 2534 5438 2679 5495; x_wconf 87' lang='lat' dir='ltr'><strong>nasci</strong></span> <span class='ocrx_word' id='word_1_966' title='bbox 2733 5450 2798 5489; x_wconf 84' lang='lat' dir='ltr'><strong>ex</strong></span> <span class='ocrx_word' id='word_1_967' title='bbox 2852 5432 3093 5487; x_wconf 80' lang='lat' dir='ltr'><strong>divitiis?</strong></span> <span class='ocrx_word' id='word_1_968' title='bbox 3130 5432 3294 5486; x_wconf 71' lang='lat' dir='ltr'><strong>Vides</strong></span> <span class='ocrx_word' id='word_1_969' title='bbox 3343 5431 3485 5500; x_wconf 83' lang='lat' dir='ltr'><strong>quod</strong></span> <span class='ocrx_word' id='word_1_970' title='bbox 3538 5434 3588 5484; x_wconf 88' lang='lat' dir='ltr'><strong>in</strong></span> 
     </span>
    </p>
   </div>
   <div class='ocr_carea' id='block_1_116' title="bbox 2009 5527 3591 5605">
    <p class='ocr_par' dir='ltr' id='par_1_116' title="bbox 2009 5527 3591 5605">
     <span class='ocr_line' id='line_1_116' title="bbox 2009 5527 3591 5605; baseline -0.006 -17"><span class='ocrx_word' id='word_1_971' title='bbox 2009 5540 2319 5605; x_wconf 85' lang='lat' dir='ltr'><strong>paupertate</strong></span> <span class='ocrx_word' id='word_1_972' title='bbox 2364 5529 2573 5586; x_wconf 86' lang='lat' dir='ltr'><strong>facilius</strong></span> <span class='ocrx_word' id='word_1_973' title='bbox 2624 5537 2710 5583; x_wconf 83' lang='lat' dir='ltr'><strong>est</strong></span> <span class='ocrx_word' id='word_1_974' title='bbox 2740 5527 2990 5581; x_wconf 84' lang='lat' dir='ltr'><strong>virtutem</strong></span> <span class='ocrx_word' id='word_1_975' title='bbox 3019 5539 3272 5579; x_wconf 78' lang='lat' dir='ltr'><strong>exercere</strong></span> <span class='ocrx_word' id='word_1_976' title='bbox 3296 5566 3309 5587; x_wconf 92' lang='lat'><strong>,</strong></span> <span class='ocrx_word' id='word_1_977' title='bbox 3335 5540 3491 5592; x_wconf 82' lang='lat' dir='ltr'><strong>quam</strong></span> <span class='ocrx_word' id='word_1_978' title='bbox 3540 5527 3591 5578; x_wconf 87' lang='lat' dir='ltr'><strong>in</strong></span> 
     </span>
    </p>
   </div>
   <div class='ocr_carea' id='block_1_117' title="bbox 2007 5614 3594 5687">
    <p class='ocr_par' dir='ltr' id='par_1_117' title="bbox 2007 5614 3594 5687">
     <span class='ocr_line' id='line_1_117' title="bbox 2007 5614 3594 5687; baseline -0.006 -9"><span class='ocrx_word' id='word_1_979' title='bbox 2007 5623 2238 5679; x_wconf 87' lang='lat' dir='ltr'><strong>divitiis?</strong></span> <span class='ocrx_word' id='word_1_980' title='bbox 2292 5621 2369 5676; x_wconf 83' lang='lat' dir='ltr'><strong>Ne</strong></span> <span class='ocrx_word' id='word_1_981' title='bbox 2418 5620 2597 5682; x_wconf 90' lang='lat' dir='ltr'><strong>enim,</strong></span> <span class='ocrx_word' id='word_1_982' title='bbox 2660 5617 2910 5687; x_wconf 90' lang='lat' dir='ltr'><strong>quoniam</strong></span> <span class='ocrx_word' id='word_1_983' title='bbox 2943 5630 3130 5684; x_wconf 67' lang='lat' dir='ltr'><strong>prunas</strong></span> <span class='ocrx_word' id='word_1_984' title='bbox 3180 5614 3267 5669; x_wconf 91' lang='lat' dir='ltr'><strong>hic</strong></span> <span class='ocrx_word' id='word_1_985' title='bbox 3312 5629 3415 5668; x_wconf 93' lang='lat' dir='ltr'><strong>non</strong></span> <span class='ocrx_word' id='word_1_986' title='bbox 3464 5615 3594 5669; x_wconf 85' lang='lat' dir='ltr'><strong>dant</strong></span> 
     </span>
    </p>
   </div>
   <div class='ocr_carea' id='block_1_118' title="bbox 2008 5704 3592 5777">
    <p class='ocr_par' dir='ltr' id='par_1_118' title="bbox 2008 5704 3592 5777">
     <span class='ocr_line' id='line_1_118' title="bbox 2008 5704 3592 5777; baseline -0.008 -8"><span class='ocrx_word' id='word_1_987' title='bbox 2008 5714 2238 5777; x_wconf 87' lang='lat' dir='ltr'><strong>divites,</strong></span> <span class='ocrx_word' id='word_1_988' title='bbox 2288 5711 2561 5767; x_wconf 81' lang='lat' dir='ltr'><strong>existimes</strong></span> <span class='ocrx_word' id='word_1_989' title='bbox 2589 5720 2683 5761; x_wconf 86' lang='lat' dir='ltr'><strong>eos</strong></span> <span class='ocrx_word' id='word_1_990' title='bbox 2727 5722 2831 5760; x_wconf 90' lang='lat' dir='ltr'><strong>non</strong></span> <span class='ocrx_word' id='word_1_991' title='bbox 2880 5720 3123 5775; x_wconf 82' lang='lat' dir='ltr'><strong>peccare.</strong></span> <span class='ocrx_word' id='word_1_992' title='bbox 3175 5704 3306 5759; x_wconf 87' lang='lat' dir='ltr'><strong>Nam</strong></span> <span class='ocrx_word' id='word_1_993' title='bbox 3354 5707 3397 5759; x_wconf 88' lang='lat' dir='ltr'><strong>si</strong></span> <span class='ocrx_word' id='word_1_994' title='bbox 3439 5705 3592 5760; x_wconf 66' lang='lat' dir='ltr'><strong>facili-</strong></span> 
     </span>
    </p>
   </div>
   <div class='ocr_carea' id='block_1_119' title="bbox 2009 5797 3594 5867">
    <p class='ocr_par' dir='ltr' id='par_1_119' title="bbox 2009 5797 3594 5867">
     <span class='ocr_line' id='line_1_119' title="bbox 2009 5797 3594 5867; baseline -0.008 -6"><span class='ocrx_word' id='word_1_995' title='bbox 2009 5813 2153 5861; x_wconf 86' lang='lat' dir='ltr'><strong>esset</strong></span> <span class='ocrx_word' id='word_1_996' title='bbox 2171 5803 2388 5858; x_wconf 82' lang='lat' dir='ltr'><strong>divitem</strong></span> <span class='ocrx_word' id='word_1_997' title='bbox 2420 5800 2549 5854; x_wconf 83' lang='lat' dir='ltr'><strong>dare</strong></span> <span class='ocrx_word' id='word_1_998' title='bbox 2580 5813 2766 5867; x_wconf 70' lang='grc' dir='ltr'>ιιωιιίιε</span> <span class='ocrx_word' id='word_1_999' title='bbox 2790 5837 2805 5860; x_wconf 84' lang='grc'><em>,</em></span> <span class='ocrx_word' id='word_1_1000' title='bbox 2862 5797 2926 5849; x_wconf 89' lang='lat' dir='ltr'><strong>iis</strong></span> <span class='ocrx_word' id='word_1_1001' title='bbox 2958 5797 3147 5864; x_wconf 80' lang='lat' dir='ltr'><strong>plenus</strong></span> <span class='ocrx_word' id='word_1_1002' title='bbox 3179 5798 3445 5850; x_wconf 77' lang='lat' dir='ltr'><strong>invenires</strong></span> <span class='ocrx_word' id='word_1_1003' title='bbox 3471 5813 3594 5850; x_wconf 77' lang='lat' dir='ltr'><strong>oar-</strong></span> 
     </span>
    </p>
   </div>
   <div class='ocr_carea' id='block_1_120' title="bbox 2010 5887 3597 5961">
    <p class='ocr_par' dir='ltr' id='par_1_120' title="bbox 2010 5887 3597 5961">
     <span class='ocr_line' id='line_1_120' title="bbox 2010 5887 3597 5961; baseline -0.008 -8"><span class='ocrx_word' id='word_1_1004' title='bbox 2010 5910 2201 5960; x_wconf 87' lang='lat' dir='ltr'><strong>ceres;</strong></span> <span class='ocrx_word' id='word_1_1005' title='bbox 2253 5893 2347 5950; x_wconf 80' lang='lat' dir='ltr'><strong>sed</strong></span> <span class='ocrx_word' id='word_1_1006' title='bbox 2400 5894 2540 5948; x_wconf 80' lang='lat' dir='ltr'><strong>inter</strong></span> <span class='ocrx_word' id='word_1_1007' title='bbox 2593 5889 2695 5942; x_wconf 77' lang='lat' dir='ltr'><strong>alia</strong></span> <span class='ocrx_word' id='word_1_1008' title='bbox 2746 5888 2846 5943; x_wconf 84' lang='lat' dir='ltr'><strong>huc</strong></span> <span class='ocrx_word' id='word_1_1009' title='bbox 2892 5904 3105 5961; x_wconf 80' lang='lat' dir='ltr'><strong>quoque</strong></span> <span class='ocrx_word' id='word_1_1010' title='bbox 3150 5890 3347 5943; x_wconf 82' lang='lat' dir='ltr'><strong>malum</strong></span> <span class='ocrx_word' id='word_1_1011' title='bbox 3394 5887 3597 5941; x_wconf 80' lang='lat' dir='ltr'><strong>habent</strong></span> 
     </span>
    </p>
   </div>
  </div>
