3956 6138
341 389 500 447 l27

410 517 631 584 divitiae,
681 516 823 588 quod
867 519 956 588 qui
1009 531 1100 572 eas
1133 517 1184 573 in
1232 519 1361 575 vitio
1386 531 1442 577 et
1467 523 1673 581 scelere
1719 529 1993 598 possidet,

412 610 630 679 impune
657 622 884 688 peccans
937 623 1226 680 numquam
1255 609 1480 666 desistet
1504 614 1606 670 hoc
1631 615 1842 686 facere,
1893 628 1990 676 sed

410 701 636 770 accipiet
669 700 888 754 vulnera
910 699 1112 768 absque
1135 702 1562 771 medicamentis,
1583 723 1757 778 neque
1777 711 1825 766 ei
1845 712 1992 782 quis-

405 809 564 864 quam
592 794 832 863 impouet
857 791 1090 848 frenum.
1125 794 1181 849 Si
1205 797 1326 865 quis
1353 808 1531 853 autem
1563 803 1719 869 velit,
1750 803 1990 861 inveniet

404 887 563 941 etiam
590 892 956 956 paupertatem
999 885 1158 942 nobis
1197 887 1266 943 ad
1294 889 1630 960 voluptatem
1664 895 1814 963 plura
1858 896 1992 952 dare

411 989 755 1048 adminicula.
787 989 1102 1059 Quomodo?
1129 988 1392 1055 Quoniam
1422 989 1643 1044 liberata
1675 997 1750 1043 est
1776 1001 1806 1044 a
1837 989 1994 1046 solli-

412 1084 736 1139 citudinibus
759 1125 774 1150 ,
806 1082 950 1149 odio,
980 1099 1178 1154 pugna,
1207 1083 1320 1149 lite,
1353 1091 1408 1136 et
1435 1096 1466 1135 a
1494 1081 1651 1137 malis
1680 1083 1990 1137 innumera-

410 1175 629 1231 bilibus.
679 1174 756 1230 Ne
798 1189 925 1245 ergo
955 1189 1261 1243 quaeramus
1288 1172 1588 1239 ditescere,
1641 1188 1742 1227 nec
1780 1186 1994 1242 semper

411 1268 726 1322 aemulemur
771 1281 864 1322 eos
916 1266 1004 1337 qui
1038 1265 1201 1319 multa
1251 1264 1526 1335 possident
1569 1283 1583 1319 :
1624 1265 1717 1319 sed
1771 1266 1860 1334 qui
1897 1264 1995 1318 ha-

411 1359 600 1413 bemus
654 1357 906 1428 quidem,
977 1357 1175 1412 divitiis
1228 1366 1441 1411 utamur
1492 1367 1549 1411 ut
1599 1367 1846 1426 oportet;
1901 1359 1992 1426 qui

412 1459 590 1503 autem
627 1464 737 1503 non
763 1448 1024 1503 habemus
1049 1490 1064 1513 ,
1121 1463 1190 1503 ne
1229 1457 1514 1518 propterea
1542 1447 1820 1502 doleamus
1843 1489 1857 1515 ,
1891 1447 1988 1502 sed

413 1539 526 1592 Deo
567 1553 787 1608 agamus
809 1538 1008 1607 gratias
1032 1578 1048 1604 ,
1097 1537 1238 1609 quod
1267 1537 1468 1592 efﬁciat
1511 1547 1567 1592 ut
1595 1553 1693 1592 nos
1739 1538 1790 1591 in
1821 1553 1988 1608 parvo

412 1629 616 1696 labore,
643 1630 885 1684 eamdem
913 1645 1071 1699 quam
1100 1629 1294 1684 divites
1322 1637 1415 1684 aut
1439 1629 1600 1685 etiam
1628 1630 1910 1698 majorem,
1939 1629 1986 1686 si

410 1723 636 1777 velimus
657 1764 670 1788 ,
701 1722 1030 1791 accipiamus
1060 1722 1364 1778 mercedem
1401 1740 1412 1773 :
1455 1731 1511 1777 et
1539 1737 1728 1792 magna
1759 1737 1823 1776 ex
1851 1737 1986 1792 pau-

409 1815 488 1869 cis
530 1813 875 1869 lucrabimur.
926 1813 1058 1869 Nam
1099 1822 1153 1870 et
1197 1815 1285 1884 qui
1333 1814 1441 1868 duo
1470 1815 1720 1870 attulerat
1749 1813 1984 1880 talenta,

409 1921 559 1976 aeque
585 1906 637 1960 in
665 1905 1019 1961 admiratione
1045 1914 1099 1961 et
1129 1906 1333 1961 honore
1354 1916 1439 1961 est
1467 1906 1679 1962 habitus
1702 1915 1864 1977 atque
1893 1907 1987 1976 qui

406 1999 638 2070 quinque
659 1999 931 2055 attulerat.
975 1998 1379 2068 Quamobrem?
1419 1997 1552 2053 Nam
1580 1998 1689 2053 duo
1717 1999 1833 2068 ejus
1865 1997 1988 2052 ﬁdei

1311 2124 1392 2130 ..ᾔ
1399 2123 1524 2129 _.__.....—
1561 2123 1576 2127 —
1587 2124 1634 2128 μ..
1643 2123 1694 2129 ..υ
1703 2123 1731 2130 ..-
1739 2123 1814 2130 ——

987 2124 1310 2131 Μ

631 2125 986 2134 ———————-——-———

411 2125 624 2135 ._.__.—.-—

1159 400 1215 456 S.
1257 401 1536 458 JOANNIS
1572 399 2048 460 CHRYSOSTOMI
2088 402 2408 466 ARCHIEP.
2448 411 2980 471 CONSTANTINOP.
3613 417 3684 474 ‘28

2119 512 2320 571 credita
2350 527 2476 573 sunt
2503 520 2701 575 talenta
2729 563 2743 585 ,
2775 523 2869 577 sed
2900 537 3020 592 qua:
3049 538 3080 578 a
3103 538 3163 578 se
3207 526 3509 595 praestanda
3539 541 3699 584 erant

2120 607 2356 679 implevit
2381 612 2594 679 omnia,
2630 621 2688 668 et
2730 629 2850 684 qure
2879 614 2977 669 sibi
3029 614 3240 670 fuerant
3281 616 3487 672 credita
3517 619 3697 675 attulit

2108 707 2396 778 duplicata.
2443 711 2578 779 Quid
2608 728 2736 784 ergo
2767 713 3044 769 studemus
3086 723 3144 768 ut
3171 717 3338 772 multa
3378 721 3534 775 nobis
3562 737 3688 779 cre-
3745 732 3756 744 °

2107 799 2323 866 dantur,
2375 816 2496 856 cum
2524 818 2620 872 per
2650 819 2814 874 pauca
2845 805 3002 860 liceat
3042 805 3260 862 eosdem
3290 808 3496 866 fructus
3523 811 3688 868 etiam

2108 891 2340 960 majores
2393 894 2716 963 percipere?
2765 910 2884 949 cum
2937 897 3088 953 labor
3113 899 3328 968 quidem
3378 902 3448 956 sit
3487 904 3688 974 minor,

2105 996 2316 1037 merces
2343 994 2523 1038 autem
2569 986 2738 1039 multo
2764 987 3036 1056 amplior?
3082 989 3313 1045 Facilius
3341 994 3482 1047 enim
3512 1009 3543 1048 ι
3573 995 3696 1053 suis

2108 1085 2308 1142 pauper
2337 1072 2623 1140 abscedet,
2677 1091 2837 1146 quam
2886 1078 3034 1134 dives
3063 1081 3225 1134 multa
3252 1090 3306 1136 et
3336 1099 3524 1154 magna
3559 1102 3690 1157 pos-

2106 1161 2306 1216 sidens.
2332 1163 2414 1217 An
2441 1165 2660 1220 nescitis
2685 1168 2826 1236 quod
2853 1210 2869 1234 ,
2900 1185 3006 1239 quo
3039 1171 3191 1239 plura
3235 1171 3499 1243 quispiam
3528 1176 3687 1234 fuerit

2107 1252 2440 1322 complexus,
2474 1269 2540 1309 eo
2589 1257 2740 1324 plura
2769 1258 3080 1314 desiderat?
3111 1260 3186 1316 Ne
3235 1262 3334 1317 hoc
3360 1279 3490 1334 ergo
3529 1269 3690 1324 nobis

2104 1344 2344 1412 accidat,
2377 1361 2444 1400 ne
2471 1362 2772 1416 quaeramus
2799 1350 3012 1404 divitias
3033 1393 3046 1416 ,
3079 1367 3253 1421 neque
3280 1372 3422 1426 wgre
3446 1357 3687 1412 feraums

2105 1445 2472 1505 paupertatem
2492 1480 2507 1504 ,
2541 1455 2713 1509 neque
2744 1442 3134 1500 contendamus
3161 1445 3428 1502 ditescere
3450 1490 3466 1515 ,
3514 1461 3568 1505 et
3596 1454 3688 1522 qui

2103 1525 2384 1595 habemus,
2409 1529 2487 1583 eis
2514 1530 2586 1584 ita
2611 1540 2821 1586 utamur
2849 1540 2904 1586 ut
2918 1533 3078 1603 jussit
3100 1535 3319 1593 Paulus.
3355 1538 3458 1603 Qui
3476 1542 3686 1608 habuit,

2103 1619 2295 1688 inquit,
2324 1621 2424 1673 sint
2455 1631 2708 1691 tamquam
2738 1641 2838 1677 non
2866 1625 3139 1692 habentes;
3165 1639 3210 1682 et
3237 1632 3323 1700 qui
3351 1642 3558 1687 utuntur
3587 1636 3690 1691 hoc

2101 1710 2290 1764 mundo
2316 1723 2572 1782 tamquam
2605 1730 2705 1766 non
2749 1726 2944 1770 utentes
2995 1718 3070 1786 (1.
3114 1718 3232 1775 Cor.
3263 1721 3315 1775 7.
3341 1723 3432 1781 ‘29.
3458 1725 3550 1797 5i)
3576 1745 3590 1780 :
3629 1739 3685 1782 ut

2100 1817 2450 1874 assequamur
2471 1806 2607 1859 bona
2626 1807 2886 1875 promissa
2913 1826 2926 1862 :
2957 1825 3075 1879 quae
3096 1811 3251 1869 detur
3263 1815 3418 1873 nobis
3438 1819 3685 1874 omnibus

2100 1897 2387 1968 consequi,
2421 1898 2590 1968 gratia
2618 1906 2669 1954 et
2696 1899 3044 1972 benignitate.

2635 2131 3081 2141 ..κῆρ-*ῆ-
3093 2137 3108 2141 -
3117 2136 3686 2155 ῃο-Αῂὴ

1809 2195 2147 2260 HOMILIA
2190 2199 2302 2260 III.

401 2339 533 2395 CAP.
557 2340 611 2393 1.
637 2355 689 2391 v.
713 2340 767 2394 6.
803 2337 869 2392 Et
897 2354 1013 2391 eum
1037 2337 1219 2391 iterum
1257 2335 1538 2390 introducit
1578 2335 1993 2408 Primogenitum

476 2434 530 2484 in
558 2431 728 2485 orbem
756 2439 923 2491 terras,
965 2428 1086 2482 dicit
1110 2443 1128 2483 :
1149 2427 1217 2482 Et
1241 2429 1453 2482 adorent
1477 2443 1590 2481 eum
1615 2444 1788 2482 omnes
1816 2432 1992 2501 angeli

477 2521 596 2576 Dei.
628 2522 681 2576 7.
708 2520 775 2574 Et
804 2521 872 2574 ad
897 2519 1107 2591 angelos
1130 2520 1334 2588 quidem
1361 2520 1484 2573 dicit
1511 2535 1528 2572 :
1555 2520 1654 2587 Qui
1681 2521 1804 2589 facit
1831 2538 1989 2593 ange-

478 2613 554 2666 los
579 2627 698 2665 suos
725 2610 935 2680 spiritus
953 2650 969 2676 ,
1009 2619 1055 2663 et
1079 2611 1336 2665 ministros
1364 2626 1484 2664 suos
1511 2613 1774 2681 ﬂammam
1807 2613 1940 2684 ignis
1966 2629 1984 2667 :

478 2704 533 2758 8.
561 2703 629 2756 ad
654 2701 848 2756 Filium
872 2712 1080 2765 autem;
1106 2700 1340 2756 Thronus
1362 2711 1479 2755 tuus
1501 2701 1638 2757 Deus
1666 2703 1717 2757 in
1740 2704 1983 2758 saeculum

479 2791 674 2848 strculi.

484 2885 539 2939 t.
583 2882 840 2940 Dominus
875 2883 1092 2956 quidem
1133 2891 1319 2940 noster
1345 2882 1502 2939 Jesus
1546 2883 1791 2939 Christus
1826 2899 1980 2940 suum

417 2980 470 3033 in
499 2993 662 3034 carne
688 2979 978 3035 adventum
1007 2991 1164 3038 vocat
1206 2998 1481 3054 egressum
1512 2988 1596 3042 vel
1642 2990 1845 3044 exitum
1883 3008 1898 3046 :
1933 3003 1995 3046 ut

413 3069 630 3139 quando
651 3069 800 3136 dicit,
824 3068 966 3126 Exiit
983 3074 1070 3142 qui
1089 3075 1305 3128 seminat
1324 3076 1394 3129 ad
1412 3077 1764 3134 seminandum
1782 3079 1996 3154 (Matth.

415 3163 508 3217 15.
538 3162 643 3231 '5);
675 3169 730 3217 et
756 3177 962 3230 rursus,
999 3165 1105 3236 Ego
1134 3182 1165 3219 a
1197 3164 1356 3221 Patre
1385 3170 1537 3237 exivi,
1571 3178 1616 3224 et
1640 3172 1788 3225 venio
1819 3172 1994 3244 (Joan.

415 3253 503 3308 16.
525 3251 619 3325 28)
651 3270 666 3306 :
699 3261 755 3308 et
776 3254 960 3309 multis
989 3255 1039 3310 in
1065 3256 1200 3311 locis
1223 3256 1326 3312 hoc
1347 3259 1565 3314 videris.
1595 3260 1794 3316 Paulus
1819 3272 1998 3316 autem

415 3344 467 3398 id
496 3352 659 3399 vocat
689 3345 995 3414 ingressum
1024 3346 1248 3403 dicens:
1275 3347 1344 3402 Et
1371 3366 1486 3404 cum
1509 3352 1694 3406 iterum
1723 3353 2001 3408 introducit

415 3434 823 3507 Primogenitum
851 3439 904 3492 in
927 3440 1099 3492 orbem
1125 3449 1308 3506 terrm;
1339 3440 1526 3498 dicens
1549 3443 1998 3500 introductionem

415 3527 552 3581 hanc
578 3529 756 3583 carnis
783 3528 1205 3599 susceptionem.
1248 3531 1360 3587 Cur
1389 3531 1504 3589 hanc
1534 3549 1622 3589 res
1647 3535 1794 3588 varie
1817 3550 1994 3590 enun-

423 3627 586 3680 tiatur
605 3667 621 3692 ,
661 3632 714 3679 et
744 3624 894 3694 cujus
922 3623 1203 3678 occasione
1226 3624 1340 3678 haec
1365 3624 1644 3678 dicuntur?
1669 3624 1801 3690 Qua:
1821 3624 1993 3692 signi-

422 3721 651 3773 “cantur
675 3726 799 3772 sunt
845 3713 1143 3769 manifesta.
1184 3713 1424 3769 Christus
1460 3714 1672 3784 quidem
1702 3713 1988 3767 adventum

413 3825 570 3864 suum
621 3808 812 3863 merito
866 3815 1020 3858 vocat
1070 3805 1270 3859 exitum
1319 3822 1332 3857 :
1376 3820 1588 3860 eramus
1639 3804 1780 3858 enim
1835 3811 1986 3857 extra

415 3899 602 3952 Deum.
654 3898 732 3951 Ac
777 3896 915 3949 sicut
972 3894 1022 3947 in
1068 3895 1210 3963 regia
1253 3894 1344 3963 qui
1387 3903 1513 3948 sunt
1565 3895 1616 3946 in
1664 3892 1891 3947 vinculis
1932 3899 1987 3946 et

419 4003 600 4058 regem
646 3987 1019 4051 on‘enderunt,
1061 3994 1205 4041 stant
1231 3984 1391 4049 foris;
1423 3985 1512 4053 qui
1541 3985 1656 4038 vult
1679 3993 1856 4038 autem
1887 3997 1982 4036 eos

409 4079 792 4142 reconciliare,
838 4093 943 4132 non
993 4076 1139 4146 ipsos
1184 4074 1507 4138 introducit,
1536 4074 1630 4128 sed
1674 4075 1787 4142 ipse
1835 4073 1980 4126 foras

406 4169 691 4240 egrediens
729 4183 824 4224 eos
866 4168 1176 4239 alloquitur,
1209 4166 1386 4222 donec
1415 4165 1547 4235 ipsis
1573 4165 1748 4234 dignis
1772 4163 1981 4218 ell‘ectis

402 4272 692 4332 conSpectu
717 4261 876 4332 regis,
901 4276 995 4315 eos
1017 4259 1320 4314 iutroducat
1345 4276 1358 4312 :
1385 4258 1457 4313 ita
1485 4257 1645 4312 etiam
1674 4255 1798 4311 fecit
1821 4255 1978 4309 Chri-

401 4362 552 4407 stus:
581 4351 648 4406 ad
689 4366 788 4406 nos
812 4365 1064 4423 egressus
1083 4390 1099 4414 ,
1127 4348 1230 4404 hoc
1255 4358 1358 4415 est,
1387 4363 1509 4404 cum
1541 4362 1758 4402 carnem
1786 4360 1975 4401 susce-

399 4441 587 4513 pisset,
618 4449 674 4507 et
696 4457 814 4512 qua:
841 4456 872 4495 a
900 4441 1046 4511 Rege
1075 4439 1322 4494 mandata
1346 4439 1557 4494 l'uerant
1588 4436 1878 4502 retulisset,
1902 4437 1971 4491 ita

400 4548 500 4588 nos
527 4533 849 4600 introduxit,
877 4541 932 4587 et
960 4547 990 4586 a
1031 4533 1263 4602 peccatis
1289 4540 1545 4601 purgatos
1572 4539 1627 4585 et
1656 4529 1968 4585 reconcilia-

398 4636 502 4681 tos.
551 4625 839 4693 Propterea
896 4623 1069 4694 ipsum
1116 4630 1270 4678 vocat
1313 4622 1538 4677 exitum.
1571 4620 1766 4675 Paulus
1790 4629 1968 4675 autem

396 4732 519 4772 eum
567 4717 808 4771 nominat
855 4715 1230 4786 ingressum,a
1279 4714 1591 4785 metaphora
1639 4728 1826 4768 eorum
1875 4712 1967 4784 qui

391 4814 518 4862 sunt
563 4805 827 4874 heredes,
861 4815 916 4862 et
955 4806 1187 4875 aliquam
1217 4803 1490 4874 accipiunt
1529 4804 1964 4872 possessionem:

389 4898 571 4954 dicere
612 4898 755 4953 enim
777 4938 794 4964 ,
825 4897 950 4952 Cum
982 4906 1152 4952 autent
1191 4894 1529 4949 introduxerit
1557 4893 1963 4964 Primogenitum

394 4995 450 5047 in
479 4992 648 5048 orbem
674 5001 852 5057 terra;
882 4989 986 5045 hoc
1015 4999 1098 5044 est
1131 4987 1479 5058 significantis
1503 5027 1518 5052 ,
1549 4986 1683 5042 Cum
1709 4986 1760 5042 ei
1797 4986 1963 5040 tradi-

390 5083 532 5138 derit
567 5081 756 5138 orbem
804 5091 998 5136 terrae:
1028 5088 1153 5134 tunc
1181 5078 1324 5134 enim
1351 5094 1470 5133 eam
1501 5086 1667 5132 totam
1699 5077 1960 5146 possedit,

387 5175 604 5244 quando
642 5174 741 5230 luit
781 5173 1048 5244 cognitus.
1099 5171 1216 5228 Non
1248 5171 1362 5226 haec
1391 5180 1570 5226 autem
1598 5170 1822 5226 dicitde
1853 5171 1962 5225 Duo

383 5264 564 5320 Verbo
583 5307 598 5332 ,
627 5264 724 5321 sed
749 5267 815 5332 de
843 5263 1060 5321 Christo
1090 5264 1397 5328 incarnato;
1433 5262 1556 5331 jure
1584 5264 1797 5317 merito.
1826 5261 1958 5318 Nam

378 5360 423 5413 si
453 5370 566 5415 erat
607 5359 660 5414 in
706 5357 927 5424 mundo,
957 5367 1016 5412 ut
1059 5357 1135 5410 ait
1182 5355 1450 5420 Joannes,
1486 5363 1539 5408 et
1589 5355 1820 5409 mundus
1865 5369 1959 5424 per

380 5453 554 5520 ipsum
581 5453 754 5508 lactus
779 5460 863 5506 est
891 5449 1072 5520 (Joan.
1098 5449 1149 5506 1.
1179 5447 1287 5516 10),
1315 5445 1584 5516 quomodo
1609 5445 1765 5502 aliter
1791 5445 1959 5500 intro-

379 5546 667 5599 duceretur
691 5557 852 5612 quam
894 5542 948 5597 iu
979 5540 1180 5596 carne?
1223 5537 1290 5592 Et
1316 5538 1530 5591 adorent
1559 5553 1670 5590 eum
1692 5577 1706 5601 ,
1743 5538 1950 5606 inquit,

381 5652 554 5688 omnes
578 5635 747 5705 angeli
776 5633 893 5689 Dei.
944 5633 1208 5702 Quoniam
1237 5631 1378 5684 enim
1410 5644 1658 5698 maguum
1690 5640 1744 5683 et
1771 5630 1952 5683 excel-

381 5741 499 5778 sum
528 5725 725 5794 aliquid
754 5733 836 5780 est
861 5725 1128 5788 dicturus,
1158 5721 1211 5777 id
1243 5720 1516 5792 praestruit
1534 5729 1586 5775 et
1607 5719 1771 5774 ellicit
1795 5729 1848 5775 ut
1871 5719 1949 5772 l'a-

384 5818 490 5874 cile
515 5815 831 5887 excipiatur,
857 5815 1057 5873 faciens
1097 5815 1304 5871 Patrem
1348 5812 1705 5871 intr-eduxisse
1734 5811 1946 5868 Filium.

2129 2335 2401 2404 Perpende
2424 2347 2602 2394 autem
2629 2357 2641 2392 :
2667 2338 2806 2396 dixit
2829 2344 3076 2413 superius
3103 2358 3226 2400 eum
3256 2358 3362 2400 non
3389 2359 3513 2402 esse
3540 2348 3697 2403 nobis

2124 2428 2394 2496 loquutum
2421 2445 2519 2502 per
2542 2435 2868 2502 prophetas,
2901 2434 2998 2490 sed
3043 2451 3140 2505 per
3176 2436 3374 2490 Filium
3405 2453 3419 2490 :
3456 2438 3696 2494 ostendit

2121 2515 2312 2572 Filium
2337 2534 2454 2575 esse
2481 2521 2758 2577 meliorem
2787 2524 3019 2592 angelis;
3050 2533 3104 2579 et
3132 2525 3233 2579 hoc
3256 2540 3284 2578 a
3313 2526 3533 2582 nomine
3560 2543 3690 2596 pro-

2123 2611 2298 2678 bavit;
2329 2624 2382 2669 et
2423 2630 2488 2670 ex
2532 2631 2597 2671 eo
2640 2620 2780 2688 quod
2825 2621 2983 2675 Pater
3010 2622 3208 2677 Filium
3239 2623 3553 2679 introduxit.
3590 2630 3694 2685 Hic

2120 2701 2351 2772 denique
2376 2706 2534 2759 etiam
2559 2722 2625 2761 ex
2660 2724 2719 2762 re
2743 2710 2848 2764 alia
2874 2712 3083 2780 probat.
3132 2712 3392 2780 Quaenam
3421 2724 3601 2770 autem
3623 2733 3690 2774 ea

2117 2792 2235 2847 est?
2280 2795 2359 2849 Ex
2389 2797 2701 2854 adoratione
2725 2817 2740 2854 :
2764 2811 2818 2856 et
2840 2802 3073 2857 ostendit
3097 2815 3353 2881 quantum
3384 2807 3452 2860 sit
3474 2805 3688 2870 melior,

2113 2897 2306 2953 nempe
2330 2896 2587 2954 quantum
2615 2889 2872 2946 Dominus
2901 2908 3079 2947 servo.
3111 2893 3178 2949 Ut
3205 2895 3249 2949 si
3277 2896 3395 2966 quis
3420 2897 3606 2966 aliquo
3632 2903 3688 2955 in

2112 2973 2326 3029 domum
2356 2979 2495 3047 regis
2519 2979 2845 3048 introducto,
2877 2999 2973 3039 eos
2997 2985 3086 3054 qui
3116 2987 3226 3041 illic
3251 2998 3488 3056 prmsunt
3508 2994 3688 3046 statim

2109 3069 2281 3138 ipsum
2303 3072 2487 3140 jubeat
2515 3075 2742 3130 adorare
2767 3094 2781 3130 :
2813 3079 2890 3134 sic
2919 3079 3011 3134 ille
3037 3079 3183 3147 facit,
3213 3081 3281 3136 de
3311 3081 3474 3136 Verbi
3504 3097 3691 3136 secun-

2107 3158 2231 3213 dum
2263 3177 2477 3216 carnem
2508 3165 2559 3218 in
2588 3165 2845 3221 mundum
2876 3168 3270 3225 introductione
3311 3172 3538 3241 loquens
3571 3193 3586 3229 :
3616 3176 3686 3230 Et

2105 3249 2315 3303 adorent
2340 3269 2452 3306 eum
2484 3270 2656 3308 omnes
2677 3258 2843 3326 angeli
2875 3258 2988 3312 Dei.
3013 3260 3148 3314 Num
3171 3263 3349 3332 angeli
3378 3264 3577 3328 solum,
3604 3265 3685 3318 iu-

2103 3341 2251 3408 quit,
2281 3351 2334 3395 et
2361 3358 2465 3396 non
2493 3343 2614 3398 alia:
2641 3345 2918 3403 Virtutes?
2954 3349 3298 3421 Nequaquam
3333 3373 3347 3408 :
3376 3355 3501 3409 audi
3534 3357 3678 3411 enim

2100 3447 2220 3500 qua;
2244 3443 2555 3504 sequuntur.
2587 3435 2659 3490 Et
2694 3439 2762 3492 ad
2792 3443 3000 3511 angelos
3019 3444 3222 3513 quidem
3249 3447 3371 3498 dicit
3393 3465 3413 3500 :
3437 3447 3538 3512 Qui
3557 3450 3679 3519 facit

2099 3526 2306 3594 angelos
2329 3542 2448 3580 suos
2469 3529 2699 3596 spiritus,
2725 3540 2772 3584 et
2793 3533 3050 3589 ministros
3075 3551 3196 3589 suos
3221 3537 3484 3605 ﬂammam
3507 3539 3674 3609 ignis:

2096 3614 2164 3666 ad
2195 3613 2383 3669 Filium
2411 3627 2575 3672 autem
2601 3634 2620 3672 :
2646 3618 2880 3675 Thronus
2909 3634 3023 3677 tuus
3054 3623 3192 3678 Deus
3222 3627 3275 3680 in
3301 3629 3549 3682 stzculum
3578 3644 3672 3683 ste-

2094 3706 2214 3758 culi.
2247 3705 2383 3761 Ecce
2409 3708 2640 3762 maxima
2672 3709 2997 3778 differentia,
3028 3715 3168 3782 quod
3200 3715 3274 3768 illi
3303 3717 3518 3785 quidem
3546 3729 3671 3772 sunt

2095 3794 2293 3862 creati,
2325 3795 2411 3851 hic
2440 3806 2619 3853 autem
2648 3799 2936 3855 increatus.
2969 3803 3032 3857 Et
3056 3818 3152 3857 cur
3177 3804 3243 3858 ad
3271 3807 3492 3875 angelos
3517 3822 3666 3872 suos,

2093 3883 2294 3954 inquit,
2327 3887 2496 3955 dicit,
2527 3889 2630 3956 Qui
2669 3890 2828 3959 facit;
2858 3891 2924 3945 ad
2954 3891 3146 3947 Filium
3176 3905 3354 3948 autem
3383 3911 3538 3949 suum
3569 3911 3668 3951 cur

2092 3990 2196 4029 non
2218 3976 2373 4043 dixit,
2393 3979 2493 4044 Qui
2523 3979 2682 4034 facit?
2708 3981 2867 4051 Atqui
2891 3983 3086 4038 licebat
3104 3985 3182 4038 sic
3207 3985 3386 4040 dicere
3415 3987 3666 4042 dill'eren.

2094 4065 2218 4118 tiam
2245 4083 2258 4117 ε
2287 4067 2364 4120 Ad
2394 4069 2616 4138 angelos
2642 4071 2855 4143 quidem
2887 4089 3014 4127 suos
3040 4075 3190 4138 dicit,
3225 4075 3325 4140 Qui
3353 4078 3476 4147 facit
3505 4094 3662 4148 ange-

2088 4157 2164 4211 los
2188 4175 2304 4212 suos
2331 4160 2575 4228 spiritus;
2606 4163 2674 4216 ad
2720 4162 2911 4218 Filium
2951 4175 3118 4219 autem
3139 4205 3154 4231 ,
3183 4165 3434 4220 Dominus
3473 4170 3660 4222 crearit

2087 4261 2199 4308 me;
2228 4257 2280 4300 et
2302 4263 2506 4314 rursus,
2535 4249 2809 4306 Dominum
2829 4255 2994 4323 ipsum
3020 4266 3066 4308 et
3088 4256 3341 4310 Christum
3369 4256 3504 4310 Deus
3521 4260 3657 4329 fecit.

2085 4335 2190 4390 Sed
2220 4352 2391 4406 neque
2419 4339 2545 4394 illud
2574 4341 2773 4396 dicttun
2796 4353 2878 4397 est
2897 4343 2964 4398 de
2985 4344 3201 4398 Christo
3231 4346 3458 4401 Domino
3483 4348 3650 4412 Filio;

2085 4444 2255 4500 neque
2297 4431 2396 4486 hoc
2434 4431 2502 4488 de
2540 4433 2650 4487 Deo
2672 4433 2882 4500 Verbo,
2914 4436 3008 4490 sed
3050 4435 3118 4492 de
3160 4452 3225 4491 eo
3261 4439 3403 4508 quod
3434 4455 3654 4496 carnem

2081 4521 2337 4591 suscepit.
2370 4522 2468 4577 Ubi
2499 4525 2643 4579 enim
2665 4525 2831 4580 voluit
2851 4541 3031 4581 veram
3059 4528 3361 4597 signiﬁcare
3391 4529 3656 4586 dillereu-

2081 4612 2231 4678 tiam,
2263 4627 2366 4667 non
2393 4614 2622 4683 amplius
2650 4615 3059 4685 comprehendit
3085 4618 3257 4674 solum
3283 4620 3527 4689 angelos,
3559 4622 3652 4676 sed

2079 4718 2292 4758 omnem
2310 4718 2594 4772 supernam
2619 4716 2934 4775 potestatem
2953 4709 3655 4766 administratoriaiu.Vides

2077 4797 2345 4868 quomodo
2365 4805 2422 4852 et
2439 4813 2597 4867 quam
2622 4798 2855 4854 dilucide
2881 4801 3085 4855 dividat
3115 4811 3388 4857 creaturas
3415 4813 3470 4857 et
3491 4803 3653 4858 Crea-

2079 4897 2271 4952 torem,
2291 4887 2565 4943 ministros
2582 4898 2638 4943 et
2655 4889 2958 4956 Dominum,
2982 4906 3272 4960 verumque
3293 4905 3354 4945 ac
3378 4907 3650 4960 pr0prtutu

2077 4979 2328 5036 heredem
2357 4990 2413 5034 et
2439 4980 2656 5046 Filium,
2685 4991 2739 5034 et
2763 4982 2987 5036 servos?
3019 4983 3098 5036 Ad
3125 4983 3318 5038 Filium
3347 4992 3530 5038 autem
3560 4983 3646 5038 di-

2075 5071 2167 5138 cit,
2194 5069 2429 5124 Thronus
2459 5079 2574 5123 tuus
2601 5069 2742 5124 Deus
2767 5071 2820 5124 in
2844 5072 3086 5126 steculum
3105 5074 3297 5127 steculi.
3334 5074 3472 5129 Ecce
3494 5075 3646 5144 regni

2074 5165 2305 5235 signum.
2338 5168 2494 5240 Virga
2520 5170 2791 5238 tequitatis,
2820 5174 2962 5243 virga
2989 5174 3135 5245 regni
3165 5176 3258 5230 tui.
3292 5177 3434 5232 Ecce
3462 5191 3651 5231 rursus

2075 5254 2215 5311 aliud
2234 5272 2446 5329 quoque
2469 5259 2680 5330 signum
2706 5262 2877 5332 regni.
2902 5263 3108 5319 Deinde
3129 5280 3316 5320 rursus
3337 5265 3406 5321 de
3427 5282 3492 5321 eo
3511 5267 3651 5336 quod

2073 5356 2157 5403 est
2176 5363 2338 5405 carne
2363 5350 2604 5407 indutum
2633 5369 2645 5406 :
2674 5352 2728 5409 9.
2760 5353 2996 5409 Dilexisti
3011 5357 3272 5426 justitiam
3298 5368 3343 5410 et
3370 5359 3523 5412 odisti
3553 5360 3654 5413 ini-

2072 5440 2350 5506 quitatem:
2376 5453 2640 5512 propterea
2686 5447 2829 5500 unxit
2868 5456 2916 5502 te
2956 5447 3114 5514 Deus,
3159 5448 3296 5504 Deus
3345 5460 3482 5504 tuus.
3513 5452 3650 5520 Quid

2071 5540 2172 5595 est,
2200 5530 2340 5587 Deus
2368 5537 2520 5590 tuus?
2543 5536 2675 5591 Nam
2705 5539 2958 5606 quoniam
2985 5555 3236 5610 magnum
3264 5550 3349 5595 est
3373 5541 3648 5612 loquutus,

2069 5620 2119 5675 id
2153 5635 2338 5676 rursus
2363 5623 2497 5678 lenit
2523 5641 2586 5680 ac
2616 5628 2841 5698 mitigat.

2141 5711 2392 5769 Adversus
2418 5714 2629 5772 Judteos
2651 5761 2665 5783 ,
2699 5719 2922 5774 Paulum
2952 5721 3367 5786 Samosattmum,
3401 5724 3648 5791 Arianos,

2073 5801 2118 5854 ll
2131 5804 2400 5875 arcellum,
2426 5806 2706 5868 Sabellium
2726 5822 2773 5866 et
2803 5810 3306 5868 Marcionem.»~llic
3331 5824 3382 5868 et
3406 5813 3648 5879 Juda-os.
