3956 6138
258 392 330 449 29
1139 383 1211 441 ΙΝ
1246 382 1465 441 Em.
1504 381 1598 438 AD
1634 379 1837 437 IIl-SBH.

1951 381 1997 438 Ξ.
2034 381 2189 438 CAP.
2227 381 2269 439 l.
2311 381 2545 441 ιιοιιιι..
2584 381 2669 441 ΙΙΙ.
3453 385 3525 441 30

252 506 312 549 et
337 493 483 550 Pauli
504 492 846 552 Samosateni
870 495 1129 565 asseclas,
1154 505 1213 554 et
1229 497 1478 566 Arianae,
1499 497 1841 557 Marcellum-

252 599 359 655 qoe
389 593 445 641 et
469 582 764 641 Sabelliura
795 587 940 641 leriit
958 596 1014 642 et
1036 586 1380 643 Mareionem.
1414 588 1731 657 Quomodo?
1751 590 1847 646 Ju-

252 677 399 731 d:eos
421 675 667 747 quidem,
692 676 984 734 ostendens
1018 694 1184 734 unum
1210 694 1329 734 esse
1353 678 1481 744 duo.
1509 689 1564 735 et
1590 680 1758 737 Deum
1785 692 1841 736 et

252 765 525 822 hominem
558 785 572 823 :
602 767 743 823 alios
771 777 969 829 autem.
1004 769 1178 832 Pauli,
1212 768 1432 840 inquam
1454 810 1470 836 ,
1499 770 1841 829 Samosateni

251 857 509 920 asseclas,
542 858 687 928 quod
716 858 834 914 haec
862 858 1005 915 dicat
1028 859 1097 915 de
1124 868 1322 916 arterua
1349 862 1651 918 substantia
1676 872 1731 919 et
1755 864 1839 919 iu-

251 958 431 1003 creata
458 950 699 1005 essentia
726 968 741 1004 :
773 965 899 1005 nam
926 951 993 1005 ad
1018 951 1454 1021 distinguendum
1487 953 1639 1021 illud,
1666 953 1837 1022 Fecit,

253 1038 353 1093 hoc
400 1040 623 1109 posuit:
651 1038 889 1096 Thronus
932 1050 1046 1096 tuus
1084 1040 1224 1096 Deus
1262 1043 1317 1096 in
1355 1044 1602 1099 stet:qunt
1638 1048 1832 1103 saeculi.

251 1127 530 1184 Adversus
560 1126 793 1187 Arianos
822 1139 1022 1198 autem,
1050 1148 1240 1189 rursus
1267 1132 1373 1191 hoc
1397 1136 1596 1207 ipsum,
1620 1147 1677 1194 et
1693 1140 1835 1209 quod

253 1232 358 1273 non
386 1218 462 1272 sit
489 1233 679 1274 servus
706 1236 723 1275 :
756 1222 800 1275 si
832 1233 1010 1276 autem
1040 1232 1125 1279 est
1164 1235 1409 1280 creatura
1432 1267 1449 1295 ,
1489 1241 1680 1291 servus
1728 1239 1833 1288 est.

256 1309 533 1366 Adversus
562 1310 869 1367 Marcellum
895 1323 1073 1369 autem
1116 1326 1169 1369 et
1207 1317 1348 1373 alios
1366 1357 1382 1384 ,
1410 1318 1552 1390 quod
1580 1320 1686 1375 sint
1715 1321 1835 1379 dua:

255 1414 501 1470 persona:
526 1401 711 1456 divisa:
738 1418 836 1473 per
862 1403 1195 1475 hypostasim
1221 1425 1235 1461 :
1265 1408 1526 1467 adversus
1556 1411 1836 1469 Marcioni-

254 1501 372 1545 stas
398 1500 580 1546 autem
598 1532 617 1557 ,
642 1492 781 1562 quod
822 1493 1074 1550 divinitas
1101 1512 1209 1553 non
1238 1508 1488 1571 ungatur,
1518 1502 1613 1557 sed
1644 1502 1835 1558 huma-

257 1583 425 1637 nitas.
455 1583 682 1652 Deinde,
713 1581 830 1638 Pro:
858 1587 1197 1657 participibus
1225 1590 1350 1657 tuis,
1385 1590 1576 1662 inquit.
1607 1592 1835 1659 Quinam

256 1681 439 1726 autem
466 1681 597 1727 sunt
627 1675 929 1745 participes,
960 1677 1062 1731 nisi
1092 1676 1380 1734 homines?
1410 1681 1520 1736 Hoc
1546 1694 1650 1748 est,
1676 1683 1837 1739 Chri-

256 1770 375 1817 stus
390 1763 868 1833 accepitSpiritum
891 1780 998 1820 non
1019 1766 1087 1821 ad
1111 1784 1417 1825 mensuram
1446 1771 1623 1843 (Joan.
1643 1775 1697 1830 3.
1719 1776 1834 1847 34).

328 1852 386 1906 2.
430 1852 590 1907 Vides
609 1854 875 1923 quomodo
890 1858 1125 1912 sermoni
1147 1857 1215 1912 de
1244 1869 1427 1915 natura
1456 1862 1690 1919 increata
1708 1881 1838 1921 con-

252 1944 446 2012 jungat
463 1958 989 2013 semperscrmonem
1023 1948 1091 2004 de
1128 1949 1550 2020 dispensatione.
1582 1956 1718 2023 Quid
1758 1965 1843 2012 est

260 2035 364 2090 hoc
390 2035 678 2090 dilucidius
702 2039 725 2089 ?
757 2037 916 2093 Vides
937 2048 1239 2096 creaturam
1260 2052 1311 2098 et
1332 2045 1572 2115 genitum
1594 2062 1698 2103 non
1722 2063 1841 2105 esse

257 2124 437 2179 idem?
467 2140 573 2180 non
598 2126 740 2181 enim
769 2125 1060 2198 divisisset,
1082 2140 1137 2186 et
1162 2146 1229 2187 ex
1253 2132 1480 2191 adverso
1510 2136 1649 2191 illius
1672 2137 1838 2206 Fecit,

254 2221 653 2290 subjunxisset:
679 2223 762 2277 Ad
805 2223 1000 2278 Filium
1046 2237 1213 2281 autem
1255 2231 1405 2294 dixit,
1452 2230 1685 2287 Tltronus
1724 2245 1842 2291 tuus

251 2312 392 2367 Deus
417 2314 470 2366 in
497 2315 743 2368 scculum
768 2315 944 2369 saculi
962 2334 982 2382 ;
1007 2334 1180 2389 neque
1210 2336 1425 2387 nomen,
1474 2322 1662 2388 Filius,
1695 2342 1834 2395 pra-

250 2404 550 2460 eeilentiori
575 2405 737 2462 modo
763 2407 1050 2476 posuisset,
1085 2410 1129 2464 si
1158 2421 1302 2467 esset
1327 2413 1567 2483 ejusdem
1606 2417 1836 2487 signum.

251 2494 512 2563 Quanam
533 2499 675 2552 enim
700 2498 1039 2557 differentia?
1066 2518 1189 2558 nam
1217 2504 1261 2558 si
1288 2505 1430 2561 idem
1457 2517 1539 2563 est
1566 2519 1836 2578 creatura,

251 2596 307 2643 et
335 2587 390 2642 id
412 2588 560 2659 quod
601 2599 683 2645 est
707 2593 965 2661 genitum,
993 2595 1065 2650 illi
1081 2607 1260 2651 autem
1282 2608 1406 2654 sunt
1427 2599 1572 2670 laeti,
1598 2620 1842 2674 quamam

252 2689 337 2734 est
363 2684 719 2752 praestantia?
758 2685 897 2741 Ecce
944 2703 1131 2744 rursus
1170 2690 1322 2756 illud,
1357 2693 1517 2760 Deus,
1547 2695 1734 2754 Graec
1760 2711 1843 2756 est

252 2777 279 2825 ὁ
301 2780 416 2834 Θεὸς
458 2788 584 2827 eum
631 2775 857 2831 articulo
880 2777 982 2845 (α).
1017 2778 1085 2833 Et
1126 2779 1318 2837 iterum
1364 2782 1524 2841 dicit:
1551 2788 1637 2843 10.
1667 2787 1736 2843 Et
1766 2800 1840 2854 tu,

256 2860 497 2927 Domine,
522 2865 579 2917 in
607 2866 861 2935 principio
883 2876 1069 2921 terram
1090 2871 1339 2941 fundasti,
1364 2882 1412 2927 et
1430 2891 1585 2943 opera
1604 2894 1844 2933 manuum

258 2964 460 3007 tuarum
484 2965 606 3009 sunt
633 2956 765 3010 cteli.
812 2958 899 3011 11.
933 2956 1049 3029 Ipsi
1077 2961 1331 3030 peribunt,
1362 2974 1417 3018 tu
1442 2976 1609 3022 autem
1636 2987 1839 3040 perma-

258 3049 426 3112 nebis;
455 3058 504 3102 et
537 3065 711 3104 omnes
740 3060 795 3103 ut
823 3054 1170 3108 vestimentum
1198 3066 1526 3124 veterascent,
1556 3061 1645 3116 12.
1678 3073 1723 3116 et
1762 3081 1844 3118 ue-

259 3142 331 3194 lut
350 3142 599 3194 amictum
626 3145 845 3199 mutabis
866 3162 970 3209 eos,
994 3156 1041 3199 et
1056 3150 1382 3204 mutabuntur
1402 3168 1422 3207 :
1449 3163 1503 3206 tu
1529 3164 1696 3210 autem
1714 3157 1843 3212 idem

258 3234 364 3302 ipse
392 3251 468 3297 es,
498 3245 545 3288 et
566 3236 690 3288 anni
711 3236 784 3289 tui
806 3253 907 3291 non
932 3238 1184 3306 deficient.
1214 3240 1290 3297 Ne
1309 3257 1429 3298 cum
1446 3246 1698 3312 audieris,
1718 3248 1843 3305 Cum

258 3335 424 3378 autem
453 3326 734 3379 introducit
768 3326 1171 3399 Primogenitum
1196 3333 1250 3385 in
1274 3335 1442 3389 orbem
1465 3346 1632 3403 terra},
1656 3340 1845 3394 existi-

258 3429 371 3470 mes
398 3430 524 3471 esse
555 3424 826 3487 tamquam
866 3419 1064 3475 donum
1110 3433 1292 3492 postea
1332 3427 1381 3480 ei
1411 3426 1617 3495 datum,
1650 3430 1752 3486 hoc
1792 3442 1847 3488 et

260 3506 509 3572 superius
546 3507 803 3575 correxit,
828 3518 880 3563 et
905 3525 1089 3566 rursus
1113 3515 1333 3585 corrigit
1372 3516 1575 3582 dicens,
1608 3520 1676 3575 In
1705 3522 1846 3592 priu-

259 3596 424 3664 cipio;
452 3611 561 3650 non
592 3613 758 3663 nunc,
781 3599 876 3655 sed
894 3594 1012 3669 jam'
1025 3604 1171 3659 olim.
1203 3608 1340 3663 Ecce
1362 3625 1550 3667 rursus
1573 3614 1714 3670 letali
1733 3632 1846 3687 per.-

262 3689 391 3742 eulit
415 3688 640 3747 vulnere
664 3700 720 3745 et
748 3691 966 3747 Paulum
998 3695 1408 3755 Samosatenum
1441 3713 1497 3757 et
1523 3705 1740 3775 Arium,
1779 3710 1846 3765 iis

260 3794 381 3849 qua:
412 3780 662 3836 dicuntur
715 3782 783 3839 de
831 3784 987 3841 Patre
1037 3788 1303 3860 adaptatis
1348 3792 1506 3849 Filio.
1550 3796 1620 3851 Et
1662 3811 1845 3868 postea

260 3870 403 3925 aliud
434 3872 539 3927 hoc
566 3889 781 3945 quoque
810 3876 1004 3947 majus,
1028 3882 1177 3948 quasi
1204 3882 1347 3937 aliud
1375 3886 1583 3955 agendo
1608 3889 1849 3945 subindi-

262 3961 436 4013 cavit:
466 3963 649 4017 mundi
677 3965 822 4019 enim
852 3969 1371 4040 transﬁgurationem
1390 3988 1647 4045 praeterea
1668 3992 1849 4038 osten-

265 4049 366 4112 dit,
394 4052 613 4108 dicens:
646 4055 930 4126 Tamquam
955 4062 1300 4118 uestimentum
1324 4077 1651 4137 veterascent,
1681 4084 1727 4127 et
1756 4087 1838 4129 ve.

266 4140 356 4194 luti
395 4145 635 4197 amictum
667 4148 880 4202 mutabis
906 4165 1009 4213 eos,
1041 4162 1087 4206 et
1112 4157 1456 4212 mutabuntur.
1495 4160 1650 4226 Quod
1679 4164 1838 4218 etiam

267 4231 389 4288 dicit
415 4235 466 4288 in
495 4234 738 4304 Epistola
764 4238 834 4293 ad
862 4239 1155 4308 Romanos,
1180 4262 1371 4317 nempe
1397 4252 1536 4318 quod
1567 4254 1848 4325 transﬁgu-

264 4335 393 4388 rabit
425 4337 708 4395 mundum.
741 4338 809 4395 Et
850 4341 1160 4400 facilitatem
1205 4347 1495 4403 oswudens
1541 4349 1838 4420 subjunxtt.

262 4426 485 4484 Ilutabis
508 4446 530 4485 :
556 4440 830 4503 tamquam
855 4435 901 4490 si
925 4438 1046 4505 quis
1072 4439 1357 4493 convolvat
1396 4442 1674 4503 amictum.
1706 4459 1842 4499 eon-

260 4519 433 4574 rolvet
460 4529 518 4576 et
541 4524 789 4579 mutabit.
819 4525 876 4581 Si
899 4535 1080 4581 autem
1102 4543 1220 4597 quae
1248 4530 1306 4584 lit
1327 4530 1382 4584 in
1413 4533 1603 4587 melius
1624 4544 1678 4589 et
1703 4551 1841 4603 pra:-

257 4611 486 4666 stantius
536 4615 1062 4685 transﬁgurationcm
1108 4631 1166 4674 et
1209 4621 1482 4690 opificium
1531 4633 1635 4678 tam
1684 4627 1841 4685 lacilc

258 4711 533 4769 aperatur,
566 4703 622 4758 in
652 4706 846 4762 minori
872 4709 1087 4778 opilieio
1105 4710 1283 4765 alioue
1306 4712 1607 4784 indigebat?
1632 4715 1842 4782 Quous-

257 4806 355 4859 que
386 4808 494 4846 non
538 4809 637 4849 vos
664 4796 867 4865 pudet?
903 4798 1077 4854 Simul
1125 4801 1286 4856 etiam
1332 4802 1435 4858 hoc
1483 4813 1566 4858 est
1610 4808 1839 4861 maxima

258 4882 575 4947 consolatio,
607 4901 768 4942 nosse
793 4889 935 4957 quod
964 4906 1052 4946 res
1084 4908 1188 4948 non
1215 4893 1293 4948 sic
1316 4905 1498 4961 erunt,
1523 4896 1619 4950 sed
1657 4897 1837 4951 omnia

256 4971 516 5039 accipient
554 4978 931 5044 mutationem,
976 4990 1032 5036 et
1078 4984 1260 5037 omnia
1306 4984 1681 5051 mutabuntur;
1723 4987 1837 5055 ipse

255 5070 429 5116 autem
453 5074 637 5120 manet
658 5078 918 5138 perpetuo
943 5070 1149 5137 vivens,
1183 5081 1239 5126 et
1268 5074 1475 5128 inﬁnite
1505 5074 1689 5129 vivens
1720 5094 1733 5130 :
1768 5075 1833 5129 Et

256 5152 371 5205 anni
395 5155 489 5219 tui,
512 5155 705 5226 inquit,
738 5175 843 5213 non
871 5160 1122 5231 deﬁcient.
1159 5165 1247 5218 15.
1281 5164 1359 5217 Ad
1383 5182 1530 5232 quem
1552 5176 1721 5220 autem
1739 5184 1834 5221 an-

258 5241 475 5306 gelorum
498 5245 633 5301 dixit
653 5249 935 5319 aliquando
948 5268 968 5305 :
998 5252 1134 5308 Sede
1152 5273 1185 5307 a
1202 5256 1393 5311 dextris
1414 5258 1556 5324 meis,
1574 5260 1829 5326 quoadus-

261 5343 346 5395 que
373 5349 561 5399 ponam
608 5337 844 5395 inimicos
886 5353 999 5398 tuos
1038 5346 1312 5400 scabellum
1361 5349 1546 5417 pedum
1589 5354 1832 5405 tuorum?

260 5418 389 5477 Ecce
416 5439 608 5483 rursus
631 5429 712 5485 eis
738 5431 892 5486 addit
918 5434 1181 5502 animum,
1206 5438 1249 5492 si
1283 5440 1390 5492 sint
1415 5442 1701 5511 superandi
1730 5459 1816 5497 eo-

299 5576 851 5659 εριρὶςειξιξξζιιεθμιιξ
873 5586 1183 5659 Caesariensis
1206 5591 1318 5659 illud
1344 5606 1363 5659 s
1387 5608 1462 5654 θιάς
1498 5599 1810 5659 prmcedenle

247 5639 433 5713 intento
454 5642 523 5713 de
544 5643 695 5694 Patre
715 5645 809 5713 dici
835 5654 1038 5709 tantum,
1062 5639 1174 5713 quia
1194 5639 1329 5704 sua;
1349 5639 1813 5711 iunctais‘isgas

249 5707 355 5799 erat.
378 5700 555 5752 (kmtra
580 5720 698 5778 vero
721 5700 1093 5799 Cbrg’sostomus'
1110 5700 1265 5764 hic‘et
1277 5700 1815 5786 Biiis'iti'idcisiitfgiﬁi

287 5770 353 5799 iub
382 5772 491 5799 mm
517 5767 718 5799 animuin
739 5768 803 5799 (In
870 5769 951 5799 ει...
972 5785 1164 5799 nam“...
1190 5775 1280 5799 A:..:
1333 5792 1388 5799 Α..
1402 5781 1541 5799 ,ωλιμ
1707 5787 1734 5799 ..
1798 5794 1808 5799 -

287 5770 353 5815 διὸς
382 5772 492 5810 cum
516 5767 718 5818 articulo
739 5768 803 5818 de

254 5769 718 5885 zmwgticulo
739 5769 803 5818 de
823 5769 951 5820 Filio
972 5785 1165 5835 quoque
1187 5775 1300 5839 dici,
1329 5769 1651 5848 exemplaque
1669 5769 1814 5837 ain-Ei

1957 509 2076 557 rum
2101 494 2338 551 inimici:
2363 505 2419 551 et
2444 496 2651 552 inimici
2674 510 2865 553 suntm
2882 496 3046 553 iid
3065 496 3306 569 suntqui
3335 497 3538 556 inimici

1956 585 2176 643 Christi.
2210 587 2327 645 Hoc
2351 604 2544 645 rursus
2564 597 2651 647 est
2675 590 2847 660 regni,
2888 590 2993 649 lies
3019 589 3262 661 eittsdoul
3290 590 3536 659 honoris,

1957 676 2081 745 hoc,
2107 678 2347 750 inquam,
2372 688 2458 737 est
2482 681 2725 747 honoris,
2750 698 2859 739 non
2898 683 3301 747 imbecillitatis,
3322 683 3536 743 Putrem

1957 768 2111 835 irasci
2140 769 2210 826 de
2238 769 2307 825 iis
2332 786 2455 840 quae
2472 770 2613 828 facta
2641 781 2768 828 sunt
2794 774 2845 827 in
2875 772 3104 829 Filium:
3131 773 3234 829 hoc.
3252 784 3337 830 est
3357 775 3537 844 magni

1954 863 2178 931 amoris,
2212 872 2270 920 et
2295 864 2516 921 honoris
2545 872 2816 933 tamquam
2848 866 3013 934 patris
3037 881 3164 935 erga
3194 867 3383 924 ﬁlium.
3434 866 3539 935 Qui

1953 951 2096 1008 enim
2144 967 2243 1022 pro
2290 952 2410 1023 ipso
2441 953 2710 1017 irascitur.
2739 955 3013 1024 quomodo
3038 966 3122 1012 est
3149 957 3219 1013 ab
3261 957 3381 1028 ipso
3403 957 3539 1013 alieo

1955 1044 2098 1099 nus?
2126 1043 2301 1100 Donec
2328 1062 2516 1114 pom
2541 1046 2773 1101 ἐιιόιωὲοοο
2797 1054 2930 1100 tuos.
2956 1046 3111 1113 Quod
3138 1047 3271 1107 dicit
3292 1048 3456 1105 etiam
3481 1049 3538 1105 in

1953 1134 2191 1191 secundo
2219 1135 2435 1192 Pssimo
2463 1154 2476 1190 :
2507 1135 2607 1204 Qui
2630 1136 2825 1191 habitat
2850 1136 2904 1190 in
2934 1138 3070 1191 stetis
3100 1138 3333 1194 irridebit
3356 1155 3463 1204 eos,
3487 1150 3539 1195 et

1953 1228 2201 1285 Dominus
2228 1230 2554 1285 subsunebit
2579 1246 2681 1285 eos.
2720 1228 2862 1284 Tunc
2889 1230 3119 1297 loquetur
3153 1231 3223 1284 ad
3264 1247 3349 1287 eos
3376 1233 3431 1288 in
3458 1234 3538 1288 ira

1951 1337 2066 1388 sua,
2096 1330 2145 1375 et
2170 1321 2223 1376 in
2253 1321 2428 1391 furore
2452 1335 2545 1377 suo
2570 1320 2890 1376 conturbabit
2929 1337 3012 1376 eos
3065 1320 3238 1394 (Psal.
3272 1324 3327 1377 2.
3367 1324 3423 1379 4.
3452 1324 3535 1395 5).

1953 1409 2022 1468 Et
2061 1427 2245 1469 rtl'sus
2273 1413 2389 1483 ipse
2416 1413 2580 1470 dicit:
2612 1412 2719 1468 Eos
2760 1415 2848 1484 qui
2884 1414 3157 1469 noluaunt
3201 1432 3281 1469 nae
3322 1432 3539 1487 regnare

1951 1519 2104 1575 super
2127 1503 2284 1575 ipsos,
2309 1504 2551 1559 adducite
2574 1521 2747 1560 coruus
2771 1521 2870 1571 me,
2897 1514 2943 1559 et
2966 1505 3232 1575 interﬁcite
3258 1504 3413 1575 (Luc.
3439 1507 3532 1565 19.

1950 1596 2065 1667 2⁸1).
2100 1597 2231 1652 Nam
2254 1598 2396 1668 quod
2425 1598 2535 1653 sint
2556 1599 2676 1668 ejus
2706 1599 2892 1663 verba,
2922 1597 3049 1655 audi
3070 1598 3198 1669 quid
3229 1599 3391 1655 etiam
3406 1600 3537 1657 alibi

1951 1689 2128 1749 dicat:
2161 1689 2370 1757 Quoties
2393 1689 2532 1753 uolui
2546 1705 2856 1762 congregare
2875 1691 3012 1759 ﬁlios
3036 1701 3171 1757 tuos,
3201 1701 3248 1746 et
3270 1693 3537 1750 noluistis?

1954 1779 2088 1836 Ecce
2112 1781 2424 1849 relinquetur
2450 1781 2589 1837 vobis
2614 1783 2797 1837 doetus
2838 1792 3003 1838 uestra
3033 1783 3233 1839 deserta
3283 1783 3394 1854 (Id.
3438 1786 3528 1842 15.

1942 1874 2055 1947 54).
2076 1875 2145 1930 Et
2170 1892 2378 1944 rursus,
2409 1878 2687 1949 Auferstur
2721 1893 2756 1931 α
2799 1878 2939 1932 nobis
2980 1894 3212 1947 regnum,
3245 1889 3293 1932 et
3324 1880 3531 1935 dabitur

1943 1968 2081 2036 genti
2109 1967 2315 2036 facienti
2360 1971 2561 2037 fructus
2603 1969 2748 2039 ejus;
2790 1976 2846 2024 et
2892 1982 3099 2034 rursus,
3154 1969 3255 2036 Qui
3292 1971 3530 2027 ceciderit

1942 2074 2095 2129 super
2123 2058 2342 2124 lapidem
2368 2059 2543 2123 istum,
2572 2060 2955 2131 eonfringetur:
2985 2076 3139 2130 super
3164 2076 3314 2130 quem
3358 2071 3530 2117 autem

1942 2149 2198 2215 ceciderit,
2227 2149 2484 2204 ventilabit
2511 2167 2624 2205 eum
2656 2150 2870 2222 (Matth.
2897 2151 2990 2206 2|.
3018 2153 3108 2208 45.
3150 2152 3265 2224 ﬂ).
3310 2154 3527 2224 Alioqui

1941 2251 2120 2296 autem
2147 2241 2236 2311 qui
2261 2250 2345 2298 est
2370 2257 2467 2297 eos
2509 2242 2618 2297 illic
2652 2241 3011 2311 judicaturus,
3041 2243 3212 2298 multo
3241 2244 3411 2314 magis
3441 2243 3531 2299 hic

1943 2330 2154 2388 illorum
2186 2333 2539 2388 immanitatis
2570 2348 2760 2403 pinnas
2791 2334 3027 2403 repetiit.
3051 2334 3414 2403 Quamobrem
3446 2346 3532 2391 est

1942 2425 2110 2480 solius
2137 2425 2360 2482 honoris
2381 2428 2433 2481 iu
2462 2426 2655 2481 Filium
2682 2425 2838 2491 illud,
2865 2424 3043 2481 Donec
3072 2443 3262 2497 ponant
3295 2427 3531 2482 inimicos

1943 2526 2054 2573 tuos
2073 2517 2351 2573 scttbellutn
2374 2516 2561 2585 pedum
2590 2528 2814 2573 tuorum.

2015 2608 2325 2680 Angelorum
2359 2610 2804 2664 ministerium.-
2830 2610 2922 2665 14.
2971 2609 3157 2665 Nonne
3196 2627 3371 2666 omnes
3410 2623 3530 2667 sunt

1942 2702 2357 2756 administratorii
2376 2702 2606 2774 spiritus,
2628 2703 2682 2757 in
2709 2703 3038 2758 ministerium
3055 2705 3195 2759 missi
3220 2714 3425 2775 propter
3442 2721 3532 2760 eos

1940 2797 2028 2867 qui
2052 2795 2382 2850 hereditatem
2412 2795 2612 2866 capient
2647 2795 2868 2850 salutis?
2895 2794 3033 2861 Quid
3072 2796 3289 2862 mirum,
3336 2796 3526 2867 inquit,

1940 2886 1987 2941 si
2009 2886 2315 2940 ministrant
2344 2885 2503 2953 Filio,
2534 2901 2656 2940 eum
2684 2886 2845 2941 etiam
2878 2885 3181 2941 ministrent
3199 2886 3264 2940 ad
3289 2897 3526 2941 nostram

1941 2977 2204 3031 salutem?
2236 2976 2371 3031 Vide
2411 2976 2683 3046 quomodo
2710 2991 2897 3032 eorum
2937 2978 3140 3031 excitet
3185 2977 3426 3046 spiritus,
3474 2988 3528 3032 et

1942 3069 2169 3122 multum
2202 3068 2295 3122 Dei
2326 3068 2376 3121 in
2404 3081 2501 3121 nos
2528 3067 2786 3122 honorem
2811 3068 3078 3134 ostendat,
3101 3068 3146 3122 si
3164 3068 3379 3138 quidem
3400 3084 3535 3122 cono.

1941 3159 2134 3223 stituit,
2169 3168 2227 3211 ut
2254 3158 2453 3228 angeli,
2487 3159 2576 3227 qui
2606 3167 2732 3212 sunt
2763 3158 2919 3212 nobis
2948 3159 3277 3228 superiores,
3312 3159 3412 3213 hoe
3435 3158 3530 3212 ha-

1942 3254 2103 3309 beant
2127 3269 2222 3324 pro
2248 3254 2402 3309 nobis
2431 3253 2810 3308 ministerium.
2841 3251 2912 3307 Ut
2938 3252 2983 3307 si
3015 3252 3215 3307 dixerit
3238 3251 3526 3322 quispiam:

1944 3344 2055 3409 Eis,
2078 3344 2270 3413 inquit,
2296 3344 2361 3398 ad
2390 3343 2491 3398 hoc
2518 3344 2715 3398 utitur:
2749 3343 2850 3398 hoc
2870 3352 2954 3399 est
2974 3358 3168 3398 munus
3191 3344 3524 3413 angelorum,

1943 3437 2251 3492 ministrare
2275 3436 2384 3491 Deo
2408 3435 2475 3491 ad
2505 3444 2744 3491 nostram
2771 3435 3021 3491 salutem.
3044 3436 3405 3502 Quamobrem
3428 3436 3537 3490 hoc

1942 3535 2028 3581 est
2060 3526 2235 3595 angeli
2266 3539 2403 3595 opus
2446 3526 2625 3580 omnia
2665 3524 2846 3581 facere
2894 3524 2963 3580 ad
3009 3525 3231 3580 fratrum
3262 3525 3528 3587 salutem;

1943 3616 2053 3671 imo
2074 3631 2209 3671 vero
2237 3624 2321 3671 est
2345 3630 2481 3686 opus
2522 3617 2695 3685 ipsius
2716 3615 2956 3671 Christi:
2990 3631 3112 3671 nam
3147 3617 3263 3685 ipse
3309 3615 3529 3685 quidem

1943 3707 2035 3762 dat
2054 3709 2283 3764 salutem
2313 3716 2374 3762 ut
2404 3708 2683 3768 Dominus.
2714 3708 2814 3779 ipsi
2837 3718 3018 3764 autem
3060 3718 3330 3778 tamquam
3357 3710 3525 3763 servi.

1944 3800 2015 3855 Et
2040 3815 2139 3854 nos
2168 3800 2378 3855 etiamsi
2410 3801 2574 3864 servi,
2607 3799 2702 3854 sed
2726 3799 2978 3853 conservi
3004 3800 3339 3869 angelorum.
3368 3799 3526 3865 Quid.

1945 3890 2135 3959 inquit,
2162 3890 2381 3959 angelos
2394 3889 2603 3943 hiantes
2622 3888 2894 3959 suapicitis
2910 3890 2934 3942 ?
2950 3889 3090 3943 Sunt
3108 3890 3249 3943 servi
3270 3889 3387 3943 Filii
3413 3889 3539 3954 Dei,-

1945 3995 1998 4038 ct
2021 3987 2071 4039 iu
2095 3986 2254 4038 molet
2277 3985 2391 4038 loca
2421 3994 2641 4054 propter
2666 3998 2765 4038 nos
2793 3985 3096 4049 mittuntur,
3115 3993 3172 4039 et
3196 3984 3261 4039 ad
3288 3993 3531 4039 nostram

1945 4075 2247 4129 ministram
2265 4073 2490 4129 salutem
2517 4091 2530 4127 :
2550 4075 2897 4143 quamobrem
2918 4084 3043 4129 sum
3066 4076 3235 4130 nostri
3257 4076 3528 4130 conservi.

1945 4168 2188 4238 Cogitate
2230 4166 2500 4236 quomodo
2529 4181 2636 4220 non
2664 4166 2757 4221 dat
2782 4168 3045 4221 creaturis
3089 4181 3336 4237 magnam
3368 4166 3525 4222 dide.

1946 4258 2195 4313 rentiam.
2221 4258 2554 4327 Quamquam
2581 4259 2803 4312 multum
2834 4259 3053 4312 interest
3078 4258 3219 4312 inter
3238 4259 3459 4328 angelos
3478 4272 3533 4313 et

1951 4351 2218 4416 homines,
2244 4364 2339 4403 cos
2359 4357 2538 4403 tamen
2568 4364 2732 4418 prope
2751 4365 2850 4404 nos
2866 4349 3080 4405 deducit
3101 4368 3112 4403 :
3140 4350 3529 4421 prepemodum

1956 4453 2111 4509 nobis
2136 4451 2340 4513 dicens,
2373 4449 2601 4516 Propter
2629 4460 2730 4499 nos
2757 4445 3017 4509 laborant,
3040 4458 3258 4517 propter
3285 4461 3383 4500 nos
3407 4460 3535 4499 cur-

1956 4545 2139 4607 sitant,
2170 4551 2244 4604 et,
2290 4549 2347 4594 nt
2373 4538 2573 4594 dixerit
2617 4538 2904 4608 quispiam,
2933 4539 3089 4592 nobis
3117 4538 3376 4592 serviunt.
3419 4536 3533 4591 Hoc

1957 4646 2246 4689 esteorum
2277 4629 2657 4695 ministerium,
2682 4638 2905 4697 propter
2931 4641 3029 4680 nos
3066 4627 3116 4680 iu
3158 4642 3348 4682 omnes
3390 4628 3529 4681 mitti

1959 4732 2155 4795 partes.

2026 4817 2080 4869 5.
2111 4815 2204 4869 liis
2232 4812 2493 4882 exemplis
2515 4810 2729 4881 plenum
2754 4819 2838 4864 est
2864 4808 3050 4873 Vetus,
3077 4808 3292 4876 plenum
3323 4816 3405 4861 est
3424 4806 3533 4860 No-

1957 4924 2081 4963 vum
2110 4908 2532 4962 Testamentum.
2574 4904 2707 4958 Nam
2754 4902 2968 4972 quando
3009 4899 3185 4969 angeli
3230 4899 3531 4968 pastoribus

1956 5000 2156 5056 bonum
2176 4997 2522 5059 atmunliant,
2551 4993 2763 5065 quando
2793 4993 3001 5055 Mariae,
3045 4991 3260 5060 quando
3295 4989 3492 5059 Joseph
3512 5030 3528 5055 ,

1955 5087 2170 5159 quando
2193 5087 2381 5143 sedent
2406 5088 2459 5140 in
2481 5093 2826 5140 monumento
2850 5124 2864 5147 ,
2890 5082 3103 5152 quando
3146 5082 3425 5134 mittuntur
3461 5080 3529 5133 ad

1955 5181 2238 5237 dicendum
2265 5177 2576 5247 discipulis,
2618 5175 2727 5228 Viri
2754 5173 2958 5228 Galiltei
2984 5172 3107 5242 quid
3146 5172 3296 5225 statis
3322 5209 3338 5234 ,
3381 5170 3530 5240 aspi-

1952 5274 2135 5326 cientes
2160 5271 2214 5324 in
2238 5268 2419 5324 caelum
2448 5268 2602 5339 (Act.
2633 5268 2684 5321 1.
2718 5267 2777 5320 11
2800 5267 2867 5336 )?
2910 5263 3123 5332 quando
3168 5263 3380 5317 Petrum
3425 5262 3532 5317 sol-

1953 5373 2085 5418 vunt
2103 5377 2171 5418 ex
2221 5374 2479 5425 carcere,
2525 5357 2737 5428 quando
2785 5358 3129 5425 alloquuntur
3180 5353 3526 5423 Philippum:

1952 5452 2221 5524 quomodo
2266 5452 2419 5506 nobis
2465 5465 2569 5503 non
2619 5448 2895 5502 serviunt?
2942 5444 3127 5516 Cogita
3173 5453 3402 5514 quantus
3460 5444 3532 5499 sit

1953 5547 2144 5611 honor,
2179 5544 2394 5614 quando
2420 5543 2562 5597 Deus
2591 5540 2809 5610 angelos
2853 5538 3015 5592 mittit
3059 5537 3335 5591 ministros
3389 5543 3528 5589 tam-

1953 5652 2110 5706 quam
2141 5635 2205 5688 ad
2231 5634 2451 5696 amicos,
2479 5631 2692 5700 quando
2719 5629 2935 5697 angelus
2978 5636 3197 5696 apparet
3237 5625 3486 5681 Cornelio
3511 5667 3527 5691 ,

1955 5728 2167 5797 quando
2188 5740 2375 5781 omnes
2405 5722 2679 5793 apostolos
2708 5721 2852 5790 ejicit
2877 5736 2906 5774 c
2947 5736 3164 5775 carcere
3188 5761 3203 5786 ,
3249 5727 3306 5774 et
3349 5719 3478 5774 dicit
3510 5739 3522 5774 :

1961 5818 2147 5873 Euntes
2170 5827 2328 5879 state,
2357 5826 2404 5871 ct
2426 5814 2687 5885 loquimini
2715 5814 2764 5866 in
2793 5813 2981 5882 templo
3009 5814 3195 5882 populo
3225 5811 3371 5866 verba
3417 5814 3527 5867 vita:
