3956 6138
395 317 461 376 51
1136 324 1189 380 S.
1227 310 1507 376 JOANNIS
1543 311 2016 375 CHRYSOSTOMI
2055 316 2368 374 ARClllEP.
2413 315 2950 378 CONSTANTINOP.

398 441 574 512 hujus.
603 435 742 506 Quid
769 435 870 492 alia
895 435 1110 492 dicam?
1136 434 1304 490 Paulo
1349 449 1561 505 quoque
1600 434 1700 506 ipsi
1748 444 1970 506 apparet

391 531 632 601 angelus.
661 529 822 585 Vides
849 529 994 598 ipsos
1017 535 1238 596 propter
1267 526 1430 581 Deum
1456 525 1611 581 nobis
1640 525 1966 596 ministrare,

390 633 448 679 et
475 621 779 677 ministrare
806 620 856 674 in
884 619 1045 673 rebus
1071 617 1318 671 mximis
1337 618 1362 670 ἲ
1383 616 1666 687 Propterea
1687 617 1818 672 dicit
1841 619 1970 673 Pauo

393 714 498 778 lus,
529 713 712 768 Omnia
741 721 858 764 sunt
885 718 1072 774 vestra,
1096 710 1198 763 sive
1227 708 1347 773 vita,
1375 708 1479 762 sive
1503 724 1658 774 mors,
1691 710 1794 763 sive
1821 727 1968 763 mun-

391 804 513 866 dus,
544 803 647 856 sive
676 801 965 871 prasentia,
997 802 1098 853 sive
1145 799 1340 866 futura.
1387 798 1580 852 Missus
1627 814 1841 869 quoque
1884 808 1967 854 est

392 892 577 956 Filius,
606 892 697 946 sed
729 907 835 946 non
858 891 998 944 sicut
1035 889 1279 942 minister
1301 927 1318 954 ,
1346 903 1520 958 neque
1565 897 1831 958 tamquam
1875 891 1963 960 qui

388 985 567 1054 aliquo
615 984 924 1053 fungeretur
967 995 1228 1046 munere,
1278 979 1372 1035 sed
1424 989 1690 1049 tamquam
1716 981 1882 1036 Filius
1909 991 1965 1038 et

388 1075 694 1144 unigenitus
715 1115 729 1137 ,
761 1082 817 1128 et
843 1072 932 1143 qui
961 1071 1148 1127 eadem
1179 1071 1299 1124 vult
1325 1086 1442 1141 qua:
1469 1070 1647 1127 Pater.
1682 1070 1794 1127 lmo
1834 1089 1964 1130 vero

388 1181 456 1220 ne
481 1164 579 1220 fuit
605 1164 818 1234 quidem
860 1163 1094 1218 missus:
1128 1176 1232 1217 non
1263 1162 1405 1217 enim
1449 1178 1480 1217 a
1526 1163 1644 1219 loco
1689 1165 1742 1218 in
1787 1165 1961 1221 locum

389 1255 618 1320 transiit,
646 1254 742 1310 sed
773 1268 988 1309 carnem
1017 1254 1292 1322 suscepit;
1321 1253 1494 1323 angeli
1525 1269 1654 1310 vero
1680 1256 1795 1310 loca
1839 1273 1961 1312 mu-

387 1356 521 1410 tant,
552 1354 607 1401 et
635 1345 898 1415 prioribus
923 1344 978 1398 in
1001 1343 1193 1414 quibus
1244 1351 1368 1398 sunt
1416 1343 1688 1412 dimissis,
1743 1346 1809 1401 ad
1857 1349 1961 1404 alia

384 1437 638 1503 veniunt,
668 1435 722 1490 in
751 1434 944 1505 quibus
969 1449 1076 1489 non
1100 1443 1272 1488 erant.
1304 1433 1422 1488 Jam
1453 1448 1580 1489 vero
1608 1433 1711 1490 hoc
1750 1451 1962 1508 quoque

382 1537 465 1590 eis
491 1534 638 1590 addit
661 1535 895 1590 animum
916 1535 1099 1590 dicens
1131 1551 1144 1588 :
1167 1534 1306 1600 Quid
1337 1535 1580 1589 timetis?
1607 1535 1779 1604 angeli
1807 1536 1960 1590 nobis

387 1628 711 1682 ministrant.
743 1627 812 1682 Et
839 1642 960 1682 cum
989 1627 1212 1682 dixisset
1233 1626 1300 1680 de
1323 1626 1491 1692 Filio,
1540 1634 1597 1681 et
1642 1641 1760 1695 qua:
1792 1626 1958 1695 perti-

385 1726 517 1774 nent
542 1717 608 1772 ad
638 1717 1086 1788 dispensationem
1107 1758 1123 1784 ,
1155 1733 1274 1788 quae
1298 1717 1366 1773 ad
1394 1718 1718 1772 creationem
1747 1726 1804 1773 et
1841 1733 1960 1788 qua

383 1809 454 1863 ad
481 1824 702 1880 regnum
725 1819 781 1864 et
809 1810 1133 1865 ostendisset
1156 1825 1280 1866 eum
1305 1824 1429 1865 esse
1447 1810 1506 1865 in
1525 1811 1718 1866 eodem
1733 1810 1960 1880 honore,

382 1911 441 1957 et
461 1902 607 1972 quod
629 1912 901 1971 tamquam
929 1901 1184 1957 Dominus
1212 1901 1540 1957 dominatum
1570 1902 1806 1966 obtinet,
1854 1917 1962 1957 non

387 1994 440 2046 in
471 1992 616 2047 solos
645 1992 910 2058 homines,
942 1992 1035 2047 sed
1061 1993 1220 2047 etiam
1251 1992 1306 2046 in
1333 2006 1591 2062 supernas
1631 2001 1920 2062 potestates
1943 2034 1961 2059 ,

390 2099 484 2138 eos
506 2085 614 2154 jam
645 2085 977 2149 exhortatur,
1011 2086 1081 2138 ita
1111 2085 1350 2139 instituta
1383 2085 1627 2140 oratione
1649 2125 1667 2150 ,
1695 2083 1836 2153 quod
1867 2098 1962 2138 nos

387 2183 634 2244 oporteat
655 2174 886 2229 animum
913 2174 1168 2229 adbibere
1197 2174 1260 2228 iis
1288 2189 1408 2243 quae
1436 2183 1558 2228 sunt
1583 2173 1782 2227 audita.
1810 2172 1961 2241 (Cap.

387 2265 446 2335 2)
487 2263 539 2319 1.
592 2263 870 2335 Propterea
897 2264 1239 2317 abundantius
1269 2272 1463 2326 Oportet
1489 2263 1748 2316 observare
1777 2279 1867 2315 nos
1907 2280 1964 2316 ea

388 2369 503 2424 qua:
530 2355 833 2408 audivimus.
867 2353 962 2408 Hic
988 2353 1167 2408 dicere
1188 2352 1401 2406 volebat
1427 2353 1784 2407 abundantius
1805 2368 1962 2422 quam

390 2446 495 2516 legi
519 2445 904 2502 attendendum
937 2460 1076 2508 esse,
1099 2445 1192 2499 sed
1225 2444 1326 2499 hoc
1353 2443 1534 2509 siluit;
1570 2444 1728 2514 idque
1767 2444 1968 2499 indicat

391 2541 445 2593 in
477 2539 818 2609 probatione,
853 2553 958 2592 non
987 2538 1037 2591 in
1063 2536 1317 2597 consilio,
1349 2549 1450 2589 nec
1477 2536 1532 2588 in
1552 2535 1922 2589 exhortatione
1950 2551 1964 2588 ε

387 2631 480 2685 Sic
508 2630 650 2683 enim
680 2639 798 2684 erat
821 2630 1032 2683 melius.
1073 2628 1130 2681 9..
1175 2627 1237 2682 Si
1275 2627 1408 2680 enim
1455 2626 1540 2696 qui
1589 2643 1678 2694 per
1724 2627 1965 2696 angelos,

393 2719 596 2788 inquit,
625 2719 786 2772 dictus
817 2727 888 2771 est
936 2733 1117 2779 sermo,
1153 2717 1316 2783 factus
1343 2723 1416 2768 est
1461 2716 1662 2783 ﬁrmus,
1714 2725 1763 2768 et
1807 2716 1968 2768 omnis

393 2811 740 2878 prmaricatio
770 2819 816 2863 et
843 2807 1176 2862 inobedientia
1204 2807 1391 2875 accepit
1409 2806 1602 2874 justam
1624 2806 1863 2859 mercedis
1886 2822 1967 2859 re-

396 2901 716 2954 tributionem
738 2916 756 2953 :
786 2901 840 2954 5.
872 2897 1124 2966 quomodo
1165 2913 1256 2950 nos
1295 2895 1596 2966 e/fngiemus
1621 2937 1634 2958 ,
1681 2897 1725 2950 si
1777 2906 1969 2949 tantam

393 2992 762 3064 neglexerimus
826 2990 1080 3043 salutem?
1135 3002 1247 3058 qua:
1287 3003 1402 3040 cum
1452 2987 1652 3039 initium
1700 2987 1969 3057 accepisset

394 3081 670 3138 enarrandi
700 3097 788 3150 per
815 3079 1115 3144 Dominum,
1144 3076 1206 3130 ab
1231 3078 1300 3130 eis
1328 3077 1415 3146 qui
1461 3075 1732 3130 audierunt
1777 3078 1829 3129 in
1879 3093 1970 3130 nos

395 3176 700 3244 confirmata
755 3181 848 3225 est.
904 3170 1015 3223 Cur
1072 3176 1277 3238 oportet
1331 3167 1685 3222 abundantius
1735 3169 1969 3222 animum

393 3264 652 3319 adbibere
679 3263 742 3316 iis
773 3276 890 3331 qua:
918 3259 1094 3312 audita
1123 3257 1290 3313 sunt?
1313 3273 1490 3312 annon
1531 3267 1585 3312 et
1631 3259 1716 3312 illa
1766 3269 1820 3312 et
1859 3262 1971 3313 tunc

395 3365 522 3411 sunt
552 3355 644 3408 Dei
665 3354 688 3406 ?
713 3355 818 3406 Aut
839 3365 965 3420 ergo
983 3349 1112 3405 dicit
1132 3348 1274 3418 quod
1295 3348 1651 3402 abundantius
1671 3364 1828 3417 quam
1847 3349 1968 3418 legi,

395 3444 651 3514 autquod
681 3455 1004 3512 magnopere
1029 3441 1099 3494 sit
1144 3440 1558 3505 attendendum;
1607 3456 1712 3494 non
1756 3456 1972 3508 compa-

397 3551 544 3602 rans,
573 3536 731 3590 absit.
761 3535 890 3588 Nam
917 3534 1168 3602 quoniam
1196 3532 1265 3585 ob
1293 3532 1508 3600 longum
1551 3542 1760 3600 tempus
1805 3533 1971 3586 habe-

396 3631 525 3686 bant
554 3641 797 3696 magnam
827 3625 894 3680 de
919 3624 1096 3679 Veteri
1123 3624 1466 3678 Testamento
1490 3624 1828 3693 opinionem:
1859 3623 1974 3678 huic

395 3730 571 3776 autem
597 3728 863 3787 tamquam
893 3728 1028 3770 nova
1060 3713 1393 3770 habebantur
1420 3714 1766 3782 contemptui,
1793 3725 1971 3769 οειεηο

395 3813 473 3867 dit
495 3827 562 3866 ex
588 3808 910 3864 abundantia
941 3806 1083 3876 quod
1115 3805 1198 3859 his
1238 3805 1408 3873 magis
1453 3805 1686 3858 animum
1717 3805 1973 3860 adhibere

395 3909 658 3972 oporteat.
687 3897 997 3967 Quomodo?
1032 3893 1423 3964 Propemodum
1449 3895 1634 3950 dicens
1661 3912 1676 3950 :
1706 3895 1797 3950 Dei
1850 3897 1970 3965 qui-

395 3994 521 4046 dem
545 3999 668 4045 sunt
693 3989 806 4043 lure
831 3997 885 4044 et
912 3988 1020 4051 illa,
1039 3986 1132 4041 sed
1157 4001 1261 4039 non
1281 3986 1550 4039 similiter.
1577 3985 1644 4039 Et
1665 3985 1767 4040 hoc
1787 3999 1970 4054 postea

397 4092 551 4147 nobis
580 4092 850 4156 ostendit;
880 4090 1094 4146 interim
1131 4098 1308 4143 antem
1353 4088 1456 4142 hoc
1496 4089 1672 4141 minus
1717 4084 1976 4154 profunde

397 4183 648 4245 adstruit,
689 4193 874 4253 postea
901 4192 1078 4238 autem
1112 4181 1465 4241 manifestius,
1496 4180 1679 4233 dicens
1709 4196 1722 4233 :
1754 4176 1890 4231 Nam
1935 4175 1979 4229 si

395 4273 528 4327 illud
555 4275 694 4341 prius
719 4275 871 4342 culpa
897 4283 1155 4335 vacasset:
1182 4280 1237 4327 et
1267 4287 1479 4325 rursum
1507 4310 1522 4334 ,
1556 4268 1696 4322 Nam
1721 4267 1855 4335 quod
1881 4284 2000 4354 (ιη-κ

399 4365 622 4434 liquatur
646 4374 694 4418 et
722 4366 967 4430 senescit,
1002 4375 1073 4419 est
1105 4381 1262 4434 prope
1289 4363 1548 4416 interitum
1590 4358 1783 4431 (Infra
1835 4360 1887 4414 8.
1923 4358 1976 4410 7.

399 4454 526 4524 15).
559 4455 664 4511 Sed
695 4456 930 4511 nondum
959 4457 1118 4512 audet
1140 4455 1431 4525 quidquam
1467 4452 1774 4523 huiusmodi
1799 4451 1980 4506 dicere

399 4545 452 4598 in
482 4547 757 4614 prooemiis
780 4587 795 4610 ,
825 4546 998 4602 donec
1025 4547 1322 4601 auditorem
1355 4544 1596 4614 pluribus
1636 4557 1980 4611 praeoccupa.

399 4639 466 4691 rit
485 4647 541 4694 et
559 4640 806 4694 tenuerit.
833 4639 941 4694 Cur
959 4655 1088 4709 ergo
1115 4655 1212 4694 nos
1232 4645 1446 4708 oportet
1473 4636 1641 4706 magis
1665 4633 1981 4690 attendere?

402 4725 488 4780 Ne
515 4732 664 4799 forte,
693 4729 880 4799 inquit,
920 4731 1290 4800 pereﬂiuamus.
1319 4727 1430 4782 Hoc
1456 4736 1558 4788 est,
1587 4742 1760 4796 neque
1790 4740 1980 4803 perea-

401 4835 556 4884 mus,
592 4836 766 4890 neque
816 4821 1148 4876 exeidamus.
1191 4821 1259 4875 Et
1304 4819 1388 4874 hic
1434 4817 1669 4874 ostendit
1707 4833 1864 4887 quam
1912 4816 1982 4870 sit

401 4913 579 4982 gravis
607 4928 785 4980 casus,
817 4913 1069 4983 quoniam
1093 4921 1178 4967 est
1205 4911 1423 4967 difﬁcile
1443 4919 1505 4964 ut
1530 4909 1581 4964 id
1609 4908 1747 4979 quod
1775 4906 1984 4962 efﬂuxit

404 5013 724 5071 revertatur,
755 5004 1183 5075 quandoquidem
1211 5003 1314 5058 hoc
1335 5001 1528 5058 accidit
1551 5017 1615 5056 ex
1637 5000 1878 5055 socordia
1919 5015 1984 5054 ac

404 5095 744 5166 negligentia.
789 5095 995 5150 Dictum
1039 5104 1215 5149 autem
1264 5093 1470 5162 accepit
1516 5106 1584 5146 ex
1627 5090 1980 5146 Proverbiis:

408 5184 515 5238 Fili
534 5225 550 5248 ,
592 5186 784 5256 inquit,
817 5203 878 5240 ne
902 5185 1164 5256 pereﬁluas
1197 5185 1216 5254 (
1247 5182 1399 5237 Prov.
1433 5183 1486 5238 '5.
1512 5182 1574 5236 2|
1605 5181 1622 5251 )
1649 5197 1663 5245 ;
1693 5180 1983 5234 ostendens

399 5285 454 5332 et
477 5292 637 5346 quam
667 5277 836 5332 facilis
863 5277 934 5331 sit
959 5277 1159 5346 lapsus,
1181 5283 1237 5330 et
1274 5288 1434 5343 quam
1481 5272 1660 5343 gravis
1710 5271 1982 5327 interitus.

404 5366 516 5422 Hoc
540 5377 624 5422 est
651 5367 919 5434 videlicet,
953 5366 1097 5437 quod
1126 5381 1232 5420 non
1260 5366 1378 5419 sine
1409 5364 1650 5434 periculo
1691 5373 1778 5419 est
1801 5402 1819 5430 ,
1873 5379 1980 5417 non

404 5459 644 5514 obedire.
695 5459 764 5514 Et
807 5475 905 5531 per
933 5475 994 5514 ea
1044 5458 1258 5530 quidem
1303 5473 1424 5527 qua:
1471 5455 1700 5511 adstruit
1745 5456 1982 5511 ostemiit

407 5547 582 5615 majus
609 5563 728 5603 esse
757 5549 1099 5619 supplicium.
1126 5547 1303 5618 Ipsum
1329 5555 1505 5600 autem
1548 5561 1733 5601 rursus
1765 5545 1985 5600 dimittit

407 5639 817 5707 inquirendum,
847 5659 947 5697 nec
989 5641 1281 5698 concludit.
1329 5641 1442 5696 lloc
1483 5647 1627 5695 enim
1669 5649 1754 5696 est
1807 5640 1985 5695 minus

409 5731 688 5785 molestam
718 5730 945 5789 reddere
967 5733 1267 5790 orationem
1289 5773 1305 5800 ,
1342 5746 1447 5789 non
1475 5747 1538 5788 ex
1571 5745 1628 5788 se
1659 5731 1856 5804 ubique
1899 5732 1983 5786 in-

3583 329 3666 387 52

2071 433 2294 489 ferendo
2317 434 2598 504 judicium,
2627 437 2721 492 sed
2747 434 3100 508 relinquendo
3124 435 3178 491 in
3202 445 3464 509 potestate
3498 440 3658 495 audi-

2070 523 2226 589 toris,
2256 534 2313 579 ut
2337 524 2453 596 ipse
2478 525 2617 582 ferat
2641 528 2966 582 sententiam
2998 543 3013 581 :
3041 527 3191 598 quod
3215 529 3434 600 quidem
3473 531 3658 588 reddit

2075 617 2247 684 magis
2275 615 2622 672 benevolum.
2653 617 2768 674 Hoc
2795 618 2970 688 ipsum
3001 628 3177 675 autem
3208 619 3335 675 facit
3385 623 3546 676 etiam
3592 622 3654 677 in

2075 705 2257 761 Veteri
2285 705 2489 760 Natban
2514 706 2796 778 propheta,
2826 707 2953 763 etin
2978 707 3228 764 Matthan
3271 709 3514 766 Christus
3563 711 3654 767 di-

2069 812 2239 855 cens:
2272 800 2407 864 Quid
2431 800 2578 870 faciet
2623 800 2860 871 agricolis
2902 799 3042 856 illius
3084 802 3242 856 vinea
3282 801 3511 873 (Matth.
3556 803 3656 858 2|.

2069 889 2221 960 40)?
2249 899 2304 945 et
2336 891 2480 960 ipsos
2525 906 2724 962 cogens
2771 891 2912 948 ferre
2960 895 3278 948 sententiam
3311 911 3330 948 τ
3358 893 3460 949 hoc
3505 893 3656 950 enim

2066 998 2146 1041 est
2169 989 2403 1040 maxima
2429 987 2666 1040 victoria.
2700 985 2902 1041 Deinde
2930 1001 3052 1041 cum
3096 985 3352 1052 dixisset,
3406 985 3468 1041 Si
3509 987 3652 1042 enim

2064 1079 2150 1147 qui
2177 1095 2266 1147 per
2292 1078 2498 1148 angelos
2527 1077 2694 1130 dictus
2718 1086 2791 1130 est
2815 1093 3000 1142 sermo,
3034 1080 3198 1147 [actus
3220 1085 3292 1130 est
3317 1077 3516 1144 firmus,
3542 1092 3657 1129 non

2067 1169 2367 1237 Subjunxit,
2393 1167 2557 1222 Multo
2584 1169 2751 1236 magis
2781 1178 2958 1222 autem
2988 1167 3034 1221 is
3059 1167 3148 1236 qui
3194 1182 3293 1237 per
3338 1165 3612 1222 Christum
3635 1184 3655 1232 ;

2069 1260 2162 1315 sed
2189 1260 2291 1314 hoc
2318 1258 2532 1328 quidem
2559 1257 2725 1323 misit,
2757 1257 2893 1313 dixit
2918 1267 3096 1314 autem
3128 1257 3268 1324 quod
3295 1268 3378 1313 est
3422 1258 3604 1313 minus
3635 1275 3659 1314 :

2072 1350 2341 1416 Quomodo
2369 1365 2461 1402 nos
2487 1347 2809 1419 e/fugiamus,
2835 1349 2880 1402 si
2921 1356 3115 1402 tantam
3157 1348 3530 1417 neglexerimus
3575 1363 3665 1400 sa-

2071 1443 2226 1495 lutem
2246 1442 2272 1495 ?
2300 1439 2434 1496 Vide
2459 1448 2641 1495 autem
2665 1439 2933 1508 quomodo
2967 1439 3130 1493 iaciat
3163 1439 3655 1508 comparationem.

2073 1532 2134 1586 Si
2159 1533 2292 1585 enim
2312 1531 2400 1600 qui
2431 1545 2522 1598 per
2540 1527 2768 1600 angelos,
2790 1527 2984 1598 inquit,
3009 1527 3174 1582 dictus
3198 1537 3271 1582 est
3298 1543 3481 1582 sermo.
3516 1527 3660 1594 Illic,

2072 1621 2178 1674 Per
2195 1619 2438 1692 angelos;
2467 1620 2556 1674 hic
2581 1631 2783 1682 autem,
2816 1617 2917 1672 Per
2947 1616 3221 1673 Dominum
3253 1634 3272 1672 :
3297 1627 3353 1673 et
3392 1619 3499 1674 illie
3536 1619 3663 1688 qui-

2069 1712 2194 1768 dem
2221 1726 2436 1776 sermo;
2469 1710 2556 1765 hic
2583 1719 2760 1764 autem
2791 1709 2956 1763 salus.
2987 1708 3188 1764 Deinde
3217 1723 3284 1763 ne
3325 1707 3470 1762 dicat
3506 1707 3662 1778 quis-

2074 1803 2213 1874 piam
2247 1818 2260 1855 :
2289 1802 2466 1870 Quid?
2490 1817 2610 1871 quae
2632 1809 2688 1855 tu
2715 1800 2868 1866 dicis,
2900 1814 2931 1850 o
2954 1799 3116 1853 Paule
3135 1840 3150 1864 ,
3179 1814 3240 1854 ea
3269 1808 3392 1853 sunt
3417 1798 3616 1854 Christi
3635 1802 3662 1854 ?

2075 1903 2417 1965 praeoccupat
2441 1904 2493 1948 et
2524 1892 2627 1948 fide
2653 1892 2868 1962 dignum
2903 1892 2952 1945 id
2980 1891 3250 1955 ostendit,
3302 1902 3358 1947 et
3405 1893 3546 1963 quod
3592 1909 3665 1949 ea

2073 1988 2142 2041 ab
2174 1987 2266 2041 illo
2293 1986 2590 2052 audiverit,
2621 1993 2678 2040 et
2704 1985 2849 2055 quod
2882 2000 2943 2040 ea
2975 2001 3117 2040 nunc
3145 2001 3175 2040 a
3210 1985 3319 2042 Dco
3367 1986 3616 2042 dicantur
3645 2029 3664 2053 ,

2077 2093 2182 2133 non
2232 2077 2404 2131 solum
2444 2090 2575 2132 voce
2626 2090 2721 2145 per
2762 2091 2944 2130 acrem
2993 2077 3223 2145 emissa,
3275 2078 3414 2132 sicut
3458 2079 3670 2134 factum

2075 2177 2159 2224 est
2199 2167 2251 2221 in
2289 2167 2464 2234 Mose,
2515 2165 2609 2220 sed
2660 2165 2827 2235 signis
2869 2181 2987 2236 quae
3042 2167 3238 2222 ﬁebant
3283 2178 3335 2223 et
3366 2169 3527 2225 rebus
3575 2179 3669 2224 te-

2077 2261 2360 2316 stantibus.
2637 2262 2639 2264 ’

2149 2353 2204 2407 4.
2233 2350 2370 2418 Quid
2395 2358 2570 2404 autem
2594 2356 2699 2415 est,
2731 2349 2792 2404 Si
2810 2350 2941 2403 enim
2962 2351 3048 2421 qui
3070 2369 3158 2421 per
3177 2353 3383 2423 angelos
3404 2355 3568 2408 dictus
3589 2364 3678 2408 est

2077 2459 2263 2508 sermo,
2290 2441 2457 2511 factus
2484 2450 2556 2494 est
2584 2440 2801 2507 ﬁrmus?
2832 2440 2886 2494 In
2919 2441 3151 2512 Epistula
3182 2460 3396 2515 quoque
3439 2447 3507 2500 ad
3550 2446 3673 2502 Ga-

2080 2536 2214 2591 latas
2241 2534 2320 2588 sic
2344 2532 2476 2587 dicit
2507 2550 2520 2586 :
2553 2530 2814 2601 Disposita
2840 2548 2928 2602 per
2955 2535 3162 2604 angelos
3202 2536 3257 2588 in
3286 2553 3440 2590 manu
3470 2538 3678 2592 media-

2081 2627 2242 2691 toris;
2267 2634 2322 2680 et
2345 2639 2553 2689 rursus,
2586 2624 2861 2694 Accepistis
2887 2625 3046 2696 legem
3072 2628 3126 2680 in
3151 2628 3486 2697 dispositione
3509 2647 3680 2702 ange-

2083 2720 2248 2773 lorum
2271 2758 2287 2783 ,
2312 2727 2479 2772 etnon
2507 2715 2812 2770 custodiistis
2845 2713 2988 2784 (Gal.
3019 2717 3074 2772 '5.
3103 2717 3189 2773 l9.
3241 2719 3354 2771 Act.
3385 2720 3436 2772 7.
3465 2720 3555 2790 55)
3576 2736 3591 2784 ;
3614 2730 3682 2776 el

2086 2811 2282 2880 ubique
2311 2822 2429 2862 eam
2462 2807 2593 2861 dicit
2636 2807 2750 2861 dari
2779 2821 2876 2877 per
2900 2808 3137 2876 angelos.
3171 2807 3424 2864 Nonnulli
3451 2811 3680 2880 quidem

2086 2902 2271 2956 dicunt
2295 2899 2532 2970 Moysem
2565 2899 2725 2954 tacite
2766 2898 3093 2968 significari;
3133 2901 3228 2955 sed
3257 2917 3363 2956 non
3413 2910 3497 2958 est
3539 2917 3681 2958 con-

2088 3006 2401 3051 sentaneum
2431 3009 2445 3047 :
2471 2993 2670 3047 multos
2697 2992 2840 3046 enim
2871 2993 2958 3048 hic
2983 2993 3115 3048 dicit
3144 2995 3388 3063 angelos.
3418 2995 3515 3051 Hic
3539 3013 3678 3067 quo-

2089 3101 2194 3156 que
2242 3082 2461 3153 angelos
2500 3097 2595 3137 eos
2625 3082 2754 3136 dicit
2783 3083 2873 3152 qui
2915 3094 3039 3138 sunt
3083 3083 3136 3138 in
3190 3085 3341 3140 caelo.
3371 3084 3508 3153 Quid
3545 3104 3681 3157 ergo

2090 3177 2216 3232 est?
2243 3177 2351 3230 Aut
2373 3173 2688 3244 decalogum
2734 3173 2866 3228 dicit
2893 3176 3066 3230 solum
3101 3193 3114 3229 :
3148 3175 3260 3231 illic
3288 3179 3430 3233 enim
3465 3181 3682 3251 Moyses

2087 3277 2426 3348 loquebatur,
2458 3284 2513 3330 et
2554 3275 2694 3328 Deus
2737 3271 3098 3342 respondebat
3138 3287 3153 3325 :
3185 3273 3446 3338 autquod
3487 3271 3676 3338 angeli

2089 3369 2338 3422 adessent
2367 3365 2478 3419 Deo
2501 3364 2723 3434 jubente
2750 3380 2765 3416 :
2795 3371 2887 3416 aut
2908 3362 3023 3417 tunc
3037 3360 3169 3416 dicit
3188 3360 3254 3416 de
3277 3361 3526 3414 omnibus
3552 3377 3678 3429 quae

2088 3457 2228 3512 dicta
2281 3464 2336 3510 et
2389 3454 2525 3509 facta
2571 3463 2694 3508 sunt
2744 3453 2796 3507 in
2823 3452 3027 3517 Veteri,
3074 3451 3219 3522 quod
3270 3452 3581 3507 societatem
3618 3452 3675 3506 in

2093 3547 2175 3602 his
2221 3545 2508 3600 habuerint
2556 3544 2754 3613 angeli.
2794 3543 3076 3610 Quomodo
3120 3552 3296 3598 autem
3341 3543 3472 3598 dicit
3519 3543 3672 3606 alibi,

2094 3639 2244 3707 Quod
2275 3639 2355 3692 lea:
2378 3638 2498 3691 data
2527 3639 2623 3707 fuit
2652 3653 2740 3706 per
2767 3635 2962 3690 Mosam
2990 3634 3168 3706 (Joan.
3205 3637 3258 3690 1.
3290 3635 3378 3698 17)
3405 3677 3420 3700 ,
3455 3633 3538 3688 hic
3570 3651 3678 3687 au-

2091 3739 2195 3785 tem
2227 3745 2323 3799 per
2364 3727 2621 3799 angelos?
2655 3727 2785 3781 dicit
2820 3725 2963 3782 enim
2989 3768 3004 3792 ,
3039 3725 3106 3779 Et
3151 3726 3405 3778 descendit
3450 3723 3584 3777 Deus
3614 3726 3670 3777 in

2087 3821 2303 3891 caligine
2330 3818 2524 3891 (Exod.
2554 3818 2642 3873 19.
2669 3818 2785 3889 20).
2817 3817 2876 3872 Si
2907 3817 3037 3870 enim
3059 3817 3256 3886 qui'per
3276 3816 3480 3886 angelos
3505 3815 3671 3867 dictus

2085 3920 2159 3964 est
2184 3927 2370 3975 sermo,
2399 3915 2562 3980 factus
2591 3919 2664 3962 est
2686 3910 2884 3975 ﬁrmus.
2909 3907 3048 3975 Quid
3078 3913 3179 3968 est,
3203 3904 3412 3959 Firmus
3429 3906 3454 3958 .9
3473 3905 3667 3970 Verus,

2089 4011 2147 4056 ut
2170 4002 2240 4056 ita
2269 4001 2466 4067 dicam,
2496 4009 2552 4056 et
2579 3999 2747 4053 lidelis
2779 4016 2794 4053 :
2828 3997 2881 4052 in
2906 4008 3147 4068 tempore
3171 3995 3514 4051 convenienti
3543 4012 3668 4051 eve-

2089 4103 2278 4149 nerunt
2318 4092 2494 4146 omnia
2530 4107 2648 4160 qua:
2677 4090 2818 4145 dicta
2869 4098 3012 4143 sunt.
3067 4089 3175 4142 Aut
3218 4086 3320 4140 hoc
3362 4086 3521 4153 dicit;
3575 4097 3670 4142 aut

2085 4181 2226 4254 quod
2254 4183 2359 4236 vim
2388 4191 2442 4236 et
2472 4181 2802 4234 dominatum
2833 4179 3093 4244 obtinuit,
3133 4188 3184 4233 et
3225 4179 3382 4232 mina:
3408 4177 3478 4231 ad
3523 4177 3668 4232 elle—

2086 4286 2231 4332 ctum
2255 4287 2378 4331 sunt
2410 4277 2682 4340 deductae;
2715 4283 2806 4328 aut
2833 4288 3140 4328 sermonem
3164 4272 3295 4327 dicit
3318 4273 3482 4339 iussa.
3504 4270 3665 4326 Multa

2085 4368 2226 4422 enim
2257 4367 2373 4422 sine
2396 4367 2510 4436 lege
2535 4366 2810 4435 jusserunt
2837 4363 3011 4434 angeli
3037 4377 3067 4416 a
3097 4362 3206 4417 Deo
3231 4363 3379 4418 missi
3407 4380 3421 4415 :
3450 4361 3587 4416 sicut
3610 4362 3663 4414 in

2085 4458 2203 4514 loco
2233 4460 2428 4524 luctus,
2459 4468 2698 4526 tempore
2720 4455 2968 4510 iudicum
2998 4455 3048 4508 in
3078 4455 3357 4509 Samsone.
3383 4452 3513 4506 Nam
3544 4469 3665 4522 pro-

2085 4559 2264 4620 pterea
2297 4565 2401 4605 non
2433 4549 2600 4614 dixit,
2630 4547 2738 4602 Lex
2763 4589 2778 4613 ,
2812 4547 2906 4601 sed
2931 4586 2947 4612 ,
2977 4546 3178 4601 Sermo.
3210 4545 3334 4599 Mihi
3365 4554 3545 4598 autem
3577 4543 3664 4599 hic

2085 4642 2251 4710 magis
2281 4639 2420 4695 forte
2445 4640 2655 4694 videtur
2683 4640 2864 4694 dicere
2905 4653 2966 4692 ea
2992 4677 3009 4703 ,
3037 4652 3157 4707 quas
3203 4647 3328 4691 sunt
3355 4635 3662 4705 dispensata

2086 4747 2180 4801 per
2207 4731 2443 4801 angelos.
2477 4730 2617 4798 Quid
2657 4745 2786 4800 ergo
2821 4729 3102 4784 dicemus?
3131 4726 3370 4783 Aderant
3402 4737 3527 4782 tunc
3562 4742 3661 4781 au-

2083 4824 2186 4895 geli
2217 4825 2410 4894 quibus
2441 4832 2566 4878 tunc
2593 4839 2726 4894 gens
2774 4823 2946 4876 fuerat
2990 4821 3192 4875 credita
3218 4861 3234 4886 ,
3270 4830 3325 4875 et
3370 4819 3470 4890 ipsi
3522 4818 3664 4874 tubis

2083 4917 2383 4983 canebant;
2413 4926 2469 4972 et
2497 4915 2601 4970 alia
2640 4914 2909 4978 edebant,
2939 4928 3133 4982 nempe
3159 4911 3334 4982 ignem
3358 4951 3372 4975 ,
3400 4920 3455 4966 et
3479 4911 3662 4978 caligi-

2083 5023 2227 5065 nem.
2267 5007 2335 5062 Et
2361 5008 2525 5063 omnis
2549 5048 2566 5072 ,
2607 5007 2817 5077 inquit,
2865 5005 3214 5075 praevaricatio
3256 5014 3302 5057 et
3329 5003 3667 5057 inobedientia

2083 5101 2273 5171 accepit
2309 5103 2504 5172 justam
2533 5098 2776 5154 mercedis
2803 5097 3206 5152 retributionem.
3251 5095 3366 5150 Non
3402 5096 3516 5149 ha:c
3544 5095 3664 5162 qui-

2083 5191 2229 5256 dem,
2263 5191 2350 5244 illa
2374 5200 2553 5246 autem
2573 5205 2930 5259 nequaquam,
2957 5187 3055 5242 sed
3080 5187 3275 5240 omnis.
3305 5184 3447 5238 Nihil
3470 5183 3668 5238 mansit

2085 5282 2308 5337 inultum
2335 5322 2352 5348 ,
2396 5282 2489 5336 sed
2518 5281 2724 5351 Accepit
2741 5281 2938 5351 justam
2965 5279 3208 5334 mercedis
3247 5275 3627 5330 retributionem
3647 5318 3664 5342 ,

2083 5373 2136 5429 id
2163 5383 2266 5436 est,
2292 5373 2695 5443 castigationem
2724 5382 2776 5428 et
2804 5388 3040 5442 pinnam.
3065 5372 3172 5427 Cur
3192 5381 3375 5425 autem
3399 5369 3478 5424 sic
3501 5370 3661 5424 dixit?

2085 5465 2157 5519 Ita
2197 5464 2334 5520 solet
2373 5464 2566 5518 Paulus
2595 5462 2889 5517 dictionum
2922 5478 3029 5517 non
3056 5475 3305 5531 magnam
3333 5460 3533 5516 habere
3576 5475 3662 5514 rae

2085 5557 2283 5612 tionem
2309 5597 2325 5622 ,
2357 5555 2451 5611 sed
2483 5554 2947 5610 indiseriminatim
2991 5555 3152 5610 etiam
3199 5554 3255 5608 in
3299 5553 3459 5610 rebus
3509 5552 3664 5608 bonis

2085 5664 2284 5719 ponere
2313 5663 2375 5703 ea
2403 5664 2523 5720 quae
2553 5647 2748 5702 malam
2775 5646 2972 5702 habent
3000 5647 3450 5717 signiﬁcationem
3479 5662 3492 5698 :
3523 5643 3666 5699 sicut

2082 5741 2242 5798 etiam
2271 5741 2400 5800 dicit
2426 5741 2577 5810 alibi,
2611 5740 2676 5797 In
2696 5741 3036 5813 captivitatem
3058 5742 3338 5813 redigentes
3368 5755 3566 5795 omnem
3585 5740 3675 5792 in-
