3956 6138
213 316 276 366 55

220 404 530 478 «dtigentiam
559 403 629 455 ad
657 399 989 455 obedientium
1029 395 1227 452 Christo
1257 395 1333 463 (2.
1365 395 1484 447 Cor.
1506 393 1591 446 10.
1616 393 1690 462 5).
1721 391 1789 447 Et

219 514 397 556 rursus
421 496 546 550 alibi
576 491 851 550 mercedis
876 488 1282 546 retributionem
1311 485 1486 556 posuit
1511 499 1606 554 pro
1633 484 1788 551 puni-

219 595 381 658 tione;
409 600 463 646 et
493 587 584 644 hic
613 585 938 657 supplicium
966 588 1124 637 vocat
1152 577 1478 634 mercedem.
1512 576 1572 632 Si
1592 576 1789 647 justum

212 702 303 752 est,
336 688 528 754 inquit,
565 686 708 752 apud
743 683 908 738 Deum
937 682 1205 737 retribuere
1231 682 1296 734 iis
1320 681 1402 749 qui
1427 695 1517 733 vos
1542 678 1783 732 tribulam

214 782 603 843 tribulationem,
617 789 665 833 et
677 776 824 831 vobis
844 775 930 845 qui
949 773 1258 828 tribulamini
1273 772 1488 840 requiem
1503 769 1580 841 (2.
1599 769 1778 824 Thess.

213 871 357 944 1.6.).
386 869 632 936 Hocest,
664 885 772 922 non
815 874 1064 935 compta
1105 874 1186 918 est
1226 862 1452 932 iustitia,
1499 859 1593 915 sed
1642 859 1783 914 Deus

210 979 314 1017 eam
344 971 430 1018 est
455 969 787 1030 exsequutus
812 998 827 1022 ,
856 966 908 1011 et
949 968 1135 1026 pugnas
1162 952 1430 1007 convertit
1475 952 1525 1004 in
1572 965 1664 1005 eos
1694 949 1783 1017 qui

213 1059 596 1122 peccaverunt:
629 1049 840 1104 etiamsi
867 1061 972 1101 non
997 1045 1176 1098 omnia
1209 1051 1422 1112 peccata
1455 1042 1506 1096 in
1538 1050 1781 1111 apertum

210 1143 562 1212 proferantur,
593 1141 695 1195 nisi
725 1139 834 1193 sint
861 1136 1055 1191 violata
1087 1150 1146 1190 ea
1173 1151 1293 1204 quin
1319 1143 1441 1188 sunt
1471 1131 1782 1188 constituta.

211 1235 471 1299 Quomodo
501 1249 622 1303 ergo
647 1274 662 1297 ,
688 1231 878 1300 inquit,
909 1244 1000 1282 nos
1019 1226 1319 1296 effugiemus
1342 1265 1356 1288 ,
1395 1225 1437 1278 si
1462 1233 1656 1276 tantam
1695 1238 1784 1275 ne-

206 1327 504 1396 glexerimus
545 1320 935 1378 salutem?Per
966 1320 1078 1373 haec
1127 1316 1446 1387 signiﬁcavit
1487 1316 1629 1369 illam
1679 1329 1785 1368 non

205 1433 454 1488 magnam
485 1415 647 1469 fuisse
673 1415 920 1468 salutem.
947 1410 1174 1466 Pulchre
1204 1409 1368 1464 etiam
1392 1406 1616 1472 addidit,
1651 1404 1786 1458 Tan-

205 1521 331 1564 tam.
361 1509 481 1563 Non
509 1507 650 1562 enim
675 1546 691 1569 ,
730 1504 935 1574 inquit,
969 1517 1066 1556 nos
1107 1516 1248 1555 nunc
1287 1499 1521 1557 servabit
1549 1513 1577 1550 a
1612 1497 1784 1556 hellis.

204 1616 388 1671 neque
430 1598 688 1668 prcebebit
723 1607 917 1650 terram
953 1604 1006 1647 et
1035 1593 1174 1647 bona
1203 1605 1320 1660 qua:
1366 1588 1568 1642 suntin
1603 1597 1782 1653 terra;

203 1690 296 1744 secl
328 1690 523 1743 mortis
551 1689 653 1741 erit
678 1687 899 1750 deletio,
933 1685 1027 1740 sed
1056 1683 1255 1738 diaboli
1286 1680 1557 1745 interitus,
1588 1678 1682 1734 sed
1706 1695 1787 1732 re-

201 1797 368 1852 gnum
397 1781 682 1844 calorum,
715 1777 810 1832 sed
854 1778 962 1829 vita
1007 1785 1226 1828 atterna.
1267 1770 1392 1824 llaec
1427 1771 1568 1824 enim
1609 1768 1788 1821 omnia

203 1873 528 1944 compendio
561 1871 815 1932 ostendit,
845 1869 1029 1923 dicens
1055 1909 1068 1929 ,
1101 1867 1161 1921 Si
1187 1874 1380 1918 tantum
1414 1863 1788 1930 'neglexerimus

201 1967 445 2018 salutem.
475 1961 672 2018 Deinde
711 1960 988 2030 subjunxit
1019 1957 1070 2012 id
1113 1957 1254 2027 quod
1298 1971 1407 2008 rem
1440 1953 1544 2008 ﬁde
1573 1953 1787 2021 dignam

201 2053 369 2110 efficit
400 2073 412 2109 :
447 2054 570 2120 Qua:
595 2067 712 2106 cum
743 2053 941 2105 initium
971 2049 1240 2118 accepisset
1269 2046 1544 2101 enarrandi
1573 2061 1663 2115 per
1685 2043 1792 2098 Do-

201 2150 421 2201 minum.
451 2147 562 2201 Hoc
588 2155 693 2211 est,
725 2146 794 2198 ab
831 2145 946 2213 ipso
973 2145 1117 2197 fonte
1159 2141 1365 2210 accepit
1413 2138 1619 2194 initium
1644 2153 1660 2190 :
1684 2153 1790 2192 non

199 2241 370 2296 homo
398 2256 512 2294 eam
540 2238 778 2293 traduxit
807 2239 860 2291 in
892 2248 1086 2290 terram
1114 2277 1128 2298 ,
1174 2250 1279 2288 non
1309 2243 1488 2288 creata
1533 2239 1786 2300 potestas,

203 2334 299 2386 sed
332 2333 446 2401 ipse
469 2330 810 2401 Uuigcnitus.
853 2328 926 2382 Ab
955 2327 1026 2380 eis
1052 2327 1137 2395 qui
1160 2325 1449 2389 audierunt,
1481 2325 1534 2376 in
1558 2338 1647 2375 nos
1667 2337 1790 2374 con-

203 2431 410 2496 ﬁrmata
437 2435 530 2479 est.
562 2423 700 2489 Quid
735 2422 836 2477 sibi
865 2421 973 2474 \‘ttll
1011 2419 1158 2482 illud,
1189 2418 1498 2486 Conﬁrmata
1523 2414 1636 2468 est?
1661 2411 1794 2467 Cre-

201 2518 312 2572 dita
342 2517 466 2582 fuit,
489 2515 819 2570 antevenit:
845 2527 966 2566 nam
998 2511 1286 2571 Habemus,
1312 2508 1507 2578 inquit,
1531 2504 1744 2560 arrham
1777 2521 1791 2558 :

201 2618 306 2670 hoc
333 2625 439 2680 est,
470 2629 580 2667 non
621 2620 706 2667 est
735 2609 1016 2673 exstincta,
1061 2620 1166 2660 non
1194 2604 1354 2658 desiit
1379 2645 1394 2668 ,
1427 2601 1522 2656 scd
1548 2599 1794 2654 domina-

200 2715 316 2760 tum
343 2705 559 2759 obtinet
583 2711 640 2756 et
668 2707 906 2770 superat.
937 2697 1104 2751 Causa
1121 2703 1299 2750 autem
1322 2701 1405 2748 est
1427 2691 1607 2746 divina
1629 2689 1798 2745 virtus

205 2811 321 2864 qua:
348 2803 633 2863 cperatur.
665 2790 802 2858 Quid
833 2789 1096 2858 signiﬁcat
1121 2785 1250 2840 illud
1273 2826 1288 2852 ,
1320 2783 1394 2837 Ab
1419 2784 1483 2837 iis
1508 2783 1595 2852 qui
1622 2779 1799 2834 audie-

207 2887 358 2941 runt?
377 2886 496 2940 Hoc
523 2892 648 2949 est,
692 2883 728 2935 ii
764 2881 850 2950 qui
882 2896 911 2933 a
939 2878 1164 2932 Domino
1207 2877 1528 2941 audierunt,
1574 2873 1672 2942 ipsi
1703 2886 1799 2925 nos

207 2982 622 3036 confirmarunt.
649 2975 893 3044 Magnum
927 2981 1011 3027 est
1038 2971 1140 3025 hoc
1167 2978 1223 3024 ct
1247 2967 1349 3023 ﬁde
1381 2967 1617 3037 dignum.
1647 2964 1800 3032 Quod

209 3072 419 3142 quidem
449 3069 627 3124 Lucas
647 3080 858 3138 quoque
883 3063 1012 3119 dicit
1042 3063 1096 3118 in
1126 3063 1276 3117 initio
1304 3059 1577 3130 Evangelii
1608 3077 1620 3112 :
1655 3059 1801 3114 Sicut

211 3163 528 3215 tradiderunt
560 3158 701 3210 nobis
723 3156 811 3227 qui
845 3154 906 3207 ab
932 3154 1075 3208 initio
1103 3152 1202 3222 ipsi
1231 3152 1480 3215 viderunt,
1513 3158 1559 3202 et
1587 3149 1803 3202 ministri

214 3260 411 3325 fuerunt
441 3251 692 3305 sermonis
723 3247 875 3322 (Luc.
907 3249 958 3302 l.
988 3246 1064 3315 2).
1091 3245 1371 3312 Quomodo
1397 3257 1527 3314 ergo
1549 3242 1646 3296 fuit
1669 3257 1802 3297 con-

216 3348 416 3401 ﬁrmata
439 3345 466 3398 ἒν
489 3343 628 3412 Quid
661 3344 703 3395 si
738 3342 771 3395 ii
803 3341 891 3410 qui
921 3339 1204 3394 audierunt
1229 3379 1244 3404 ,
1279 3338 1469 3408 inquit,
1498 3335 1804 3389 ﬁnxerunt?

217 3431 323 3492 lloc
349 3453 482 3506 ergo
509 3433 734 3492 refellit,
755 3441 814 3486 ‘ct
839 3428 1072 3485 ostendit
1101 3445 1204 3482 non
1236 3443 1355 3480 esse
1379 3427 1662 3480 humanam
1691 3439 1804 3494 grao

221 3541 359 3602 tiam,
394 3547 452 3594 et
479 3534 759 3605 subiunxit
793 3549 808 3587 :
839 3532 894 3588 ι.
923 3531 1241 3586 Contestante
1263 3525 1390 3580 Deo.
1434 3523 1616 3593 Neque
1659 3520 1801 3576 enim

223 3632 264 3684 si
291 3631 574 3684 ﬁnxissent
599 3670 614 3693 ,
645 3627 788 3681 Deus
830 3623 938 3678 illis
966 3620 1334 3678 testimonium
1374 3616 1605 3672 tulisset.
1628 3611 1807 3666 Testi-

226 3723 466 3775 m0nium
494 3719 710 3791 quidem
741 3718 818 3771 illi
851 3715 1048 3780 ferunt,
1081 3713 1182 3767 fert
1221 3721 1398 3766 autem
1431 3708 1572 3762 Deus
1600 3717 1810 3775 quoque

228 3817 615 3872 teStimonium.
647 3811 934 3882 Quomodo
973 3809 1076 3864 fert
1113 3803 1512 3862 testimonium?
1547 3799 1665 3854 Non
1695 3812 1810 3852 ser-

231 3924 409 3972 mone,
444 3922 620 3976 neque
648 3920 782 3960 voce
813 3921 828 3964 ;
862 3918 983 3957 nam
1027 3910 1170 3956 esset
1208 3897 1420 3968 quidem
1465 3894 1567 3948 hoc
1603 3904 1814 3961 quoque

234 3999 521 4063 credibile;
555 3998 648 4052 sed
694 3992 1004 4066 quomodo?
1033 3991 1206 4062 Signis
1250 3999 1292 4042 et
1325 3986 1565 4058 portentis
1591 3993 1635 4036 et
1666 3979 1818 4035 variis

235 4093 520 4148 virtutibus.
545 4091 780 4147 Pulchre
808 4088 984 4160 posuit
1013 4085 1160 4151 illud,
1202 4083 1364 4137 Variis
1385 4079 1669 4139 uirtutibus,
1696 4089 1820 4144 gra-

241 4186 492 4240 tuitorum
560 4183 828 4237 donorum
905 4194 1000 4234 seu
1066 4176 1445 4231 charismatum
1518 4167 1822 4238 signiﬁcans

243 4277 620 4332 abundantiam
656 4292 672 4333 ;
702 4273 844 4344 quod
873 4271 1088 4342 quidem
1130 4284 1234 4322 non
1279 4266 1472 4319 factum
1506 4269 1588 4315 est
1626 4259 1676 4312 in
1719 4257 1825 4328 pri-

247 4370 419 4423 oribus
445 4411 462 4435 ,
509 4381 683 4437 neque
709 4375 786 4420 tot
827 4364 975 4433 signa
1003 4370 1057 4416 et
1087 4371 1193 4414 tam
1226 4354 1545 4411 differentia.
1582 4351 1692 4405 lloc
1720 4358 1823 4412 est,

249 4459 353 4516 Non
385 4471 594 4516 temere
622 4473 685 4513 ac
706 4457 902 4513 leviter
928 4455 1033 4510 illis
1061 4451 1408 4510 credidimus,
1442 4444 1537 4500 sed
1565 4458 1655 4512 per
1679 4441 1827 4510 signa

250 4565 297 4610 et
324 4563 596 4625 portenta.
624 4549 985 4620 Quamobrem
1008 4561 1110 4600 non
1141 4545 1244 4600 illis
1263 4540 1552 4604 credimus,
1577 4535 1670 4591 sed
1697 4535 1826 4588 Deo.

254 4645 314 4700 Et
344 4647 577 4715 Spiritus
605 4644 766 4698 sancti
805 4637 1244 4695 distributionibus
1270 4633 1546 4689 secundum
1576 4646 1719 4685 suam
1749 4644 1848 4681 νοο-

257 4739 519 4791 tantatem.
549 4734 686 4802 Quid
717 4731 860 4803 quod
883 4741 937 4788 et
966 4728 1383 4800 prmstigiatores
1413 4723 1562 4793 signa
1593 4719 1831 4779 faciunt,

257 4838 305 4880 et
328 4827 498 4882 Jud.ei
522 4841 643 4880 eum
668 4825 719 4878 in
748 4820 1049 4878 Beelzebub
1081 4817 1330 4872 dicebant
1351 4815 1546 4884 ejicere
1575 4809 1837 4866 dmmonia

259 4915 404 4983 (Luc.
437 4916 520 4968 ll.
549 4914 678 4984 15)?
699 4912 805 4967 Sed
835 4925 939 4965 non
974 4909 1176 4963 faciunt
1197 4904 1460 4976 ejusmodi
1499 4903 1646 4971 signa
1679 4917 1692 4955 :
1719 4915 1839 4967 pro-

259 5021 438 5078 pterea
470 5007 644 5070 dixit,
686 5005 856 5059 Variis
907 5001 1191 5057 virtutibus.
1246 4998 1339 5052 Illa
1379 4997 1520 5052 enim
1571 5009 1673 5047 non
1719 5001 1842 5046 Sunt

261 5103 423 5152 virtus
471 5106 524 5153 et
577 5097 858 5168 potentia,
909 5093 1000 5149 sed
1049 5091 1428 5153 imbecillitas,
1484 5087 1576 5140 scd
1618 5085 1752 5136 visio
1784 5100 1844 5134 ac

265 5191 538 5259 phantasia
583 5199 640 5245 et
682 5205 769 5242 res
814 5189 1022 5242 inanes.
1075 5185 1362 5253 Propterea
1409 5179 1575 5243 dixit,
1625 5176 1848 5244 Spiritus

265 5283 420 5334 sancti
450 5279 888 5334 distributionibus
919 5275 1195 5331 secundum
1221 5289 1365 5327 suam
1394 5269 1724 5324 rolnntatem.

323 5373 387 5426 '5.
406 5370 506 5425 llic
528 5370 659 5423 mihi
680 5369 895 5422 videtur
915 5366 1073 5420 etiam
1094 5363 1290 5432 aliquid
1310 5359 1450 5415 aliud
1470 5356 1810 5413 subindicare
1835 5370 1848 5407 :

269 5471 346 5515 est
372 5461 513 5515 enim
537 5459 837 5514 verisimile
865 5470 971 5512 non
1004 5471 1122 5510 esse
1152 5455 1262 5509 illic
1285 5452 1480 5506 nmltos
1508 5449 1594 5520 qui
1620 5447 1854 5502 habeant

270 5551 626 5614 charismata;
679 5564 739 5605 ea
779 5561 961 5604 autem
991 5546 1287 5608 defecisse,
1334 5553 1519 5614 utpote
1558 5540 1697 5612 quod
1732 5539 1854 5592 facti

274 5653 450 5698 essent
479 5642 584 5712 ipsi
611 5642 946 5697 hebetiores.
984 5637 1054 5694 Ut
1084 5653 1211 5707 ergo
1237 5652 1331 5691 eos
1361 5645 1412 5690 ct
1445 5636 1496 5688 in
1539 5634 1639 5687 hoc
1661 5644 1855 5684 conso-

275 5735 431 5806 letur,
461 5745 517 5791 et
553 5745 662 5792 tum
701 5731 860 5792 sinat
884 5730 1045 5802 dejici
1074 5729 1278 5794 animo,
1324 5744 1491 5791 totum
1541 5720 1858 5800 tribuit_l)ei

1065 281 1131 340 IN
1170 277 1384 340 EPIST.
1427 278 1520 334 Αι)
1558 271 1920 330 HEBHAEOS.
1962 271 2114 327 CAP.
2160 269 2224 322 ll.
2267 266 2494 322 llOMlL
2537 264 2628 321 Ill.

3407 258 3478 318 at

1883 377 2112 434 consilio
2143 397 2156 432 :
2189 377 2306 447 lpse
2329 378 2472 431 enim
2501 377 2666 440 novit,
2695 375 2886 446 inquit,
2910 375 3034 445 quid
3064 375 3255 445 cuique
3277 376 3464 430 conle—

1885 481 1988 537 rat,
2018 479 2073 526 et
2094 470 2162 523 ita
2182 469 2409 538 gratiam
2435 468 2723 522 distribuit.
2749 467 2902 535 Quod
2925 467 3138 534 quidem
3162 465 3285 520 facit
3305 467 3465 521 etiam

1886 561 1940 616 in
1971 559 2192 628 epistula
2220 558 2285 612 ad
2311 558 2620 612 Corinthios
2650 557 2835 610 dicens
2867 575 2880 610 :
2917 557 3054 610 Deus
3086 558 3248 624 posuit
3282 573 3468 610 unum-

1886 668 2129 722 quemque
2143 661 2367 703 nostrum
2387 651 2514 702 sicut
2537 649 2730 714 voluit;
2758 657 2813 704 et
2831 665 3034 713 rursus,
3069 647 3352 718 Unicuique
3381 666 3474 701 au-

1889 752 1986 796 tem
2027 742 2366 810 manifestatio
2392 741 2620 807 Spiritus
2641 741 2792 792 datur
2810 740 2878 792 atl
2896 741 3180 803 utilitatem,
3200 740 3476 793 secundum

1887 833 1999 902 ejus
2035 831 2341 886 uoluntatem
2372 829 2391 903 (
2420 833 2466 884 l.
2513 828 2633 883 Cor.
2666 830 2753 884 l2.
2802 831 2888 884 18.
2920 829 3006 902 7).
3053 831 3300 886 Ostendit
3324 830 3463 900 quod

1883 931 2149 985 charisma
2180 938 2263 983 est
2295 944 2361 983 ex
2390 927 2666 982 voluntate
2693 927 2887 980 Patris.
2915 927 3069 994 Saepe
3095 937 3275 980 autem
3305 927 3466 980 etiam

1892 1029 2111 1089 propter
2139 1019 2302 1073 vitam
2347 1018 2674 1072 immundam
2713 1027 2765 1071 et
2809 1018 3086 1071 socordem
3128 1033 3191 1072 ac
3223 1019 3467 1087 ignaram

1887 1114 2039 1168 niiilti
2087 1128 2192 1165 non
2239 1120 2563 1180 acceperunt
2603 1111 2867 1165 charisma
2909 1128 2923 1163 :
2972 1126 3370 1180 nonnumquam
3417 1119 3472 1166 et

1887 1206 1976 1275 qui
2005 1205 2199 1258 bonam
2230 1203 2428 1258 habent
2458 1204 2619 1256 vitam
2647 1213 2701 1257 et
2739 1218 2949 1272 puram,
2986 1219 3090 1256 non
3122 1211 3466 1271 acceperunt.

1888 1297 2065 1364 Quare
2091 1295 2114 1347 ?
2154 1294 2232 1349 Ne
2257 1294 2590 1364 superbiant,
2625 1310 2691 1347 ne
2720 1294 3096 1359 intumescant,
3139 1309 3205 1347 ne
3232 1292 3359 1347 ﬁant
3384 1309 3476 1347 se-

1888 1390 2124 1460 gniores,
2169 1403 2236 1442 ne
2276 1388 2392 1456 plus
2431 1404 2588 1458 quam
2635 1403 2730 1457 par
2771 1388 2840 1440 sit
2881 1389 3226 1442 extollantur.
3268 1387 3398 1441 Nam
3429 1387 3477 1447 si

1892 1481 2050 1535 etiam
2094 1479 2295 1549 absque
2319 1479 2645 1534 charismate
2684 1480 2796 1549 ipsa
2827 1495 2972 1548 pura:
2996 1480 3114 1534 vita:
3144 1479 3475 1534 conscientia

1893 1573 2089 1627 sufficit
2117 1573 2182 1626 ad
2211 1571 2575 1627 extollendum
2611 1590 2625 1627 :
2657 1573 2824 1626 multo
2847 1574 3034 1641 magis,
3069 1573 3284 1642 quando
3315 1572 3477 1625 etiam

1894 1665 2048 1719 adest
2069 1665 2259 1732 gratia.
2285 1665 2644 1732 Quamobrem
2673 1665 2841 1734 magis
2870 1665 3133 1717 dabantur
3153 1663 3478 1718 charismata

1897 1754 2190 1810 humilibus
2234 1765 2289 1810 et
2332 1755 2708 1824 simplicibus;
2741 1765 2795 1810 et
2836 1757 3066 1809 tuamne
3106 1756 3478 1824 simplicibus:

1900 1861 2024 1900 nam
2073 1845 2138 1899 In
2185 1847 2540 1916 simplicitate,
2592 1847 2800 1916 inquit,
2847 1856 2892 1899 et
2944 1847 3274 1899 exsultatione
3319 1847 3485 1899 cordis

1893 1937 2038 2009 (Aet.
2060 1937 2114 1990 2.
2143 1936 2262 2007 46).
2293 1937 2402 1992 llac
2423 1938 2565 1991 enim
2596 1939 2803 1994 ratione
2827 1938 2970 2007 ipsos
2993 1938 3159 2007 magis
3183 1949 3266 1993 est
3289 1939 3486 1993 exhor-

1903 2037 2067 2092 tatus,
2087 2037 2142 2083 et
2169 2030 2213 2082 si
2232 2038 2386 2083 erant
2409 2029 2681 2097 segniores
2698 2039 2752 2083 et
2778 2028 3218 2099 negligentiores,
3246 2031 3484 2099 pupugit.

1906 2121 2132 2176 llumilis
2157 2123 2322 2183 enim,
2350 2130 2404 2174 et
2428 2123 2515 2190 qui
2562 2137 2627 2176 ex
2652 2121 2953 2190 phantasia,
2985 2138 3174 2192 magna
3205 2123 3272 2176 de
3297 2138 3355 2177 sc
3383 2140 3489 2178 non

1907 2214 2278 2283 apprehendit,
2296 2213 2349 2266 ﬁt
2364 2213 2668 2282 diligentior
2680 2223 2734 2268 et
2752 2214 2964 2276 melior,
2983 2215 3195 2284 quando
3227 2216 3493 2270 charisma

1907 2306 2195 2375 acceperit,
2209 2315 2471 2374 tamquam
2497 2305 2585 2375 qui
2609 2315 2799 2373 prteter
2815 2305 3126 2375 dignitatem
3148 2307 3372 2376 accepit,
3395 2322 3495 2360 nec

1911 2412 1970 2451 se
1990 2397 2258 2451 existimat
2277 2410 2398 2450 esse
2417 2395 2758 2466 dignumzqui
2777 2412 2908 2451 vero
2924 2397 3196 2454 existimat
3219 2413 3277 2451 se
3296 2397 3494 2466 aliquid

1913 2489 2155 2559 prteclari
2196 2489 2409 2555 fecisse,
2457 2489 2510 2543 id
2550 2489 2648 2544 sibi
2695 2489 2935 2544 debitum
2972 2498 3139 2558 putat,
3170 2499 3224 2543 et
3262 2489 3494 2544 inﬂatur.

1911 2581 2271 2650 Quamobrem
2301 2582 2439 2636 Deus
2457 2581 2559 2637 hoc
2579 2582 2782 2636 utiliter
2797 2582 3085 2652 dispensat.
3108 2582 3262 2650 Quod
3284 2583 3498 2652 quidem

1916 2673 2115 2728 videris
2141 2674 2302 2727 etiam
2326 2673 2564 2728 invenire
2584 2673 2635 2726 in
2668 2672 2907 2728 Ecclesia
2941 2690 2953 2729 :
2982 2688 3103 2727 nam
3125 2673 3262 2727 alius
3285 2673 3500 2742 quidem

1918 2766 2079 2822 habet
2105 2781 2410 2821 sermonem
2446 2766 2902 2820 accommodatum
2933 2765 2999 2820 ad
3021 2767 3344 2828 docendum,
3365 2767 3504 2821 alius

1917 2868 2095 2913 autem
2127 2873 2225 2913 nec
2254 2866 2431 2928 potest
2453 2873 2514 2912 os
2550 2859 2780 2928 aperire.
2816 2859 2985 2913 Nemo
3017 2859 3176 2929 igitur
3223 2869 3504 2929 propterea

1919 2951 2105 3006 dolore
2117 2949 2378 3004 afﬁciatur
2397 2968 2409 3004 :
2433 2947 2710 3019 Unicuique
2720 2951 2852 3003 enim
2864 2950 3016 3002 datur
3029 2951 3165 3002 mani
3169 2951 3369 3020 festatio
3383 2951 3507 3015 Spi-

1922 3043 2049 3096 ritus
2062 3041 2130 3094 ad
2149 3042 2414 3095 utilitate»:
2441 3042 2516 3110 (l.
2535 3042 2652 3094 Cor.
2675 3041 2760 3095 l2.
2779 3042 2853 3110 7).
2877 3040 3008 3095 Nam
3026 3043 3068 3095 si
3092 3043 3251 3095 homo
3275 3041 3507 3109 paterfa-

1925 3134 2102 3188 milias
2130 3133 2276 3186 novit
2317 3131 2443 3202 quid
2471 3132 2664 3202 cuique
2701 3131 2894 3195 tradat,
2929 3133 3099 3186 multo
3130 3134 3298 3201 magis
3334 3134 3505 3195 heus,

1927 3203 2016 3294 qui
2047 3226 2148 3278 scit
2186 3233 2418 3279 mentem
2465 3225 2738 3278 hominum
2761 3265 2776 3290 ,
2825 3225 2913 3293 qui
2965 3227 3112 3279 novit
3143 3227 3320 3279 omnia
3347 3226 3513 3295 prius-

1929 3333 2088 3386 quam
2113 3325 2228 3370 orta
2243 3316 2370 3369 sint.
2396 3314 2570 3370 Unum
2590 3327 2676 3371 est
2692 3317 2868 3371 solum
2890 3315 2958 3372 de
2978 3333 3084 3387 quo
3112 3319 3302 3372 merito
3319 3327 3399 3371 est
3427 3317 3515 3371 do-

1934 3407 2150 3462 lendum
2169 3449 2182 3472 ,
2219 3422 2410 3476 nempe
2432 3417 2708 3476 peccatum
2733 3425 2747 3472 ;
2779 3407 2912 3462 nihil
2941 3417 3119 3464 autem
3145 3410 3306 3464 aliud.
3338 3409 3415 3464 Ne
3439 3409 3516 3462 di-

1935 3515 2026 3554 cas
2047 3519 2060 3553 :
2080 3500 2186 3553 Cur
2206 3514 2310 3553 non
2334 3498 2506 3553 habeo
2529 3499 2812 3568 pecunias?
2833 3510 2942 3562 aut,
2967 3500 3022 3554 Si
3047 3500 3317 3564 haberem,
3333 3500 3515 3554 darem

1938 3591 2277 3661 pauperibus.
2306 3589 2492 3644 Nescis
2530 3605 2622 3655 an,
2650 3591 2694 3644 si
2725 3589 2951 3644 haberes
2970 3631 2984 3654 ,
3018 3593 3186 3660 magis
3216 3606 3368 3644 esses
3392 3606 3518 3644 ava-

1944 3697 2070 3745 rus;
2104 3695 2243 3735 nunc
2271 3681 2412 3734 enim
2443 3681 2557 3733 tunc
2581 3679 2735 3745 dicis,
2765 3680 2860 3734 sed
2890 3681 2934 3734 si
2964 3681 3038 3735 rei
3063 3682 3282 3735 fecisses
3315 3683 3520 3748 pericu-

1945 3779 2077 3836 lum.
2101 3790 2249 3829 esses
2277 3776 2433 3829 alius.
2459 3777 2589 3830 Nam
2617 3781 2777 3830 etiam
2801 3778 3017 3846 quando
3043 3779 3299 3834 fuerimus
3324 3783 3522 3845 satiati,

1941 3869 2307 3922 existimamus
2331 3881 2430 3920 nos
2462 3883 2618 3936 posse
2640 3867 2883 3935 jejunare
2915 3887 2927 3921 :
2960 3868 3174 3936 quando
3198 3879 3374 3923 autem
3404 3887 3527 3940 par-

1943 3975 2066 4012 vum
2099 3959 2464 4014 intercesserit
2501 3957 2765 4026 spatium,
2796 3957 2898 4010 alia
2940 3972 3041 4012 nos
3071 3958 3212 4013 subit
3250 3961 3524 4028 cogitatio.

1944 4051 2175 4112 Rursus,
2196 4048 2408 4118 quando
2438 4048 2700 4102 fuerimus
2721 4057 2871 4102 extra
2889 4047 3226 4115 ebrietatem,
3254 4051 3528 4104 existima-

1946 4158 2066 4197 mus
2095 4158 2192 4196 nos
2221 4157 2378 4210 posse
2420 4142 2520 4195 boc
2552 4143 2738 4196 vitium
2771 4158 3026 4211 superare
3064 4161 3077 4196 :
3109 4145 3323 4212 quando
3346 4160 3525 4200 autem

1944 4249 2004 4288 ea
2034 4250 2132 4288 nos
2164 4234 2388 4302 ceperit,
2428 4250 2530 4287 non
2560 4235 2760 4302 utique.
2795 4233 2869 4287 Nc
2908 4234 3208 4297 dicas,Cur
3231 4251 3334 4289 non
3371 4238 3527 4292 habui

1945 4327 2208 4379 charisma
2235 4340 2330 4380 seu
2360 4325 2586 4394 gratiam
2615 4325 2840 4378 docendi
2871 4327 2892 4378 ?
2923 4326 2965 4378 si
2989 4325 3265 4391 haberem,
3295 4327 3530 4381 {adiﬁca-

1948 4432 2062 4472 rem
2087 4417 2522 4472 innumerabiles.
2554 4417 2766 4481 Nescis,
2796 4418 2839 4470 si
2869 4417 3121 4483 haberes,
3147 4435 3274 4473 num
3301 4419 3352 4473 id
3386 4430 3530 4474 esset

1949 4510 2043 4563 tibi
2072 4510 2122 4562 in
2157 4509 2438 4577 judicium,
2482 4526 2606 4562 num
2637 4509 2852 4570 invidia.
2898 4525 3022 4563 num
3057 4511 3262 4580 pigritia
3287 4512 3532 4566 efﬁceret

1949 4608 2006 4654 ut
2034 4600 2290 4653 talentum
2313 4600 2692 4655 absconderes.
2716 4600 2887 4669 Atque
2913 4616 3054 4654 nunc
3073 4602 3285 4670 quidem
3310 4616 3369 4655 es
3397 4603 3532 4656 liber

1947 4692 2124 4747 abhis
2153 4693 2420 4755 omnibus,
2453 4708 2548 4745 nec
2579 4692 2621 4746 si
2655 4693 2905 4748 frumenti
2939 4708 3043 4747 non
3073 4693 3286 4748 dederis
3318 4709 3533 4749 mensu-

1950 4799 2104 4848 ram,
2154 4782 2247 4837 tibi
2290 4783 2445 4836 datur
2483 4783 2610 4836 \‘ilio
2651 4802 2662 4834 :
2705 4795 2828 4836 tunc
2871 4793 3046 4838 autem
3079 4800 3226 4838 esses
3263 4785 3532 4843 obnoxius

1952 4873 2445 4928 innumerabilibus.
2475 4873 2727 4942 Alioquin
2757 4883 2930 4926 autem
2958 4889 3055 4927 nec
3083 4889 3222 4928 nunc
3242 4889 3300 4928 es
3325 4875 3534 4930 alienus

1952 4982 1979 5019 a
2011 4965 2354 5021 charismate.
2389 4965 2624 5019 Ostende
2655 4967 2705 5018 in
2739 4983 2905 5034 parvo
2928 4967 3101 5036 qualis
3132 4983 3298 5031 esses,
3329 4970 3371 5022 si
3401 4971 3530 5022 illud

1954 5059 2180 5113 haberes
2207 5076 2219 5109 :
2251 5057 2310 5112 Si
2332 5058 2498 5122 enim,
2535 5059 2722 5128 inquit,
2750 5060 2802 5112 in
2833 5076 2987 5127 parvo
3017 5062 3190 5128 ﬁdeles
3212 5077 3311 5113 non
3339 5063 3530 5131 fuistis,

1953 5150 2203 5216 quomodo
2233 5148 2368 5217 quod
2396 5165 2635 5218 ntagnmn
2676 5159 2748 5201 est
2786 5150 2924 5202 vobis
2972 5151 3111 5203 dabit
3147 5152 3332 5221 aliquis
3359 5151 3530 5224 (Luc.

1958 5241 2042 5292 lli.
2087 5239 2233 5308 ll)?
2274 5239 2509 5294 Ostende
2559 5239 2698 5293 sicut
2739 5239 2896 5294 vidua
2943 5259 2956 5294 :
3000 5241 3085 5294 illa
3131 5242 3357 5297 habebat
3397 5245 3535 5299 duos

1956 5331 2163 5393 obolos,
2193 5340 2245 5384 et
2273 5341 2443 5384 totum
2472 5333 2613 5400 quod
2648 5332 2831 5387 habuit
2863 5333 3099 5385 immisit.
3131 5335 3338 5399 Quieris
3365 5351 3530 5404 pecu-

1957 5424 2124 5476 nias?
2162 5422 2387 5476 ostendc
2429 5424 2570 5492 quod
2609 5439 2806 5493 paucas
2845 5423 3140 5493 despicias,
3177 5435 3233 5477 ut
3269 5427 3428 5479 ctiam
3471 5427 3538 5482 de

1959 5513 2140 5569 multis
2159 5514 2252 5567 tibi
2274 5514 2488 5568 credam
2520 5531 2532 5565 :
2558 5515 2600 5566 si
2624 5524 2800 5567 autem
2832 5532 2896 5569 ne
2923 5515 3017 5569 has
3044 5515 3258 5584 quidem
3282 5517 3537 5586 despicis,

1961 5604 2126 5658 multo
2156 5605 2324 5673 magis
2365 5619 2466 5658 nec
2508 5604 2645 5656 illas.
2681 5605 2886 5657 llursus
2933 5607 2982 5658 in
3033 5621 3283 5662 sermone
3311 5614 3539 5664 ostende

1964 5705 2014 5751 lc
2045 5707 2186 5752 recte
2217 5711 2370 5752 usum
2403 5709 2523 5750 csso
2552 5694 2918 5748 adinonieione
2945 5701 2996 5749 et
3028 5698 3271 5753 consilio.
3304 5700 3414 5754 Non
3449 5702 3540 5755 ba-
