3956 6138
454 242 528 299 ’55
1221 247 1279 303 S.
1318 226 1594 302 JDANNIS
1631 232 2098 298 CIIRYSOSTOMI
2137 230 2452 290 AﬂClllEl’.
2488 231 3025 290 CONSTANTINOP.
3650 226 3720 282 36

439 357 538 410 bes
563 359 841 404 externam
873 347 1174 403 facundiam
1201 350 1226 401 Υ
1251 363 1357 402 non
1389 349 1486 402 tibi
1507 349 1707 404 affatim
1733 361 2020 420 suppetunt

434 455 635 497 sensus
661 451 714 496 et
744 441 1026 496 sententiae
1049 441 1072 494 ?
1098 439 1191 495 sed
1223 440 1328 496 scis
1354 450 1532 496 tamen
1558 441 1674 497 haec
1693 443 2020 498 communia.

441 532 636 588 Filium
665 531 855 596 habes,
884 531 1116 586 vicinum
1145 529 1332 599 habes,
1361 532 1582 587 fratrem
1615 533 1802 598 habes.
1831 533 2020 589 domo-

441 625 608 678 sticos
639 621 803 677 habes
849 631 905 676 et
942 622 1278 677 necessarios
1317 639 1332 676 :
1377 624 1586 678 etiamsi
1629 639 1736 678 non
1769 625 1942 694 possis
1970 623 2024 679 in

445 715 672 770 ecclesia
709 713 916 782 prolixa
943 714 1018 767 uti
1049 713 1317 780 oratione,
1349 729 1443 770 eos
1471 725 1624 785 potes
1653 717 1900 785 privatim
1934 716 2031 771 ad-

443 821 664 861 monere
694 814 748 860 et
794 803 1022 859 hortari.
1063 803 1163 860 Hic
1189 812 1308 860 arte
1347 805 1561 861 dicendi
1605 822 1710 861 non
1742 816 1825 862 est
1850 823 1985 876 opus
2009 848 2027 873 ,

419 916 619 981 {neque
651 898 764 952 fusa
795 899 1038 952 oratione
1068 915 1082 950 :
1115 899 1168 952 in
1194 898 1276 952 his
1302 899 1544 964 ostende,
1574 899 1716 969 quod
1745 900 1791 955 si
1818 899 2030 955 dicendi

448 990 678 1046 haberes
723 988 1030 1043 facultatem
1055 1029 1069 1054 ,
1116 1004 1222 1042 non
1262 990 1610 1060 neglexisses.
1658 990 1718 1047 Si
1755 1000 1934 1048 autem
1977 993 2031 1047 in

418 1079 427 1150 ξ
451 1096 614 1150 parvo
653 1095 756 1133 non
783 1079 1007 1134 adhibes
1034 1079 1269 1134 studium
1300 1088 1355 1134 et
1384 1081 1736 1151 diligentiam,
1765 1082 2034 1152 quomodo

418 1155 424 1162 ’
449 1172 502 1226 in
545 1186 736 1239 magno
766 1170 857 1224 tibi
891 1169 1108 1224 credam
1137 1171 1160 1223 ?
1189 1170 1321 1225 Nam
1350 1173 1492 1241 quod
1534 1174 1902 1244 unusquisque
1933 1175 2034 1230 hoc

449 1261 640 1331 possit,
683 1260 806 1314 audi
838 1261 1110 1330 quomodo
1140 1261 1338 1316 Paulus
1367 1262 1469 1317 hoc
1501 1265 1809 1333 permiserit
1837 1266 1989 1321 laicis
2018 1284 2032 1320 :

453 1350 739 1418 IEdiﬁcate
762 1392 776 1413 ,
810 1351 1015 1421 inquit,
1049 1352 1176 1405 alter
1204 1353 1419 1406 alterum
1459 1354 1590 1407 sicut
1627 1365 1673 1408 et
1711 1357 1914 1426 facitis;
1951 1365 2038 1422 et,

454 1442 805 1497 Cousolamini
850 1442 1062 1496 inuicem
1098 1443 1152 1496 in
1194 1443 1272 1498 his
1316 1446 1629 1500 sermonibus
1660 1445 1737 1517 (1.
1775 1445 1954 1502 Thess.
1984 1449 2037 1504 5.

457 1535 546 1597 11,
578 1543 623 1587 et
649 1533 702 1588 4.
734 1532 843 1604 17).
874 1533 1032 1588 Novit
1079 1535 1218 1589 Deus
1249 1537 1519 1605 quomodo
1543 1539 1831 1609 unicuique
1855 1539 2040 1594 distri-

459 1625 609 1679 buat.
656 1622 790 1678 Num
836 1635 890 1678 tu
936 1640 995 1679 es
1037 1625 1217 1697 Moyse
1258 1627 1494 1682 melior?
1533 1628 1673 1682 Audi
1713 1645 1870 1698 quam
1901 1645 2043 1698 :cgre

458 1727 514 1773 et
541 1719 763 1772 moleste
788 1717 943 1773 ferat.
976 1718 1116 1771 Num
1137 1735 1248 1788 ego,
1282 1719 1474 1790 inquit,
1501 1737 1701 1790 possum
1718 1737 1800 1775 eos
1819 1731 2040 1790 portare,

457 1807 598 1877 quod
645 1807 818 1862 dixisti
863 1809 1008 1875 mihi,
1064 1808 1209 1863 Tolle
1249 1826 1335 1864 eos
1383 1811 1512 1864 sicut
1558 1813 1733 1865 nutrix
1779 1813 2045 1866 iactantem

462 1899 669 1969 (Num.
701 1900 788 1953 11.
827 1899 972 1970 12)?
1017 1901 1153 1969 Quid
1191 1918 1320 1957 vero
1349 1903 1541 1960 Deus?
1582 1905 1797 1960 Exemit
1825 1906 1893 1961 de
1929 1905 2046 1976 ejus

463 1991 676 2061 spiritu,
709 1999 764 2046 et
790 1990 937 2046 dedit
964 1993 1104 2056 aliis,
1137 1996 1430 2051 ostendens
1457 1998 1598 2068 quad
1639 2013 1815 2068 neque
1837 1999 2048 2070 quando

466 2097 564 2138 eos
591 2084 839 2153 portabat
859 2124 874 2150 ,
923 2085 1040 2154 ejus
1069 2094 1189 2140 erat
1227 2088 1495 2142 charisma
1523 2129 1539 2156 ,
1573 2089 1668 2144 sed
1710 2090 1959 2160 Spiritus.
1991 2091 2048 2146 Si

466 2171 697 2228 haberes
735 2174 1004 2228 charisma
1025 2216 1040 2241 ,
1072 2190 1216 2245 saepe
1247 2177 1438 2233 fuisses
1469 2181 1668 2244 elatus,
1694 2195 1836 2250 smpe
1860 2182 2051 2236 fuisses

466 2275 693 2314 eversus
725 2277 739 2313 :
774 2270 828 2315 tu
862 2262 1092 2330 teipsum
1116 2279 1221 2317 non
1250 2267 1416 2331 nosti,
1448 2275 1507 2320 ut
1539 2276 1590 2322 te
1621 2268 1759 2322 Deus
1786 2271 1952 2325 novit.
1976 2270 2054 2325 Ne

483 2361 745 2424 dicamus,
781 2359 861 2412 Ad
890 2359 1015 2427 qui'd
1043 2359 1145 2412 hoc
1171 2370 1224 2413 et
1251 2375 1347 2415 cur
1369 2360 1395 2414 3
1417 2363 1630 2433 quando
1657 2365 1796 2420 Deus
1825 2367 2050 2438 dispen-

483 2458 584 2514 sat,
612 2465 680 2503 nc
706 2449 964 2503 rationem
995 2450 1063 2504 ab
1085 2464 1153 2504 eo
1177 2453 1450 2523 exigamus
1484 2472 1497 2507 :
1526 2455 1627 2509 hoc
1654 2456 1798 2511 enim
1833 2467 1915 2513 est
1957 2459 2057 2514 im-

484 2540 698 2608 pietatis
734 2549 989 2595 extremae
1033 2549 1090 2596 et
1137 2546 1472 2613 arrogantize.
1525 2545 1675 2602 Servi
1725 2562 1946 2616 sumus,
2001 2560 2055 2606 et

479 2632 620 2682 servi
665 2630 890 2684 multum
933 2630 1198 2686 distantes
1242 2650 1272 2686 a
1322 2635 1572 2701 Domino,
1619 2652 1687 2691 ne
1732 2653 1793 2692 ea
1836 2640 2050 2710 quidem

478 2720 713 2775 scientes
759 2737 877 2790 qua:
921 2732 1042 2776 sunt
1082 2739 1192 2792 pra:
1233 2725 1479 2795 pedibus.
1520 2727 1600 2782 Ne
1638 2728 1804 2799 igitur
1838 2731 2049 2788 curiose

479 2821 781 2866 scrutemur
815 2813 905 2867 Dei
938 2817 1242 2881 consilium,
1271 2819 1363 2872 sed
1392 2819 1532 2888 quod
1562 2821 1710 2874 dedit
1740 2822 1842 2876 hoc
1867 2837 2053 2879 serve-

479 2919 622 2969 mus,
655 2905 862 2959 etiamsi
905 2909 972 2959 sit
1001 2922 1242 2975 parvum,
1274 2910 1482 2964 etiamsi
1511 2911 1776 2979 ultimum,
1806 2924 1860 2969 et
1887 2915 2048 2983 plane

477 2995 679 3047 erimus
709 2997 856 3064 probi
883 3007 937 3050 et
964 2997 1014 3050 in
1048 2998 1185 3053 hooa
1211 3002 1604 3059 existimatione
1639 3021 1654 3056 :
1688 3006 1794 3059 imo
1825 3023 1950 3062 vero
1977 3024 2044 3064 ex

476 3082 568 3137 Dei
591 3085 744 3138 donis
767 3087 967 3140 nullum
998 3096 1081 3142 est
1101 3105 1339 3158 parvum.
1365 3093 1520 3147 Dolcs
1548 3095 1688 3164 quod
1721 3111 1824 3150 non
1850 3098 2046 3174 habeas

471 3175 670 3230 donum
713 3177 1014 3234 doctrina}?
1049 3181 1137 3236 dic
1176 3183 1342 3249 mihi,
1385 3186 1510 3254 quid
1553 3188 1644 3241 tibi
1686 3189 1896 3243 videtur
1924 3206 2044 3246 esse

472 3267 668 3334 majus,
697 3269 895 3322 donum
927 3269 1202 3337 doctrinae,
1229 3288 1296 3326 an
1335 3273 1532 3329 donum
1562 3278 1862 3345 expellendi
1902 3295 2039 3335 mor-

469 3355 565 3409 bos
596 3356 620 3408 ἲ
657 3357 768 3412 lloc
802 3359 1003 3427 utique.
1037 3362 1172 3427 Quid
1201 3366 1374 3418 vero?
1412 3381 1516 3419 non
1547 3367 1642 3421 tibi
1678 3369 1887 3424 videtur
1920 3386 2042 3426 esse

472 3448 664 3516 majus,
695 3451 853 3504 caecis
880 3451 1007 3506 dare
1033 3453 1246 3507 visum?
1272 3471 1376 3510 non
1417 3459 1508 3512 tibi
1549 3459 1758 3514 videtur
1781 3477 1901 3518 esse
1927 3480 2040 3518 ma-

464 3537 571 3606 jus,
618 3549 854 3596 mortuos
878 3544 1148 3610 excitare,
1178 3561 1337 3615 quam
1379 3551 1596 3604 morbos
1620 3553 1849 3605 curare?
1899 3554 2036 3620 Quid

468 3643 617 3695 vero,
646 3631 731 3684 dic
771 3647 953 3701 quaeso
979 3634 1001 3686 ?
1029 3635 1228 3690 umbris
1257 3647 1313 3691 et
1340 3639 1568 3693 sudariis
1596 3641 1697 3694 hoc
1725 3641 1902 3698 facere
1928 3660 2032 3699 non

467 3718 559 3772 tibi
587 3720 793 3775 videtur
820 3738 939 3778 esse
967 3725 1156 3794 majus,
1185 3742 1343 3796 quam
1374 3730 1580 3784 verbo?
1603 3731 1738 3798 Quid
1767 3748 1894 3803 ergo
1931 3736 2031 3802 vis,

464 3809 550 3864 dic
575 3827 776 3880 quaeso,
805 3816 1007 3870 umbris
1043 3825 1099 3871 et
1136 3819 1368 3873 sudariis
1406 3820 1640 3876 excitare
1679 3834 1937 3890 mortuos,
1966 3841 2033 3880 an

463 3900 665 3958 habere
695 3905 892 3959 donum
935 3908 1191 3964 doctrina:
1217 3911 1240 3962 ?
1270 3911 1423 3965 Dices
1467 3915 1702 3980 omnino,
1749 3916 1950 3971 umbris
1980 3926 2035 3971 et

462 3992 689 4046 sudariis
719 4005 956 4050 mortuos
981 4001 1234 4055 excitare.

533 4079 585 4133 6.
619 4082 816 4136 Caritas
841 4096 912 4140 est
933 4087 1184 4142 charisma
1213 4093 1436 4146 omnium
1452 4094 1714 4162 optimum.
1736 4125 1808 4136 —
1824 4096 1878 4152 Si
1903 4113 2030 4167 ergo

461 4169 554 4224 tibi
593 4174 898 4243 ostendero,
923 4178 1064 4246 quod
1107 4181 1332 4235 alterum
1375 4183 1575 4239 donum
1606 4197 1693 4241 est
1720 4189 1820 4242 hoc
1873 4189 2028 4260 longe

459 4261 654 4330 majus,
686 4275 887 4322 etcum
935 4269 1027 4324 tibi
1072 4271 1229 4328 liceat
1269 4277 1530 4345 accipere,
1562 4279 1606 4333 si
1654 4295 1759 4334 non
1803 4283 2021 4352 accipis,

451 4356 597 4419 justo
623 4369 683 4408 es
704 4356 783 4411 eis
812 4359 1047 4426 privatus
1079 4380 1092 4416 :
1123 4365 1248 4431 quid
1276 4365 1459 4422 dices?
1481 4368 1548 4423 Et
1573 4369 1675 4424 hoc
1694 4370 1892 4426 donum
1919 4387 2022 4428 non

457 4444 546 4497 uni
590 4454 645 4500 et
673 4447 861 4516 alteri,
905 4453 999 4506 sed
1041 4456 1291 4511 omnibus
1335 4457 1536 4516 habere
1577 4463 1718 4518 licet.
1761 4464 1885 4520 Scio
1931 4482 2024 4519 vos

459 4543 676 4602 stupere
699 4547 752 4592 et
777 4539 1051 4607 admirari,
1079 4545 1124 4599 si
1153 4547 1282 4601 estis
1308 4549 1541 4603 audituri
1569 4555 1708 4620 quod
1741 4555 1896 4610 liceat
1925 4571 2020 4610 vo-

455 4635 539 4690 bis
568 4635 764 4692 habere
803 4654 976 4706 majus
1005 4639 1204 4697 donum
1248 4660 1405 4712 quam
1453 4649 1713 4704 suscitare
1757 4666 2017 4723 mortuos,

452 4739 510 4784 et
529 4729 697 4784 visum
719 4729 847 4785 dare
883 4733 1063 4797 caecis,
1093 4745 1146 4788 et
1173 4735 1258 4788 illa
1301 4736 1473 4790 facere
1501 4754 1618 4808 qua:
1651 4739 1847 4797 fiebant
1889 4755 2026 4800 tem-

455 4834 585 4889 pore
609 4823 971 4889 apostolorum
999 4843 1013 4877 :
1041 4835 1094 4879 et
1135 4825 1364 4879 fortasse
1397 4828 1500 4881 hoc
1529 4829 1742 4885 videtur
1765 4834 1914 4888 vobis
1943 4836 2026 4889 in-

451 4911 730 4966 credibile.
775 4913 925 4980 Quod
965 4922 1048 4986 est
1087 4930 1214 4984 ergo
1263 4917 1364 4971 hoc
1390 4917 1630 4973 donum?
1657 4921 1884 4978 Caritas.
1918 4924 2022 4980 Sed

453 5004 583 5058 mihi
613 5005 837 5070 credite,
883 5022 990 5061 non
1019 5016 1102 5062 est
1143 5023 1293 5063 meus
1337 5024 1539 5077 sermo,
1567 5013 1661 5068 sed
1687 5014 1886 5071 Christi
1931 5019 2023 5073 lo—

451 5110 666 5163 quentis
709 5112 803 5166 per
831 5097 1078 5153 Paulum.
1118 5100 1256 5168 Quid
1298 5103 1441 5156 enim
1468 5104 1636 5158 dicit?
1681 5105 2024 5164 Ai‘mulamiui

450 5187 757 5240 charismata
803 5189 1014 5242 meliora
1032 5229 1048 5253 ,
1107 5199 1153 5242 et
1199 5192 1367 5245 adhuc
1411 5209 1661 5248 summam
1711 5200 1841 5250 aiant
1885 5201 2023 5252 vobis

450 5279 657 5330 ostendo
683 5277 760 5348 (I.
784 5278 900 5332 Cor.
937 5279 1026 5332 12.
1057 5280 1172 5350 51).
1201 5281 1338 5348 Quid
1386 5291 1492 5349 est,
1523 5283 1703 5339 Adhuc
1733 5290 2020 5344 summam?

450 5366 602 5433 Quod
643 5368 772 5423 dicit
805 5381 889 5424 est
927 5371 1189 5439 ejusmodi
1221 5391 1234 5426 :
1263 5373 1527 5429 Corinthii
1569 5389 1629 5430 se
1659 5378 1814 5434 valde
1837 5379 2011 5447 jactaq

449 5459 599 5524 baut,
631 5471 686 5516 et
714 5462 814 5517 sibi
860 5463 1142 5531 placebant
1193 5477 1418 5535 propter
1463 5468 1807 5539 charismata,
1849 5483 1904 5528 et
1931 5475 2022 5544 qui

450 5549 657 5620 linguas
698 5553 984 5622 habebant,
1008 5559 1149 5627 quod
1174 5569 1257 5614 est
1297 5561 1573 5616 minimum
1614 5563 1835 5629 donum,
1866 5566 2020 5621 inﬂa-

450 5638 644 5697 bantur
671 5644 930 5701 advcrsus
970 5658 1218 5707 caeteros.
1255 5650 1389 5707 Dicit
1416 5667 1566 5725 ergo,
1591 5653 1763 5710 Vultis
1800 5659 2022 5714 omnino

2150 343 2509 398 charismata?
2563 357 2663 412 ego
2698 343 2927 397 ostendo
2979 343 3118 397 viam
3159 340 3576 409 charismatum,
3614 359 3718 400 non

2153 435 2326 490 solum
2347 435 2717 499 excellentem,
2735 433 2830 489 sed
2851 435 3013 489 etiam
3035 449 3320 490 summam.
3346 435 3550 492 Deinde
3569 437 3717 506 dicit,

2155 526 2216 581 Si
2243 525 2429 595 linguis
2459 526 2638 594 loquar
2664 526 2985 594 angelorum,
3008 526 3269 580 caritatem
3298 537 3468 582 autem
3497 544 3597 582 non
3626 531 3718 584 ha-

2153 619 2318 681 beam,
2349 619 2478 672 nihil
2501 635 2612 672 sum
2641 634 2660 671 :
2689 628 2737 672 et
2765 619 2810 673 si
2837 618 3050 672 habeam
3082 618 3234 686 fidem
3263 628 3317 671 ut
3337 629 3528 674 montes
3555 631 3720 678 trans-

2154 713 2336 780 feram,
2357 709 2617 762 caritatem
2636 717 2803 761 autem
2848 725 2948 762 non
2995 708 3224 773 habeam,
3250 708 3379 764 nihil
3416 727 3529 765 sum
3562 711 3721 781 (Ibid.

2157 803 2246 857 15.
2271 802 2321 856 1.
2342 800 2422 870 2).
2443 800 2633 856 Vidisti
2660 801 2964 856 charisma?
2993 799 3271 856 Emulare
3295 802 3395 857 hoc
3423 805 3723 870 charisma;

2159 895 2260 948 hoc
2286 893 2459 962 majus
2489 903 2572 948 est
2600 909 2758 963 quam
2788 902 3027 947 mortuos
3052 894 3310 960 excitare,
3339 894 3444 950 hoc
3466 897 3586 950 aliis
3613 912 3726 951 οηιο

2159 985 2316 1040 nibus
2345 994 2428 1040 est
2453 986 2610 1054 longe
2641 984 2854 1038 melius.
2880 985 2947 1038 Et
2973 986 3114 1054 quod
3147 981 3250 1039 hoc
3271 985 3341 1040 ita
3366 985 3577 1053 habeat,
3605 985 3726 1044 audi

2158 1077 2281 1147 quid
2305 1077 2447 1132 dicat
2470 1077 2715 1132 Christus
2742 1077 2969 1148 loquens
2995 1077 3270 1147 discipulis
3294 1095 3309 1134 :
3341 1077 3408 1132 1η
3437 1080 3530 1134 hoc
3551 1082 3728 1146 scient,

2158 1169 2293 1237 quod
2320 1168 2560 1238 discipuli
2583 1169 2678 1221 mei
2706 1168 2848 1231 estis,
2871 1169 2916 1221 si
2941 1183 3027 1222 vos
3055 1168 3267 1226 inuicem
3295 1169 3520 1240 diligatis
3550 1171 3728 1242 (Joan.

2161 1258 2246 1312 15.
2285 1258 2398 1328 55).
2430 1257 2630 1312 Deinde
2659 1258 2947 1312 ostendens
2978 1259 3028 1312 iu
3071 1275 3200 1329 quo,
3244 1275 3348 1315 non
3395 1261 3527 1315 dixit
3565 1263 3732 1316 mira-

2163 1349 2303 1414 cula,
2345 1349 2441 1403 sed
2469 1348 2634 1418 quid?
2665 1349 2727 1403 Si
2755 1349 3072 1403 dilectionem
3100 1351 3309 1404 invicem
3341 1352 3639 1405 habueritis.
3667 1352 3734 1408 Et

2162 1454 2347 1494 rursus
2372 1439 2500 1495 dicit
2527 1439 2673 1494 Patri
2704 1457 2718 1492 :
2756 1439 2824 1493 In
2855 1441 2949 1494 hoc
2975 1440 3131 1494 scient
3171 1439 3305 1509 quod
3335 1450 3387 1492 tu
3417 1457 3496 1494 me
3534 1439 3731 1507 misisti,

2155 1558 2199 1596 st
2223 1542 2324 1595 sint
2349 1556 2508 1593 unum
2537 1539 2716 1607 (Joan.
2755 1539 2843 1594 17.
2869 1537 2985 1608 21).
3013 1536 3132 1607 Ipse
3157 1552 3369 1606 quoque
3411 1537 3623 1591 dicebat
3651 1537 3734 1592 di-

2155 1632 2374 1700 scipulis
2405 1650 2418 1682 :
2453 1631 2757 1684 Mandatum
2786 1645 2968 1683 novum
3007 1630 3073 1682 do
3111 1627 3270 1693 vobis,
3300 1637 3351 1682 ut
3382 1628 3608 1698 diligatis
3651 1631 3736 1682 in-

2157 1723 2314 1774 vicem
2340 1723 2522 1794 (Joan.
2555 1724 2641 1776 15.
2667 1721 2780 1790 54).
2815 1720 2883 1775 lis
2912 1736 3042 1789 ergo
3067 1721 3157 1789 qui
3185 1707 3427 1775 mortuos
3455 1721 3736 1788 suscitant,

2158 1813 2244 1866 hic
2271 1821 2354 1866 est
2379 1811 2658 1866 honestior
2683 1825 2736 1868 et
2761 1812 3103 1883 praeclarior:
3129 1819 3184 1865 et
3214 1811 3428 1865 merito.
3452 1810 3584 1865 Nam
3609 1811 3736 1866 illud

2153 1901 2368 1970 quidem
2396 1911 2478 1956 est
2511 1911 2678 1956 totum
2711 1901 2806 1957 Dei
2848 1901 3072 1971 gratim;
3121 1900 3228 1956 hoc
3257 1909 3436 1954 autem
3469 1911 3550 1955 est
3577 1903 3737 1955 etiam

2151 1991 2314 2044 studii
2362 2000 2419 2045 et
2441 1991 2754 2061 diligentiae.
2791 1991 2905 2046 Hoc
2930 2000 3012 2046 est
3042 2005 3231 2045 revera
3257 1989 3549 2044 Christiani
3580 2007 3593 2043 :
3639 1991 3739 2045 hoc

2153 2082 2394 2136 ostendit
2435 2072 2636 2137 Christi
2683 2083 3027 2152 discipulum,
3059 2082 3150 2152 qui
3180 2091 3264 2138 est
3309 2081 3616 2149 crucifixus,
3650 2081 3738 2152 qui

2152 2173 2286 2226 nihil
2320 2173 2482 2228 habet
2507 2188 2791 2229 commune
2820 2174 2870 2227 iu
2902 2183 3044 2228 terra
3079 2191 3091 2227 :
3142 2173 3346 2243 absque
3372 2175 3475 2228 hoc
3505 2189 3572 2229 ne
3600 2189 3739 2229 mar-

2155 2263 2352 2333 tyrium
2382 2265 2596 2333 quidem
2627 2272 2808 2334 potest
2832 2263 3118 2334 quidquam
3168 2265 3443 2333 prodesse.
3477 2264 3547 2318 Et
3574 2274 3633 2318 ut
3656 2264 3738 2318 di-

2127 2367 2298 2419 scas,
2333 2352 2435 2407 hoc
2469 2353 2589 2408 vide
2619 2353 2874 2409 dilucide.
2899 2355 3014 2410 Duo
3039 2355 3124 2410 vel
3149 2355 3327 2424 ponus
3356 2356 3454 2410 tria
3480 2355 3738 2410 virtutum

2150 2447 2432 2502 cacumina
2459 2448 2692 2516 sumpsit
2722 2447 2916 2502 beatus
2943 2447 3164 2513 Paulus,
3184 2463 3304 2517 qua:
3324 2458 3450 2502 sunt
3476 2448 3528 2502 in
3549 2447 3738 2516 signis,

2149 2553 2268 2607 qua:
2293 2537 2344 2591 in
2373 2538 2708 2607 cognitione,
2737 2553 2859 2608 quae
2889 2547 3015 2592 sunt
3057 2538 3110 2592 in
3143 2539 3248 2593 vita
3279 2555 3292 2591 :
3323 2549 3377 2593 et
3407 2538 3612 2607 absque
3641 2537 3743 2591 hoc

2154 2628 2267 2683 hac
2296 2629 2426 2683 nihil
2455 2645 2581 2684 esse
2601 2629 2755 2684 dixit.
2784 2629 3065 2696 Quomodo
3085 2639 3265 2685 autem
3297 2630 3412 2684 hmc
3438 2630 3572 2684 nihil
3601 2631 3732 2692 sint,

2148 2736 2248 2790 ego
2277 2721 2421 2777 dico.
2474 2720 2587 2776 Etsi
2618 2722 2922 2776 distribuere
2969 2724 3022 2775 in
3053 2722 3187 2776 cibos
3234 2740 3517 2793 pauperum
3561 2739 3738 2777 omnes

2151 2813 2418 2884 facultates
2447 2829 2604 2877 meas,
2635 2815 2900 2866 caritatem
2929 2823 3098 2867 autem
3126 2830 3228 2868 non
3249 2814 3481 2880 habeam,
3512 2815 3644 2868 nihil
3665 2825 3739 2869 est

2150 2906 2232 2974 (1.
2255 2905 2378 2960 Cor.
2404 2905 2495 2960 15.
2525 2904 2603 2976 5).
2649 2904 2792 2959 Fieri
2843 2906 2986 2959 enim
3032 2912 3210 2974 potest
3248 2907 3422 2975 utqui
3456 2905 3737 2959 facultates

2150 3000 2200 3053 in
2248 2999 2400 3052 cibos
2449 2998 2756 3064 distribuat,
2810 3012 2916 3052 non
2967 2997 3038 3051 sit
3085 2997 3312 3050 caritate
3355 2996 3634 3068 praeditus,
3683 3005 3739 3052 et

2149 3088 2432 3157 profundat
2462 3090 2740 3158 pecunias.
2772 3087 2844 3142 Et
2872 3088 2951 3146 de
2988 3087 3073 3143 his
3099 3087 3314 3158 quidem
3347 3090 3478 3143 satis
3508 3104 3536 3140 a
3577 3088 3736 3143 nobis

2146 3184 2349 3238 dictum
2374 3183 2537 3237 estin
2569 3184 2689 3238 loco
2717 3182 2786 3237 de
2809 3182 3059 3247 caritate,
3084 3191 3142 3238 et
3160 3181 3286 3237 illuc
3319 3180 3735 3236 transmittimus

2148 3274 2380 3330 lectores
2405 3293 2418 3328 :
2452 3273 2666 3328 interim
2711 3281 2912 3337 autem,
2939 3272 3078 3326 sicut
3107 3271 3242 3337 dixi,
3271 3272 3585 3328 amulamur
3601 3271 3737 3327 cha-

2147 3368 2332 3428 risma,
2361 3367 2500 3421 alter
2524 3367 2752 3421 alterum
2775 3365 3098 3435 diligamus;
3130 3374 3186 3420 et
3216 3366 3366 3420 nullo
3390 3366 3566 3422 altam
3592 3365 3736 3421 indi-

2144 3460 2390 3528 gebimus
2420 3459 2484 3513 ad
2519 3473 2616 3512 nos
2642 3468 2788 3513 recte
2823 3457 3088 3528 gerendos
3117 3457 3168 3511 in
3198 3458 3407 3520 virtute,
3449 3456 3544 3510 sed
3570 3467 3742 3514 erant

2147 3551 2299 3606 nobis
2324 3552 2503 3606 omnia
2537 3551 2712 3606 facilia
2739 3549 2942 3619 absque
2983 3548 3295 3615 sudoribus,
3327 3555 3380 3602 et
3415 3547 3583 3603 multo
3612 3559 3737 3604 stu-

2147 3646 2234 3698 dio
2272 3653 2327 3700 et
2369 3644 2638 3715 diligentia
2688 3652 2834 3698 recte
2876 3658 3124 3711 geremus
3168 3640 3370 3694 omnia.
3419 3640 3527 3695 Sed
3571 3655 3732 3709 ecce,

2147 3737 2333 3806 inquit,
2375 3739 2671 3791 etiamnum
2702 3734 2972 3805 diligimus
3017 3749 3114 3787 nos
3147 3732 3377 3786 invicem
3415 3749 3429 3786 :
3473 3747 3593 3785 nam
3634 3733 3734 3787 ille

2144 3829 2357 3897 quidem
2407 3829 2567 3883 habet
2599 3829 2732 3883 duos
2777 3827 2860 3881 vel
2913 3834 3024 3881 tres
3051 3827 3270 3892 amicos,
3305 3823 3392 3880 hic
3435 3838 3562 3880 vero
3590 3840 3736 3894 qua-

2149 3928 2286 3972 tuor.
2323 3920 2429 3974 Sed
2477 3920 2580 3973 hoc
2609 3935 2714 3973 nou
2745 3927 2828 3972 est
2856 3917 3080 3984 diligere
3132 3925 3353 3985 propter
3402 3916 3594 3980 Deum,
3625 3916 3734 3971 sed

2145 4003 2286 4068 quod
2319 4003 2429 4070 ipse
2455 4003 2750 4059 redameris
2775 4023 2788 4057 :
2824 4015 3041 4074 propter
3065 4007 3235 4062 Deum
3261 4021 3438 4068 autem
3467 4014 3723 4088 diligere,

2142 4104 2250 4142 non
2279 4090 2380 4144 hoc
2404 4091 2724 4162 principium
2749 4095 2909 4151 habet
2928 4098 3200 4164 caritatis;
3231 4100 3325 4155 sed
3352 4117 3443 4172 qut
3461 4115 3548 4161 est
3572 4107 3728 4180 ejus-

2141 4180 2305 4244 modi,
2334 4183 2599 4238 aflicietur
2643 4186 2696 4240 in
2741 4203 2928 4244 omnes
2974 4200 3240 4263 tamquam
3292 4195 3343 4249 in
3373 4194 3590 4264 fratres,
3626 4217 3726 4258 eos

2139 4269 2356 4338 quidem
2386 4271 2478 4340 qui
2527 4282 2653 4329 sunt
2683 4275 2944 4346 ejusmodi
3001 4281 3121 4336 fidei
3167 4282 3396 4355 diligens
3442 4295 3725 4358 tamquam

2138 4374 2424 4429 germanos
2471 4363 2698 4430 fratres;
2746 4367 3031 4427 hzereticos
3075 4382 3276 4440 autem,
3317 4386 3372 4430 et
3398 4377 3617 4435 Graecos
3669 4393 3728 4438 et

2138 4452 2375 4519 Judzeos,
2400 4456 2490 4526 qui
2513 4459 2806 4514 secundum
2835 4471 3077 4517 naturam
3102 4465 3318 4533 quidem
3349 4479 3474 4523 sunt
3503 4470 3723 4538 fratres,

2138 4544 2266 4598 mali
2296 4555 2475 4600 autem
2505 4557 2633 4601 sunt
2660 4559 2712 4602 et
2740 4550 2982 4616 inutiles,
3008 4554 3291 4621 miserans,
3321 4569 3371 4612 et
3413 4576 3507 4629 pro
3536 4561 3615 4617 eis
3643 4573 3730 4619 ta-

2139 4635 2365 4692 bescens
2393 4647 2447 4692 et
2477 4639 2797 4710 lacrymans.
2835 4642 2889 4695 ln
2925 4644 3026 4697 hoc
3055 4645 3256 4702 erimus
3287 4648 3396 4704 Deo
3424 4652 3649 4716 similes,
3677 4657 3726 4710 si

2136 4743 2326 4784 omnes
2355 4729 2641 4800 diligamus
2683 4732 2846 4787 etiam
2890 4734 3163 4804 inimicos,
3213 4755 3319 4794 non
3367 4744 3411 4796 si
3454 4743 3604 4813 signa
3637 4743 3726 4799 fa-

2138 4821 2363 4878 ciamus.
2402 4823 2533 4879 Nam
2574 4825 2741 4880 Deum
2785 4827 3112 4885 admiramur
3138 4832 3351 4902 quidem
3398 4837 3557 4890 etiam
3593 4853 3724 4895 cum

2139 4912 2262 4968 facit
2292 4916 2550 4972 miracula
2578 4935 2593 4984 ;
2637 4920 2806 4974 multo
2834 4929 3012 4976 autem
3046 4926 3236 4994 magis,
3269 4928 3482 4996 quando
3509 4939 3591 4984 est
3623 4932 3723 4986 be-

2137 5007 2348 5076 nignus,
2381 5009 2620 5064 clemens
2647 5019 2702 5065 et
2751 5013 2977 5081 patiens.
3027 5013 3082 5069 Si
3134 5032 3263 5087 ergo
3308 5019 3469 5072 etiam
3520 5021 3572 5074 in
3604 5021 3722 5077 Deo

2140 5097 2267 5152 illud
2292 5109 2374 5154 cst
2401 5100 2552 5156 valde
2576 5102 2899 5170 mirandum,
2933 5107 3102 5161 multo
3131 5109 3300 5179 magis
3331 5109 3382 5162 in
3410 5111 3725 5170 hominibus

2133 5189 2236 5244 hoc
2260 5201 2341 5244 est
2384 5195 2747 5263 perspicuum,
2784 5197 2924 5266 quod
2954 5196 3055 5252 hoc
3099 5214 3196 5252 nos
3238 5200 3412 5255 reddit
3440 5202 3722 5260 admiran-

2132 5279 2248 5336 dos.
2295 5281 2406 5338 Hoc
2433 5301 2562 5352 ergo
2604 5287 2939 5355 aemulemur,
2971 5298 3024 5344 et
3070 5290 3234 5344 Paulo
3275 5300 3329 5345 et
3358 5290 3514 5347 Petro
3548 5304 3604 5348 et
3649 5297 3722 5351 iis

2133 5373 2221 5441 qui
2251 5372 2666 5433 innumerabiles
2688 5389 2928 5434 mortuos
2967 5379 3292 5444 excitarunt,
3318 5382 3485 5437 nihilo
3510 5386 3722 5443 erimus

2133 5463 2436 5531 inferiores,
2465 5469 2673 5523 etiamsi
2701 5470 2901 5526 febrem
2934 5487 3040 5526 non
3085 5472 3350 5540 possimus
3397 5478 3711 5547 expellere;

2129 5556 2333 5626 absque
2382 5558 2475 5612 illa
2507 5569 2706 5624 autem,
2738 5562 2948 5616 etiamsi
2999 5562 3203 5631 majora
3251 5563 3508 5624 faciamus
3559 5570 3717 5640 signa

2129 5664 2288 5720 quam
2319 5651 2571 5720 apostoli,
2604 5652 2812 5709 ctiamsi
2863 5655 3009 5712 mille
3060 5657 3312 5728 periculis
3358 5677 3456 5718 nos
3484 5661 3715 5734 objicia-
