3956 6138
246 265 308 319 $7
1136 266 1202 321 IN
1244 263 1456 321 EPIST.
1501 263 1595 317 AD
1633 261 1826 317 llEBll.

1940 257 1995 312 Ξ.
2037 257 2191 312 CAP.
2217 255 2278 313 ll.
2305 255 2535 312 llOMlL.
2566 254 2658 315 iV.
3423 259 3496 319 '53

234 393 487 450 mus.pro
515 376 639 442 fide,
673 375 838 430 nobis
888 373 1022 428 nihil
1069 373 1308 444 prodest.
1339 374 1409 428 Et
1439 373 1553 429 haec
1579 390 1682 429 non
1712 390 1814 445 ego

232 470 367 531 dico,
420 467 510 522 sed
554 464 674 520 hazc
719 467 837 535 ipse
888 466 989 519 scit
1026 464 1114 532 qui
1144 473 1226 519 est
1263 465 1512 519 alumnus
1538 466 1812 521 caritatis:

235 560 306 614 illi
335 574 464 629 ergo
482 571 797 627 pareamus.
823 555 914 611 Sic
942 555 1086 609 enim
1114 556 1414 624 poterimus
1437 556 1649 625 assequi
1675 555 1813 611 bona

236 649 494 720 promissa
523 667 538 702 :
567 662 691 718 qua:
719 645 944 717 quidem
972 644 1130 701 detur
1156 644 1312 701 nobis
1338 644 1593 701 omnibus
1617 660 1813 702 conse-

1766 814 2069 823 ...αρ’-...-

1684 816 2043 926 Δᾖωιιηλλει
2082 818 2213 927 '17.

237 971 360 1025 Car.
391 970 446 1024 2.
479 987 533 1023 v.
561 968 618 1027 5.
652 968 776 1024 Non
819 969 954 1023 enim
985 967 1183 1039 angelis
1227 966 1437 1033 subjecit
1487 963 1621 1019 Deus
1650 964 1822 1019 orbem

307 1074 459 1116 terra
484 1064 741 1134 futurum,
765 1061 829 1114 de
871 1076 970 1130 quo
998 1059 1270 1130 loquimur.
1290 1057 1348 1112 6.
1371 1056 1602 1110 Testatus
1629 1064 1699 1110 est
1726 1070 1818 1108 au-

306 1166 406 1209 tem
434 1155 487 1207 in
508 1153 733 1223 quodam
755 1152 869 1206 loco
889 1152 1019 1221 quis,
1038 1150 1208 1204 dicens
1229 1164 1247 1203 :
1267 1147 1403 1215 Quid
1425 1156 1495 1201 est
1517 1147 1667 1200 homo
1687 1144 1823 1215 quod

307 1260 496 1297 memor
532 1260 584 1297 es
624 1242 784 1313 ejus?
834 1249 923 1293 aut
967 1240 1105 1308 ﬁlius
1135 1239 1355 1292 hominis
1387 1238 1628 1307 quoniam
1652 1236 1823 1289 oisitas

308 1352 423 1389 cum
443 1336 471 1389 .’
511 1335 563 1387 7.
609 1332 851 1386 Minuisti
876 1348 989 1386 eum
1015 1330 1169 1400 paulo
1215 1332 1383 1383 minus
1412 1329 1475 1383 ab
1507 1327 1723 1399 angelis.

320 1512 377 1567 i.
406 1511 607 1567 Vellem
633 1519 814 1581 aperte
857 1510 1019 1575 scire,
1047 1523 1113 1563 an
1143 1507 1304 1577 aliqui
1332 1520 1453 1561 cum
1483 1519 1551 1561 eo
1594 1519 1700 1573 quo
1726 1519 1822 1574 par

238 1616 328 1662 est
373 1607 550 1660 studio
579 1604 789 1659 audiant
814 1617 939 1673 quae
981 1601 1250 1664 dicuntur,
1281 1614 1350 1654 ne
1388 1598 1538 1667 juxta
1571 1598 1707 1650 viam
1734 1596 1822 1666 ja—

241 1700 446 1752 ciamus
495 1696 699 1750 semina
744 1713 760 1748 :
813 1695 894 1750 sic
940 1693 1081 1748 enim
1134 1690 1449 1762 promptiori
1476 1698 1529 1744 et
1574 1689 1821 1743 alacriori

236 1780 424 1844 animo
448 1788 781 1843 traderemus
803 1786 1121 1842 doctrinam.
1155 1786 1403 1839 Dicemus
1428 1788 1592 1850 enim,
1608 1782 1818 1838 etiamsi

247 1894 405 1934 nemo
431 1879 630 1942 audiat,
677 1887 900 1947 propter
942 1888 1165 1941 metum,
1198 1876 1288 1947 qui
1334 1874 1609 1945 impendet
1634 1888 1664 1929 a
1692 1874 1824 1929 Ser-

208 2042 213 2051 ι
246 1983 445 2028 valere.
492 1971 810 2027 Contcstare
842 1970 1007 2037 enim,
1041 1969 1232 2040 inquit,
1267 1968 1391 2023 huic
1420 1967 1617 2039 populo
1652 1985 1665 2021 :
1692 1975 1746 2021 et
1774 1966 1818 2021 si

246 2078 349 2118 non
395 2062 680 2127 audierint,
711 2062 830 2131 ipse
858 2076 963 2116 non
994 2061 1101 2116 eris
1127 2061 1300 2130 culpa:
1326 2058 1522 2113 affinis.
1554 2058 1613 2113 Si
1639 2066 1818 2112 autem

245 2152 372 2207 mihi
404 2163 549 2208 esset
573 2166 893 2222 persuasum
928 2151 994 2206 de
1023 2159 1200 2205 vestro
1238 2149 1416 2205 studio
1443 2156 1496 2204 et
1521 2148 1815 2218 diligentia,

245 2261 349 2299 non
381 2248 552 2299 solum
586 2243 826 2299 dicerem
876 2251 1097 2313 propter
1142 2250 1364 2307 metum,
1386 2239 1482 2295 sed
1526 2237 1629 2293 hoc
1658 2237 1820 2293 etiam

245 2336 475 2393 facerem
522 2352 647 2391 cum
693 2335 984 2405 voluptate.
1031 2333 1184 2388 Nunc
1209 2333 1375 2399 enim,
1402 2329 1614 2386 etiamsi
1660 2343 1822 2384 nemo

241 2432 457 2496 audiat,
488 2429 702 2485 etiamsi
753 2442 839 2483 res
884 2427 1013 2481 mihi
1044 2426 1113 2481 sit
1154 2426 1354 2495 absque
1385 2423 1619 2495 periculo
1674 2437 1822 2477 meas

242 2532 421 2591 partes
451 2519 725 2589 implenti,
753 2519 846 2573 sed
878 2527 1054 2572 tamen
1102 2516 1305 2585 absque
1351 2516 1623 2585 voluptate
1674 2514 1823 2568 labor

239 2612 552 2680 suscipitur.
581 2608 716 2663 Nam
744 2609 870 2679 quid
903 2607 1145 2678 prodest,
1176 2606 1388 2677 quando
1418 2605 1471 2659 in
1499 2619 1586 2660 me
1611 2602 1824 2674 quidem

242 2703 381 2757 nulla
421 2700 698 2757 confertur
732 2700 911 2769 culpa,
946 2713 1102 2753 nemo
1128 2709 1305 2753 autem
1337 2696 1596 2767 juvatur?
1637 2696 1691 2751 Si
1734 2695 1824 2765 qui

241 2805 425 2851 autem
471 2796 584 2848 sint
612 2793 852 2847 animum
884 2791 1197 2855 adhibituri,
1227 2806 1338 2846 non
1389 2798 1591 2845 tantam
1640 2789 1824 2860 capie-

238 2903 355 2942 mus
384 2887 676 2941 utilitatem
715 2900 779 2940 ex
814 2899 880 2940 eo
907 2883 1051 2955 quod
1078 2899 1183 2939 non
1224 2883 1528 2952 puniamur,
1568 2889 1823 2953 quantum

236 2996 302 3034 ex
332 2993 519 3034 vestro
544 2977 810 3049 profectu.
835 2975 1113 3045 Quomodo
1137 2990 1265 3047 ergo
1291 2975 1397 3032 hoc
1434 2975 1602 3031 sciam
1627 2975 1650 3028 ?
1690 2974 1825 3031 Cum

235 3074 599 3129 observavero
626 3086 693 3126 ex
724 3071 878 3126 vobis
906 3069 1113 3139 aliquos
1140 3068 1231 3139 qui
1261 3082 1368 3123 non
1411 3068 1649 3122 animum
1677 3066 1830 3122 adhi-

234 3166 418 3233 beant,
464 3175 595 3219 tunc
625 3176 868 3219 seorsum
898 3159 1224 3217 conveniens
1268 3175 1365 3215 eos
1408 3159 1652 3231 rogabo;
1698 3170 1751 3215 et
1780 3161 1826 3215 si

235 3258 495 3313 invenero
525 3256 824 3311 retinentes
850 3254 1027 3324 aliqua
1045 3267 1109 3307 ex
1135 3252 1202 3308 iis
1222 3268 1343 3323 qua:
1372 3251 1516 3307 dicta
1545 3260 1688 3316 sunt,
1720 3266 1825 3305 non

236 3348 357 3403 dico
396 3347 615 3411 omnia;
664 3361 770 3399 non
802 3353 886 3400 est
911 3344 1053 3398 enim
1082 3342 1186 3399 hoc
1217 3344 1368 3398 vobis
1400 3343 1591 3410 facile;
1619 3343 1713 3399 sed
1744 3343 1825 3398 vel

239 3457 404 3511 pauca
445 3456 512 3495 ex
562 3440 765 3503 multis,
811 3447 895 3492 est
943 3437 1281 3507 perspicuum
1326 3436 1469 3507 quod
1508 3436 1576 3492 de
1615 3437 1825 3492 caeteris

238 3544 418 3603 postea
447 3548 556 3585 non
586 3530 861 3585 dubitabo.
898 3528 963 3583 Et
989 3528 1271 3598 oportebat
1295 3528 1511 3598 quidem
1550 3544 1670 3593 nos,
1694 3544 1815 3584 cum

238 3641 342 3679 non
372 3622 830 3694 praedixissemus,
864 3635 930 3676 ex
961 3620 1251 3689 improviso
1280 3635 1375 3674 vos
1400 3620 1622 3691 aggredi
1655 3638 1667 3674 :
1702 3636 1808 3676 cac-

237 3726 408 3772 tcrum
454 3726 669 3787 gratum
720 3714 844 3779 erit,
895 3713 940 3766 si
996 3712 1079 3767 vel
1110 3713 1187 3767 sie
1245 3712 1513 3781 possimus
1562 3714 1818 3787 assequi;

238 3807 346 3863 imo
374 3822 505 3861 vero
555 3807 633 3861 sic
663 3820 879 3875 quoque
921 3817 1139 3873 possum
1170 3816 1266 3856 vos
1317 3802 1558 3858 incautos
1584 3803 1822 3874 aggredi.

238 3897 370 3954 Nam
421 3897 648 3969 praedixi
687 3895 903 3966 quidem
927 3893 1069 3965 quod
1114 3908 1210 3949 vos
1234 3894 1333 3949 sim
1368 3895 1820 3966 interrogaturus:

238 3989 452 4061 quando
498 3999 680 4043 autem
731 3987 831 4041 sim
864 3986 1316 4056 interrogaturus,
1351 3984 1587 4039 nonduin
1618 3987 1823 4055 aperio.

240 4080 396 4135 Forte
444 4081 590 4135 enim
642 4077 831 4141 hodie,
893 4076 1029 4131 forte
1072 4090 1231 4140 cras,
1283 4076 1418 4128 forte
1470 4084 1646 4130 autem
1704 4085 1823 4145 post

244 4171 431 4244 viginti
463 4180 557 4226 aut
587 4171 805 4242 triginta
841 4169 978 4235 dies,
1002 4166 1141 4224 forte
1176 4176 1353 4222 autem
1384 4175 1505 4238 post
1528 4165 1834 4237 pauciores,

248 4264 379 4320 forte
407 4273 591 4321 autem
628 4271 749 4334 post
778 4261 981 4333 plures.

315 4354 500 4409 Hortis
544 4363 744 4424 tempus
782 4368 874 4406 cur
907 4352 1050 4409 nobis
1092 4355 1337 4407 incertum
1359 4349 1444 4403 sit.
1466 4378 1535 4388 —-
1559 4347 1647 4402 Sic
1675 4347 1834 4402 etiam

252 4444 382 4499 diem
408 4445 603 4499 mortis
631 4444 788 4498 nobis
817 4443 956 4499 Deus
985 4442 1113 4500 fecit
1140 4444 1441 4499 incertum:
1473 4454 1651 4509 neque
1683 4436 1838 4490 nobis

253 4538 453 4607 aperuit
485 4553 556 4592 an
586 4536 770 4601 hodie,
815 4550 882 4590 an
909 4550 1125 4601 cras,an
1148 4543 1267 4606 post
1309 4542 1478 4588 totum
1519 4545 1737 4593 annum,
1772 4544 1837 4583 an

255 4638 362 4695 post
387 4627 588 4681 multos
627 4642 799 4681 annos
825 4627 897 4681 sit
920 4625 1221 4692 adfuturus,
1252 4635 1309 4679 ut
1334 4634 1551 4694 pr0ptcr
1579 4623 1839 4678 incertam

256 4719 708 4787 exspectationem
732 4732 831 4772 nos
859 4719 911 4772 in
942 4719 1143 4773 virtute
1162 4728 1422 4788 perpetuo
1438 4715 1837 4771 contineamus:

258 4819 303 4863 et
320 4810 689 4881 dixitquidem
717 4810 861 4881 quod
888 4811 1058 4865 simus
1078 4810 1375 4875 excessuri;
1400 4807 1612 4879 quando
1638 4819 1841 4873 autem,

255 4902 490 4957 minime.
531 4901 607 4956 Ita
641 4917 743 4971 ego
772 4918 988 4973 quoque
1013 4901 1120 4955 dixi
1155 4918 1238 4957 me
1274 4909 1604 4970 rogaturum,
1628 4897 1842 4969 quando

255 5004 446 5054 autem,
467 5009 576 5047 non
597 4992 801 5060 addidi,
824 4993 1014 5047 volens
1031 5007 1124 5047 vos
1140 5007 1258 5047 esse
1276 5000 1529 5061 perpetuo
1552 4987 1838 5046 sollicitos.

254 5084 356 5139 Nec
381 5083 526 5139 dicat
553 5084 845 5155 quispiam,
876 5087 1020 5139 Ante
1050 5091 1299 5153 quatuor,
1331 5092 1425 5136 aut
1458 5080 1714 5150 quinque,
1746 5086 1836 5130 aut

262 5179 415 5232 etiam
443 5178 632 5248 plures
663 5176 1036 5232 hebdomadas
1065 5178 1178 5230 haec
1198 5174 1397 5242 audivi,
1422 5188 1597 5243 neque
1628 5171 1842 5241 possum

265 5273 527 5329 retinere:
558 5273 759 5328 etenim
796 5286 920 5328 eum
948 5271 1040 5341 qui
1078 5269 1224 5325 audit
1258 5270 1382 5325 volo
1406 5268 1483 5324 sic
1512 5267 1764 5327 retinere,
1794 5273 1847 5317 ut

264 5380 364 5419 non
402 5365 812 5421 oblivrscentem
857 5377 957 5417 nec
985 5361 1263 5418 evanidam
1292 5360 1485 5415 habeat
1514 5358 1845 5418 memoriam,

264 5471 357 5511 nec
402 5465 625 5526 respuat
650 5470 769 5525 quae
789 5455 1064 5509 dicuntur.
1094 5452 1228 5508 Volo
1251 5452 1393 5507 enim
1431 5464 1527 5505 vos
1572 5449 1808 5504 retinere
1834 5489 1846 5510 ,

259 5550 364 5602 non
393 5554 453 5601 ut
478 5545 610 5601 mihi
637 5545 849 5608 dicatis,
885 5543 982 5599 sed
1005 5552 1065 5598 ut
1094 5558 1189 5599 vos
1216 5543 1495 5598 lucremini
1519 5559 1530 5594 :
1566 5549 1620 5594 et
1644 5540 1744 5594 hoc
1767 5549 1851 5592 est

259 5640 398 5709 quod
421 5655 629 5711 magnae
660 5648 743 5696 est
780 5637 914 5695 mihi
945 5651 1108 5698 curae.
1137 5637 1281 5691 etde
1310 5650 1417 5707 quo
1451 5633 1604 5690 valde
1643 5633 1847 5688 laboro.

576 5736 854 5794 PATROL.
889 5733 1009 5793 Gn.
1055 5714 1277 5792 LXIII.

1935 370 2048 440 qui,
2069 368 2239 439 gratia
2264 376 2317 421 et
2340 365 2669 437 benignitate
2698 358 2907 417 Domini
2943 358 3113 413 nostri
3141 356 3267 412 Jcsu
3292 355 3512 421 Christi,

1934 477 2056 517 cum
2087 474 2194 529 quo
2225 458 2366 513 Patri
2398 455 2665 523 simulque
2690 459 2879 507 sancto
2918 448 3141 519 Spiritui
3187 447 3380 517 gloria,
3423 463 3515 517 po-

1939 563 2126 618 testas,
2158 551 2352 615 honor,
2386 563 2526 605 nunc
2552 557 2605 603 ct
2629 560 2868 617 semper,
2894 552 2950 601 et
2986 544 3039 599 iu
3068 541 3265 599 smcula
3291 542 3520 598 sarculo-

1938 662 2080 703 rum.
2110 646 2305 699 Amen.

2836 820 3093 828 ——_—_

1925 963 2028 1019 Sed
2057 963 2177 1033 quia
2208 977 2269 1017 ea
2300 977 2420 1033 quae
2449 962 2515 1017 ad
2550 962 2852 1018 cautionem
2886 962 3184 1017 necessaria
3230 968 3384 1017 erant
3426 959 3512 1012 di-

1927 1054 2121 1119 ximus,
2160 1052 2272 1122 jam
2320 1068 2434 1108 rem
2476 1052 2716 1123 incipere
2760 1061 2992 1123 oportet.
3042 1051 3178 1119 Quid
3206 1067 3335 1123 ergo
3357 1053 3513 1107 nubis

1924 1144 2085 1199 hodie
2118 1143 2445 1212 propositum
2488 1152 2571 1198 est
2597 1143 2776 1198 dicere
2802 1141 2966 1197 ?Non
3007 1144 3164 1209 enim,
3192 1143 3385 1213 inquit,
3414 1161 3513 1198 an-

1927 1234 2053 1304 gelis
2076 1234 2290 1303 subjecit
2334 1234 2504 1288 orbem
2545 1244 2691 1289 teme
2722 1234 2952 1303 futurum
3004 1234 3068 1288 de
3106 1250 3207 1305 quo
3235 1235 3511 1304 loquimur.

1926 1324 2191 1396 Numquid
2224 1325 2292 1380 de
2320 1325 2501 1396 aliquo
2531 1326 2639 1380 alio
2685 1327 2815 1382 orbe
2866 1335 3023 1381 terra:
3070 1326 3339 1395 loquitur?
3370 1325 3514 1381 Fieri

1931 1430 2038 1471 non
2072 1424 2270 1486 potest,
2302 1416 2397 1471 sed
2430 1416 2497 1470 de
2533 1414 2655 1470 hoc.
2687 1417 2974 1486 Propterea
3002 1416 3144 1471 enim
3179 1415 3404 1481 addidit,
3437 1415 3516 1469 De

1927 1525 2025 1580 quo
2064 1510 2338 1577 loquimur,
2389 1523 2458 1562 ne
2504 1508 2644 1563 sinat
2686 1518 2920 1563 utentem
2975 1508 3313 1563 aberrantem
3349 1506 3514 1562 alium

1927 1614 2189 1672 qu:erere.
2236 1600 2253 1630 ¹
2283 1598 2564 1667 Quomodo
2592 1615 2720 1669 ergo
2746 1615 2869 1654 eum
2892 1598 3023 1653 dicit
3059 1598 3335 1653 futurum?
3363 1598 3517 1654 Sicut

1926 1691 2090 1746 etiam
2132 1692 2262 1746 dicit
2291 1691 2441 1756 alibi,
2486 1691 2585 1758 Qui
2615 1700 2687 1745 est
2714 1692 2882 1763 ﬁgura
2909 1691 3070 1759 futuri
3105 1691 3280 1760 (Rom.
3311 1692 3365 1745 5.
3400 1692 3513 1762 ll),

1929 1782 1999 1838 de
2025 1781 2231 1837 Adamo
2261 1781 2449 1837 dicens
2469 1792 2524 1837 et
2549 1781 2761 1836 Christo
2783 1783 2835 1835 in
2864 1781 3103 1851 Epistula
3130 1780 3196 1835 ad
3221 1781 3515 1848 (tertianos,

1930 1873 2111 1929 habita
2168 1875 2378 1930 ratione
2434 1884 2753 1945 temporum,
2796 1873 2988 1929 Adami
3031 1872 3268 1929 futurum
3315 1890 3516 1930 vocans

1928 1967 2201 2024 Christum
2240 1968 2539 2024 secundum
2569 1984 2815 2023 carnem:
2849 1975 2967 2022 erat
2996 1968 3139 2023 enim
3172 1967 3409 2023 futurus:
3441 1970 3512 2023 ita

1929 2074 2073 2115 nunc
2102 2075 2338 2129 quoque,
2385 2060 2635 2130 quoniam
2676 2059 2828 2126 dixit,
2860 2057 2928 2112 Et
2969 2074 3084 2112 cum
3127 2059 3306 2112 iterum
3350 2059 3514 2114 intro-

1927 2150 2064 2205 ducit
2110 2149 2513 2222 Primogenitum
2541 2153 2595 2206 in
2639 2151 2808 2205 orbent
2853 2159 3038 2215 terra;
3077 2166 3145 2205 ne
3174 2151 3515 2206 existimares

1926 2257 2050 2298 eum
2074 2242 2255 2297 dicere
2278 2242 2443 2297 alium
2475 2242 2661 2297 orbem
2694 2250 2875 2306 terrae,
2900 2255 2966 2296 ex
2992 2241 3174 2295 multis
3203 2241 3253 2296 id
3282 2241 3476 2311 probat
3495 2284 3511 2308 ,

1926 2342 1982 2390 et
2008 2348 2077 2388 ex
2108 2348 2173 2388 eo
2197 2332 2340 2403 quod
2368 2332 2563 2387 dixerit
2591 2333 2764 2402 ipsum
2801 2331 3072 2385 futurum:
3119 2330 3326 2387 futurus
3367 2334 3511 2386 enim

1936 2423 2211 2479 eratorbis
2233 2433 2422 2489 terrae;
2454 2422 2624 2478 Filius
2649 2430 2825 2478 autem
2858 2423 2949 2477 Dei
2980 2436 3196 2489 semper
3224 2420 3340 2477 fuit.
3367 2422 3517 2478 llune

1946 2523 2075 2579 ergo
2119 2508 2209 2580 qui
2263 2516 2380 2562 erat
2432 2506 2685 2573 futurus,
2733 2521 2839 2560 non
2888 2505 3121 2575 subjecit
3162 2509 3391 2579 angelis,
3443 2510 3536 2564 sed

1945 2597 2177 2652 Christo.
2203 2595 2359 2665 Quod
2384 2604 2562 2650 autem
2590 2595 2658 2650 ad
2680 2594 2872 2649 Filiqu
2899 2593 3104 2650 dictum
3137 2599 3227 2665 sit,
3259 2607 3341 2653 est
3370 2600 3529 2653 mani.

1947 2688 2141 2746 festum
2161 2708 2175 2743 :
2196 2704 2316 2743 nam
2335 2688 2653 2758 nequcillud
2671 2688 2933 2758 quispiam
2945 2687 3161 2759 dixerit,
3181 2690 3321 2761 quod
3339 2690 3537 2746 dictum

1946 2779 2015 2835 sit
2043 2780 2111 2834 ad
2153 2779 2392 2851 angelos.
2423 2778 2630 2834 Deinde
2658 2780 2818 2833 etiam
2860 2781 3094 2837 alterum
3125 2782 3346 2837 adducit
3391 2785 3523 2837 testi-

1946 2872 2207 2936 monium,
2235 2879 2291 2927 et
2315 2870 2478 2925 dicit:
2513 2869 2750 2925 Testatus
2777 2884 2851 2928 est
2882 2884 3053 2927 autem
3092 2874 3146 2927 in
3175 2875 3395 2943 quodam
3427 2873 3536 2928 loco

1945 2962 2075 3033 quis,
2102 2962 2291 3017 dicens.
2316 2961 2427 3017 Cur
2454 2977 2564 3017 non
2594 2961 2731 3020 dixit
2761 2979 2958 3019 nomen
2988 2965 3290 3035 prophetas,
3323 2964 3417 3021 sed
3443 2980 3535 3022 oc-

1946 3054 2200 3109 cultavit?
2234 3053 2347 3109 Hoc
2382 3064 2560 3109 autem
2601 3053 2731 3112 facit
2777 3058 3018 3113 etiamin
3046 3058 3164 3113 aliis
3195 3058 3536 3124 testimoniis,

1947 3157 2003 3202 ut
2022 3146 2232 3218 quando
2257 3146 2422 3203 dicit:
2451 3147 2581 3203 Cum
2615 3162 2783 3205 autem
2815 3150 2996 3204 iterum
3024 3151 3300 3204 introducit
3333 3150 3535 3204 Primo‘

1944 3239 2167 3309 genitum
2193 3238 2246 3292 in
2272 3238 2440 3292 orbem
2476 3251 2646 3309 terrte,
2677 3242 2819 3306 dicit,
2855 3241 2919 3295 Et
2955 3241 3171 3296 adorent
3209 3259 3323 3296 eum
3365 3260 3536 3297 onmcs

1945 3330 2112 3401 angeli
2143 3328 2273 3395 Dei;
2302 3337 2356 3385 et
2403 3347 2614 3400 rursus,
2649 3330 2761 3405 Ego
2809 3349 2894 3388 ero
2924 3335 2968 3389 ei
3002 3333 3059 3389 in
3087 3332 3323 3388 Patrem.
3375 3333 3442 3387 Et
3470 3336 3536 3389 ad

1950 3420 2161 3490 angelos
2184 3420 2391 3492 quidem
2419 3425 2578 3477 dicit:
2604 3422 2704 3491 Qui
2737 3425 2862 3495 facit
2894 3425 3101 3494 angelos
3130 3442 3249 3479 suos
3275 3426 3487 3495 spiritus
3516 3446 3534 3485 :

1944 3512 2010 3563 ad
2055 3509 2251 3565 Filium
2281 3529 2427 3578 vero,
2463 3513 2528 3568 Et
2567 3524 2620 3567 tu
2666 3514 2716 3567 in
2754 3517 3006 3584 principio
3028 3558 3042 3582 ,
3078 3515 3324 3582 Domine,
3351 3526 3536 3571 terram

1944 3602 2194 3673 fundasti.
2241 3605 2315 3659 Ita
2363 3605 2450 3660 hic
2478 3621 2722 3676 quoque;
2758 3605 2996 3660 Testatus
3037 3617 3107 3661 est
3136 3617 3303 3662 autem
3333 3610 3385 3663 in
3412 3626 3540 3678 quo-

1943 3693 2061 3745 dam
2092 3695 2205 3749 loco
2227 3695 2339 3764 quis
2368 3696 2558 3749 dicens.
2603 3695 2715 3749 Hoc
2735 3699 2905 3765 ipsum
2949 3706 3126 3750 autem
3158 3697 3348 3765 Opinor
3374 3700 3537 3752 etiam

1943 3798 2065 3840 esse
2106 3785 2449 3850 oceultantis,
2481 3795 2533 3839 et
2565 3785 2849 3840 ostendere
2878 3799 2971 3840 eos
3002 3801 3123 3839 esse
3154 3786 3308 3841 valde
3336 3789 3540 3856 peritos

1942 3876 2363 3945 Scripturarum,
2388 3877 2529 3945 quod
2554 3891 2659 3930 non
2682 3885 2843 3944 ponat
2869 3891 2989 3929 eum
3020 3876 3108 3945 qui
3135 3877 3267 3931 dixit
3295 3880 3538 3934 testium--

1946 3967 2115 4033 nium,
2146 3964 2239 4021 sed
2271 3965 2592 4031 introducat,
2626 3973 2684 4020 ut
2713 3965 2855 4035 quod
2883 3965 3038 4035 vulgo
3055 3966 3458 4023 circumferatur
3485 3980 3540 4025 et

1944 4057 2013 4109 sit
2033 4056 2396 4111 manifestum.
2423 4054 2563 4120 Quid
2588 4067 2659 4110 est
2682 4056 2832 4109 homo
2857 4057 2992 4125 quod
3006 4073 3195 4111 memor
3209 4074 3261 4112 es
3281 4059 3390 4129 ejus
3408 4060 3433 4113 ?
3451 4069 3540 4113 aut

1944 4147 2081 4215 ﬁlius
2115 4146 2331 4200 hominis
2360 4145 2494 4217 quod
2520 4147 2690 4200 visitas
2715 4146 2869 4199 eum?
2895 4147 2946 4200 7.
2979 4145 3210 4202 Minuisti
3240 4166 3354 4203 eum
3380 4154 3535 4221 paulo

1945 4243 2115 4295 minus
2148 4240 2208 4293 ab
2234 4241 2427 4311 angelis
2459 4254 2478 4293 :
2508 4239 2670 4310 gloria
2699 4248 2746 4293 et
2787 4238 2976 4293 honore
3018 4243 3269 4295 coronasti
3327 4259 3459 4310 eum,
3492 4253 3539 4297 et

1944 4337 2245 4391 constituisti
2270 4353 2382 4390 eum
2412 4352 2563 4406 super
2591 4352 2744 4405 Opera
2772 4351 3016 4388 manuum
3039 4345 3240 4390 tuarum
3261 4338 3350 4393 :8.
3368 4340 3540 4392 omnia

1940 4427 2196 4494 subjecisti
2214 4427 2305 4481 sub
2325 4426 2534 4496 pedibus
2561 4428 2670 4496 ejus
2692 4424 2866 4495 (Psal.
2898 4428 2951 4482 8.
2984 4425 3127 4498 5-7).

2013 4519 2067 4572 2.
2122 4519 2245 4574 ιιωυ
2290 4530 2467 4574 autem
2514 4518 2725 4573 etiamsi
2784 4519 2924 4573 dicta
2978 4519 3087 4573 sint
3138 4520 3205 4573 dc
3266 4523 3536 4577 communi

1945 4611 2273 4667 humanitate
2295 4653 2309 4677 ,
2342 4612 2510 4680 magis
2542 4611 2757 4681 proprie
2791 4619 2968 4665 tamen
2997 4611 3350 4665 convenerint
3373 4612 3534 4665 Chri-

1944 4716 2029 4761 sto
2057 4705 2348 4760 secundum
2388 4719 2604 4759 Carnem
2639 4720 2651 4757 :
2683 4702 2809 4757 illud
2839 4704 2983 4756 cnim
3012 4743 3026 4769 ,
3061 4703 3246 4756 Omnia
3278 4702 3538 4771 sttbjccisti

1943 4798 2032 4851 sub
2060 4796 2267 4868 pedibus
2295 4796 2444 4867 ejus,
2488 4795 2656 4866 magis
2698 4803 2780 4849 est
2832 4794 3013 4858 illius,
3063 4809 3221 4861 quam
3268 4805 3534 4848 nostrum.

1946 4890 2039 4945 Dei
2081 4890 2222 4945 enim
2273 4889 2437 4944 Filius
2486 4904 2616 4954 nos,
2674 4903 2793 4942 eum
2847 4887 2976 4940 nihil
3020 4900 3297 4951 essemus,
3350 4887 3536 4940 visita-

1947 4981 2058 5045 vit,
2117 4991 2171 5035 ct
2221 4997 2341 5035 cum
2397 4980 2446 5034 id
2497 4979 2641 5049 quod
2692 4988 2932 5034 nostrum
2989 4988 3069 5032 est
3119 4979 3443 5046 suscepisset
3483 4988 3540 5031 et

1946 5073 2046 5126 sibi
2074 5075 2298 5140 unisset,
2334 5073 2501 5128 factus
2526 5083 2606 5127 est
2637 5072 2887 5127 omnibus
2915 5070 3181 5139 superior.
3223 5068 3285 5121 In
3312 5085 3368 5121 eo
3394 5071 3534 5122 enim

1947 5164 2082 5233 quod
2107 5165 2278 5217 omnia
2307 5166 2352 5218 ei
2378 5164 2588 5234 subjecit
2614 5206 2627 5229 ,
2660 5163 2789 5216 nihil
2809 5162 3000 5215 dimisit
3030 5178 3130 5213 non
3154 5159 3437 5230 subjectum
3466 5164 3531 5214 ei.

1950 5253 2102 5308 Nunc
2126 5265 2296 5308 autem
2324 5255 2536 5309 necdum
2566 5254 2788 5306 uidemus
2815 5256 2984 5304 omnia
3025 5251 3251 5318 subjecta
3277 5251 3340 5303 ei.
3385 5250 3536 5318 Quod

1945 5355 2122 5399 autem
2152 5345 2279 5398 dicit
2319 5355 2401 5398 est
2432 5344 2758 5413 hujusmodi.
2788 5343 3049 5409 Quoniam
3076 5342 3311 5405 dixerat,
3346 5341 3519 5395 Donec.

1944 5455 2127 5508 ponam
2171 5438 2398 5491 inimicos
2436 5447 2546 5491 tuos
2585 5438 2859 5491 scabellum
2893 5435 3075 5503 pedum
3109 5443 3307 5487 tuorum
3332 5474 3346 5496 ,
3381 5434 3523 5487 veri-

1944 5530 2120 5586 simile
2144 5541 2322 5586 autem
2360 5541 2474 5584 erat
2505 5543 2599 5584 eos
2638 5529 2810 5583 adhuc
2841 5529 2958 5596 angi
3007 5536 3059 5580 et
3103 5524 3317 5579 tristitia
3348 5524 3523 5579 afﬁci:

2003 5642 2019 5671 ¹
2055 5639 2144 5688 Hic
2168 5640 2217 5686 in
2242 5637 2522 5688 Colbertino
2550 5637 2712 5698 incipit
2741 5632 2932 5682 humilia
2958 5636 3143 5694 quarta.

3184 5715 3223 5774 3
