3956 6138
431 257 501 315 '59
1193 256 1251 313 S.
1293 253 1570 312 IOANNIS
1606 245 2079 308 CllRYSOSTOMl
2117 243 2435 303 ARCillEl‘.
2476 238 3007 302 CONSTANTINOP.
3631 237 3702 297 40

443 349 641 404 deinde
669 350 852 420 paucis
871 349 1184 419 interjcetis,
1213 349 1314 403 hoc
1335 348 1613 419 subjnnxit
1635 351 2020 414 testimonium,

445 439 572 493 illud
616 439 959 495 confirmans.
993 435 1126 494 Nam
1166 453 1233 494 ne
1275 439 1551 505 dicerent,
1594 439 1876 507 Quomodo
1920 440 2024 495 lni-

444 533 612 586 micos
643 534 815 602 posuit
845 533 946 586 sub
972 533 1196 602 pedibus
1244 533 1356 587 suis
1380 574 1395 597 ,
1442 547 1565 588 cum
1595 547 1695 587 nos
1721 539 1826 587 tam
1857 533 2023 588 multa

446 623 585 690 passi
613 623 820 677 simus?
865 624 992 676 satis
1018 623 1233 692 quidem
1275 632 1330 678 et
1371 624 1422 677 in
1470 621 1900 692 praecedentibus
1928 624 2029 680 hoc

438 727 615 782 ipsum
667 713 826 767 tacite
871 713 1184 783 signiﬁcavit
1218 732 1229 766 :
1261 713 1392 767 illud
1437 714 1578 768 enim
1601 756 1615 779 ,
1651 713 1823 768 Donec
1852 755 1865 779 ,
1915 730 2021 769 non

438 802 582 872 quod
613 803 791 856 statim
822 805 878 857 tit
907 804 1274 872 signiﬁcabat,
1311 804 1404 859 sed
1432 803 1575 873 quod
1603 805 1658 858 iit
1680 806 1731 860 in
1754 815 2024 876 tempore:

442 890 528 946 hic
558 902 735 946 autem
766 909 883 947 rem
913 894 1130 948 uberius
1158 895 1521 964 persequitur.
1568 894 1646 950 Ne
1685 896 1851 962 enim,
1885 913 2023 966 quo-

435 985 605 1050 niam,
640 983 846 1055 inquit,
889 985 1124 1040 nondum
1167 995 1292 1039 sunt
1330 986 1593 1055 subjecti,
1623 987 1898 1043 existimes
1931 1004 2030 1044 nec

442 1076 632 1145 subjici
667 1095 680 1130 :
715 1092 837 1130 nam
883 1091 1044 1146 quam
1072 1076 1215 1145 quod
1253 1075 1444 1144 subjici
1488 1091 1701 1146 semper
1733 1085 1980 1146 oporteat
2009 1119 2022 1144 ,

441 1175 524 1220 est
551 1166 893 1235 perspicuum
930 1183 941 1218 :
976 1167 1175 1219 etenim
1205 1176 1486 1235 propterea
1509 1165 1652 1221 dieta
1681 1178 1763 1221 est
1791 1167 2026 1236 prophe-

445 1257 512 1309 tia
547 1273 560 1308 :
593 1251 660 1308 In
690 1273 746 1310 eo
769 1256 939 1322 enim,
974 1258 1180 1327 inquit,
1211 1256 1348 1327 quod
1377 1259 1548 1312 omnia
1573 1259 1618 1312 ei
1638 1258 1870 1329 subjecit,
1903 1261 2030 1315 nihil

439 1348 632 1413 dimisit
678 1364 777 1402 non
826 1348 1106 1419 subjectum
1148 1349 1214 1404 ei.
1267 1349 1550 1416 Quomodo
1597 1364 1726 1421 ergo
1761 1365 1868 1404 non
1900 1361 2028 1406 sunt

439 1437 621 1491 omnia
670 1437 719 1491 ei
768 1438 1050 1508 subjecta?
1083 1439 1347 1505 Quoniam
1397 1450 1520 1494 sunt
1567 1439 1924 1510 subjicienda.
1972 1441 2026 1498 Si

443 1543 573 1598 ergo
622 1529 800 1583 omnia
849 1528 1182 1598 subjicienda
1211 1570 1225 1595 ,
1280 1529 1509 1585 necdum
1555 1538 1732 1586 tamen
1782 1532 2024 1601 subjecm

440 1630 566 1674 sunt
588 1661 602 1685 ,
648 1635 714 1674 ne
741 1635 882 1689 aegre
913 1617 1055 1675 feras
1086 1635 1185 1676 nec
1218 1621 1471 1676 turbaris.
1503 1620 1636 1675 Nam
1668 1622 1713 1676 si
1741 1637 1862 1676 eum
1905 1621 2025 1677 linis

441 1713 660 1782 quidem
689 1713 1028 1780 advenisset,
1075 1722 1130 1768 et
1159 1715 1339 1768 omnia
1369 1721 1552 1769 essent
1583 1714 1823 1786 subjecta
1853 1757 1866 1778 ,
1909 1715 2024 1770 haec

442 1803 725 1872 patereris,
751 1803 942 1858 merito
972 1803 1184 1859 doleres
1216 1821 1231 1859 :
1258 1820 1399 1859 nunc
1415 1816 1592 1859 autem
1621 1804 1854 1859 nondum
1879 1803 2029 1859 vide-

441 1909 560 1948 mus
582 1894 761 1949 omnia
787 1895 833 1950 ei
857 1894 1115 1965 subjecta,
1148 1895 1260 1949 Rex
1285 1895 1519 1950 nondum
1545 1911 1676 1965 pure
1697 1894 2028 1950 dominatum

442 1985 690 2040 obtinuit.
723 1985 858 2053 Quid
895 2001 1022 2056 ergo
1066 1984 1400 2041 conturbaris
1453 1985 1596 2042 male
1621 1986 1865 2056 patiens?
1895 2002 2032 2042 non-

442 2073 566 2130 dum
598 2090 785 2130 omnes
813 2075 1088 2145 superavit
1117 2072 1430 2146 pradicatio
1456 2093 1472 2143 ;
1515 2077 1750 2132 nondum
1776 2086 1859 2132 est
1892 2087 2030 2132 tem-

442 2185 542 2239 pus
571 2176 628 2222 ut
653 2166 888 2238 perfecte
910 2167 1284 2238 subjiciantur.
1317 2167 1520 2222 Deinde
1550 2183 1735 2222 rursus
1763 2167 1866 2222 alia
1895 2185 2029 2223 eon-

442 2260 652 2325 solatio,
683 2257 945 2329 siquidem
996 2261 1040 2313 is
1077 2261 1165 2328 qui
1216 2269 1295 2314 est
1337 2273 1526 2314 omnes
1577 2255 1854 2315 habiturus
1905 2260 2031 2314 sub-

439 2351 611 2420 jectos
639 2391 652 2415 ,
682 2350 797 2419 ipse
836 2365 1050 2420 quoque
1097 2358 1180 2403 est
1227 2359 1495 2416 mortuus,
1519 2359 1575 2403 et
1625 2347 2032 2406 innumerabilia

444 2457 746 2514 perpessus.
768 2442 821 2497 9.
851 2441 981 2495 Eum
1009 2451 1198 2508 autem,
1218 2443 1300 2510 qui
1328 2443 1526 2496 modico
1551 2459 1703 2512 quam
1731 2443 1898 2514 angeli
1926 2442 2031 2496 mi-

443 2546 649 2590 noratus
676 2545 768 2599 est,
815 2535 1036 2590 videmus
1059 2535 1232 2589 Iesum
1274 2545 1477 2606 propter
1506 2537 1788 2606 passionem
1833 2537 2026 2591 mortis.

445 2627 646 2683 Deinde
677 2643 863 2682 rursus
908 2627 1184 2696 subjunxit
1223 2643 1342 2698 qua:
1381 2637 1507 2682 sunt
1537 2628 1674 2682 bona
1705 2646 1718 2682 :
1755 2627 1930 2683 Gloria
1974 2638 2019 2685 et

445 2720 635 2771 honore
670 2726 987 2771 coronatum.
1027 2718 1211 2771 Vidisti
1238 2717 1507 2788 quomodo
1531 2718 1578 2772 ci
1609 2719 1784 2772 omnia
1814 2719 2034 2789 adapta-

444 2808 622 2864 verit?
650 2823 772 2862 nam
804 2807 934 2862 illud
980 2808 1184 2862 Modico
1205 2849 1223 2875 ,
1255 2808 1327 2863 illi
1355 2808 1523 2881 magis
1552 2809 1856 2880 congruerit
1878 2849 1894 2876 ,
1937 2809 2033 2878 qui

454 2913 563 2958 tres
590 2905 707 2957 dies
736 2901 880 2956 solos
909 2900 1004 2954 luit
1043 2898 1182 2968 apud
1213 2897 1410 2952 inferos
1437 2937 1451 2960 ,
1495 2911 1603 2950 non
1635 2895 1790 2949 nobis
1827 2898 1917 2964 qui
1943 2894 2035 2947 diu

451 3003 504 3048 ct
551 2994 773 3048 multum
803 2990 1199 3060 corrumpimur
1229 3007 1242 3041 :
1284 2987 1532 3042 similiter
1566 2994 1619 3040 et
1658 2984 1787 3039 illud
1810 3024 1825 3049 ,
1856 2977 2036 3039 Gloria

449 3096 496 3140 et
528 3086 717 3138 honore
743 3123 757 3147 ,
792 3083 866 3136 illi
899 3083 1055 3152 longe
1099 3080 1270 3150 magis
1298 3121 1312 3146 ,
1346 3093 1504 3149 quam
1536 3075 1692 3131 nobis
1724 3073 2029 3129 conveniet.

451 3181 657 3233 Rursus
703 3189 916 3231 crucem
945 3175 1024 3230 eis
1054 3181 1270 3228 revocat
1311 3172 1363 3226 in
1406 3170 1718 3225 memoriam
1745 3207 1758 3231 ,
1808 3160 1916 3220 duo
1956 3161 2034 3219 la-

448 3273 597 3326 ciens
629 3288 640 3324 :
677 3283 871 3338 nempe
897 3277 951 3323 et
988 3282 1171 3322 curam
1202 3267 1320 3334 ejus
1367 3264 1420 3318 in
1465 3277 1564 3318 nos
1595 3259 1888 3316 ostendens
1914 3298 1929 3322 ,
1975 3264 2036 3311 et

449 3363 680 3418 suadens
710 3371 769 3416 ut
794 3363 970 3414 omnia
1002 3372 1264 3428 generoso
1288 3365 1341 3412 et
1368 3354 1494 3409 forti
1526 3354 1711 3408 animo
1741 3351 1937 3415 ferant,
1963 3351 2031 3405 ad

451 3456 764 3526 Magistrum
811 3451 1154 3522 aspicientes.
1197 3447 1329 3503 Nam
1357 3447 1402 3501 si
1436 3445 1480 3499 is
1508 3444 1597 3513 qui
1626 3442 1878 3496 aduratur
1902 3480 1916 3502 ,
1947 3441 2033 3493 in-

449 3548 602 3617 quit,
655 3547 724 3600 ab
750 3543 952 3615 angelis
977 3585 992 3608 ,
1042 3541 1292 3597 sustinuit
1326 3536 1580 3608 quiddam
1613 3535 1790 3590 minus
1829 3532 2031 3587 habere

447 3657 606 3710 quam
635 3637 815 3709 angeli
841 3646 1059 3707 propter
1087 3642 1138 3689 te
1164 3632 1368 3688 :multo
1393 3628 1562 3699 magis
1591 3639 1646 3681 tu
1664 3625 1752 3696 qui
1775 3640 1834 3679 es
1858 3623 2034 3677 minor

446 3733 688 3802 angelis,
729 3730 896 3786 debes
921 3726 1098 3782 omnia
1134 3725 1274 3779 ferre
1320 3729 1540 3792 prepter
1581 3719 1777 3787 ipsum.
1826 3712 2032 3769 Deinde

447 3822 684 3879 ostendit
708 3819 853 3892 quod
881 3834 1013 3875 crux
1042 3818 1112 3872 sit
1141 3816 1313 3870 honor
1341 3822 1396 3868 et
1434 3810 1602 3881 gloria
1635 3828 1648 3864 :
1678 3805 1949 3878 quomodo
1977 3815 2032 3861 et

447 3917 560 3984 ipse
583 3929 702 3970 eam
731 3927 944 3980 semper
970 3918 1125 3964 vocat
1149 3950 1164 3973 ,
1193 3907 1380 3961 dicens
1407 3923 1419 3959 :
1458 3903 1604 3958 Venit
1634 3903 1761 3955 hora
1791 3910 1843 3952 ut
1867 3899 2028 3970 glori-

444 4007 621 4075 ﬁcetur
651 4002 822 4056 Filius
849 4001 1068 4054 hominis
1092 3997 1275 4063 (Ioan.
1307 3991 1393 4050 ll.
1419 3995 1494 4062 4).
1522 3994 1576 4049 Si
1610 4008 1738 4064 ergo
1765 3992 1855 4046 ille
1877 4001 2032 4044 vocat

442 4095 665 4165 gloriam
695 4107 756 4146 ea
801 4105 921 4161 qua:
966 4102 1156 4159 passus
1199 4097 1283 4141 est
1332 4094 1550 4154 propter
1594 4097 1827 4138 servos:
1861 4082 2030 4135 multo

444 4185 611 4256 magis
639 4193 692 4236 tu
723 4198 783 4237 ea
813 4196 930 4250 quae
957 4179 1154 4251 pateris
1187 4186 1404 4248 propter
1432 4174 1741 4229 Dominum.

513 4275 686 4330 Crucis
716 4277 927 4342 fructus.
975 4299 1049 4311 -—
1087 4268 1244 4324 Vides
1285 4274 1520 4338 quantus
1550 4266 1619 4320 sit
1649 4264 1854 4318 fructus
1901 4277 2026 4317 cru-

439 4368 552 4421 cis?
582 4365 714 4419 Item
742 4380 846 4418 non
875 4361 1098 4417 fortnida
1127 4380 1140 4416 :
1172 4360 1264 4415 tibi
1294 4358 1512 4430 quidem
1543 4358 1752 4412 videtur
1784 4371 1872 4412 res
1905 4371 2028 4411 esse

441 4458 607 4513 tristis
632 4501 646 4525 ,
681 4457 821 4526 parit
864 4465 1042 4510 autem
1074 4455 1211 4510 bona
1240 4453 1671 4508 innumerabilia.
1703 4452 1778 4506 Ex
1832 4451 1916 4506 his
1939 4467 2028 4506 os-

440 4553 609 4607 tendit
639 4551 920 4606 utilitatem
956 4548 1282 4604 tentationis.
1318 4545 1521 4602 Deinde
1547 4545 1678 4600 dicit
1707 4563 1720 4600 :
1756 4543 1827 4599 Ut
1858 4545 2024 4615 gratia

443 4645 534 4700 Dei
582 4660 675 4714 pro
726 4640 956 4696 omnibus
1003 4649 1228 4711 gustaret
1283 4647 1514 4692 mortent.
1566 4636 1633 4691 Ut
1677 4636 1844 4706 gratia
1887 4633 2018 4702 Dei,

435 4735 626 4805 inquit.
673 4733 739 4788 Et
770 4732 858 4788 ille
882 4732 1097 4802 quidem
1131 4731 1243 4785 hace
1271 4743 1457 4798 passus
1484 4737 1565 4782 est
1597 4738 1820 4797 propter
1849 4726 1940 4780 Dei
1969 4727 2021 4779 in

435 4841 535 4878 nos
564 4822 790 4893 gratiam
817 4841 830 4876 :
867 4821 968 4888 Qui
993 4822 1222 4904 proprio.
1237 4818 1396 4885 Filio,
1431 4817 1623 4888 inquit,
1644 4833 1746 4871 non
1778 4817 2017 4886 pepercit,

431 4914 517 4966 sed
547 4929 644 4983 pro
671 4913 813 4968 nobis
842 4915 1073 4968 omnibus
1104 4902 1312 4965 tradidit
1354 4913 1522 4982 ipsum
1550 4913 1567 4981 (
1598 4902 1747 4966 Rom.
1778 4911 1832 4966 8.
1877 4909 1944 4965 '52
1967 4909 2011 4976 ).

427 5005 669 5070 Quanam
703 5003 770 5058 de
797 5019 959 5058 causa
981 5005 1003 5057 ?
1029 5003 1145 5058 Non
1179 5006 1277 5058 hoc
1308 5004 1461 5058 nobis
1489 5003 1735 5067 debebat,
1764 5003 1857 5059 sed
1892 4999 2016 5057 l'eeit

425 5095 618 5161 gratia.
648 5093 714 5149 Et
732 5111 916 5150 rursus
945 5095 997 5150 in
1018 5095 1254 5165 Epistula
1275 5095 1337 5150 ad
1362 5095 1631 5151 Romanos
1653 5095 1782 5151 dicit
1806 5115 1818 5150 :
1849 5093 2013 5150 Multo

427 5186 591 5254 ntagis
629 5186 796 5256 gratia
831 5185 960 5251 Dei,
1009 5197 1055 5239 ct
1098 5187 1286 5240 donum
1324 5187 1376 5240 in
1406 5189 1570 5259 gratia
1609 5189 1756 5241 unius
1797 5187 2013 5240 hominis

428 5272 551 5327 Iesu
599 5274 785 5328 Christi
831 5276 884 5328 in
934 5277 1103 5347 plures
1149 5277 1421 5331 abundavit
1461 5276 1636 5340 (Rom.
1675 5278 1889 5348 5.15).
1945 5276 2014 5332 Ut

427 5365 598 5434 gratia
640 5357 736 5418 Dei
783 5383 876 5434 pro
919 5368 1150 5420 omnibus
1179 5377 1402 5439 gustaret
1453 5377 1659 5422 mortem
1709 5384 1728 5421 ε
1775 5383 1878 5423 non
1919 5384 2015 5438 pro

430 5461 678 5516 Iidvlibus
705 5463 905 5528 solum,
945 5463 1038 5517 sed
1069 5480 1165 5532 pro
1195 5463 1445 5517 universo
1475 5461 1607 5516 orbe
1653 5471 1845 5526 teme;
1889 5474 2010 5514 nam

433 5551 545 5618 ipse
592 5553 805 5622 quidem
839 5563 1082 5608 mortuus
1129 5561 1213 5609 est
1260 5569 1355 5624 pro
1385 5545 1654 5607 omnibus.
1705 5551 1843 5620 Quid
1896 5560 2005 5604 tum

429 5651 604 5695 autem
627 5683 645 5709 ,
675 5644 716 5698 si
748 5660 856 5700 non
886 5661 1074 5699 omnes
1098 5645 1486 5700 crediderunt?
1519 5645 1638 5715 lpse
1675 5643 1818 5714 quod
1857 5658 2010 5698 suum

2121 362 2234 409 erat
2280 349 2540 421 implevit.
2589 347 2657 402 Et
2699 344 2918 416 preprie
2965 340 3144 405 dixit,
3199 338 3303 392 Pro
3334 335 3566 391 omnibus
3605 350 3696 404 gu-

2121 450 2274 500 staret
2305 450 2535 496 mortem.
2561 438 2674 493 Non
2701 436 2855 501 dixit,
2889 432 3186 488 Morerelur
3219 445 3231 482 :
3265 443 3388 483 nam
3422 436 3478 481 ut
3504 426 3594 496 qui
3621 439 3694 478 re-

2121 548 2245 590 vera
2273 543 2500 589 mortem
2525 535 2811 601 gustasset,
2841 539 2962 578 cum
2989 524 3042 576 in
3067 535 3126 576 ea
3156 519 3293 575 adeo
3327 532 3493 588 parvo
3521 515 3711 570 luisset

2127 626 2409 682 intervallo
2441 665 2455 690 ,
2489 622 2669 678 statim
2697 617 2955 673 surrexit.
2995 617 3168 684 Atque
3204 609 3434 666 dicendo
3465 607 3708 678 quidem,

2126 719 2230 775 Per
2259 720 2548 789 passione»:
2575 713 2749 766 mortis
2774 751 2790 778 ,
2837 722 3017 762 veram
3065 702 3385 774 significavit
3432 706 3662 789 mortem
3695 713 3708 749 :

2124 788 2352 866 dicendo
2381 817 2581 871 autem,
2603 803 2786 856 Melior
2811 798 3028 869 angelis,
3072 793 3306 850 ostendit
3353 788 3712 845 resurrectio-

2127 918 2268 957 nem.
2298 900 2448 954 Sicut
2467 898 2612 952 cnim
2634 893 2896 955 medicus,
2915 903 3039 943 cum
3068 902 3172 940 non
3200 884 3269 939 sit
3298 897 3520 938 necesse
3543 890 3597 934 ut
3616 895 3716 948 gu-

2127 994 2397 1050 steteibos
2419 997 2620 1061 aegroto
2647 994 2858 1056 paratos
2881 1026 2893 1048 ,
2922 989 3140 1053 propter
3155 992 3338 1032 curam
3372 973 3523 1028 illius
3551 987 3713 1043 quam

2126 1089 2282 1161 gerit,
2308 1088 2420 1158 ipse
2447 1085 2590 1154 prior
2611 1088 2810 1153 gustat,
2831 1086 2887 1132 ut
2913 1071 3230 1147 persuadeat
3247 1077 3445 1141 :egrutu
3471 1077 3524 1122 ut
3545 1066 3716 1161 conli-

2127 1158 2318 1237 denter
2347 1176 2539 1230 audeat
2563 1173 2740 1227 cibum
2772 1182 2986 1224 sumere
3019 1184 3032 1220 :
3056 1166 3125 1219 ita
3150 1161 3396 1218 Christus
3420 1201 3434 1226 ,
3459 1158 3714 1228 quoniam

2127 1287 2316 1328 omnes
2347 1267 2588 1324 homines
2615 1271 2839 1317 mortem
2870 1258 3249 1322 extimuerant,
3285 1254 3361 1308 eis
3384 1247 3718 1320 persuadens

2129 1372 2186 1418 ut
2215 1365 2264 1418 in
2293 1375 2411 1417 eam
2447 1364 2628 1413 essent
2665 1353 2914 1417 audaces,
2953 1349 3064 1418 ipse
3089 1359 3299 1416 quoque
3317 1357 3432 1396 eam
3457 1338 3715 1407 gustavit,

2127 1472 2250 1512 eum
2296 1469 2400 1508 non
2445 1460 2585 1506 esset
2619 1449 2668 1503 ei
2699 1458 2940 1502 necesse.
2971 1440 3116 1496 Venit
3146 1438 3289 1494 enim
3311 1478 3324 1502 ,
3355 1435 3543 1506 inquit,
3572 1433 3718 1500 prin—

2131 1549 2247 1603 ceps
2272 1535 2448 1588 mundi
2475 1535 2648 1602 huius,
2678 1545 2723 1588 et
2745 1534 2796 1586 in
2820 1548 2898 1586 me
2920 1532 3047 1585 nihil
3068 1533 3250 1586 invenit
3269 1531 3446 1601 (Ioan.
3472 1530 3560 1584 Η.
3589 1530 3712 1599 50).

2133 1626 2220 1682 Sic
2250 1635 2304 1680 et
2332 1626 2473 1695 quod
2504 1623 2668 1689 dicit,
2705 1623 2882 1678 Gratia
2908 1664 2924 1688 ,
2967 1632 3016 1676 et
3050 1622 3178 1676 illud
3205 1663 3220 1688 ,
3259 1619 3325 1676 Ut
3352 1638 3446 1691 pro
3485 1621 3719 1677 omnibus

2135 1727 2343 1770 mortem
2389 1723 2647 1786 gustaret,
2696 1715 2795 1769 hoc
2839 1716 3134 1768 constituit.
3181 1713 3267 1768 i0.
3317 1712 3536 1768 Docebat
3583 1714 3719 1767 enim

2133 1823 2245 1860 eum
2279 1816 2480 1876 propter
2517 1822 2662 1874 quem
2706 1806 2916 1870 omnia,
2965 1820 3009 1856 et
3040 1820 3129 1874 per
3173 1820 3318 1875 quem
3361 1803 3532 1856 omnia
3563 1844 3578 1868 ,
3627 1804 3719 1870 qui

2134 1900 2317 1951 multos
2358 1898 2494 1967 ﬁlios
2531 1898 2582 1951 in
2617 1899 2834 1967 gratiam
2861 1897 3187 1965 adduxerat,
3235 1905 3493 1949 auctorem
3536 1895 3722 1950 salutis

2134 2004 2303 2040 eorum
2335 2004 2423 2056 per
2448 1988 2733 2058 passionem
2773 2001 3139 2040 consummare.

2205 2077 2258 2131 5.
2304 2077 2379 2131 De
2409 2075 2564 2131 Patre
2595 2077 2680 2130 hie
2706 2075 2855 2130 dicit.
2913 2075 3074 2131 Vides
3128 2075 3397 2147 quomodo
3438 2097 3626 2138 rursus
3668 2084 3722 2138 ei

2133 2160 2348 2236 adaptat
2380 2167 2532 2233 illud,
2561 2166 2661 2221 Per
2681 2184 2828 2234 quem
2851 2165 3004 2222 ?lloc
3029 2184 3134 2223 non
3159 2167 3397 2236 fecisset,
3423 2173 3471 2228 si
3497 2174 3548 2228 id
3575 2185 3724 2230 esset

2134 2257 2521 2324 diminutionis,
2550 2269 2604 2313 et
2632 2253 2764 2312 Filio
2794 2256 2970 2313 solum
2995 2261 3325 2317 conveniret.
3356 2263 3511 2332 Quod
3539 2278 3722 2321 autem

2135 2349 2264 2406 dicit
2293 2361 2373 2404 est
2400 2346 2662 2419 ejusmodi
2693 2369 2706 2404 :
2742 2346 2928 2418 Fecit,
2975 2351 3181 2421 inquit,
3226 2368 3345 2424 qua:
3371 2355 3529 2426 digna
3563 2369 3724 2413 erant

2133 2457 2228 2496 sua
2273 2441 2597 2514 benignitate
2622 2485 2639 2508 ,
2679 2442 2821 2514 quod
2861 2441 3108 2498 omnibus
3138 2443 3484 2502 illustriorem
3536 2446 3726 2509 fecerit

2134 2535 2574 2606 Primogenitum,
2618 2543 2672 2588 et
2702 2545 2757 2588 ut
2786 2544 3052 2603 tamquam
3083 2533 3237 2591 fortis
3263 2538 3466 2592 athleta
3495 2549 3550 2594 et
3573 2539 3716 2595 alios

2135 2641 2463 2697 exsuperans
2488 2668 2502 2693 ,
2551 2625 2671 2681 aliis
2698 2635 2842 2682 esset
2885 2627 3180 2696 exemplar.
3223 2623 3494 2684 Auctorem
3537 2632 3727 2688 salutis

2133 2733 2305 2770 eorum
2337 2717 2412 2786 (a)
2443 2733 2456 2769 :
2494 2716 2596 2771 hoc
2621 2727 2737 2783 est,
2786 2731 3001 2771 causam
3029 2719 3238 2775 salutis.
3275 2717 3439 2774 Vides
3462 2733 3723 2790 quantum

2135 2805 2375 2862 intersit?
2404 2817 2456 2864 et
2484 2807 2570 2862 hic
2591 2817 2673 2863 est
2696 2803 2882 2870 Filius,
2912 2818 2966 2862 et
2988 2825 3085 2864 nos
3109 2807 3223 2876 lilii;
3249 2810 3340 2865 sed
3367 2813 3478 2882 ipse
3503 2813 3721 2882 quidem

2132 2906 2340 2967 servat,
2372 2914 2470 2952 nos
2498 2913 2796 2954 servantur.
2835 2895 3025 2952 Vidisti
3055 2897 3325 2969 quomodo
3355 2917 3454 2957 nos
3484 2904 3720 2973 conjun-

2131 2999 2218 3059 gat
2243 2998 2295 3043 et
2320 2989 2586 3054 conciliet,
2617 2997 2672 3044 et
2698 2988 2990 3058 distinguat
3017 3005 3079 3044 ae
3107 2993 3356 3060 separet?
3381 2993 3481 3058 Qui
3509 2999 3719 3062 multos,

2135 3080 2322 3149 inquit,
2375 3081 2510 3148 filios
2561 3081 2612 3134 in
2645 3080 2859 3151 gloriam
2887 3081 3193 3136 adduxerat.
3242 3083 3340 3139 llic
3366 3085 3674 3140 Conciliavit
3702 3105 3717 3142 :

2137 3173 2403 3225 Auctorem
2449 3170 2631 3226 salutis
2680 3189 2851 3226 eorum
2884 3191 2903 3227 :
2931 3183 2985 3227 et
3026 3189 3213 3230 rursus
3243 3175 3487 3230 diStinxit
3517 3188 3572 3232 et
3602 3177 3721 3232 dis-

2125 3261 2320 3330 junxit.
2346 3261 2448 3316 Per
2470 3263 2728 3332 passiones
2747 3281 3112 3319 consummare.
3133 3265 3419 3322 Passiones
3443 3284 3572 3340 ergo
3599 3279 3724 3325 sunt

2134 3352 2392 3421 perfectio
2440 3361 2495 3407 et
2532 3369 2690 3407 causa
2739 3356 2947 3410 salutis.
2994 3353 3182 3411 Viden‘
3221 3357 3363 3425 quod
3411 3359 3549 3414 male
3595 3375 3722 3416 esse

2140 3460 2377 3516 passum,
2411 3461 2515 3500 non
2544 3447 2611 3500 sit
2643 3463 2828 3502 eorum
2861 3449 2950 3517 qui
2975 3457 3100 3503 sunt
3122 3447 3413 3504 derelicti?

2217 3537 2508 3592 lncarnatio
2548 3543 2594 3592 et
2625 3538 2804 3593 Passio
2834 3539 3028 3595 Christi
3073 3541 3241 3607 major
3285 3542 3720 3597 creatione.-—-Si

2130 3643 2257 3699 ergo
2277 3630 2416 3683 Deus
2444 3629 2615 3698 primo
2635 3627 2824 3684 Filium
2843 3630 3144 3696 honoravit,
3167 3633 3309 3702 quod
3332 3648 3424 3701 per
3443 3635 3722 3703 passiones

2130 3720 2436 3786 deduxerit;
2460 3737 2675 3776 carnem
2700 3721 3023 3791 suscepisse,
3048 3738 3216 3792 eaque
3234 3735 3479 3794 suscepta
3504 3739 3716 3794 passum

2131 3829 2271 3879 esse,
2299 3814 2454 3884 longe
2480 3821 2564 3870 est
2590 3811 2958 3883 majusrcvera
2977 3829 3134 3884 quam
3163 3813 3419 3868 mundum
3449 3814 3637 3869 fecisse
3665 3823 3720 3870 et

2131 3920 2198 3959 ex
2238 3906 2406 3958 nihilo
2445 3905 2782 3974 produxisse.
2815 3903 2889 3958 Et
2934 3903 3042 3959 hoc
3087 3905 3300 3975 quidem
3351 3904 3719 3976 benignitatis.

2131 3995 2266 4050 illud
2307 4011 2436 4050 vero
2485 3995 2642 4067 longe
2687 3997 2936 4066 amplius.
2987 3993 3054 4050 Et
3097 3997 3198 4052 hoc
3228 3998 3399 4066 ipsum
3434 3995 3550 4068 ipse
3582 4013 3719 4068 quo-

2132 4100 2237 4156 que
2265 4085 2556 4139 ostendens
2579 4125 2592 4149 ,
2622 4085 2750 4140 dicit
2781 4102 2796 4140 :
2831 4083 2896 4140 Ut
2925 4089 3206 4141 ostenderet
3233 4087 3287 4141 in
3313 4089 3514 4143 sarculis
3539 4105 3718 4160 super-

2137 4178 2444 4233 venientibus
2468 4177 2782 4232 abundantes
2810 4180 3009 4232 diuitias
3031 4181 3210 4248 gratia:
3235 4196 3358 4244 sure,
3383 4192 3430 4234 et
3456 4195 3721 4235 conresus-

2126 4259 2292 4312 citavit
2317 4271 2364 4314 et
2388 4264 2655 4320 consedere
2675 4283 2788 4320 cum
2815 4283 2872 4322 eo
2895 4268 3012 4338 fecit
3039 4270 3092 4322 in
3116 4269 3396 4329 celestibus
3423 4274 3476 4330 in
3513 4275 3714 4332 Christo

2125 4343 2268 4404 Iesu.
2305 4351 2522 4408 Decebat
2562 4357 2696 4412 enim
2727 4375 2870 4426 eum,
2909 4372 3116 4431 propter
3149 4379 3296 4433 quem
3326 4365 3517 4435 omnia,
3551 4379 3597 4423 et
3623 4384 3716 4434 per

2126 4457 2270 4509 quem
2298 4446 2468 4499 omnia
2487 4491 2502 4513 ,
2530 4449 2616 4517 qui
2658 4450 2846 4506 mullos
2875 4451 3012 4521 ﬁlios
3053 4455 3103 4508 in
3146 4457 3365 4526 gratiam
3392 4460 3706 4526 adduxerat,

2128 4540 2381 4587 auctorem
2431 4539 2612 4592 salutis
2661 4556 2833 4594 eorum
2885 4559 2975 4612 per
3027 4546 3314 4613 passionem
3359 4567 3716 4609 consummare

2128 4620 2340 4692 (Ep/tes.
2375 4626 2430 4680 2.
2475 4623 2525 4682 7.
2574 4630 2651 4700 ϐ).
2682 4631 2976 4702 Oportebat
3005 4637 3146 4691 enim
3168 4681 3183 4706 ,
3220 4639 3429 4711 inquit,
3463 4660 3582 4700 eum
3616 4649 3706 4716 qui

2129 4726 2312 4770 curam
2359 4719 2526 4787 gerit,
2561 4730 2615 4775 et
2649 4725 2826 4778 omnia
2868 4731 2924 4780 ut
2966 4739 3147 4784 essent
3183 4733 3464 4802 produxit,
3502 4739 3714 4796 tradere

2129 4803 2323 4862 Filium
2354 4823 2449 4878 pro
2476 4809 2648 4868 salute
2675 4815 3026 4886 reliquorum,
3059 4838 3219 4877 unum
3248 4840 3344 4894 pro
3374 4829 3572 4884 multis.
3605 4831 3710 4887 Sed

2129 4909 2232 4953 non
2263 4899 2339 4955 sic
2366 4899 2518 4966 dixit,
2549 4907 2666 4973 sed,
2701 4907 2804 4962 Per
2829 4911 3089 4980 passiones
3117 4932 3500 4986 consummare;
3530 4934 3714 4979 osten-

2127 4991 2204 5044 dit
2252 4991 2392 5061 quod
2433 4998 2523 5066 qui
2558 5013 2652 5067 pro
2699 5002 2879 5073 aliquo
2909 5013 2993 5059 est
3044 5023 3253 5076 passus,
3289 5027 3394 5066 non
3433 5011 3606 5070 solum
3635 5017 3713 5072 illi

2129 5084 2364 5151 prodest,
2394 5088 2486 5142 sed
2519 5091 2677 5145 etiam
2726 5093 2839 5163 ipse
2882 5095 2939 5150 lit
2979 5097 3290 5168 pr.rclarior
3317 5113 3370 5158 et
3402 5106 3708 5175 perfectior.

2128 5176 2240 5231 lloc
2257 5188 2431 5233 autem
2454 5179 2582 5237 dicit
2623 5184 2886 5253 ﬁdelibus,
2910 5189 2988 5243 eis
3005 5191 3238 5247 animum
3254 5195 3474 5263 addens,
3499 5209 3553 5253 et
3581 5201 3712 5255 red-

2127 5263 2259 5321 dens
2270 5267 2600 5327 audaciores.
2617 5271 2823 5330 Etenim
2843 5277 3085 5335 Christus
3107 5289 3230 5338 tunc
3251 5283 3342 5339 fuit
3360 5286 3707 5356 gloriﬁcatus,

2127 5359 2339 5427 quando
2356 5370 2436 5417 est
2453 5378 2662 5434 passus.
2687 5367 2909 5433 Quando
2928 5384 3105 5426 autem
3131 5373 3271 5441 dico,
3299 5373 3420 5430 Fuit
3443 5376 3710 5447 gloriﬁca-

2131 5458 2230 5515 tus,
2253 5467 2319 5506 ne
2339 5455 2611 5509 existimes
2627 5457 2693 5510 ah
2709 5473 2772 5514 eo
2788 5469 3110 5529 assumptam
3135 5479 3254 5518 esse
3269 5468 3493 5534 gloriam
3515 5485 3529 5524 ε
3557 5471 3702 5525 illam

2129 5544 2271 5596 enim
2301 5553 2500 5598 naturm
2521 5548 2742 5615 gloriam
2786 5567 3000 5621 semper
3034 5551 3216 5609 habuit
3242 5557 3372 5612 nihil
3410 5574 3706 5632 assumpto.

2210 5657 2282 5719 (a)
2308 5657 2396 5706 llic
2418 5659 2576 5709 hiatus
2599 5673 2802 5724 magnus
2826 5674 2898 5715 est
2925 5669 2970 5716 iu
2995 5668 3272 5723 (‘olbertino
3296 5673 3488 5727 Codice.
