3956 6138
451 297 526 351 Η
1111 289 1167 346 S.
1210 290 1498 347 JOANNIS
1533 284 2024 345 CIIRYSOSTOMI
2057 284 2375 346 ARCIIIEP.
2418 290 2974 353 CONSTANTINOP.
3637 298 3707 354 ιε

461 412 912 482 ἐπαισχύνεται,
943 411 1212 465 δείκνυσιν
1241 412 1300 464 οὐ
1329 412 1428 481 τῆς
1455 411 1548 464 τοῦ
1580 411 1902 480 πράγματος
1933 407 2034 477 φύε-

434 514 439 520 ·
465 515 621 562 σεως,
651 495 782 550 ἀλλά
813 495 911 566 τῆς
936 495 1311 565 φιλοστοργίας
1339 495 1433 548 τοῦ
1465 495 1540 566 μὴ
1570 491 2032 563 ἐπαισχυνομένου

464 583 523 636 :6
555 584 662 635 πᾶν
707 580 802 644 ὃν,
846 579 940 632 καὶ
974 579 1074 647 τῆς
1120 578 1626 649 ταπεινοφροσύνης
1666 578 1766 648 τῆς
1809 575 2031 642 πολλῆς.

463 667 524 718 El
559 664 668 734 γάρ
695 663 791 716 καὶ
828 661 888 725 ἐξ
923 661 1069 724 ἐνὸς,
1120 660 1234 714 ἀλλ’
1279 663 1308 714 6
1346 662 1443 730 μὲν
1479 661 1732 727 ἁγιάζει,
1779 660 1939 730 ἡμεῖς
1976 658 2034 712 δὲ

464 745 820 816 ἀγιαζόμεθα.
866 744 1005 798 Πολύ
1050 744 1107 796 δὲ
1143 744 1205 797 :6
1249 744 1446 814 μέσον⁶
1488 744 1584 797 καὶ
1625 746 1653 796 6
1691 743 1790 813 μὲν
1835 743 1900 794 ἐκ
1938 741 2032 794 τοῦ

465 829 694 899 Ιῐατρδς,
735 827 808 882 ὡς
847 827 973 889 Υἱὸς
1011 827 1252 896 γνήσιος,
1289 826 1587 891 τουτέστιν,
1619 828 1681 878 ὲκ
1713 827 1811 894 τῆς
1845 823 2035 885 οὐσίας

461 912 658 966 αὐτοῦ·
691 910 853 980 ἡμεῖς
902 910 958 961 δὲ
995 909 1070 972 ὼς
1116 910 1338 979 κτίσμα,
1373 908 1675 971 τουτέστιν,
1711 908 1772 971 ἐξ
1801 907 1900 959 οὐκ
1947 906 2036 959 6v-

459 1014 585 1049 των.
621 995 782 1046 Ὥστε
826 991 960 1044 πολύ
999 992 1057 1044 :6
1103 992 1299 1061 μέσον.
1330 991 1420 1044 Διό
1460 1008 1661 1060 φησιν·
1707 992 1829 1044 Οὐκ
1865 990 2032 1042 ἐπαι-

458 1080 749 1146 σχύνεται
775 1075 1078 1143 ἀδελφοὺς
1099 1074 1321 1139 αὐτοὺς
1338 1073 1568 1136 καλεῖν,
1589 1071 1762 1141 λέγων
1778 1090 1791 1104 ·
1829 1073 2033 1142 Ἀπαγ-

459 1159 614 1232 γελῶ
655 1159 720 1213 τὸ
759 1157 946 1226 ὄνομα
979 1173 1093 1211 σου
1129 1156 1251 1222 τοῖς
1283 1155 1570 1224 ἀδελφοῖς
1597 1173 1737 1224 μου.
1781 1153 1890 1224 Τὴν
1924 1153 2032 1225 γὰρ

461 1245 639 1313 σάρκα
679 1243 1058 1312 ἐνδυσάμενος,
1105 1239 1391 1293 ἐνεδύσατο
1432 1238 1525 1290 καὶ
1562 1237 1661 1306 τὴν
1700 1236 2033 1306 ἀδελφότητα

461 1328 556 1380 καὶ
598 1324 946 1395 συνεισῆλθεν
999 1322 1135 1395 ὁμοῦ
1175 1325 1242 1392 τῇ
1287 1321 1451 1390 σαρκὶ
1504 1320 1598 1372 καὶ
1637 1321 1672 1388 ἡ
1711 1318 2029 1388 ἀδελφότης.

472 1407 633 1462 Ἀλλά
682 1407 841 1460 τοῦτο
882 1407 980 1477 μὲν
1035 1405 1258 1467 εἰκότως
1297 1403 1572 1473 παράγει·
1625 1402 1685 1454 :6
1736 1401 1814 1468 δὲ,
1886 1401 2032 1470 Ἐγὼ

460 1494 672 1561 ἔσομαι
711 1490 1004 1554 πεποιθὼς
1043 1489 1134 1541 ἐπ’
1172 1485 1366 1552 αὐτῷ,
1415 1486 1467 1538 τί
1509 1485 1794 1556 βούλεται;
1828 1485 1933 1538 Καὶ
1971 1484 2031 1538 τὸ

464 1575 603 1648 μετά
627 1573 796 1628 ταῦτα
825 1573 879 1626 δὲ
906 1573 1129 1635 εἰκότως
1147 1588 1160 1603 ·
1210 1570 1365 1625 Ἰδοὺ
1395 1570 1509 1639 ἐγὼ
1545 1570 1644 1624 καὶ
1668 1571 1740 1624 τὰ
1767 1569 1971 1623 παιδία
1995 1568 2032 1623 ἄ

457 1677 558 1728 μοι
600 1657 825 1711 ἔδωκεν
870 1659 900 1710 ό
948 1655 1110 1718 Θεός.
1154 1654 1367 1723 Ὥσπερ
1405 1654 1511 1723 γὰρ
1541 1651 1775 1706 ἐνταῦθα
1821 1653 2032 1722 πατέρα

458 1742 731 1794 δείκνυσιν
764 1738 971 1802 ἐαυτὸν,
1008 1736 1180 1799 οὕτως
1207 1736 1325 1788 ἐκεῖ
1354 1735 1578 1802 ἀδελφόν
1601 1751 1616 1765 ’
1663 1734 2027 1804 Ἀπαγγελῶ,

459 1824 592 1894 φησὶ
611 1863 626 1889 ,
658 1823 724 1877 τὸ
767 1819 954 1889 ὄνομὰ
985 1834 1102 1872 σου
1138 1817 1261 1884 τοῖς
1290 1817 1404 1890 [44]
1437 1818 1721 1887 ἀδελφοῖς
1742 1836 1862 1887 μου
1885 1834 1900 1849 ⁸
1935 1818 2030 1871 καὶ

457 1904 620 1961 πάλιν
643 1906 743 1977 τὴν
770 1901 1043 1972 ὑπεροχὴν
1067 1901 1330 1964 δείκνυσι,
1363 1902 1457 1954 καὶ
1481 1901 1614 1954 πολὺ
1641 1901 1700 1954 τὸ
1725 1901 1910 1971 μέσον,
1942 1900 2030 1954 διὰ

455 1988 564 2042 τῶν
598 1988 754 2058 ἑξῆς·
790 1985 944 2038 Ἐπεὶ
969 1980 1082 2039 οὖν
1111 1989 1181 2037 τὰ
1218 1983 1446 2049 παιδία,
1491 1984 1645 2054 φησὶ,
1671 1981 2028 2050 κεκοινώνη-

457 2089 565 2128 κεν
587 2073 832 2139 αἵματος
864 2068 961 2122 καί
990 2068 1237 2135 σαρκός.

525 2155 588 2208 δ’.
629 2154 793 2224 Ὀρᾷς
824 2151 950 2217 ποῦ,
988 2152 1142 2220 φησὶ,
1179 2151 1242 2203 :6
1273 2151 1492 2221 δμοιον;
1530 2149 1670 2203 κατά
1700 2148 1795 2219 τὴν
1827 2149 2026 2220 σάρκα.

458 2237 901 2307 Παραπλησίως
923 2236 1020 2288 καὶ
1043 2233 1228 2298 αὐτὸς
1249 2234 1508 2303 μετέσχε
1537 2231 1660 2295 τῶν
1685 2231 1904 2286 αὐτῶν.
1934 2233 2028 2285 Αί-

458 2319 840 2390 σχυνέσθωσαν
871 2318 1071 2379 πάντες
1103 2317 1151 2369 οἱ
1182 2317 1470 2388 αἰρετικοὶ,
1504 2314 2028 2384 ὲγκαλυπτέσθωσαν

455 2405 507 2456 0|.
542 2403 762 2472 δοκήσει
809 2400 1060 2466 λέγοντες
1105 2397 1267 2451 αὐτὸν
1315 2396 1758 2468 παραγενέσθαι,
1799 2397 1893 2450 καὶ
1929 2397 2030 2449 οὐκ

456 2484 708 2554 ἀληθείᾳ.
733 2483 808 2535 Οὐ
839 2480 948 2550 γάρ
973 2473 1147 2540 εἶπεν.
1180 2481 1261 2533 ὅτι
1283 2479 1550 2548 Μετέσχε
1573 2480 1818 2544 τούτων,
1846 2477 2025 2549 μόνον,

457 2568 552 2622 καὶ
579 2568 804 2634 ἐσίγησε
829 2581 842 2594 ·
876 2565 1054 2618 καίτοι
1093 2564 1189 2616 καὶ
1212 2564 1261 2616 εἰ
1293 2563 1466 2626 οὕτως
1492 2559 1670 2626 εἶπεν,
1705 2563 1891 2618 ἱκανὸν
1918 2559 1985 2634 ἦν
2011 2579 2026 2594 ο

457 2651 572 2704 611‘
621 2649 807 2720 ἕτερόν
835 2665 890 2700 τι
935 2646 1117 2718 μεῖζον
1151 2647 1395 2715 ἐνέφηνε,
1441 2647 1525 2712 τὸ,
1563 2647 2026 2714 Παραπλησίως,

451 2732 734 2805 προσθείς.
767 2732 840 2785 Οὐ
876 2729 1146 2800 φαντασίᾳ
1172 2729 1292 2782 οὐδὲ
1315 2729 1502 2793 εἰκόνι,
1538 2730 1722 2800 φησὶν,
1747 2729 1861 2782 ἀλλ’
1893 2728 2028 2798 ἀλη-

449 2817 578 2887 θείᾳ
604 2834 616 2847 ο
643 2815 767 2868 ἐπεὶ
793 2814 874 2877 :6,
899 2812 1361 2882 Παραπλησίως,
1388 2813 1448 2865 οὐ
1482 2811 1734 2878 σώζεται.
1763 2808 1897 2868 Εἶτα
1923 2813 2029 2866 δεί-

455 2900 554 2964 ξας
591 2897 689 2968 τὴν
719 2896 1056 2965 ἀδελφότητα
1077 2937 1092 2960 ,
1120 2895 1215 2947 καὶ
1241 2895 1340 2966 τὴν
1370 2895 1545 2949 αἰτίαν
1565 2904 1592 2935 II
1611 2895 1794 2966 τίθησι
1817 2897 1916 2966 τῆς
1947 2897 2027 2949 οἰ-

456 2983 715 3053 κονομίας
731 2998 743 3012 ’
765 2981 963 3043 Ὅπως
975 2977 1072 3032 διὰ
1089 2978 1193 3032 τοῦ
1209 2977 1491 3043 θανάτου,
1507 2979 1661 3050 φησὶ,
1677 2978 2025 3050 καταργήσῃ

454 3066 562 3117 τὸν
583 3065 649 3116 τὸ
681 3061 897 3130 κράτος
921 3062 1138 3127 ἔχοντα
1163 3060 1267 3115 τοῦ
1293 3061 1572 3124 θανάτου,
1604 3061 1900 3128 τουτέστι,
1923 3063 2030 3116 τὸν

455 3145 756 3200 διάϐολον.
793 3143 1058 3196 Ἐνταῦθα
1087 3144 1144 3196 τὲ
1181 3144 1494 3213 θαυμαστὸν
1524 3144 1816 3211 δείκνυσιν,
1847 3145 1929 3199 ὃτι
1959 3146 2028 3201 δι’

447 3222 516 3282 οῦ
551 3229 852 3300 ἐκράτησεν
899 3226 926 3277 6
963 3219 1244 3290 διάϐολος,
1288 3226 1375 3280 διά
1415 3225 1604 3280 τούτου
1651 3227 1894 3297 ἡττήθη,
1934 3231 2028 3284 καὶ

454 3313 591 3383 ὅπερ
625 3310 842 3381 ἰσχυρὸν
864 3305 930 3380 ἦν
953 3307 1102 3378 αὐτῷ
1134 3308 1295 3360 ὅπλον
1329 3309 1471 3361 κατὰ
1497 3309 1597 3379 τῆς
1626 3311 1972 3383 οἰκουμένης,
2000 3316 2028 3368 ὁ

455 3393 720 3456 θάνατος,
773 3390 948 3461 τούτῳ
981 3390 1142 3443 αὐτὸν
1180 3390 1413 3462 ἕπληξεν
1455 3393 1484 3444 6
1525 3392 1760 3462 Χριστός
1785 3409 1799 3424 ο
1838 3396 1932 3448 καὶ
1967 3397 2028 3449 1:6

456 3476 589 3531 πολύ
616 3477 713 3544 τῆς
740 3474 1022 3543 δυνάμεως
1057 3474 1149 3527 τοῦ
1187 3476 1508 3545 νικήσαντος
1549 3475 1821 3544 ἐμφαίνει.
1867 3479 2027 3550 Ὁρᾷς

454 3563 577 3616 ὅσον
611 3563 639 3613 6
680 3560 906 3625 θάνατος
945 3559 1239 3632 εἰργάσατο
1282 3558 1476 3624 καλόνς
1520 3559 1628 3614 Καὶ
1673 3559 2024 3629 ἀπαλλάξῃ,

455 3644 610 3715 φησι,
637 3644 908 3711 τούτους,
934 3644 1066 3697 ὅσοι
1085 3644 1246 3712 φόϐῳ
1271 3641 1532 3696 θανάτου
1555 3641 1652 3695 διὰ
1675 3642 1902 3706 παντὸς
1922 3645 2026 3698 τοῦ

454 3727 560 3796 ζῇν
583 3726 786 3796 ἔνοχοι
827 3721 990 3797 ἦσαν
1018 3725 1322 3790 δουλείας.
1350 3724 1507 3787 Τίνος
1537 3724 1724 3778 ἕνεκεν
1751 3726 2024 3796 φρίττετε,

453 3810 608 3882 φησὶ,
638 3810 688 3863 τί
708 3810 982 3864 δεδοίκατε
1005 3809 1096 3862 τὸν
1123 3806 1774 3879 καταργηθέντα;οὐκέτι
1797 3809 2026 3881 φοϐερός

453 3896 620 3959 ἐστιν,
635 3895 769 3948 ἀλλά
785 3895 1117 3964 πεπάτηται,
1139 3892 1645 3963 καταπεφρόνηται,
1666 3893 1890 3965 εὐτελής
1909 3895 2025 3948 ἐστι

453 3979 548 4030 καὶ
580 3976 791 4038 οὐδενὸς
816 3975 984 4039 ἄξιος.
1010 3975 1077 4026 Τί
1103 3974 1160 4026 δέ
1192 3977 1362 4038 ἐστιν,
1391 3974 1553 4027 Ὅσοι
1582 3977 1745 4043 φόϐῳ
1766 3977 2025 4032 θανάτου

452 4059 548 4111 διὰ
567 4059 792 4122 παντὸς
809 4055 914 4110 τοῦ
931 4055 1038 4123 ζῇν
1051 4057 1253 4123 ἔνοχοι
1270 4051 1432 4122 ἦσαν
1448 4055 1727 4122 δουλείας
1742 4075 1755 4123 ;
1772 4058 1826 4110 τί
1844 4059 2021 4124 τοῦτο,

455 4140 651 4209 φησίνς
682 4141 804 4192 Ὅτι
830 4141 856 4192 6
876 4139 966 4192 τὸν
993 4137 1221 4190 θάνατον
1248 4135 1521 4199 δεδοικὼς,
1554 4138 1737 4202 δοῦλός
1755 4141 1894 4206 ἐστι,
1929 4143 2023 4196 καὶ

457 4223 632 4276 πάντα
666 4221 956 4291 ὑφίσταται
985 4220 1122 4290 ὑπὲρ
1160 4218 1254 4272 τοῦ
1294 4219 1368 4290 μὴ
1395 4219 1686 4273 ἀποθανεῖν
1706 4237 1720 4251 ο
1759 4222 1791 4293 ἢ
1821 4224 2020 4289 ἐκεῖνο,

453 4306 534 4358 ὅτι
564 4304 764 4367 πάντες
791 4303 967 4357 δοῦλοι
1007 4299 1148 4374 ἦσαν
1185 4301 1278 4356 τοῦ
1323 4303 1576 4368 θανάτου,
1619 4307 1774 4375 φησὶ,
1807 4307 1901 4360 καὶ
1946 4308 2025 4378 τῷ

456 4386 678 4458 μηδέπω
720 4386 882 4440 αὐτὸν
927 4385 1184 4438 λελύσθαι
1228 4385 1591 4456 ἐκρατοῦντο’
1649 4387 1705 4457 ἢ,
1751 4382 1776 4422 δ
1829 4387 1899 4460 [εί
1946 4391 2022 4462 μὴ

450 4468 654 4540 τοῦτο,]
677 4470 757 4522 ὅτι
787 4468 935 4538 φόϐῳ
967 4469 1204 4539 διηνεκεῖ
1237 4467 1473 4531 συνέζων
1496 4470 1543 4521 οί
1571 4469 1868 4540 ἄνθρωποι.
1911 4474 2024 4525 Ἀεὶ⁹

451 4553 559 4624 γὰρ
591 4550 1050 4620 ἀποτεθνήξεσθαι
1084 4549 1512 4622 προσδοκῶντες,
1547 4553 1759 4606 καὶτὸν
1793 4554 2022 4608 θάνατον

448 4636 767 4700 δεδοικότες,
786 4633 1044 4704 οὐδεμιᾶς
1065 4633 1254 4703 ἡδονῆς
1271 4631 1522 4702 αἴσθησιν
1540 4634 1721 4688 λαϐεῖν
1739 4636 2019 4706 ἠδύναντο,

449 4720 542 4773 τοῦ
570 4719 736 4788 φόϐου
758 4717 944 4771 τούτου
973 4717 1236 4785 παρόντος
1259 4716 1470 4776 αὐτοῖς’
1497 4717 1653 4770 τοῦτο
1680 4719 1787 4788 γάρ
1805 4719 2023 4789 ᾐνίξατο

450 4801 640 4855 εἰπών·
679 4802 779 4856 Διά
806 4800 1032 4866 παντὸς
1061 4799 1165 4852 τοῦ
1190 4798 1314 4867 ζῇν.
1338 4800 1620 4852 Δείκνυσιν
1641 4799 1872 4854 ἐνταῦθα
1894 4804 2020 4866 τούς

449 4883 818 4954 θλιϐομένους,
852 4884 976 4946 τούς
1008 4881 1421 4952 ἐλαυνομένους,
1460 4884 1585 4946 τοὺς
1632 4882 2018 4952 διωκομένους,

444 4970 571 5031 τούς
595 4967 691 5021 καὶ
712 4967 967 5036 πατρίδος
993 4967 1082 5018 καὶ
1109 4966 1296 5029 οὐσίας
1317 4967 1410 5021 καὶ
1436 4965 1544 5018 τῶν
1566 4965 1739 5020 ἄλλων
1763 4967 2019 5021 ἁπάντων

447 5050 971 5122 ἀποστερουμένους.
984 5049 1133 5120 ἥδιον
1158 5050 1440 5118 διάγοντας
1459 5049 1554 5102 καὶ
1569 5049 2018 5121 ἐλευθεριώτερον

444 5133 669 5186 ἐκείνων
699 5131 805 5184 τῶν
845 5133 901 5185 ἐν
932 5135 1111 5202 τρυφῇ
1155 5133 1217 5185 :6
1270 5131 1434 5186 πάλαι
1482 5131 1882 5202 τυγχανόντων,
1907 5132 2018 5185 τῶν

448 5216 612 5286 μηδὲν
639 5215 897 5268 τοιοῖτων
928 5215 1229 5278 παθόντων,
1262 5215 1370 5268 τῶν
1397 5214 1808 5284 εὐθηνουμένων
1827 5230 1842 5246 °
1877 5217 1928 5268 εῖ
1952 5233 2016 5283 γε

445 5300 638 5352 ἐκεῖνοι
677 5298 775 5369 μὲν
805 5298 892 5351 6:6
931 5298 1130 5360 παντὸς
1169 5298 1262 5351 τοῦ
1300 5295 1398 5367 ζῇν
1427 5297 1530 5350 61:6
1561 5298 1638 5368 τῷ
1670 5296 1821 5366 φόϐῳ
1843 5297 2017 5368 τούτῳ

503 5496 521 5518 ⁸
544 5499 781 5564 (ξοπιηιοι.
808 5503 858 5545 el
893 5498 1072 5564 ᾕρεε,
1095 5499 1150 5564 οὐ
1176 5498 1394 5564 λδοκῄσει
1441 5499 1562 5546 ἀλλὰ
1598 5499 1791 5564 ἀληθείᾳ
1831 5503 2013 5559 δεικνὺς

440 5559 524 5619 τὴν
553 5559 866 5619 ἀδελφότητα.
896 5561 1010 5608 Εἶτα
1035 5561 1114 5607 καὶ
1137 5562 1222 5618 τὴν
1255 5560 1426 5608 αἰτίαν.

506 5618 740 5686 δλζρτῦα,
765 5620 1418 5686 τίμὴ-τοῦτομιυωρεδευηι
1437 5621 1484 5670 in
1508 5620 1660 5684 Regg.
1686 5628 1734 5670 et
1756 5621 1968 5673 Commcl
1996 5663 2008 5686 ,

442 5679 633 5726 uacuus
656 5688 764 5740 pos:
791 5682 1026 5730 Savlllum
1053 5679 1350 5731 lm‘lusimus.
1387 5681 1517 5731 Enn.

2141 402 2281 478 ἦσαν
2459 413 2553 466 καὶ
2576 413 2772 477 δοῦλοι,
2798 415 2950 468 αὐτοὶ
2987 412 3044 467 δὲ
3077 414 3266 468 τούτου
3299 416 3437 471 εἰσὶν
3467 417 3710 487 ἀπηλλα-

2135 491 2346 559 γμένοι,
2369 494 2461 546 καὶ
2481 494 2744 561 γελῶντες
2767 496 2944 559 τοῦτο,
2962 498 3098 568 ὅπερ
3120 499 3318 551 ἐκεῖνοι
3349 501 3707 569 πεφρίκασιν.

2139 571 2347 645 Ὠσπερ
2365 574 2473 646 γὰρ
2496 577 2645 640 εἴτις
2661 578 2948 649 δεσμώτην
2971 579 3235 649 μέλλοντα
3255 582 3352 652 τὴν
3374 584 3468 634 ἐπὶ
3483 583 3714 637 θάνατον

2137 655 2389 724 ἄγεσθαι,
2425 658 2520 711 καὶ
2542 659 2629 711 ἀεὶ
2661 660 2818 713 τοῦτο
2842 663 3246 732 προσδοκῶντα,
3274 664 3516 720 λιπαίνοι
3539 665 3711 736 πολλῇ

2135 740 2200 807 τῇ
2219 742 2400 810 τρυφῇ
2423 756 2437 770 ·
2457 740 2698 793 τοιοῦτόν
2716 759 2767 794 τι
2786 739 2852 814 ἦν
2873 744 2933 795 :6
2950 743 3180 798 παλαιὸν
3203 747 3231 798 6
3254 746 3504 810 θάνατος.
3527 747 3641 800 Νῦν
3657 749 3714 801 δὲ

2133 821 2328 873 ταυτὸν
2363 821 2606 890 γέγονεν,
2627 817 2737 876 οἷον
2760 826 2825 878 ἀν
2849 827 2901 878 εῐ
2920 843 3003 890 τις
3028 828 3120 881 τὸν
3142 829 3304 897 φόϐον
3328 831 3534 883 ἐκεῖνον
3559 830 3721 884 ἐκϐα-

2136 900 2262 966 λὼν,
2303 905 2440 974 μετὰ
2478 908 2576 974 τῆς
2627 908 2839 977 τρυφῆς
2894 909 3076 962 ἀθλεῖν
3119 913 3442 981 προτρέποι,
3475 912 3568 964 καὶ⁵
3622 910 3718 963 τὸν

2135 987 2324 1054 ἀγῶνα
2371 989 2670 1058 προτιθεὶς,
2714 992 3077 1059 ἐπαγγέλοιτο
3123 994 3320 1063 μηκέτι
3352 996 3431 1058 είς
3461 994 3715 1056 θάνατον,

2134 1069 2248 1123 ἀλλ’
2281 1072 2359 1133 είς
2396 1071 2674 1141 βασιλείαν
2721 1075 2971 1142 ἀγαγεῖν.
3001 1075 3176 1128 Τίνων
3215 1073 3306 1130 οὖν
3338 1077 3615 1147 ἠθέλησας
3649 1079 3716 1130 σύ

2134 1153 2409 1219 γενέσθαι,
2438 1155 2546 1207 τῶν
2576 1159 2632 1209 ἐν
2664 1156 2739 1224 τῷ
2761 1156 3120 1228 δεσμωτηρίῳ
3143 1157 3543 1228 λιπαινομένων
3575 1160 3717 1230 μετά

2133 1233 2228 1287 τοῦ
2271 1237 2392 1289 καθ’
2429 1237 2667 1307 ἑκάστην
2697 1239 2913 1309 ἡμέραν
2950 1239 3045 1312 τὴν
3073 1241 3351 1311 ἀπόφασιν
3381 1243 3714 1314 προσδοκᾷν,

2133 1316 2166 1387 ἦ
2189 1319 2297 1370 τῶν
2323 1319 2632 1374 ἀθλούντων
2662 1322 2856 1386 1:0116,
2883 1327 2977 1376 καὶ
3009 1323 3312 1378 πονούντων
3336 1325 3536 1390 ἑκοντὶ,
3567 1325 3711 1378 ῶστε

2133 1401 2194 1453 τὸ
2223 1403 2462 1473 διάδημα
2499 1405 2598 1474 τῆς
2636 1405 2915 1474 βασιλείας
2948 1407 3357 1478 ἀναδήσασθαι;
3395 1407 3557 1479 Ὁρᾷς
3598 1408 3714 1472 πῶς

2133 1483 2315 1535 αὐτῶν
2361 1481 2461 1556 ἦρε
2507 1486 2604 1555 τὴν
2644 1487 2844 1558 ψυχὴν,
2877 1488 2971 1541 καὶ
3023 1488 3331 1560 μετεώρους
3380 1490 3712 1560 εἰργάσατος

2133 1567 2383 1621 Δείκνυσι
2419 1569 2476 1622 δὲ
2510 1571 2570 1622 οὐ
2602 1572 2692 1623 τὸν
2717 1572 2947 1625 θάνατον
2979 1573 3139 1640 μόνον
3168 1572 3540 1641 πεπαυμένον,
3576 1571 3716 1625 ἀλλά

2131 1647 2220 1701 διὰ
2251 1649 2441 1704 τούτου
2473 1653 2725 1706 κάκεῖνον
2753 1655 2843 1707 τὸν
2880 1654 3142 1708 ἄσπονδον
3176 1656 3312 1726 πρὸς
3343 1656 3491 1725 ἡμᾶς
3515 1656 3600 1708 ἀεὶ
3620 1655 3716 1707 τὸν

2133 1733 2366 1803 πόλεμον
2389 1735 2803 1807 ἐπανῃρημένον
2828 1739 2922 1791 καὶ
2939 1738 3406 1809 ἐπιδεικνύμενον,
3427 1739 3520 1792 τὸν
3539 1738 3716 1794 διάϐο-

2133 1815 2222 1868 λον
2255 1816 2397 1885 λέγω
2422 1820 2840 1890 καταργηθέντα
2857 1837 2869 1851 ’
2891 1821 2920 1872 6
2940 1821 3049 1891 γάρ
3073 1822 3301 1875 θάνατον
3334 1822 3408 1892 μὴ
3437 1821 3712 1884 δεδοικὼς,

2133 1897 2237 1963 ἔξω
2265 1899 2367 1969 τῆς
2400 1902 2717 1973 τυραννίδος
2743 1902 2861 1955 ἐστὶ¹
2890 1902 2984 1956 τοῦ
3011 1903 3287 1957 διαϐόλου.
3320 1905 3381 1957 Et
3404 1905 3512 1976 γάρ
3534 1903 3716 1974 δέρμα

2131 1982 2272 2055 ὑπὲρ
2304 1984 2592 2055 δέρματος,
2620 1986 2716 2038 καὶ
2742 1987 2919 2040 πάντα
2944 1985 3060 2055 δοίη
3084 1987 3160 2041 σάν
3190 2004 3276 2051 τις
3309 1987 3450 2058 ὑπὲρ
3478 1989 3578 2058 τῆς
3605 1987 3715 2056 ψυ-

2129 2068 2231 2138 χῆς
2253 2069 2448 2123 αὐτοῦ’
2483 2071 2614 2122 ὃταν
2649 2071 2742 2123 καὶ
2773 2070 2979 2140 ταύτης
3013 2071 3178 2143 κρίνῃ
3205 2089 3288 2133 τις
3323 2073 3712 2142 καταφρονεῖν.

2128 2152 2274 2213 τίνος
2317 2151 2470 2205 έσται
2499 2151 2682 2216 δοῦλος
2727 2151 2954 2218 λοιπόν;
2986 2153 3192 2206 Οὐδένα
3229 2153 3488 2221 δέδοικεν,
3519 2153 3717 2208 οὐδένα

2131 2233 2392 2304 φοϐεῖται,
2422 2237 2638 2289 πάντων
2664 2236 2812 2289 ἐστὶν
2831 2236 3119 2306 άνώτερος,
3143 2237 3238 2289 καὶ
3258 2235 3474 2290 πάντων
3496 2235 3717 2292 ἐλευθε-

2131 2315 2410 2389 ριώτερος.
2448 2318 2506 2371 '0
2532 2318 2637 2389 γὰρ
2660 2319 2759 2388 τῆς
2779 2318 2961 2388 ψυχῆς
2976 2321 3073 2390 τῆς
3095 2318 3293 2372 ἑαυτοῦ
3323 2320 3709 2392 καταφρονῶν,

2131 2400 2310 2470 πολλῷ
2341 2399 2542 2470 μᾶλλον
2599 2401 2709 2454 τῶν
2759 2401 2956 2457 ἀλλων.
2996 2404 3167 2456 Ὅταν
3223 2403 3280 2456 δὲ
3331 2401 3471 2477 εὕρῃ
3525 2404 3712 2474 ψυχὴν

2129 2483 2390 2553 τοιαύτην
2423 2485 2451 2536 6
2477 2483 2744 2548 6:66010;,
2773 2485 2924 2538 οὐδὲν
2954 2486 3296 2558 ἐργάσασθαι
3327 2488 3622 2559 δυνήσεται
3651 2493 3715 2540 ἐν

2129 2566 2267 2636 αὐτῇ
2290 2566 2398 2618 τῶν
2430 2565 2644 2619 ἑαυτοῦ.
2680 2566 2745 2618 Τί
2792 2568 2922 2639 γὰρ,
2957 2570 3078 2622 εἰπέ
3111 2587 3201 2638 μοι
3229 2612 3241 2634 ,
3275 2571 3572 2641 χρημάτων
3612 2571 3714 2641 ζη-

2133 2649 2264 2719 μίαν
2293 2649 2579 2720 ἀπειλήσει
2598 2650 2694 2703 καὶ
2733 2651 2956 2720 ἀτιμίαν
2979 2652 3072 2704 καὶ
3100 2653 3360 2724 πατρίδος
3391 2653 3706 2719 έκπτωσινς

2152 2731 2314 2785 Ἀλλὰ
2341 2732 2515 2786 ταῦτα
2555 2731 2727 2802 μικρὰ
2759 2732 2837 2802 τῷ
2863 2733 2997 2803 μηδέ
3024 2734 3119 2805 τὴν
3144 2734 3320 2806 ψυχὴν
3341 2736 3528 2805 τιμίαν
3555 2736 3710 2789 τιθε-

2133 2818 2298 2887 μένῳ,
2336 2817 2479 2871 κατὰ
2519 2818 2610 2870 τὸν
2651 2817 2922 2888 μακάριον
2972 2819 3203 2872 Παῦλον.
3261 2820 3424 2890 Ὁρᾷς
3477 2821 3561 2873 ὅτι
3611 2820 3710 2874 τοῦ

2129 2897 2361 2952 θανάτου
2393 2898 2490 2970 τὴν
2528 2900 2819 2969 τυραννίδα
2871 2899 3138 2965 ἐκϐαλὼν,
3178 2901 3555 2968 συγκατέλυσε
3611 2905 3710 2957 καὶ

2127 2980 2224 3034 τοῦ
2268 2981 2516 3035 διαϐόλου
2564 2982 2662 3053 τὴν
2716 2983 2898 3052 ίσχύν;
2957 2985 2985 3035 6
3026 2983 3134 3050 γὰρ
3193 2981 3321 3051 περί
3361 2983 3710 3047 ἀναστάσεως

2131 3064 2300 3135 μυρία
2331 3065 2642 3134 φιλοσοφεῖν
2673 3065 2860 3129 εἰδὼς,
2894 3065 3011 3127 πῶς
3037 3065 3240 3119 δέδοικε
3270 3066 3534 3133 θάνατον;
3589 3065 3708 3129 πῶς

2127 3146 2338 3216 φρίττει
2363 3146 2688 3218 λοιπόνςΜὴ
2707 3146 2889 3200 τοίνυν
2907 3149 3202 3217 ἀσχάλλετε
3228 3147 3504 3216 λέγοντες,
3535 3147 3632 3201 Διά
3653 3148 3708 3201 τί

2126 3229 2196 3282 :6
2224 3230 2317 3283 καὶ
2340 3229 2410 3283 τά
2435 3229 2813 3299 πεπόνθαμεν;
2845 3229 2987 3283 οὕτω
3010 3230 3118 3301 γάρ
3145 3230 3502 3302 λαμπροτέρα
3523 3234 3556 3302 ὴ
3578 3231 3706 3302 νίκη

2128 3312 2359 3381 γίνεταιο
2392 3313 2494 3365 οὐκ
2525 3312 2591 3366 ἂν
2613 3313 2668 3366 δὲ
2698 3310 2766 3384 ἦν
2794 3313 3043 3387 λαμπρὰ,
3075 3315 3122 3366 εί
3155 3313 3228 3383 μὴ
3258 3312 3472 3385 θανάτῳ
3495 3314 3586 3367 τὸν
3609 3314 3706 3367 θά-

2127 3411 2286 3450 νατον
2340 3393 2518 3448 ἔλυσε.
2578 3395 2651 3447 Τὸ
2699 3395 2756 3448 δὲ
2815 3395 3127 3466 θαυμαστὸν
3178 3394 3334 3448 τοῦτό
3382 3398 3563 3463 ἐστιν,
3621 3398 3706 3450 ὃτι

2127 3479 2193 3531 δι’
2219 3479 2401 3532 αὐτῶν
2429 3478 2592 3532 αὐτὸν
2621 3478 2841 3549 ἐνίκησε
2862 3521 2877 3544 ,
2930 3479 2998 3531 δι’
3019 3472 3094 3531 ὧν
3126 3479 3313 3548 ἴσχυσε
3336 3520 3350 3544 ,
3385 3479 3447 3533 τὸ
3473 3479 3705 3549 εὐπορον

2129 3560 2293 3614 αὐτοῦ
2347 3561 2628 3632 πανταχοῦ
2681 3564 2775 3615 καὶ
2825 3564 3132 3633 εὐμήχανον
3184 3563 3419 3626 δεικνύς.
3498 3564 3590 3636 Μὴ
3638 3565 3704 3635 δὴ

2129 3641 2419 3712 προδῶμεν
2462 3644 2562 3712 τὴν
2601 3644 2845 3699 δοθεῖσαν
2875 3647 3004 3714 ἡμῖν
3031 3645 3261 3716 δωρεάν.
3315 3647 3398 3699 Οὐ
3421 3645 3529 3714 γὰρ
3558 3646 3702 3699 ἐιιί-

2129 3726 2339 3793 ϐομεν,
2390 3726 2561 3794 φησὶ,
2616 3725 2850 3795 πνεῦμα
2898 3727 3170 3794 δειλίας-ο
3193 3767 3208 3792 ,
3257 3727 3418 3782 ἀλλὰ
3469 3727 3704 3795 πνεῦμα

2130 3807 2434 3877 δυνάμεως
2467 3808 2564 3862 καὶ
2589 3808 2826 3877 ἀγάπης
2857 3809 2957 3864 καί
2984 3809 3429 3879 σωφρονισμοῦ.
3481 3809 3703 3881 Στῶμεν

2129 3887 2220 3947 οὖν
2246 3891 2508 3958 γενναίως
2535 3891 2943 3961 καταγελῶντες
2969 3892 3062 3945 τοῦ
3095 3893 3350 3948 θανάτου.

2199 4052 2312 4124 [.66]
2341 4058 2400 4105 ε’.
2421 4053 2581 4106 Ἀλλά
2599 4051 2706 4123 γὰρ
2727 4053 2925 4123 ἐπῆλθέ
2960 4071 3050 4123 μοι
3072 4053 3321 4119 στενάξαι
3351 4055 3568 4125 πικρὸν,
3593 4054 3698 4108 ποῦ

2132 4135 2228 4205 μὲν
2254 4137 2282 4186 6
2318 4134 2548 4204 Χριστὸς
2595 4137 2744 4205 ἡμᾶς
2784 4137 3059 4206 ἀνήγαγε,
3115 4137 3216 4189 ποῦ
3252 4137 3308 4190 δὲ
3352 4138 3578 4200 έαυτούς
3603 4155 3702 4190 κα-

2127 4215 2462 4287 τηγάγομεν.
2487 4217 2657 4272 Ὅταν
2689 4218 2795 4289 γὰρ
2820 4217 2914 4272 ῖδω
2941 4221 3068 4283 τοὺς
3098 4221 3365 4284 κοπετοὺς
3400 4222 3526 4282 τοὺς
3559 4221 3701 4275 κατά

2127 4301 2224 4370 τὴν
2251 4300 2477 4371 ἀγοράν,
2513 4300 2612 4361 τὰς
2643 4303 2911 4370 οίμωγάς,
2945 4302 3010 4365 ἀς
3043 4302 3135 4355 ἐπὶ
3173 4305 3285 4366 τοῖς
3320 4303 3702 4375 ὲξερχομένοις

2127 4383 2405 4436 ποιοῦνται
2437 4384 2532 4437 :06
2569 4385 2706 4454 βίου,
2740 4385 2838 4448 :6;
2870 4384 3149 4455 όλολυγάς,
3184 4387 3283 4450 τὰς
3314 4383 3706 4461 ἀσχημοσύνας

2125 4468 2223 4527 :6;
2270 4466 2438 4530 ἄλλας
2462 4507 2477 4534 ,
2538 4467 2863 4521 πιστεύσατε
2887 4511 2902 4534 ,
2951 4468 3281 4542 αἰσχύνομαι
3314 4473 3409 4526 καὶ
3437 4473 3704 4543 Ἕλληνας

2125 4549 2220 4602 καὶ
2255 4549 2537 4612 Ἰουδαίους
2565 4551 2659 4603 καὶ
2687 4551 2998 4620 αίρετικοῦς
3024 4555 3149 4618 τοὺς
3171 4555 3434 4624 ὁρῶντας,
3455 4555 3550 4608 καὶ
3573 4555 3703 4607 πάν-

2123 4647 2222 4694 τας
2283 4632 2470 4695 άπλῶς
2520 4634 2646 4696 τούς
2701 4632 2791 4686 διὰ
2833 4635 2995 4688 τοῦτο
3045 4637 3464 4704 καταγελῶντας
3507 4637 3697 4707 ἡμῶν·

2122 4717 2221 4769 616
2253 4716 2362 4786 γὰρ
2395 4717 2460 4768 ἂν
2490 4717 2628 4769 εῐπω
2655 4715 2862 4781 λοιπὸν,
2893 4721 3014 4790 εἰκῇ
3047 4720 3155 4788 ἐρῶ
3188 4721 3317 4790 περὶ
3348 4719 3701 4782 ἀναστάσεως

2124 4798 2450 4868 φιλοσοφῶν.
2510 4799 2574 4851 Τί
2628 4798 2870 4870 δήποτε;
2935 4802 3057 4856 Ὀτι
3113 4804 3173 4855 οὐ
3223 4806 3335 4865 τοῖς
3382 4802 3699 4872 λεγομένοις

2122 4882 2252 4952 παρ’
2283 4881 2418 4952 ἐμοῦ
2451 4884 2814 4954 προσέχουσιν
2837 4885 3098 4956 ’Έλληνες
3117 4929 3131 4952 ,
3167 4885 3303 4940 ἀλλὰ
3334 4887 3447 4949 τοῖς
3475 4885 3695 4954 γινομέ-

2123 4981 2234 5027 νοις
2272 4964 2402 5037 παρ’
2422 4967 2576 5037 ὐμῶν
2601 4981 2616 4996 °
2678 4966 2884 5030 εὐθέως
2913 4968 3023 5038 γάρ
3056 4968 3283 5040 ἐροῦσι·
3321 4970 3458 5021 Πότε
3489 4969 3695 5021 τούτων

2119 5062 2203 5110 τις
2236 5049 2650 5119 καταφρονῆσαι
2684 5049 2916 5102 θανάτου
2947 5051 3235 5120 δυνήσεται
3262 5091 3276 5114 ,
3344 5052 3476 5122 μηδὲ
3510 5053 3694 5122 ἕτερον

2117 5131 2392 5185 τεθνεῶτα
2442 5133 2739 5204 δυνάμενος
2786 5133 2950 5200 ίδεῖνς
3012 5134 3168 5187 Καλά
3199 5135 3264 5188 τά
3295 5134 3558 5206 είρημένα
3589 5135 3694 5186 61:6

2117 5213 2211 5266 :06
2243 5214 2480 5280 Παύλου,
2535 5215 2696 5280 καλὰ,
2743 5216 2838 5269 καὶ
2867 5216 2975 5268 τῶν
3005 5217 3247 5287 οὐρανῶν
3278 5217 3422 5282 ἀξια,
3471 5215 3566 5268 καὶ
3595 5217 3691 5282 τῆς

2116 5295 2208 5348 τοῦ
2235 5297 2368 5349 Θεοῦ
2400 5298 2828 5368 φιλανθρωπῖας·
2861 5298 2913 5350 τί
2942 5299 3051 5368 γάρ
3081 5316 3245 5370 φησι;
3277 5299 3385 5354 Καὶ
3413 5297 3690 5351 ἀπαλλά-

2117 5379 2203 5443 ξει
2255 5381 2546 5447 τούτους,
2607 5381 2736 5433 ὅσοι
2789 5382 2951 5448 φόϐῳ
3001 5382 3260 5436 θανάτου
3317 5383 3414 5434 διὰ
3463 5382 3689 5446 παντὸς

2115 5461 2218 5515 τοῦ
2265 5459 2372 5530 ζῇν
2408 5462 2609 5530 ἔνοχοι
2657 5459 2819 5532 ἦσαν
2861 5465 3161 5530 δουλείας.
3214 5465 3354 5516 Ἀλλ’
3377 5464 3476 5517 οὐκ
3503 5465 3688 5533 ἀφίετε

2177 5638 2198 5666 θ
2231 5635 2377 5701 Mars.
2406 5636 2580 5696 Sa\‘il.,
2600 5636 2783 5701 πνεῦμα
2824 5641 3054 5701 δουλείας,
3070 5642 3418 5690 (θοηςρηίίεηῖθ
3449 5640 3681 5694 Mutiano,

2115 5698 2212 5744 uno
2237 5703 2295 5749 el.
2321 5697 2426 5758 fpso
2449 5703 2590 5746 textu
2617 5697 2769 5746 Pami.
