3956 6138
215 330 276 385 Ἠ

231 437 306 489 ll.
339 435 437 499 Qui
456 432 592 487 enim
635 433 947 500 sanctiﬁcat,
979 440 1026 485 et
1052 433 1138 502 qui
1160 433 1558 502 sanetiﬁcantnr,
1617 450 1683 489 ex
1706 451 1805 490 uno

230 544 406 583 omnes.
441 525 667 597 Propter
691 542 849 595 quam
891 541 1096 580 causam
1129 542 1231 580 non
1258 527 1590 599 confunditur
1622 532 1806 599 fratres

230 636 303 674 ros
339 631 535 670 uocare.
589 615 734 670 Ecce
784 628 973 670 rursus
1017 613 1288 686 quomodo
1317 630 1412 671 cos
1452 617 1703 672 conciliat
1744 632 1807 674 ac

227 706 494 777 conjungit
523 714 581 762 et
626 704 904 760 honorans
947 713 1001 760 et
1045 705 1339 761 consolans
1374 713 1429 761 et
1474 721 1570 763 eos
1611 707 1811 764 faciens

230 798 413 854 fratres
438 798 669 864 Christi,
700 812 768 853 ex
794 812 864 852 eo
889 795 1032 865 quod
1060 796 1169 852 sint
1196 813 1262 853 ex
1294 812 1420 853 uno.
1452 798 1659 856 Deinde
1688 816 1811 857 rur-

228 904 312 945 sus
342 903 462 945 rem
494 889 894 954 communiens,
932 896 988 943 et
1015 888 1306 945 ostendens
1343 903 1403 945 se
1432 888 1612 947 dicere
1640 890 1708 947 de
1746 906 1814 947 eo

230 980 364 1052 quod
410 989 498 1036 est
544 978 847 1035 secundum
889 993 1129 1043 carnem,
1174 979 1495 1050 subiunxit:
1540 981 1639 1048 Qui
1680 984 1814 1037 enim

231 1072 539 1141 sanctiﬁcat,
564 1081 614 1126 et
638 1071 727 1141 qui
751 1070 1156 1138 sanetiﬁcontur.
1182 1068 1348 1125 Vides
1368 1080 1620 1141 quantum
1648 1073 1816 1129 inter-

233 1163 338 1220 sit?
368 1164 460 1218 ille
495 1161 713 1232 quidem
744 1159 1067 1227 sanctiﬁcat,
1105 1173 1205 1214 nos
1228 1175 1361 1216 vero
1400 1162 1815 1219 sanctiticamur.

235 1255 299 1311 Et
342 1253 599 1324 superius
647 1266 773 1308 eum
822 1250 956 1305 dixit
999 1258 1276 1306 auctorem
1325 1251 1532 1308 salutis.
1568 1253 1713 1311 Unus
1746 1263 1820 1310 est

234 1348 363 1402 enim
392 1343 559 1410 Deus,
590 1360 656 1398 ea:
687 1358 786 1414 quo
817 1341 1005 1396 omnia.
1035 1339 1261 1410 Propter
1300 1357 1452 1413 quam
1476 1358 1681 1399 causam
1720 1362 1822 1401 non

236 1440 485 1497 mbescit
522 1453 608 1494 eos
652 1451 833 1491 uocare
874 1439 1078 1507 fratres.
1124 1433 1286 1489 Vides
1317 1435 1590 1505 quomodo
1634 1452 1822 1494 rursus

237 1529 499 1587 ostendat
525 1526 936 1584 excellentiam?
960 1524 1149 1580 Dicere
1190 1524 1356 1589 enim,
1396 1524 1516 1580 Non
1545 1528 1822 1596 erubescit,

238 1620 487 1678 ostendit
530 1628 691 1673 totum
737 1630 862 1675 esse
908 1630 1014 1670 non
1063 1616 1140 1670 rei
1187 1623 1413 1680 natum,
1445 1616 1539 1671 scd
1570 1617 1687 1687 ejus
1733 1620 1824 1690 qui

252 1730 359 1769 non
412 1710 683 1768 erubescit
729 1707 1118 1765 benevolentiae
1162 1715 1218 1762 et
1263 1708 1444 1762 multa;
1489 1708 1823 1767 humilitatis.

240 1807 371 1862 Nam
415 1803 631 1859 etiamsi
671 1801 841 1855 simus
869 1814 934 1854 ex
965 1812 1093 1863 uno,
1125 1797 1218 1853 ille
1253 1798 1469 1868 quidem
1507 1802 1824 1869 sanctificat,

258 1897 567 1945 amantem
611 1890 1028 1946 sanctitieamur.
1078 1891 1301 1947 Multum
1355 1894 1597 1949 interest.
1641 1896 1704 1951 Et
1752 1896 1843 1953 ille

256 1981 473 2054 quidem
522 1997 589 2038 ex
630 1981 812 2049 Patre,
866 1993 1132 2055 tamquam
1170 2000 1332 2040 verus
1370 1995 1422 2041 et
1467 1988 1713 2057 proprius
1748 1987 1840 2043 Fi-

255 2073 378 2141 lius,
407 2071 515 2129 hoc
541 2083 646 2141 est,
683 2089 749 2130 ex
777 2074 896 2144 ejus
924 2079 1153 2131 essentia
1179 2092 1194 2141 ;
1233 2091 1334 2131 nos
1362 2085 1538 2132 autem
1571 2087 1838 2150 tamquam

255 2173 525 2233 creatura,
555 2164 659 2221 hoc
688 2174 792 2232 est,
825 2181 890 2222 ex
923 2165 1112 2222 nihilo.
1135 2167 1358 2223 Multum
1389 2168 1566 2239 itaque
1589 2169 1835 2227 interest.

254 2256 614 2324 Quamobrem
644 2257 795 2324 dicit,
826 2256 948 2313 Non
973 2260 1216 2314 erubescit
1254 2262 1393 2332 ipsos
1418 2277 1598 2316 vocare
1627 2262 1834 2332 fratres,

254 2349 483 2403 dicens:
530 2347 623 2403 12.
670 2345 936 2402 Nuntiabo
983 2365 1165 2403 nomen
1208 2358 1350 2403 tuum
1394 2351 1639 2421 fratribus
1691 2353 1833 2407 meis.

260 2438 389 2494 Nam
419 2453 589 2495 carne
629 2438 869 2507 indutus,
936 2439 1107 2496 induit
1146 2441 1306 2496 etiam
1329 2441 1737 2510 fraternitatem,
1781 2453 1835 2500 et

256 2528 413 2585 simul
443 2530 609 2584 etiam
642 2528 882 2600 ingressa
909 2539 993 2584 est
1020 2545 1143 2585 cum
1169 2546 1332 2587 carne
1360 2530 1686 2588 fraternitas.
1728 2533 1835 2590 Sed

258 2617 354 2674 hoc
395 2619 618 2690 quidem
652 2621 847 2675 merito
884 2620 1101 2676 adducit
1130 2639 1143 2677 :
1173 2621 1304 2677 illud
1348 2630 1562 2687 autem,
1590 2624 1677 2680 15.
1723 2624 1833 2696 Ego

260 2730 343 2768 ero
375 2714 642 2783 confidens
681 2716 733 2768 in
761 2730 894 2778 eum,
926 2714 1052 2784 quid
1096 2714 1196 2770 sibi
1235 2716 1386 2770 vult?
1409 2716 1541 2771 Nam
1596 2727 1652 2773 et
1691 2719 1832 2789 quod

258 2807 433 2867 postea
483 2798 702 2869 quidem
732 2799 997 2870 sequitur,
1038 2804 1229 2854 merito
1261 2819 1276 2856 :
1306 2799 1439 2857 Ecce
1482 2819 1573 2874 ego
1610 2813 1655 2857 et
1687 2807 1832 2874 pueri

255 2906 371 2958 quos
399 2889 527 2942 mihi
552 2888 693 2943 dedit
727 2888 882 2943 Deus.
917 2887 1068 2944 Sicut
1096 2890 1240 2945 enim
1272 2890 1358 2946 hic
1386 2892 1622 2963 seipsum
1648 2906 1833 2951 ostcno

254 2980 328 3035 dit
358 2980 592 3046 Patrem,
624 2981 698 3035 ita
725 2979 835 3036 illic
871 2979 1088 3036 fratrem
1121 2998 1135 3035 :
1164 2980 1514 3049 Annuntiabo,
1539 2984 1709 3051 cnim,
1738 2985 1831 3040 in-

253 3071 380 3140 quit,
414 3086 596 3126 nomen
647 3081 787 3124 tuitus
812 3070 1055 3139 fratribus
1081 3072 1223 3126 meis.
1255 3072 1323 3127 Et
1360 3088 1549 3128 rursus
1591 3076 1830 3132 ostendit

255 3162 471 3217 multam
502 3161 903 3229 excellentiam,
931 3171 987 3217 et
1024 3161 1165 3232 quod
1203 3162 1426 3218 multum
1466 3165 1703 3233 intersit,
1733 3182 1830 3238 per

251 3268 307 3308 ea
331 3268 451 3323 qm:
477 3253 732 3323 deinceps
761 3263 1090 3323 sequuntur:
1110 3253 1196 3308 14.
1222 3253 1355 3319 Quia
1380 3269 1502 3326 ergo
1524 3256 1668 3325 pueri
1690 3273 1828 3313 com-

254 3347 625 3399 mnnirarerttnt
652 3345 795 3399 carni
825 3352 873 3399 et
898 3344 1161 3416 sanguini.

315 3439 370 3491 4.
414 3435 579 3491 Vides
631 3435 727 3490 ubi
772 3434 844 3490 sit
891 3435 1225 3493 similitudo?
1276 3452 1472 3509 nempe
1528 3441 1822 3498 secundum

254 3543 482 3583 carnem.
517 3525 582 3581 Et
634 3528 743 3597 ipse
767 3527 1003 3582 similiter
1028 3529 1348 3600 participavit
1373 3533 1582 3589 eisdem.
1617 3534 1825 3592 Erube-

253 3630 391 3674 scaut
419 3632 610 3674 omnes
629 3618 888 3685 haeretici,
918 3634 1030 3689 pra:
1060 3620 1261 3690 pudore
1287 3636 1346 3678 se
1375 3624 1708 3683 abscondant
1732 3630 1822 3699 qui

252 3713 425 3767 dicunt
450 3726 577 3768 cum
618 3711 900 3768 advenisse
928 3727 1026 3784 per
1050 3716 1283 3783 speciem
1313 3715 1414 3788 (α),
1449 3733 1554 3774 non
1597 3720 1709 3790 ipsa
1741 3724 1821 3779 rei

250 3804 485 3860 veritate.
528 3801 648 3858 Non
678 3803 853 3859 solum
890 3805 1034 3859 enim
1073 3805 1229 3873 dixit,
1270 3806 1369 3863 His
1395 3812 1736 3879 participnvit,
1767 3823 1823 3870 et

252 3896 439 3960 tacuit;
481 3910 835 3967 quamquam,
863 3896 1072 3952 etiamsi
1103 3898 1183 3953 sic
1209 3898 1455 3967 dixisset,
1488 3904 1617 3956 satis
1645 3915 1820 3974 esset;

259 3989 346 4044 sed
392 3987 590 4059 aliquid
635 3986 777 4042 aliud
818 3987 992 4057 majus
1037 3989 1232 4058 posuit,
1284 4006 1496 4061 nempe,
1546 3993 1817 4053 Similiter.

262 4078 370 4134 Non
416 4093 512 4149 per
556 4077 788 4147 speciem
819 4085 873 4131 ct
900 4077 1204 4148 imaginem,
1234 4079 1424 4150 inquit,
1457 4082 1553 4137 sed
1597 4086 1822 4141 veritate

257 4171 541 4234 ostendens
566 4183 685 4226 esse
711 4168 1093 4225 fraternitatem
1120 4188 1133 4224 :
1161 4171 1397 4242 alioquin
1429 4174 1582 4242 illud,
1615 4176 1815 4231 Simili-

262 4275 352 4329 ter,
387 4279 493 4319 nou
516 4272 703 4321 staret.
738 4265 934 4321 Deinde
961 4264 1112 4320 affert
1150 4266 1310 4322 etiam
1344 4281 1557 4321 causam
1598 4268 1817 4337 dispono

244 4355 455 4411 sationis
483 4373 499 4411 :
531 4352 600 4412 Ut
627 4371 724 4426 per
760 4365 979 4410 mortem
1005 4357 1280 4411 destrueret
1322 4373 1455 4422 eum,
1494 4357 1579 4426 qui
1607 4357 1819 4411 habebat

244 4448 411 4502 mortis
467 4447 772 4517 imperium,
823 4449 919 4501 hoc
965 4456 1057 4514 est,
1105 4446 1383 4501 diabolum.
1437 4447 1536 4502 ilic
1580 4447 1815 4502 ostendit

242 4537 374 4603 quod
422 4548 507 4594 est
531 4538 803 4602 mirabile,
831 4553 1020 4610 nempe
1048 4538 1187 4609 quod
1216 4553 1312 4608 per
1339 4554 1495 4608 quam
1532 4539 1654 4593 vicit
1688 4539 1806 4593 dia-

242 4627 409 4693 bolus,
447 4643 549 4700 per
590 4644 709 4685 eam
755 4630 927 4685 victus
972 4629 1091 4697 fuit,
1133 4637 1188 4685 et
1213 4645 1330 4699 qua:
1374 4640 1529 4684 erant
1581 4629 1629 4684 ei
1666 4644 1813 4683 arma

244 4720 405 4776 talida
444 4720 703 4777 adversus
733 4722 918 4777 orbem
948 4730 1125 4785 terrae,
1158 4737 1352 4792 netnpc
1381 4737 1546 4788 mors,
1580 4737 1675 4791 per
1701 4737 1820 4777 eam

244 4809 382 4864 illum
403 4809 650 4866 Christus
674 4810 816 4867 feriit
837 4831 851 4868 :
869 4811 1010 4882 quod
1036 4812 1152 4882 ejus
1179 4811 1267 4883 qui
1288 4812 1411 4866 vicit
1431 4826 1674 4882 magnam
1696 4810 1822 4866 indi-

244 4913 325 4956 cat
353 4903 667 4971 potentiam.
719 4903 881 4960 Vides
910 4913 1166 4972 quantum
1198 4904 1399 4958 bonum
1428 4918 1571 4958 mors
1598 4902 1820 4958 fecerit!

247 4991 327 5047 15.
366 4992 429 5047 Et
456 4993 691 5050 liberaret
711 5011 824 5061 eos,
849 4995 933 5065 qui
955 4995 1133 5048 timore
1162 4994 1336 5047 mortis
1366 5010 1454 5063 per
1485 5002 1639 5046 totam
1669 4994 1824 5047 vitam

247 5082 438 5139 obnoxii
484 5095 627 5140 erant
656 5085 911 5140 servituti.
937 5084 1064 5151 Cur,
1095 5085 1286 5155 inquit,
1317 5084 1588 5138 horretis?
1613 5083 1738 5154 quid
1757 5083 1823 5138 ti-

248 5169 391 5224 metis
407 5185 545 5238 cam,
570 5186 689 5242 qua:
706 5171 1000 5226 estabolita
1022 5170 1285 5240 planeque
1303 5179 1355 5223 et
1373 5168 1546 5222 inanis
1561 5176 1613 5221 et
1629 5169 1824 5222 otiosa?

249 5258 351 5314 Non
371 5271 453 5317 cst
475 5263 706 5335 amplius
749 5261 1030 5327 terribilis,
1085 5261 1178 5316 sed
1217 5272 1299 5316 cst
1336 5263 1667 5326 conculcata,
1698 5276 1825 5315 con-

250 5359 452 5423 tempta,
482 5354 605 5412 vilis
632 5364 686 5410 et
707 5353 935 5423 objecta,
964 5361 1018 5406 et
1052 5353 1203 5422 plane
1235 5352 1433 5407 nullius
1466 5353 1641 5424 pretii.
1689 5352 1824 5421 Quid

246 5453 318 5496 cst
334 5455 526 5512 autem,
547 5445 653 5501 Eos
671 5447 761 5519 qui
782 5447 965 5499 timore
982 5445 1155 5499 mortis
1183 5463 1270 5514 per
1288 5455 1442 5499 totum
1461 5445 1825 5500 ritamobnoxii

244 5528 376 5589 erant
394 5540 645 5594 sanitati?
672 5539 800 5611 quid
829 5538 933 5593 hoc
962 5536 1071 5594 cst?
1098 5537 1249 5605 Quod
1281 5538 1368 5608 qui
1400 5548 1624 5593 mortem
1656 5537 1824 5605 timet,

324 5785 395 5846 in)
420 5786 492 5837 Dc
514 5786 603 5839 hac
627 5782 809 5835 lucresi
835 5785 997 5829 actiun
1025 5784 1099 5826 est
1122 5778 1165 5829 in
1190 5778 1493 5829 l‘raz'atione.

1109 330 1174 386 IN
1214 330 1427 388 EPIST.
1476 331 1569 387 AD
1604 325 1963 385 llEBRtEOS.
2005 324 2158 383 CAP.
2183 324 2250 379 ιῖ.
2291 323 2615 383 HOMILJV.

3432 320 3511 374 62

1908 449 1991 497 cst
2018 455 2226 506 servus,
2256 447 2312 495 ct
2344 438 2569 493 sustinet
2595 434 2772 490 omnia
2806 448 2872 488 ne
2910 431 3170 488 moriatur
3202 448 3212 484 :
3246 440 3339 487 aut
3364 432 3489 486 illud

1910 528 2051 601 quod
2090 543 2276 583 omnes
2303 535 2457 583 erant
2495 524 2635 581 servi
2662 523 2872 591 mortis,
2904 531 2958 577 ct
2987 520 3129 593 quod
3162 536 3223 577 ea
3254 519 3487 575 nondum

1911 628 2055 676 esset
2081 618 2301 685 abolita,
2331 617 2447 689 ejus
2473 615 2749 672 dominatu
2771 613 3119 669 tenebantur:
3149 620 3260 678 aut,
3282 610 3492 682 quodin

1913 720 2170 783 perpetuo
2198 719 2347 765 metu
2376 708 2618 763 viverent
2646 705 2913 773 homines,
2944 718 3159 775 semper
3183 712 3495 773 exspectan-

1915 812 1996 859 tes
2023 816 2082 857 se
2110 801 2421 864 morituros,
2443 806 2498 853 et
2514 806 2745 852 mortem
2772 794 3141 860 formidantes,
3178 793 3372 849 nullius
3398 808 3496 847 vo-

1916 894 2131 965 luptatis
2150 907 2366 949 scnsum
2390 890 2912 962 poterantaccipere,
2928 902 3053 943 cum
3080 887 3167 943 hic
3194 901 3407 957 semper
3419 887 3499 942 cis

1918 987 2131 1044 adesset
2148 998 2323 1042 metus
2350 1002 2365 1037 :
2393 984 2495 1039 hoc
2506 983 2647 1038 enim
2675 980 3054 1047 suhindicavit,
3079 979 3399 1047 dicens,l’er
3417 989 3498 1034 to-

1920 1090 2024 1135 tam
2050 1079 2220 1133 vitam.
2240 1077 2339 1133 Hic
2359 1074 2594 1131 ostendit
2621 1088 2716 1131 eos
2735 1073 2825 1143 qui
2848 1071 3177 1140 afﬂiguntur,
3205 1073 3299 1143 qui
3321 1072 3502 1142 expet-

1921 1171 2215 1242 lnntur,qui
2238 1170 2514 1241 privantur
2525 1167 2691 1239 patria
2707 1175 2760 1221 et
2773 1164 2999 1220 fortunis
3020 1172 3075 1220 et
3089 1164 3206 1219 aliis
3234 1163 3502 1227 omnibus,

1917 1263 2204 1337 jucundius
2224 1277 2285 1319 ac
2306 1262 2525 1318 liberius
2541 1260 2923 1331 degere,quam
2937 1255 3076 1326 iiqui
3095 1256 3221 1311 olim
3245 1256 3505 1327 degebant

1926 1357 1981 1412 in
2009 1355 2218 1411 deliciis
2237 1396 2253 1421 ,
2284 1368 2441 1425 quam
2473 1352 2509 1407 ii
2538 1350 2731 1423 quibus
2760 1349 2890 1429 nihil
2914 1346 3184 1404 acciderat
3206 1347 3467 1416 ejusmodi
3487 1389 3505 1414 ,

1924 1460 2083 1515 quam
2117 1443 2307 1514 quibus
2334 1450 2488 1498 erant
2524 1456 2613 1498 res
2654 1438 2905 1495 secunda:
2938 1457 2951 1493 :
2982 1437 3245 1508 siquidem
3278 1437 3354 1492 illi
3384 1440 3509 1507 qui-

1927 1535 2048 1590 dem
2098 1550 2194 1604 per
2231 1544 2395 1587 totam
2427 1532 2592 1586 vitam
2637 1539 2792 1586 erant
2830 1528 2956 1584 huic
3003 1527 3169 1583 metui
3200 1526 3415 1583 obnoxii
3456 1539 3509 1583 et

1926 1626 2090 1691 servi;
2114 1626 2214 1697 ipsi
2236 1636 2414 1681 autem
2440 1634 2564 1681 sunt
2589 1623 2659 1680 ab
2684 1639 2751 1682 eo
2776 1623 3009 1688 liberati,
3035 1631 3091 1679 et
3113 1623 3338 1680 irrident
3363 1624 3516 1693 quod

1926 1716 2002 1772 illi
2031 1716 2370 1772 horruerant.
2405 1717 2550 1773 Idem
2595 1716 2736 1771 enim
2767 1730 2909 1771 nunc
2928 1724 3043 1780 cst;
3085 1722 3144 1769 ut
3171 1715 3214 1769 si
3245 1710 3511 1785 quispiam

1926 1822 2046 1863 cum
2100 1808 2190 1877 qui
2224 1806 2433 1862 vinctus
2470 1805 2745 1862 ducendus
2789 1813 2872 1859 est
2910 1803 2976 1858 ad
3028 1812 3280 1870 mortem,
3307 1812 3364 1858 et
3409 1803 3512 1858 huc.

1925 1913 2142 1967 semper
2193 1905 2490 1968 exspectat,
2542 1896 2723 1951 multis
2763 1896 3057 1966 impinguct
3098 1894 3309 1950 deliciis
3348 1911 3361 1947 :
3404 1895 3511 1948 tale

1926 1990 2198 2060 quidpiam
2238 2003 2386 2044 mors
2424 1997 2541 2045 erat
2587 1987 2737 2043 olim.
2779 1987 2931 2042 Nunc
2970 1996 3148 2041 autem
3184 1994 3244 2041 ut
3272 1987 3316 2041 si
3357 1985 3508 2056 quis,

1928 2091 2071 2137 metu
2116 2081 2208 2136 illo
2257 2080 2450 2152 ejecto,
2480 2095 2603 2137 cum
2656 2079 2865 2135 deliciis
2905 2078 3184 2133 denuntiet
3225 2090 3348 2132 esse
3393 2091 3511 2132 cer-

1928 2174 2169 2241 tandum,
2218 2183 2271 2229 et
2312 2181 2578 2244 proponat
2616 2181 2910 2236 certamen,
2940 2178 3129 2225 utnon
3168 2169 3397 2238 amplius
3439 2168 3513 2223 ad

1928 2277 2194 2332 mortem,
2251 2264 2347 2321 sed
2396 2264 2463 2319 ad
2498 2278 2721 2335 regnum
2759 2261 3008 2329 adducat,
3063 2275 3131 2316 ex
3186 2259 3511 2331 quibusnam

1926 2376 2045 2417 csse
2085 2356 2358 2415 volueris?
2386 2370 2449 2412 ex
2496 2355 2632 2411 iisne
2673 2353 2764 2425 qui
2806 2358 2859 2408 ln
2908 2366 3124 2408 carcere
3168 2352 3507 2422 impinguan-

1928 2464 2032 2517 tur,
2066 2453 2268 2507 interea
2305 2448 2544 2521 quotidie
2576 2445 2951 2519 proferendam
2991 2453 3367 2514 exspectantes
3389 2457 3513 2498 sen-

1929 2546 2285 2602 tentiamzan
2338 2557 2407 2597 ex
2456 2541 2520 2596 iis
2556 2539 2645 2609 qui
2699 2538 2923 2594 multum
2978 2535 3278 2603 decertant,
3320 2542 3374 2590 et
3427 2535 3510 2590 luo

1932 2639 2123 2694 bcntes
2152 2634 2400 2690 laborant
2447 2640 2506 2686 ut
2548 2632 2657 2685 sint
2697 2628 2930 2684 redimiti
2974 2628 3123 2699 regni
3168 2625 3524 2682 diademate?

1933 2730 2091 2786 Vides
2130 2725 2402 2799 quomodo
2441 2739 2631 2780 eorum
2674 2723 2846 2778 erexit
2876 2721 3134 2786 animum,
3166 2735 3367 2791 eosque
3395 2731 3549 2774 sus-’

1931 2837 2125 2893 pensos
2152 2819 2319 2875 tenuit
2343 2827 2398 2874 et
2420 2814 2710 2871 excitavit?
2732 2812 2980 2870 Ostendit
3005 2821 3182 2868 autem
3209 2827 3315 2867 non
3341 2811 3511 2866 solam

1928 2928 2171 2971 cessasse
2198 2918 2452 2976 mortem,
2485 2907 2577 2964 sed
2612 2922 2708 2978 per
2733 2920 2853 2962 eam
2884 2904 3031 2960 illum
3059 2917 3272 2975 quoque
3298 2918 3389 2973 qm
3419 2903 3515 2957 ad-

1930 3019 2142 3061 versum
2192 3018 2292 3058 nos
2337 3015 2554 3071 semper
2591 2998 2785 3053 bellum
2825 2998 2964 3067 gerit
3003 2993 3362 3065 implacabile,
3392 2994 3513 3049 dia-

1929 3097 2131 3160 bolum,
2162 3094 2399 3164 inquam,
2425 3106 2545 3147 esse
2577 3091 2800 3146 fractum
2818 3099 2873 3145 et
2904 3096 3247 3159 prostratum.
3268 3087 3398 3142 Nam
3423 3088 3517 3155 qui

1931 3196 2159 3243 mortem
2188 3200 2294 3240 non
2326 3185 2499 3248 timet,
2532 3191 2617 3238 est
2645 3190 2801 3238 extra
2835 3180 3031 3235 diaboli
3064 3178 3422 3251 tyrannidem.
3453 3176 3512 3234 Si

1929 3281 2073 3337 enim
2120 3277 2316 3350 pellem
2366 3291 2462 3346 pro
2514 3274 2678 3345 pelle,
2718 3282 2771 3328 et
2820 3272 3001 3328 omnia
3047 3271 3202 3326 dabit
3247 3272 3368 3340 quis
3418 3285 3518 3339 pro

1876 3362 1877 3365 “
1930 3374 2107 3429 anima
2150 3386 2245 3427 sua
2282 3368 2401 3442 (Job
2438 3373 2492 3422 2.
2547 3366 2602 3438 ι)
2633 3384 2647 3420 :
2676 3364 2889 3436 quando
2932 3364 3093 3420 etiam
3139 3364 3306 3434 ipsam
3352 3377 3518 3417 ausus

1931 3465 2088 3519 fuerit
2121 3462 2421 3531 despicere,
2451 3459 2733 3529 cujusnam
2769 3456 2878 3526 jam
2908 3456 3011 3510 crit
3036 3455 3265 3512 servus?
3302 3452 3512 3509 Nnilum

1931 3558 2104 3622 timet,
2150 3554 2355 3609 nullum
2405 3550 2657 3606 formidat
2691 3568 2705 3604 :
2742 3556 2828 3603 est
2870 3547 3120 3602 omnibus
3162 3547 3428 3616 superior,
3460 3555 3519 3600 et

1931 3645 2179 3702 omnibus
2227 3643 2402 3714 magis
2430 3641 2586 3696 liber.
2618 3641 2719 3707 Qui
2759 3639 2902 3693 enim
2946 3638 3179 3692 animam
3223 3651 3374 3691 suam
3419 3636 3517 3691 de-

1930 3737 2111 3810 spicit,
2148 3735 2320 3790 multo
2347 3734 2515 3803 magis
2554 3732 2678 3786 alia.
2710 3729 2937 3798 Quando
2983 3738 3163 3783 autem
3213 3728 3371 3782 talem
3402 3728 3518 3781 ani~

1931 3842 2072 3883 mam
2104 3824 2367 3879 invenerit
2392 3822 2655 3883 diabolus,
2687 3818 2819 3874 nihil
2848 3835 2911 3875 ex
2943 3820 3008 3873 iis
3034 3833 3153 3888 qua:
3180 3833 3274 3872 sua
3303 3826 3431 3872 sunt
3460 3820 3515 3872 in

1930 3934 1990 3974 ea
2028 3915 2225 3989 poterit
2254 3913 2490 3969 efficere.
2520 3910 2656 3979 Quid
2684 3910 2847 3974 enim,
2882 3909 3199 3980 pecunizcne
3229 3907 3517 3962 minabitur

1932 4012 2340 4074 detrimentum,
2374 4016 2429 4062 et
2455 4005 2724 4061 infamiam
2752 4016 2807 4060 et
2835 4004 3081 4059 exsilium
3113 4017 3143 4056 a
3171 4001 3379 4072 putria!
3406 4000 3517 4057 Sed

1932 4104 2046 4158 lucc
2089 4117 2247 4173 parva
2277 4109 2403 4155 sunt
2440 4098 2580 4169 apud
2607 4112 2750 4161 cum,
2778 4096 2867 4168 qui
2912 4111 2980 4150 ne
3017 4096 3251 4150 animam
3296 4093 3515 4165 quidem

1931 4212 2081 4251 suam
2127 4196 2288 4250 habet
2327 4193 2636 4264 pretiosam,
2671 4199 2728 4245 ut
2765 4189 2841 4244 ait
2878 4189 3064 4244 beatus
3095 4188 3313 4244 Paulus.
3349 4186 3515 4242 Vides

1931 4289 2073 4362 qtmd
2105 4288 2291 4345 mortis
2318 4286 2537 4358 expulsa
2567 4282 2867 4357 tyrannide,
2898 4280 3056 4338 simul
3085 4280 3246 4339 ctiam
3293 4279 3512 4337 confre-

1931 4383 2006 4448 git
2034 4382 2173 4435 vires
2203 4379 2438 4433 diaboli?
2467 4377 2599 4433 Nam
2625 4377 2715 4447 qui
2747 4377 2815 4431 de
2846 4377 3243 4431 resurrectione
3270 4374 3371 4428 scit
3404 4374 3517 4443 plu-

1926 4471 2116 4526 rimum
2154 4470 2546 4542 phil030phari,
2573 4468 2845 4544 quomodo
2876 4469 3061 4524 timeat
3092 4478 3342 4529 mortem,
3373 4481 3507 4536 quo-

1920 4562 2081 4616 modo
2108 4562 2322 4617 horreat
2343 4561 2412 4615 de
2436 4562 2661 4617 cmtcro?
2682 4561 2757 4615 Ne
2779 4575 2909 4631 ergo
2935 4558 3148 4613 tristitia
3172 4556 3504 4616 afliciamini.

1919 4652 2161 4707 dicentes
2191 4670 2203 4706 :
2231 4651 2339 4706 Cur
2366 4652 2482 4706 hmc
2511 4662 2565 4707 et
2596 4651 2682 4706 illa
2724 4651 2865 4720 passi
2896 4648 3118 4703 sumus?
3154 4648 3232 4701 sic
3268 4644 3412 4699 enim
3450 4644 3508 4698 fit

1920 4742 2122 4797 clarior
2164 4743 2418 4806 victoria;
2451 4757 2548 4797 nec
2587 4741 2774 4796 fuisset
2811 4741 2978 4802 clara,
3011 4738 3110 4792 nisi
3142 4745 3314 4791 morte
3355 4749 3504 4789 mor-

1922 4842 2028 4887 tem
2062 4832 2329 4887 solvisset.
2375 4833 2488 4887 lluc
2530 4841 2613 4887 est
2651 4840 2830 4886 autem
2874 4828 3211 4890 admirabile,
3238 4824 3381 4896 quod
3413 4841 3507 4895 per

1921 4939 1983 4977 ea
2014 4924 2191 4994 ipsum
2219 4924 2407 4977 vicerit
2440 4940 2535 4993 per
2564 4939 2682 4993 qua:
2709 4933 2823 4978 erat
2867 4922 3021 4977 fortis
3061 4930 3113 4975 et
3145 4930 3356 4989 potens,
3386 4918 3505 4971 ubi-

1921 5029 2023 5083 que
2064 5013 2361 5068 ostendcns
2408 5023 2606 5084 quanta
2643 5015 2744 5069 sibi
2787 5021 3032 5083 suppetat
3066 5010 3313 5073 facultas,
3348 5017 3403 5064 et
3439 5009 3506 5062 ad

1922 5118 2008 5157 res
2053 5104 2314 5174 gerendas
2363 5105 2603 5160 solertia.
2657 5103 2735 5159 Ne
2783 5104 3071 5173 prodamus
3118 5102 3317 5155 donum
3364 5098 3506 5167 quod

1922 5196 2078 5249 nobis
2108 5194 2205 5249 fuit
2235 5195 2417 5250 datum
2449 5215 2461 5250 :
2494 5194 2615 5250 Non
2641 5197 2771 5250 enim
2798 5196 3102 5264 accepimus,
3133 5190 3325 5260 inquit,
3357 5189 3510 5259 spiri-

1924 5299 2029 5342 tum
2057 5289 2271 5354 timoris,
2302 5289 2395 5343 sed
2418 5290 2651 5358 spiritum
2678 5289 2873 5342 uirtutis
2902 5297 2947 5341 et
2977 5285 3202 5338 caritatis
3239 5290 3287 5335 et
3338 5280 3511 5333 modo:

1924 5378 2223 5449 stite(Rom.
2252 5380 2305 5434 8.
2336 5381 2420 5436 l5.
2453 5379 2642 5434 c0113.
2678 5379 2808 5432 Tim.
2840 5380 2889 5433 1.
2920 5379 2993 5446 7).
3019 5376 3235 5431 Slemus
3261 5387 3390 5442 ergo
3414 5370 3519 5424 for-

1927 5473 2052 5527 titcr
2082 5483 2311 5526 mortem
2335 5470 2638 5524 irridentes.

1995 5563 2049 5617 5.
2086 5559 2353 5631 Exseqttiw
2374 5558 2665 5614 (ἔνατον-πω
2697 5572 2837 5610 more
2868 5567 2983 5610 tunc
3012 5554 3063 5607 in
3101 5570 3194 5607 nstt
3222 5554 3511 5623 vituperan-

1928 5667 1969 5706 ti
1985 5673 2028 5706 r.
2051 5685 2117 5692 —
2136 5654 2238 5708 Sed
2267 5654 2392 5707 mihi
2425 5654 2568 5706 venit
2592 5652 2642 5704 in
2665 5658 2898 5704 mentem
2921 5646 3111 5702 acerbe
3137 5646 3503 5714 ingemiscere,

1928 5746 2223 5817 reputando
2250 5761 2478 5816 quonam
2514 5743 2760 5799 Christus
2804 5755 2900 5795 nus
2939 5737 3238 5801 adduxerit,
3286 5747 3339 5793 ct
3378 5753 3511 5804 quc.-
