3956 6138
366 245 435 298 tii;
1114 251 1170 308 S.
1213 250 1489 309 JOANNIS
1524 249 1997 317 CllRYSOSTOMl
2042 249 2356 306 AliClllEP.
2399 250 2928 310 CONSTANTINOP.

381 371 503 410 nam
535 368 632 410 nos
662 354 1060 410 dcmiserimus.
1088 352 1220 407 Nam
1250 352 1466 423 quando
1512 351 1669 406 video
1714 351 1804 421 qui
1839 350 1971 405 ﬁunt

380 450 434 502 in
469 446 589 504 foro
620 447 885 518 planctus,
915 455 970 500 et
996 445 1226 515 ejulatus
1256 454 1475 515 propter
1494 458 1525 499 e
1552 444 1685 498 vivis
1707 441 1970 497 exceden-

383 551 484 605 tes,
515 539 851 608 ululatusque
882 546 937 594 et
986 536 1397 593 lamentationes
1428 545 1481 591 et
1523 536 1627 591 alia
1677 550 1796 605 qum
1838 534 1970 588 fiunt

381 632 640 688 indecore
672 650 683 685 :
718 631 944 698 credite,
974 645 1061 685 me
1110 630 1274 697 pudet
1302 628 1635 694 firmem-um,
1665 626 1970 683 .ludteorutn

382 733 436 776 et
468 722 842 778 haereticorum
872 721 962 792 qui
986 720 1187 786 vident,
1213 730 1269 775 et
1293 734 1391 776 nos
1415 730 1695 789 propterea
1724 718 1970 773 irrident.

383 813 517 868 Nam
547 813 806 884 quidquid
834 812 902 887 de
927 821 1129 868 caetero
1171 812 1382 876 dixero,
1413 810 1605 865 frustra
1651 811 1823 866 dicam
1859 810 1975 880 phi-

387 903 678 974 losophans
689 904 755 959 de
773 903 1190 959 resurrectione.
1214 901 1427 970 Quare?
1443 900 1708 968 Quoniam
1727 916 1831 955 non
1854 916 1973 970 qua:

385 1013 417 1052 a
444 1013 531 1054 me
561 996 811 1053 dicuntur
855 995 1141 1052 attendunt
1164 993 1338 1049 Graeci
1368 1033 1382 1061 ,
1434 992 1528 1048 sed
1581 1008 1700 1063 qua:
1751 1008 1779 1045 a
1822 993 1974 1048 vobis

388 1090 525 1146 ﬁunt
556 1109 569 1145 :
599 1089 780 1146 statim
824 1088 968 1143 enim
1017 1085 1244 1141 dicent:
1287 1083 1512 1152 Quando
1552 1084 1747 1154 poterit
1786 1098 1853 1139 ex
1893 1083 1976 1137 his

387 1184 669 1254 quisquam
701 1186 929 1235 mortem
959 1177 1265 1247 despicere,
1309 1175 1399 1246 qui
1431 1190 1497 1231 ne
1542 1183 1721 1244 potest
1759 1173 1974 1244 quidem

388 1273 551 1329 alium
574 1273 759 1328 videre
785 1269 1096 1326 mortuum?
1126 1266 1355 1323 Pulchra
1382 1275 1506 1322 sunt
1534 1281 1655 1337 quae
1684 1264 1825 1321 dicta
1852 1275 1978 1321 sunt

389 1380 420 1420 a
460 1364 648 1430 Paulo,
701 1371 756 1419 ct
793 1361 950 1432 digna
1006 1359 1153 1416 crelis
1192 1358 1394 1429 Deique
1436 1357 1808 1429 benignitate:
1850 1355 1976 1426 quid

391 1455 537 1510 enim
556 1453 721 1510 dicit?
744 1452 808 1508 Et
834 1451 1063 1507 liberabit
1088 1466 1172 1504 eos
1200 1450 1287 1522 qui
1317 1450 1494 1504 timore
1521 1449 1696 1504 mortis
1718 1465 1807 1520 per
1823 1459 1979 1503 lotam

390 1549 546 1605 vitam
573 1547 777 1601 obnoxii
806 1554 952 1599 erant
980 1543 1224 1599 servituti.
1258 1541 1368 1598 Sed
1392 1556 1496 1597 non
1524 1541 1699 1597 sinitis
1738 1556 1838 1596 nos
1865 1541 1981 1597 hmc

390 1641 634 1709 credere,
668 1654 763 1713 per
794 1638 908 1711 ipsa
934 1638 1072 1694 facta
1112 1634 1387 1693 vobiscum
1419 1644 1715 1709 pugnantes
1746 1650 1759 1688 :
1791 1649 1979 1709 quatu-

391 1751 551 1805 quam
586 1734 726 1788 Dens
760 1732 1019 1788 adversus
1048 1730 1150 1785 hoc
1194 1729 1360 1784 multa
1388 1728 1597 1785 dederit
1625 1730 1977 1800 munimenta,

399 1831 457 1876 ut
482 1822 622 1879 hanc
655 1838 877 1892 pravam
925 1824 1141 1880 tolleret
1193 1823 1656 1880 consuetudinem.
1707 1824 1864 1891 Nam,
1892 1823 1981 1880 dic

396 1913 550 1981 mihi,
599 1915 729 1984 quid
764 1915 867 1972 sibi
907 1916 1092 1972 volunt
1131 1917 1293 1972 clarae
1337 1917 1646 1987 lampades?
1672 1933 1855 1973 annon
1887 1931 1985 1973 eos

394 2015 670 2076 tamquam
710 2007 938 2063 athletas
965 2007 1319 2064 deducimus?
1357 2008 1483 2079 quid
1524 2021 1703 2065 autem
1744 2008 1982 2080 hymni?

394 2112 578 2153 annon
601 2098 763 2153 Deum
784 2097 1147 2171 gloriﬁcamus
1164 2109 1218 2155 et
1233 2099 1432 2171 gratias
1449 2100 1678 2172 agimus,
1695 2099 1839 2170 quod
1855 2114 1980 2155 eum

394 2191 486 2261 qui
516 2192 750 2247 excessit
783 2192 892 2261 jam
923 2192 1285 2258 coronaverit,
1313 2192 1457 2263 quod
1485 2208 1519 2247 a
1545 2191 1818 2249 laboribus
1845 2192 1980 2248 libe-

394 2283 615 2348 raverit,
643 2283 783 2354 quod
822 2283 997 2352 cjecto
1022 2292 1168 2338 metu
1204 2298 1325 2338 eum
1353 2282 1493 2352 apud
1521 2297 1585 2338 se
1618 2282 1847 2339 habeat?
1874 2298 1979 2338 non

397 2371 520 2426 ideo
561 2380 688 2426 sunt
733 2373 958 2443 hymni?
987 2387 1092 2428 non
1121 2373 1242 2429 ideo
1265 2373 1613 2444 psalmodiat?
1646 2374 1773 2430 Haec
1798 2375 1977 2430 omnia

395 2473 519 2517 sunt
546 2463 841 2518 laetantium
876 2481 890 2519 :
917 2462 1011 2518 Est
1035 2465 1165 2520 enim
1193 2466 1464 2536 quispiam,
1497 2466 1690 2536 inquit,
1719 2466 1836 2522 ueto
1863 2467 1979 2522 ani-

394 2553 515 2608 mo?
554 2552 741 2622 psallat
790 2552 953 2626 (Jac.
994 2555 1051 2610 5.
1094 2553 1219 2627 l5).
1264 2554 1373 2612 Sed
1414 2557 1511 2613 hos
1543 2572 1648 2613 non
1696 2556 1978 2613 attendunt

394 2645 590 2701 Graeci.
622 2644 698 2700 Nc
746 2644 874 2700 mihi
903 2644 1046 2701 enim
1066 2686 1081 2711 ,
1110 2646 1319 2717 inquit,
1347 2646 1547 2702 dixeris
1585 2663 1738 2715 eum,
1790 2647 1880 2719 qui
1909 2649 1979 2703 ab

392 2737 555 2791 animi
584 2746 729 2793 metu
757 2748 994 2793 remotus
1044 2737 1478 2810 philo50phatur;
1522 2738 1625 2795 hoc
1655 2740 1799 2795 enim
1841 2739 1975 2794 nihil

391 2839 750 2901 estmagnum
777 2845 877 2887 nec
905 2830 1262 2898 admirabile;
1309 2831 1532 2887 ostende
1577 2831 1708 2887 mihi
1736 2848 1859 2910 eum
1883 2832 1974 2902 qui

389 2923 443 2977 in
473 2922 657 2979 dolore
684 2923 804 2993 ipso
830 2921 1265 2993 philosophetur,
1308 2931 1362 2979 et
1390 2933 1515 2979 tunc
1552 2923 1767 2979 credam
1791 2938 1973 2979 resur-

388 3013 641 3069 rectioni.
674 3008 744 3069 Et
765 3014 907 3084 quod
939 3014 1039 3069 hoc
1078 3013 1277 3068 faciant
1302 3014 1517 3085 quidem
1570 3016 1825 3072 mulieres
1852 3031 1973 3087 quae

388 3107 443 3160 in
473 3106 628 3177 hujus
658 3107 781 3161 vita:
804 3106 949 3162 curis
969 3116 1273 3175 versantur,
1298 3123 1404 3163 non
1433 3117 1515 3163 est
1541 3109 1755 3175 mirum,
1785 3125 1973 3180 quam-

387 3214 546 3269 quam
574 3199 677 3254 hoc
701 3214 913 3270 quoque
952 3199 1023 3254 sit
1052 3200 1249 3253 malum
1292 3208 1346 3255 ct
1382 3215 1544 3269 grave
1572 3217 1586 3254 :
1611 3215 1734 3255 nam
1786 3201 1855 3257 ab
1908 3201 1973 3257 iis

386 3306 600 3363 quoque
648 3292 835 3346 eadem
889 3290 1119 3361 exigitur
1170 3291 1506 3362 philosophia
1564 3310 1579 3347 :
1623 3294 1968 3363 quamobrem

387 3385 584 3441 Paulus
614 3399 828 3456 quoque
852 3383 982 3439 dicit
1013 3401 1027 3438 :
1060 3383 1138 3439 De
1162 3384 1527 3439 dormientibus
1546 3396 1716 3439 autem
1744 3387 1860 3440 nan
1886 3403 1971 3442 vos

383 3478 640 3548 ignorare,
670 3478 876 3546 fratres,
903 3485 959 3530 ut
1006 3494 1107 3532 non
1148 3478 1533 3545 contristemini,
1562 3479 1691 3532 sicut
1727 3487 1775 3532 et
1803 3479 1973 3533 caeteri

382 3570 470 3641 qui
494 3586 632 3639 spem
654 3585 756 3623 non
781 3569 963 3623 habent
984 3568 1003 3640 (
1026 3569 1074 3623 1.
1111 3568 1286 3624 Thess.
1309 3570 1363 3624 4.
1394 3568 1462 3626 12
1484 3571 1525 3640 ).
1543 3568 1661 3624 Non
1690 3567 1807 3625 haec
1831 3569 1971 3625 scri-

380 3661 542 3717 bebat
573 3662 873 3729 monachis,
920 3676 1021 3718 nec
1062 3663 1127 3718 iis
1152 3678 1272 3733 qua:
1308 3677 1523 3733 semper
1552 3673 1676 3718 sunt
1706 3663 1967 3734 virgines,

383 3752 475 3809 sed
499 3754 564 3809 iis
593 3755 753 3809 etiam
783 3768 902 3824 quae
941 3763 1223 3809 versantur
1248 3753 1303 3808 in
1326 3754 1546 3818 mundo,
1576 3770 1696 3826 quae
1720 3754 1971 3811 dicuntur

381 3844 687 3899 saeculares.
720 3842 827 3899 Sed
866 3858 973 3899 non
1014 3853 1092 3900 est
1138 3844 1242 3899 hoc
1266 3844 1403 3900 adeo
1438 3845 1637 3900 malum
1662 3855 1717 3901 et
1755 3861 1917 3916 grave
1950 3863 1963 3900 :

379 3937 595 4006 quando
618 3943 797 3991 autem
826 3936 914 3990 vel
946 3936 1138 3991 mulier
1158 3937 1357 4006 aliqua,
1383 3937 1471 3992 vel
1493 3938 1572 3992 vir
1595 3939 1859 4008 quispiam
1888 3938 1970 3993 di-

380 4041 508 4080 cens
528 4041 587 4081 se
606 4040 728 4080 esse
749 4023 947 4079 mundo
972 4024 1307 4091 crucifixum,
1343 4025 1428 4081 hic
1454 4026 1669 4096 quidem
1699 4028 1848 4083 vellit
1876 4043 1968 4083 ca-

380 4117 560 4185 pillos,
589 4116 678 4169 illa
705 4130 834 4171 vero
863 4114 1017 4170 valde
1041 4115 1243 4185 ejulat:
1275 4116 1400 4186 quid
1430 4126 1515 4172 est
1554 4117 1656 4173 hoc
1683 4120 1889 4189 turpius
1914 4128 1969 4175 et

380 4210 552 4277 magis
596 4207 946 4262 indecorum?
986 4204 1203 4262 Credite
1248 4206 1378 4261 mihi
1418 4207 1660 4264 dicenti:
1691 4220 1967 4280 oporteret

378 4314 469 4354 eos
498 4296 586 4368 qui
610 4305 734 4352 sunt
757 4295 1082 4366 bujusmodi,
1110 4296 1269 4367 longo
1298 4307 1538 4366 tempore
1565 4300 1734 4354 arceri
1762 4314 1792 4354 a
1823 4299 1965 4355 limi-

340 4427 345 4431 .
375 4389 530 4445 uibus
557 4387 823 4444 ecclesiae.
865 4387 962 4454 Qui
992 4387 1135 4443 enim
1173 4396 1298 4443 sunt
1334 4388 1478 4459 digni
1532 4400 1591 4445 ut
1644 4391 1715 4445 ita
1746 4390 1967 4463 lugean-

375 4490 481 4544 tur,
517 4478 553 4533 ii
580 4486 707 4533 sunt
731 4477 823 4549 qui
850 4485 1076 4533 mortem
1103 4476 1283 4533 adhuc
1304 4477 1494 4535 timent
1519 4489 1571 4536 et
1599 4479 1839 4548 horrent,
1871 4483 1960 4553 qui

371 4586 479 4625 non
503 4570 731 4628 credunt
753 4568 1157 4625 resurrectioni.
1179 4569 1249 4625 At
1270 4584 1377 4625 non
1402 4586 1542 4634 sum,
1572 4572 1762 4645 inquit,
1795 4590 1896 4647 ego
1919 4577 1964 4632 is

371 4665 458 4732 qui
491 4679 596 4719 non
624 4662 839 4719 credam
869 4661 1273 4729 resurrectionl,
1304 4663 1398 4719 sed
1425 4665 1641 4735 requiro
1669 4678 1960 4725 consuetu-

371 4756 577 4812 dinem.
601 4754 712 4812 Cur
740 4771 888 4823 vero,
922 4756 1011 4812 dic
1033 4756 1184 4823 mihi,
1205 4757 1420 4828 quando
1448 4759 1597 4815 vadis
1624 4775 1847 4832 peregre
1867 4803 1882 4829 ,
1906 4772 1962 4819 et

371 4848 587 4918 longam
614 4848 843 4919 suscipis
884 4848 1388 4920 peregrinationem,
1420 4866 1525 4907 non
1570 4851 1759 4909 eadem
1790 4852 1960 4909 facis?

369 4941 475 4997 Sed
506 4951 631 4996 tunc
660 4956 873 5012 quoque
898 4940 1021 5007 lleo,
1055 4941 1246 5013 inquit,
1273 4951 1327 4999 et
1359 4945 1624 5001 lamentor
1654 4948 1954 5017 requirens.

371 5032 479 5090 Sed
507 5033 634 5088 illud
658 5032 879 5104 quidem
893 5048 1081 5089 revera
1100 5043 1181 5089 est
1203 5049 1393 5091 eorum
1414 5038 1502 5107 qui
1527 5042 1809 5109 requirunt
1823 5060 1956 5099 cou-

360 5128 734 5194 suetudinem;
775 5126 879 5185 hoc
927 5137 1106 5185 autem
1146 5137 1230 5185 est
1272 5130 1389 5200 ejus
1426 5146 1547 5202 quae
1597 5133 1845 5201 desperat
1882 5132 1951 5189 de

360 5218 558 5273 reditu.
591 5217 774 5289 Cogita
806 5220 932 5291 quid
963 5220 1162 5290 psallas
1196 5221 1285 5276 illo
1311 5231 1555 5292 tempore
1584 5240 1596 5276 :
1627 5221 1947 5291 Convertere,

361 5311 556 5381 inquit,
573 5312 747 5367 anima
767 5329 898 5380 utea,
924 5313 979 5367 in
1004 5314 1227 5383 requiem
1243 5322 1406 5380 tuam,
1432 5314 1549 5385 quia
1581 5312 1832 5370 Dominus
1860 5317 1946 5369 be-

362 5404 546 5475 nefecit
577 5406 702 5471 tibi;
739 5415 793 5460 et
819 5419 1025 5473 rursus,
1061 5404 1181 5460 Non
1227 5405 1409 5461 timebo
1436 5406 1594 5472 mala,
1626 5407 1865 5477 quoniam
1893 5416 1948 5460 tu

362 5512 557 5553 uterum
583 5516 672 5566 es;
701 5508 755 5556 et
787 5515 972 5556 rursus
989 5541 1004 5566 ,
1032 5499 1111 5556 Tu
1139 5516 1190 5556 es
1224 5500 1349 5554 mihi
1394 5498 1648 5571 refugium
1677 5516 1709 5553 α
1737 5499 1950 5554 tribula-

366 5587 502 5642 tione
554 5606 668 5660 que
706 5607 785 5644 me
836 5592 1119 5647 circumdat
1172 5590 1355 5662 (Ptol.
1416 5591 1538 5646 HL.
1572 5592 1624 5645 7.
1671 5600 1717 5645 et
1768 5588 1858 5645 22.
1891 5591 1946 5644 4.

367 5687 412 5731 et
439 5679 524 5735 3|.
557 5676 644 5749 9).
675 5681 857 5751 Cogita
881 5682 1005 5755 quid
1029 5684 1130 5740 sibi
1158 5682 1341 5739 volunt
1382 5682 1433 5737 hi
1468 5682 1675 5752 psalmi.
1707 5682 1811 5740 Sed
1845 5696 1948 5738 non

3586 258 3656 316 45

2078 348 2327 413 atlcttdis,
2389 364 2573 406 verum
2602 366 2662 408 es
2688 367 2718 408 a
2767 354 2912 410 luctu
2943 353 3146 411 ebrius.
3187 355 3285 413 Vel
3331 357 3384 413 in
3435 355 3659 414 aliorum

2078 441 2347 511 exsequiis
2387 442 2672 514 diligenter
2700 448 2984 503 considera
3009 490 3024 516 ,
3069 458 3127 503 ut
3183 449 3235 504 in
3282 452 3383 505 tuis
3422 451 3664 509 invenias

2079 531 2551 591 medicamentum.
2585 536 2901 606 Convertere,
2928 540 3101 595 anima
3152 557 3285 609 mea,
3336 542 3389 597 in
3444 542 3614 612 requie

2079 632 2216 676 tuam
2234 665 2250 690 ,
2276 626 2515 694 quoniam
2542 625 2793 683 Dominus
2817 629 3059 702 beneferit
3086 631 3193 698 tibi,
3219 632 3377 699 dicis,
3410 641 3461 688 et
3488 633 3667 706 ιπη-

2079 714 2276 768 maris?
2300 731 2477 771 annon
2502 717 2616 779 hrcc
2636 729 2762 774 sunt
2779 721 2934 777 ludus
2954 731 3007 776 et
3024 721 3334 780 histrionica
3355 726 3667 780 simulatio?

2079 806 2209 862 Nam
2242 808 2286 862 si
2338 824 2526 865 revera
2573 811 2749 867 credis
2794 813 2858 869 iis
2904 830 3023 884 quae
3053 815 3216 882 dicis,
3260 832 3668 887 supervacaneo

2080 901 2228 971 luges
2254 910 2308 957 et
2335 903 2644 959 lamenteris
2669 924 2682 964 :
2712 906 2756 961 si
2783 916 2960 963 autem
2989 907 3129 963 ludis
3147 918 3201 963 et
3222 908 3444 965 simulas
3468 920 3523 966 et
3550 910 3670 969 iure

2082 1000 2233 1062 putas
2258 1008 2379 1050 esse
2398 994 2624 1060 fabulas,
2654 1011 2749 1051 cur
2778 998 2997 1067 psallis?
3024 1014 3120 1054 cur
3146 1001 3307 1056 etiam
3332 1016 3428 1057 eos
3449 1002 3539 1072 qni
3565 1004 3657 1058 ad-

2080 1092 2204 1138 sunt
2229 1085 2465 1155 pateris?
2487 1102 2583 1141 cur
2608 1103 2711 1143 non
2734 1103 2826 1144 cos
2850 1089 2941 1160 qui
2969 1090 3201 1160 psallunt
3220 1092 3424 1163 abigis?
3449 1097 3518 1148 At
3541 1093 3669 1161 hoc,

2081 1175 2270 1245 inquit,
2303 1185 2388 1231 est
2414 1176 2721 1233 furentium.
2766 1179 2901 1239 illud
2942 1192 3120 1237 autem
3152 1183 3325 1237 multo
3354 1185 3545 1255 magis.
3570 1189 3671 1241 At-

2080 1280 2187 1337 que
2223 1266 2435 1324 interim
2495 1270 2713 1339 quidem
2766 1270 3064 1339 admoneo;
3113 1274 3437 1342 procedente
3483 1286 3671 1332 autem

2083 1368 2327 1429 tempore
2380 1359 2519 1415 hanc
2573 1377 2687 1417 rem
2737 1377 3033 1433 persequar
3060 1366 3478 1421 vehementius:
3511 1368 3677 1423 valde

2081 1451 2224 1505 enim
2254 1453 2415 1509 timeo
2444 1468 2512 1508 ne
2531 1452 2632 1508 hoc
2652 1455 2811 1509 modo
2826 1456 3002 1525 gravis
3028 1457 3221 1527 aliquis
3240 1457 3457 1513 morbus
3477 1458 3676 1515 subeat

2086 1542 2400 1598 Ecclesiam.
2436 1545 2609 1615 Atque
2630 1545 2875 1615 planctus
2900 1546 3117 1617 quidem
3148 1557 3334 1618 postea
3360 1550 3669 1621 corrigam;

2084 1632 2296 1687 interim
2344 1640 2520 1688 autem
2552 1633 2834 1701 denuntio,
2879 1636 3180 1709 divitesque
3221 1646 3275 1694 et
3324 1653 3588 1708 pauperes
3616 1650 3672 1696 et

2084 1723 2341 1780 mulieres
2364 1724 2610 1794 virosque
2644 1725 2797 1782 valde
2829 1727 3087 1785 obtestor.

2155 1818 2393 1887 Prw/iere
2420 1818 2475 1872 in
2518 1817 2777 1890 funeribus
2814 1830 3050 1875 arcentur
3104 1836 3137 1875 a
3189 1818 3570 1893 Cltrysostomo.
3597 1854 3675 1869 --

2083 1909 2369 1983 Contingat
2394 1912 2611 1983 quidem
2649 1912 2804 1969 vobis
2829 1913 3079 1969 omnibus
3131 1925 3187 1970 ut
3229 1917 3434 1987 absque
3465 1917 3610 1974 luctu
3637 1935 3675 1977 e

2085 2007 2190 2060 vita
2217 2005 2508 2070 excedatis,
2537 2014 2591 2061 et
2612 2020 2676 2060 ea
2696 2021 2798 2075 qua
2825 2021 2923 2077 par
2942 2017 3026 2062 est
3051 2007 3188 2079 iege,
3222 2017 3399 2079 patres
3423 2012 3512 2082 qui
3540 2028 3675 2069 eon-

2086 2104 2381 2153 senuerunt
2407 2096 2740 2152 deducantur
2768 2111 2796 2151 a
2840 2098 2984 2165 filiis,
3017 2108 3070 2153 et
3101 2108 3303 2155 matres
3325 2116 3359 2155 τι
3384 2103 3593 2159 filiabus
3616 2115 3675 2163 et

2087 2188 2373 2259 nepotibus
2396 2198 2452 2243 et
2482 2189 2864 2258 pronepotibus
2895 2190 2945 2244 in
2975 2188 3110 2244 bona
3137 2200 3193 2245 et
3218 2191 3480 2262 profunda
3508 2210 3674 2252 seue-

2086 2288 2259 2345 ctute,
2291 2287 2345 2334 et
2367 2293 2625 2349 nusquam
2645 2279 2715 2335 sit
2735 2295 2884 2334 mors
2910 2280 3217 2336 humatum.
3241 2283 3352 2338 lloc
3379 2300 3509 2355 ergo
3537 2301 3674 2341 eon-

2089 2373 2275 2443 tingat,
2306 2381 2360 2428 et
2388 2372 2489 2427 hoc
2527 2381 2657 2443 opto
2694 2381 2750 2427 et
2789 2386 2983 2443 precor
3013 2392 3026 2428 :
3060 2374 3427 2445 praesidesque
3474 2387 3531 2432 et
3574 2394 3677 2435 vos

2087 2479 2276 2521 omnes
2304 2479 2436 2535 rogo
2453 2472 2506 2519 et
2527 2464 2712 2519 hortor
2736 2474 2792 2520 ut
2822 2467 2984 2519 Deum
3006 2468 3142 2521 alter
3162 2482 3257 2537 pro
3283 2468 3455 2523 altero
3481 2474 3673 2537 oretis,
3701 2507 3708 2513 -

2087 2567 2142 2613 et
2166 2569 2452 2611 commune
2472 2554 2574 2610 hoe
2598 2555 2669 2609 sit
2690 2564 2928 2611 vestrum
2955 2565 3135 2611 votum
3163 2575 3178 2609 :
3206 2557 3252 2612 si
3298 2569 3500 2629 autem,
3528 2563 3676 2632 quod

2087 2647 2228 2703 absit
2253 2660 2426 2717 neque
2466 2646 2694 2713 accidat,
2741 2647 2935 2702 acerba
2980 2662 3128 2703 mors
3173 2648 3355 2720 aliqua
3429 2651 3676 2707 evenerit

2089 2736 2340 2811 (acerba,
2365 2737 2605 2805 inquam,
2636 2751 2743 2790 non
2773 2744 2958 2791 natura
2982 2752 3155 2806 neque
3183 2740 3328 2794 enim
3356 2750 3440 2796 est
3468 2742 3535 2797 de
3560 2758 3675 2799 cat-

2090 2840 2205 2888 tero
2230 2844 2375 2886 mors
2400 2829 2593 2885 acerba
2613 2845 2631 2895 ;
2653 2844 2683 2883 a
2714 2843 2907 2884 somno
2931 2829 3077 2884 enim
3104 2830 3232 2885 nihil
3265 2831 3481 2901 ditl‘ert;
3507 2836 3604 2891 sed
3626 2836 3675 2892 si

2090 2932 2271 2982 nostra
2303 2929 2572 2992 Spectetur
2598 2919 2833 2991 affectio)
2863 2939 2878 2976 :
2902 2920 2946 2975 si
2985 2921 3146 2990 igitur
3159 2922 3351 2978 acerba
3376 2939 3523 2979 mors
3541 2940 3669 2983 eve.

2095 3020 2268 3083 serit,
2315 3025 2371 3071 et
2424 3014 2615 3085 aliquis
2646 3013 2744 3070 has
2792 3029 2912 3085 qua:
2942 3013 3304 3071 lamententur
3328 3016 3678 3083 conduxerit,

2094 3106 2224 3162 mihi
2247 3105 2450 3161 credite
2470 3106 2665 3163 dicenti
2692 3121 2704 3159 :
2731 3121 2835 3160 non
2856 3104 3011 3161 aliter
3034 3107 3176 3160 enim
3202 3107 3344 3175 dico,
3367 3122 3529 3178 quam
3557 3122 3679 3163 sum

2094 3197 2349 3263 adtactus;
2379 3198 2471 3268 qui
2496 3198 2622 3252 velit
2648 3200 2906 3252 irascatur
2932 3214 2945 3251 :
2974 3212 3096 3253 eum
3135 3198 3294 3268 longo
3325 3207 3569 3269 tempore
3589 3215 3680 3254 ar-

2093 3288 2332 3344 cebimus
2362 3288 2428 3343 ab
2458 3289 2705 3354 ecclesia,
2745 3297 3015 3358 tamquam
3054 3290 3389 3346 idololatram
3434 3290 3584 3363 (Col.
3617 3292 3673 3347 5.

2096 3377 2188 3447 5).
2218 3377 2350 3432 Nam
2379 3380 2422 3433 si
2454 3377 2649 3432 Paulus
2670 3393 2889 3433 avarum
2920 3389 3073 3434 vocat
3098 3380 3433 3435 idololatram
3459 3398 3473 3436 :
3504 3382 3677 3436 multo

2093 3469 2263 3538 magis
2286 3483 2409 3523 eum
2455 3468 2549 3536 qui
2573 3483 2735 3539 super
2759 3469 2971 3525 ﬁdelem
2997 3484 3060 3524 ea
3087 3470 3374 3527 introducit
3399 3487 3519 3542 qum
3548 3482 3677 3529 sunt

2094 3559 2513 3615 idololatrarum.
2545 3559 2785 3627 Quanam
2810 3560 2953 3616 enim
2984 3561 3054 3617 de
3090 3577 3247 3618 musa
3273 3603 3289 3630 ,
3340 3561 3424 3618 die
3452 3577 3671 3634 quzeso.

2093 3664 2255 3706 vocas
2294 3649 2638 3723 presbyteros
2684 3661 2742 3707 et
2775 3666 2870 3707 eos
2912 3654 3001 3723 qui
3030 3653 3433 3723 psalluntinon
3457 3664 3515 3709 ut
3535 3669 3673 3710 con-

2091 3742 2322 3800 soleris?
2352 3756 2457 3802 non
2487 3752 2543 3799 ut
2583 3758 2707 3799 eum
2732 3743 2965 3801 honores
2988 3746 3077 3816 qui
3106 3747 3378 3802 excessit?
3399 3746 3509 3803 Cur
3541 3762 3674 3819 ergo

2090 3853 2213 3894 cum
2240 3839 2560 3894 contumelia
2581 3838 2781 3895 efficis?
2806 3853 2903 3894 cur
2927 3839 3196 3895 traducis?
3216 3856 3312 3897 cur
3335 3849 3512 3898 autem
3532 3841 3673 3897 ludis

2093 3940 2361 4002 tamquam
2405 3931 2457 3985 iu
2505 3931 2708 3985 scena?
2756 3928 2868 3986 Nos
2916 3931 3161 3987 venimus
3186 3932 3254 3988 de
3280 3934 3675 3990 resurrectione

2089 4022 2549 4092 philosOpltantes,
2577 4036 2764 4077 omnes
2781 4022 3104 4086 erudientes,
3119 4023 3281 4079 etiam
3303 4038 3397 4079 eos
3420 4025 3510 4095 qui
3540 4039 3675 4080 non-

2089 4112 2215 4167 dum
2256 4121 2381 4167 sunt
2429 4114 2555 4179 icti,
2604 4128 2699 4182 per
2746 4113 3009 4168 honorem
3064 4115 3153 4185 qui
3195 4115 3271 4170 illi
3321 4116 3583 4182 habetur,
3613 4124 3674 4172 ut

2089 4206 2131 4258 si
2163 4205 2291 4275 quid
2316 4204 2579 4274 ejusmodi
2607 4204 2911 4275 contigerit,
2935 4204 3147 4261 fortiter
3170 4206 3380 4261 ferant:
3414 4217 3469 4262 tu
3489 4217 3669 4263 autem

2088 4313 2182 4352 eos
2237 4295 2458 4351 adducis
2484 4338 2500 4363 ,
2543 4298 2669 4366 qui,
2709 4296 2851 4367 quod
2893 4296 2961 4352 ad
3007 4297 3156 4368 ipsos
3203 4306 3445 4368 spectat,
3487 4307 3673 4355 nostra

2087 4388 2398 4445 destruunt?

2153 4597 2206 4652 6.
2240 4596 2376 4665 Quid
2421 4596 2522 4652 hoc
2562 4598 2671 4653 risu
2699 4607 2755 4654 et
2798 4598 2899 4654 hac
2946 4598 3308 4656 luditlcatione
3346 4610 3431 4656 est
3476 4601 3672 4672 pejus?

2082 4688 2209 4760 quid
2233 4698 2315 4743 est
2331 4689 2549 4759 gravius
2565 4689 3065 4761 hacinrequalitate?
3085 4690 3395 4747 Erubescite
3423 4700 3479 4748 et
3504 4691 3668 4761 pudo-

2082 4795 2142 4835 re
2169 4778 2535 4834 sutl‘uudimini
2567 4796 2581 4838 :
2616 4780 2789 4836 sinon
2820 4784 3003 4848 vultis,
3025 4795 3121 4835 nos
3152 4780 3484 4850 perniciosos
3514 4781 3663 4851 ejus-

2080 4872 2223 4926 modi
2247 4885 2425 4925 mores
2453 4887 2557 4926 non
2581 4873 2805 4927 sinimus
2820 4872 2873 4927 in
2889 4872 3180 4929 Ecclesium
3199 4873 3452 4929 inducere
3485 4891 3498 4928 :
3529 4872 3663 4928 Pec-

2078 4972 2245 5016 cantes
2266 4961 2431 5028 enim,
2461 4963 2650 5032 inquit,
2677 4979 2850 5018 caram
2877 4964 3108 5019 omnibus
3139 4980 3296 5033 argue
3320 4965 3394 5033 (1.
3429 4962 3565 5018 Tim.
3597 4965 3654 5021 5.

2076 5051 2191 5123 28).
2218 5051 2329 5106 lllis
2354 5063 2534 5108 autem
2565 5053 2870 5110 infelicibus
2896 5064 2952 5111 et
2981 5056 3193 5111 miseris
3221 5056 3533 5111 mulieribus
3563 5072 3660 5128 per

2074 5161 2170 5200 vos
2200 5145 2915 5219 prohibemus,neumquam
2948 5148 3316 5219 ingrediantur
3338 5149 3388 5202 in
3422 5149 3657 5203 fidelium

2075 5236 2261 5291 funera
2290 5252 2409 5307 qua:
2456 5237 2771 5302 ell‘eruntur,
2804 5255 2869 5295 ne
2895 5254 3081 5295 revera
3113 5240 3257 5309 ip~as
3282 5255 3536 5310 cogamus
3561 5255 3657 5295 sua

2074 5330 2211 5384 mala
2236 5328 2455 5398 deﬂere,
2508 5341 2563 5387 et
2601 5332 2910 5388 erudiamus
2959 5347 3050 5388 eas
3090 5349 3197 5387 non
3244 5334 3294 5387 iu
3336 5332 3526 5388 alienis
3558 5335 3658 5389 hoc

2076 5420 2270 5486 ficere,
2293 5422 2384 5478 sed
2406 5437 2527 5477 suas
2550 5424 2724 5491 potius
2753 5423 3038 5493 deplorare
3059 5424 3411 5479 calamitates.
3442 5424 3653 5480 Etenim

2070 5524 2223 5584 pater
2248 5529 2461 5585 quoque
2488 5514 2800 5583 benevolus,
2824 5514 3037 5586 quando
3067 5514 3228 5569 habet
3254 5515 3572 5570 insolentem
3601 5523 3655 5569 et

2073 5606 2452 5661 immodestum
2485 5606 2670 5673 lilium,
2704 5622 2809 5662 non
2856 5608 2929 5662 illi
2959 5608 3056 5662 soli
3100 5607 3289 5663 suadet
3326 5623 3394 5664 nc
3423 5621 3652 5663 censue-

2072 5698 2307 5755 tudinem
2333 5698 2526 5756 habeat
2553 5714 2674 5755 cum
2709 5700 2999 5771 improbis,
3030 5699 3123 5757 scd
3166 5698 3266 5755 hos
3295 5714 3507 5771 quoque
3538 5708 3648 5756 ter-
