3956 6138
341 215 405 274 £5
1222 222 1291 279 IN
1331 221 1546 280 EPIST.
1592 222 1680 277 AD
1719 223 1909 279 llEDR

2014 221 2084 280 ιε.
2122 222 2278 279 CAP.
2336 220 2402 281 ll.
2448 223 2678 282 HOillL.
2721 225 2786 280 Υ.
3563 237 3630 292 ιδ

347 339 424 382 ret
455 328 552 401 (α).
579 329 718 386 Ecce
749 346 882 403 ergo
911 348 1011 389 nos
1055 350 1267 408 quoque
1287 348 1342 393 et
1372 355 1466 395 vos
1489 350 1544 397 et
1571 341 1689 398 illas
1714 359 1810 414 per
1830 359 1927 400 vos

348 417 637 487 hortamur,
664 432 723 478 ut
747 439 850 479 nec
877 439 975 480 vos
1028 427 1143 482 illas
1172 431 1394 496 vocetis,
1428 447 1599 503 neque
1637 434 1743 489 illze
1772 451 1928 492 acce-

354 516 499 567 dant.
534 513 602 569 Et
632 517 765 572 faxit
794 522 1012 591 quidem
1044 526 1185 581 Deus
1210 536 1269 583 ut
1291 544 1473 585 sermo
1503 533 1701 605 aliquid
1731 535 1929 591 efficiat

344 605 592 675 amplius,
635 618 690 664 et
715 613 931 668 valeant
959 616 1119 672 mina)
1150 635 1163 671 :
1196 620 1278 674 sin
1328 632 1530 690 autem,
1580 626 1723 695 quod
1764 626 1927 694 absit,

342 703 671 770 contemptui
704 704 875 760 simus
904 705 1095 772 habiti,
1116 724 1337 767 necesse
1363 713 1622 769 habemus
1635 715 1703 770 de
1728 726 1927 771 caetero

343 791 513 845 minas
542 792 814 850 deducere
836 796 901 851 ad
940 799 1210 868 ell‘ectum,
1252 818 1349 860 vos
1372 805 1587 877 quidem
1615 807 1922 863 erudientes

341 880 549 952 legibus
575 887 993 956 ecclesiasticis,
1039 892 1157 948 illas
1206 901 1383 948 autem
1416 905 1473 950 ut
1514 896 1621 951 illis
1652 898 1920 953 convenit.

337 973 392 1029 Si
420 975 543 1045 quis
565 985 745 1033 autem
774 991 1088 1051 arroganter
1111 992 1165 1038 et
1202 985 1498 1042 insolenter
1524 1003 1583 1043 se
1608 1004 1801 1059 gerens
1822 988 1921 1044 de-

338 1067 514 1133 spicit,
546 1069 732 1125 audiat
777 1070 1049 1129 Christum
1084 1092 1227 1132 nunc
1276 1095 1489 1150 quoque
1518 1080 1782 1137 dicentem
1816 1101 1829 1138 :
1861 1082 1925 1139 Si

339 1160 615 1224 peccaverit
641 1160 693 1213 in
722 1170 771 1214 te
794 1162 953 1232 frater
979 1173 1113 1232 tuus,
1141 1168 1286 1234 vade,
1311 1186 1469 1241 argue
1495 1188 1607 1226 eum
1641 1173 1772 1227 inter
1796 1185 1843 1228 te
1877 1184 1923 1229 et

334 1245 503 1315 ipsum
527 1249 693 1304 solum
721 1265 743 1305 :
771 1252 817 1305 si
840 1261 1123 1309 autemnon
1153 1267 1346 1329 pareat,
1379 1262 1550 1331 accipe
1571 1271 1734 1317 tecum
1761 1280 1923 1319 unum

335 1349 423 1391 aut
446 1338 575 1394 duos
596 1356 616 1395 :
637 1343 683 1396 si
702 1352 870 1398 autem
894 1346 1045 1400 etiam
1071 1350 1145 1401 sic
1174 1351 1505 1419 contradicat,
1534 1354 1615 1408 dic
1634 1353 1877 1410 Ecclesia:
1901 1370 1923 1410 :

335 1431 384 1482 si
410 1439 578 1485 autem
610 1422 889 1489 Ecclesium
918 1453 1114 1509 quoque
1140 1457 1241 1494 non
1275 1443 1489 1510 audiat,
1543 1445 1607 1499 sit
1662 1447 1754 1500 tibi
1790 1457 1921 1500 tant-

336 1535 495 1589 quam
527 1523 749 1578 ethnicus
777 1535 825 1580 et
851 1527 1152 1598 publicanus
1178 1531 1198 1601 (
1220 1529 1410 1586 Matth.
1442 1534 1527 1589 l8.
1553 1536 1625 1589 'lz‘i
1651 1566 1681 1577 -
1710 1536 1826 1605 17)..
1860 1537 1914 1593 Si

331 1620 515 1666 autem
543 1628 666 1668 eum
694 1615 782 1685 qui
816 1616 867 1671 in
900 1633 985 1673 me
1017 1630 1221 1688 peccat,
1250 1637 1370 1677 cum
1394 1640 1497 1678 non
1545 1626 1805 1695 paruerit,
1839 1628 1918 1683 sic

326 1701 481 1771 jubet
504 1706 742 1761 aversari
775 1726 789 1762 :
819 1709 871 1763 in
901 1724 1047 1777 eum,
1069 1712 1158 1782 qui
1186 1713 1237 1767 in
1263 1728 1321 1768 se
1343 1723 1527 1784 peccat
1554 1716 1683 1771 etin
1722 1717 1914 1784 Deum,

330 1794 603 1863 quomodo
630 1810 718 1850 me
744 1812 933 1867 gerere
968 1800 1192 1857 debeam
1224 1818 1318 1859 vos
1339 1804 1579 1875 judicate
1603 1825 1616 1861 :
1639 1821 1735 1864 vos
1770 1810 1913 1865 enim

329 1899 433 1940 nos
457 1885 852 1955 condemnatis,
899 1891 989 1961 qui
1020 1908 1125 1948 non
1154 1896 1390 1952 molliter
1418 1906 1473 1953 et
1499 1899 1695 1955 leniter
1737 1901 1916 1959 vobis-

326 1991 451 2031 cum
502 1978 732 2049 agimus.
783 1980 839 2036 Si
883 1982 1003 2053 quis
1046 1994 1223 2041 autem
1277 1990 1575 2044 contemnit
1624 2005 1742 2059 qua:
1788 2003 1910 2047 sunt

326 2069 469 2138 apud
495 2084 595 2124 nos
619 2070 854 2135 vincula,
887 2089 1010 2129 eum
1058 2091 1242 2134 rursus
1267 2077 1518 2134 Christus
1547 2079 1800 2149 erudiat,
1832 2082 1913 2137 di-

325 2174 457 2214 cens
489 2176 504 2212 :
540 2160 886 2234 Quwcumque
912 2165 1190 2236 ligaueritis
1222 2185 1378 2240 supra
1402 2178 1609 2239 terram,
1650 2184 1794 2226 erunt
1845 2174 1910 2227 ti-

319 2260 445 2321 gata
465 2261 512 2305 et
537 2252 593 2306 in
623 2253 749 2307 ca'lo
778 2269 799 2309 :
826 2264 872 2309 et
896 2272 1225 2330 quiscumque
1243 2260 1492 2315 solveritis
1520 2279 1677 2333 supra
1699 2274 1910 2330 terram,

320 2351 472 2396 erunt
497 2344 668 2399 soluta
685 2356 733 2399 et
756 2345 972 2402 in'ca'lo
996 2348 1212 2417 (Matth.
1246 2351 1333 2406 16.
1375 2351 1485 2421 19).
1519 2353 1652 2410 Nam
1700 2356 1910 2412 etiamsi

314 2447 422 2488 nos
444 2434 616 2489 simus
645 2435 828 2491 miseri
858 2447 915 2492 et
940 2438 1114 2508 nihili,
1138 2449 1194 2495 ct
1235 2441 1379 2512 digni
1409 2444 1501 2514 qui
1530 2444 1908 2516 deSpiciamur,

313 2526 462 2581 sicut
486 2541 677 2582 revera
704 2527 847 2599 digni
878 2544 1086 2599 sumus,
1110 2549 1214 2587 non
1239 2543 1419 2591 tamen
1447 2552 1545 2592 nos
1573 2538 1905 2609 ulciscimur,

311 2632 497 2688 neque
533 2618 672 2673 iram
693 2621 1001 2690 referimus,
1029 2623 1123 2678 sed
1146 2625 1332 2680 salutis
1362 2638 1558 2683 vestra:
1596 2644 1777 2685 curam
1812 2648 1907 2703 ge-

309 2707 507 2763 rimus.
562 2709 897 2776 Erubescite,
944 2729 1148 2783 qumso,
1190 2725 1243 2772 et
1269 2718 1474 2788 pudore
1523 2721 1907 2779 suffundimini.

310 2797 448 2854 Nam
473 2800 519 2853 si
542 2801 665 2869 quis
691 2800 792 2856 fert
810 2804 1037 2858 amicum
1064 2808 1151 2876 qui
1181 2808 1560 2865 vehementius
1599 2828 1758 2882 quam
1811 2829 1908 2883 par

308 2891 386 2944 sit
416 2891 713 2957 invehitur,
754 2896 1067 2950 examinans
1093 2899 1210 2966 ejus
1238 2913 1460 2969 scOpum
1493 2910 1546 2957 ct
1578 2902 1901 2974 institutum,

308 2990 366 3036 et
392 2981 535 3051 quod
560 2982 662 3037 hoc
692 2985 873 3039 animo
895 2985 1024 3041 facit
1048 2989 1332 3057 benevolo,
1361 3007 1469 3048 non
1517 3008 1614 3064 per
1643 3010 1906 3067 arrogan-

308 3072 444 3125 tiam
477 3089 492 3125 :
525 3072 696 3127 multo
726 3075 894 3146 magis
923 3075 1067 3133 ferre
1113 3079 1325 3135 debetis
1353 3083 1669 3153 magistrum
1725 3086 1901 3143 incre-

310 3173 560 3234 pantem,
587 3174 641 3220 et
668 3167 979 3237 magistrum
1005 3171 1094 3241 qui
1122 3186 1223 3228 nec
1248 3174 1364 3244 ipse
1414 3175 1528 3231 lucc
1552 3176 1681 3232 dicit
1719 3195 1784 3234 ex
1815 3194 1902 3234 au-

307 3255 585 3321 ctoritate,
604 3272 778 3327 neque
804 3259 972 3314 instar
996 3263 1273 3333 principis,
1294 3265 1388 3320 sed
1425 3267 1596 3322 instar
1615 3269 1896 3326 curatoris.

302 3344 495 3415 Neque
526 3347 671 3401 enim
700 3347 815 3403 haec
840 3349 1069 3407 dicimus
1091 3354 1333 3410 volentes
1356 3364 1628 3414 ostentare
1664 3368 1898 3429 potesta-

312 3447 460 3494 tem:
489 3439 773 3510 Quomodo
797 3442 964 3510 enim,
1009 3444 1098 3514 qni
1128 3455 1375 3516 optamus
1404 3457 1465 3504 ut
1494 3465 1593 3505 nec
1618 3450 1684 3505 ad
1714 3466 1901 3507 eorum

313 3531 541 3587 veniatis
614 3535 1050 3604 experientiam?
1100 3537 1196 3591 sed
1240 3538 1310 3594 de
1362 3540 1517 3596 vobis
1565 3541 1812 3599 dolentes
1849 3553 1903 3600 et

310 3622 649 3694 plangentes.
704 3624 1008 3694 ignoscite,
1049 3636 1105 3681 et
1135 3643 1296 3685 nemo
1326 3631 1536 3686 vindula
1592 3644 1903 3691 contemnat

310 3714 673 3771 ecclesiastica
707 3730 722 3769 :
747 3730 854 3769 non
882 3725 966 3771 est
990 3717 1133 3773 enim
1156 3719 1317 3774 homo
1334 3721 1424 3791 qui
1444 3722 1596 3793 ligat.
1615 3722 1707 3779 sed
1738 3723 1898 3780 Chri-

315 3813 449 3871 stus,
478 3805 566 3875 qui
586 3804 743 3860 nobis
770 3806 919 3862 dedit
946 3807 1087 3864 hanc
1115 3809 1311 3879 ligandi
1341 3821 1682 3882 potestatem,
1702 3827 1751 3871 et
1783 3816 1901 3872 eili-

318 3894 463 3950 cieus
493 3903 552 3949 ut
578 3894 826 3952 homines
858 3899 912 3952 in
962 3914 1056 3952 sua
1106 3909 1372 3971 potestate
1420 3904 1652 3959 habeant
1692 3916 1894 3962 tantum

2036 330 2354 386 solvendum
2385 348 2398 385 :
2432 332 2541 387 imo
2571 348 2697 388 vero
2722 331 2981 390 vellemus
3010 347 3077 390 ne
3107 334 3209 390 hoc
3226 335 3444 407 quidem
3468 341 3626 395 nobis

2039 435 2163 477 esse
2205 436 2426 478 necesse
2457 441 2472 476 :
2511 424 2714 479 nullum
2741 425 2885 479 enim
2915 425 3160 481 volumus
3181 440 3302 482 esse
3331 427 3471 499 apud
3522 445 3624 486 nos

2037 514 2310 579 vinctum;
2338 529 2443 569 non
2468 514 2605 570 adeo
2641 531 2828 571 sumus
2850 517 3090 573 infelices
3115 526 3171 573 et
3190 519 3392 585 miseri,
3411 522 3624 576 etiamsi

2034 608 2201 665 simus
2228 609 2383 679 plane
2405 609 2580 664 nihili.
2603 610 2709 666 Sed
2728 610 2772 665 si
2803 625 3026 667 necesse
3053 611 3426 680 habuerimus,
3464 614 3622 685 igno-
3660 676 3664 687 ,

2031 701 2166 757 scite
2194 718 2208 752 :
2240 717 2345 756 non
2384 702 2526 757 enim
2565 701 2810 759 lubentes
2855 719 2958 760 nec
3008 705 3273 771 volentes,
3302 706 3397 761 sed
3447 708 3618 777 magis

2029 807 2190 865 quam
2220 807 2318 848 vos
2350 794 2512 849 vincti
2534 793 2801 859 dolentes,
2836 795 3046 850 vincula
3080 796 3375 867 iujicimus.
3409 797 3463 853 Si
3491 797 3616 868 quis

2027 895 2208 941 autem
2241 901 2304 941 ea
2334 894 2687 950 contemnat,
2719 886 2968 940 adveniet
3022 895 3234 957 tempus
3258 889 3442 957 judicii
3471 890 3614 960 quod

2028 982 2202 1051 ipsum
2227 979 2437 1035 doceat.
2467 977 2619 1045 Quod
2646 986 2813 1033 restat
2863 980 2989 1033 nolo
3027 978 3233 1045 dicere,
3263 995 3332 1035 ne
3377 991 3612 1035 vestram

2024 1081 2258 1128 meantem
2292 1071 2498 1125 feriam.
2529 1070 2661 1125 Nam
2690 1085 2787 1125 nos
2814 1070 3029 1140 quidem
3063 1072 3292 1140 primum
3325 1088 3610 1142 precamur

2022 1174 2083 1221 ut
2131 1179 2235 1221 non
2282 1179 2508 1219 necesse
2552 1163 2853 1217 habeamus
2885 1182 2897 1216 :
2932 1163 3025 1218 sed
3072 1165 3116 1219 si
3169 1179 3395 1219 necesse
3426 1165 3608 1230 fuerit,

2021 1265 2265 1312 nostrum
2285 1269 2480 1310 munus
2500 1254 2805 1324 implemus,
2840 1254 3053 1309 vincula
3080 1254 3372 1325 injicimus.
3404 1256 3462 1312 Si
3489 1258 3611 1328 quis

2019 1359 2198 1404 autem
2230 1361 2293 1403 ea
2341 1347 2679 1419 perfregerit,
2712 1361 2814 1418 ego
2867 1346 3010 1417 quod
3042 1363 3222 1403 meum
3252 1358 3333 1403 est
3380 1348 3519 1416 feci,
3556 1360 3612 1405 et

2018 1453 2138 1494 sum
2168 1438 2237 1494 de
2265 1447 2463 1494 cancro
2504 1438 2634 1493 nulli
2662 1437 2838 1508 culpa:
2867 1435 3050 1494 afﬁnis
3075 1457 3089 1494 :
3113 1438 3180 1493 de
3201 1454 3269 1493 eo
3298 1448 3476 1494 autem
3505 1441 3611 1495 erit

2021 1530 2114 1585 tibi
2146 1529 2551 1601 disceptandum
2577 1545 2697 1585 cum
2721 1546 2788 1586 eo
2811 1531 2899 1602 qui
2925 1546 3011 1587 me
3028 1531 3189 1603 jussit
3209 1532 3393 1604 ligare.
3424 1531 3609 1602 Neque

2019 1615 2163 1669 enim
2197 1617 2241 1671 si
2274 1632 2398 1687 rege
2441 1619 2803 1687 prarsidcntc,
2836 1637 2899 1675 cx
2934 1623 3237 1676 astantibus
3280 1622 3605 1677 satellitibus

2013 1703 2197 1776 jussus
2226 1708 2295 1762 sit
2319 1709 2583 1779 quispiam
2604 1711 2808 1766 vincire
2834 1711 3066 1782 aliquem
3098 1727 3165 1767 ex
3193 1714 3438 1777 cohorte,
3472 1713 3602 1767 etei

2020 1798 2229 1853 vincula
2256 1799 2495 1869 injicere,
2522 1800 2612 1855 ille
2642 1809 2819 1855 autem
2843 1817 2949 1856 non
2970 1802 3145 1857 solum
3167 1816 3292 1856 eum
3320 1802 3602 1871 rcpnlerit,

2016 1888 2113 1944 sed
2141 1889 2300 1943 etiam
2329 1890 2536 1945 vincula
2566 1892 2902 1959 contriverit,
2931 1901 3014 1948 est
3034 1893 3250 1948 satelles
3271 1894 3360 1963 qui
3383 1892 3605 1948 allectus

2017 1990 2100 2035 est
2144 1981 2492 2045 contumelia,
2523 1981 2619 2036 sed
2649 1983 2819 2036 multo
2866 1983 3036 2054 magis
3066 1997 3160 2038 rex
3191 1984 3280 2052 qui
3325 1982 3502 2053 jussit.
3547 1984 3605 2037 Si

2019 2074 2165 2130 enim
2193 2090 2313 2144 qua:
2340 2074 2473 2129 ﬁunt
2499 2076 2552 2129 in
2599 2075 2806 2141 ﬁdeles,
2861 2076 2976 2146 ipse
3027 2077 3129 2131 sibi
3179 2075 3314 2131 facta
3343 2085 3601 2146 reputat:

2023 2165 2238 2235 quando
2284 2164 2608 2220 contumelia
2638 2164 2856 2221 aflicitis
2898 2181 3013 2232 eos,
3063 2168 3260 2237 quibus
3295 2167 3603 2236 impositum

2018 2255 2120 2311 fuit
2148 2271 2340 2313 munus
2369 2256 2619 2319 docendi,
2644 2256 2816 2311 multo
2842 2257 3012 2326 magis
3041 2256 3306 2313 afﬁcietur
3336 2267 3602 2328 tamquam

2026 2349 2138 2418 ipse
2167 2349 2543 2403 contumeliam
2565 2348 2855 2417 acceperit.
2885 2346 2991 2403 Sed
3020 2348 3203 2415 absit,
3240 2358 3298 2402 ut
3334 2349 3601 2420 quispiam

2019 2455 2082 2494 ex
2128 2439 2194 2494 iis
2215 2438 2304 2508 qui
2334 2439 2533 2493 suntin
2562 2438 2661 2493 hac
2691 2438 2938 2501 ecclesia,
2967 2438 3035 2493 ad
3064 2439 3199 2493 hanc
3217 2440 3395 2494 veniat
3418 2453 3605 2496 neces-

2019 2533 2232 2587 sitatem
2267 2531 2589 2601 suscipiendi
2621 2530 2853 2586 vincula.
2899 2529 3032 2585 Nam
3063 2538 3121 2584 ut
3144 2530 3344 2585 bonum
3374 2540 3456 2586 est
3494 2546 3602 2587 non

2016 2638 2255 2694 peccare,
2284 2623 2355 2677 ita
2380 2622 2619 2678 est-utile
2649 2620 2788 2676 ferre
2814 2620 3310 2691 reprehensionem.
3340 2621 3600 2678 Feramus

2019 2731 2146 2787 ergo
2170 2715 2586 2784 increpationcm
2605 2754 2620 2777 ,
2650 2721 2703 2767 et
2729 2710 3044 2766 studeamus
3073 2726 3179 2766 non
3210 2726 3463 2781 peccare;
3494 2713 3589 2768 sed

2012 2807 2055 2860 si
2088 2804 2507 2875 peccaverimus,
2523 2802 2757 2857 feramus
2768 2799 3421 2871 reprehensionem.Sicut
3445 2804 3588 2858 enim

2018 2899 2214 2952 bonum
2247 2895 2460 2965 quidem
2492 2904 2574 2949 est
2602 2909 2707 2949 non
2751 2893 2937 2957 feriri;
2970 2892 3066 2947 sed
3095 2893 3137 2946 si
3171 2892 3277 2947 hoc
3320 2893 3597 2959 acciderit,

2012 2988 2391 3060 imponendum
2417 2988 2585 3057 plagzc
2610 2984 3059 3041 medicamentum
3082 3002 3095 3037 :
3116 2984 3186 3038 ita
3218 2994 3272 3041 et
3291 2984 3380 3039 hic
3408 2985 3601 3042 facien-

2010 3081 2157 3137 dum.
2194 3079 2389 3134 Verum
2419 3077 2579 3142 absit,
2613 3084 2673 3131 ut
2720 3076 2840 3146 quis
2872 3075 3067 3129 talibus
3098 3089 3235 3145 opus
3267 3075 3459 3130 habeat
3487 3093 3599 3132 me-

2010 3172 2095 3227 dic
2130 3170 2327 3225 mentis
2350 3186 2363 3222 :
2387 3167 2702 3237 Couﬁdimus
2726 3164 2870 3220 enim
2893 3165 2956 3219 de
2982 3165 3118 3219 vobis
3145 3166 3381 3231 meliora,
3405 3174 3453 3219 et
3473 3184 3599 3222 con-

2009 3271 2248 3317 sentanea
2293 3259 2488 3321 saluti,
2533 3258 2735 3311 etiamsi
2776 3257 2850 3310 sic
2894 3256 3150 3326 loquimur
3200 3255 3387 3327 (Hebr.
3430 3255 3484 3311 ϐ.
3517 3258 3595 3330 9).

2009 3355 2202 3411 Acrius
2219 3361 2397 3406 autem
2427 3358 2482 3403 et
2508 3348 2889 3403 vehementius
2916 3362 3102 3402 sumus
3129 3347 3337 3417 loquuti
3364 3363 3460 3417 pro
3486 3366 3599 3403 ma-

2006 3444 2110 3514 jori
2142 3444 2407 3499 cautione.
2436 3441 2622 3495 Melius
2650 3447 2734 3493 est
2757 3441 2902 3494 enim
2926 3447 2986 3493 ut.
3011 3453 3111 3493 vos
3135 3453 3221 3493 me
3247 3439 3597 3509 suspicemini

2009 3534 2287 3598 audacem,
2314 3547 2514 3587 saevum
2536 3540 2596 3589 et
2610 3542 2969 3603 arrogantem,
2998 3549 3157 3604 quam
3202 3542 3259 3589 ut
3285 3549 3383 3588 vos
3421 3532 3588 3588 facia-

2005 3623 2079 3679 tis
2116 3635 2180 3678 ea
2201 3635 2321 3693 qua:
2351 3622 2460 3677 Deo
2489 3636 2593 3676 non
2624 3622 2854 3691 placent.
2888 3622 2996 3676 Deo
3029 3631 3208 3677 autem
3236 3623 3584 3692 confidimus,

2009 3715 2145 3771 hanc
2188 3714 2663 3784 reprehensionem
2705 3729 2810 3768 non
2857 3714 3084 3769 futuram
3132 3716 3284 3769 vobis
3311 3717 3579 3783 inutilem,

2006 3809 2100 3862 sed
2126 3821 2221 3861 vos
2263 3808 2331 3859 ita
2361 3806 2663 3867 mutandos,
2684 3815 2740 3859 ut
2783 3806 2833 3858 hi
2864 3821 3139 3860 sermones
3166 3807 3216 3859 in
3241 3808 3435 3861 vestris
3457 3823 3586 3861 cou-

2000 3900 2280 3946 snmantur
2312 3890 2573 3946 encomiis
2617 3899 2671 3945 et
2724 3890 2986 3944 laudibus.
3027 3890 3243 3946 Utinam
3297 3904 3585 3948 autemse-

324 3986 594 4043 honorem.
618 3988 751 4043 Nam
782 4005 881 4045 nos
904 3991 1120 4062 quidem
1153 3994 1233 4048 uti
1261 3995 1509 4051 volumus
1536 4008 1799 4068 potestate
1827 4001 1892 4056 ad

2014 3982 2227 4036 tandum
2256 3981 2354 4035 Dei
2403 3980 2656 4051 placitum
2701 3982 2966 4048 vivamus,
3002 3989 3060 4034 ut
3105 3996 3296 4037 omnes
3322 3982 3461 4038 bona
3490 3985 3578 4039 illa

416 4188 484 4249 (α)
518 4186 626 4236 Iiuc
643 4187 820 4236 desinit
844 4186 1051 4235 Humilia
1073 4194 1241 4250 quarta
1264 4188 1309 4236 in
1329 4186 1608 4239 Colhertino
1630 4189 1821 4243 Codice.

1991 4088 2408 4144 consequamur,
2438 4088 2556 4142 quae
2579 4072 2824 4141 promisit
2854 4072 2996 4127 Deus
3036 4072 3385 4144 diligentibus
3410 4089 3497 4145 se,
3526 4076 3579 4131 in

1995 4163 2207 4219 Christo
2234 4161 2359 4217 Jesu
2390 4161 2615 4216 Domino
2658 4169 2863 4217 nostro.

1704 4373 2039 4441 HOMILIA
2087 4382 2163 4443 V.

323 4486 443 4542 Cn.
483 4487 540 4542 2.
594 4504 648 4544 ν.
680 4489 771 4546 16.
810 4488 1082 4561 Nusquam
1119 4493 1254 4545 enim
1293 4492 1501 4565 angelos
1536 4498 1902 4566 apprehendit,

385 4582 474 4635 sed
499 4597 668 4636 semen
694 4581 916 4637 Abralue
939 4584 1290 4653 apprehendit.
1330 4585 1413 4639 l7.
1450 4584 1596 4641 Unde
1621 4588 1787 4642 debuit
1813 4605 1905 4660 per

385 4672 557 4725 omnia
585 4673 830 4743 fratribus
859 4674 1099 4727 similari.

384 4764 437 4818 1.
480 4762 577 4817 Dei
604 4781 723 4833 erga
748 4782 907 4836 genus
928 4766 1206 4820 humanum
1230 4777 1422 4838 quanta
1449 4771 1813 4840 muniﬁcentia.
1831 4804 1902 4815 --

317 4852 511 4909 Valens
550 4854 751 4910 Paulus
797 4855 1088 4911 ostendere
1131 4857 1352 4912 multam
1393 4859 1485 4914 Dei
1515 4859 1897 4931 benignitatem

310 4955 359 4997 et
386 4945 665 4999 caritatem
695 4961 855 5015 quam
887 4945 1079 5002 habuit
1118 4948 1172 5001 in
1195 4963 1366 5018 genus
1407 4949 1722 5018 humanum,
1753 4962 1899 5023 post-

306 5051 463 5105 quam
486 5036 646 5102 dixit,
682 5037 818 5105 Quia
838 5055 960 5110 ergo
985 5040 1134 5109 pueri
1162 5043 1657 5097 communicaverunt
1682 5047 1826 5099 carni
1850 5057 1897 5101 et

304 5130 577 5200 sanguini,
629 5141 678 5185 et
718 5132 831 5201 ipse
872 5133 1107 5188 similiter
1131 5135 1452 5205 participavit
1482 5138 1666 5192 eisdem
1707 5139 1893 5209 (Hebr.

302 5218 357 5271 2.
382 5221 494 5289 li),
527 5221 676 5277 hunc
702 5223 881 5278 locum
909 5225 1143 5295 explicat
1186 5236 1241 5281 et
1270 5231 1630 5298 persequitur,
1662 5231 1849 5288 dicens
1878 5254 1892 5290 :

307 5310 572 5383 Nusquam
608 5316 743 5370 enim
763 5318 976 5388 angelos
1017 5322 1372 5389 apprehendit.
1405 5322 1483 5378 Ne
1529 5326 1672 5379 enim
1706 5326 1894 5384 leviter

302 5406 543 5460 attendas
568 5409 617 5463 ei
650 5409 793 5478 quod
825 5409 1027 5465 dictum
1079 5423 1181 5476 est,
1215 5428 1391 5483 neque
1428 5430 1540 5470 rem
1573 5416 1745 5472 levem
1771 5434 1891 5476 esse

2004 4500 2118 4557 Non
2149 4503 2343 4574 angeli,
2378 4504 2568 4575 inquit,
2588 4506 2950 4576 apprehendit
2975 4518 3245 4575 naturam,
3278 4512 3373 4567 sed
3409 4515 3584 4569 homi-

2004 4594 2249 4662 nis.Qnid
2269 4604 2353 4651 est
2373 4607 2570 4662 autem,
2596 4597 2980 4667 Appreltendit?
2995 4599 3109 4653 Non
3129 4600 3268 4655 enim
3284 4604 3589 4670 apprehen-

2000 4686 2098 4751 dit,
2134 4688 2322 4757 inquit,
2355 4688 2501 4743 illam
2543 4691 2855 4761 angelorum
2889 4700 3155 4755 naturam,
3179 4692 3273 4746 scd
3322 4703 3582 4748 nostram.

2000 4776 2109 4831 Cur
2137 4787 2313 4833 autem
2346 4794 2450 4833 non
2483 4779 2636 4843 dixit,
2676 4780 2943 4850 Suscepit,
2974 4782 3066 4835 sed
3100 4797 3227 4835 usus
3258 4792 3342 4838 est
3371 4783 3469 4839 hac
3498 4785 3583 4839 di-

2000 4866 2197 4931 ctione,
2235 4870 2618 4939 Apprehendit.’
2640 4872 2681 4925 Α
2718 4872 3030 4941 metaphora
3061 4889 3246 4926 eorum
3276 4874 3366 4942 qui
3401 4889 3586 4943 perse-

1999 4969 2235 5026 quuntur
2261 4975 2499 5025 aversos,
2539 4972 2593 5016 et
2616 4964 2795 5016 (munia
2827 4963 3026 5017 faciunt
3056 4973 3112 5017 ut
3138 4964 3404 5033 fugientes
3429 4982 3582 5019 com-

2002 5049 2354 5116 prchendaut,
2370 5061 2423 5106 et
2441 5052 2745 5108 resilientes
2760 5053 3186 5123 apprehendant.
3207 5055 3287 5108 Ab
3310 5055 3423 5123 ipso
3437 5059 3580 5110 cnim

1998 5137 2288 5209 lugientem
2319 5143 2604 5199 humanam
2660 5156 2903 5201 naturam
2947 5157 3001 5200 et
3052 5148 3234 5215 procul
3293 5147 3581 5217 fugientem

1998 5228 2144 5297 (nam
2195 5232 2413 5287 Eramus
2459 5252 2491 5287 a
2536 5233 2673 5298 Dco,
2718 5237 2890 5305 inquit
2939 5238 3186 5301 alienati,
3241 5248 3287 5291 et
3326 5240 3434 5292 sine
3470 5236 3582 5293 Deo

1994 5320 2046 5374 in
2093 5324 2280 5377 mundo
2325 5323 2559 5395 (Ep/tes.
2600 5325 2654 5379 2.
2703 5326 2833 5396 12),
2882 5327 2995 5394 ipse
3037 5339 3406 5397 persequutus,
3430 5344 3584 5382 com-

1994 5413 2296 5482 prehendit.
2354 5415 2599 5470 Ostendit
2668 5433 2789 5471 cum
2848 5417 2899 5471 id
2957 5418 3147 5472 fecisse
3211 5420 3324 5473 sola
3376 5430 3579 5474 motum

301 5494 592 5564 existimes,
618 5499 763 5569 quod
791 5501 910 5570 ipse
931 5516 1144 5556 carnem
1167 5513 1402 5559 nostram
1424 5508 1757 5577 susceperit:
1784 5526 1888 5566 non
1978 5508 2333 5579 benignitate,
2357 5512 2600 5578 caritate,
2649 5521 2703 5566 et
2741 5529 2901 5583 quam
2935 5515 3104 5569 nostri
3134 5517 3273 5585 gerit
3309 5532 3457 5573 cura.
3493 5520 3562 5576 lit

304 5587 440 5641 enim
470 5588 576 5644 hoc
602 5590 827 5666 donavit
856 5594 1081 5663 angelis.
1110 5594 1234 5651 ldeo
1260 5597 1363 5650 ait:
1384 5596 1504 5651 Non
1534 5600 1666 5653 enim
1682 5605 1889 5673 angelos
1975 5614 2123 5669 ergo,
2159 5601 2374 5670 quando
2404 5601 2553 5665 dicit,
2583 5601 2769 5655 Nonne
2793 5621 2964 5658 onmes
2989 5615 3104 5657 sum
3138 5607 3559 5663 administratorii

305 5680 649 5749 apprehendit,
680 5682 771 5737 sed
797 5700 964 5739 semcn
999 5685 1231 5742 Abra/uc.
1269 5688 1404 5756 Quid
1437 5698 1514 5745 cst
1545 5691 1687 5761 quod
1725 5693 1888 5750 dicit?
1977 5691 2180 5759 spiritus
2209 5692 2258 5744 in
2301 5691 2631 5744 ministerium
2665 5693 2803 5745 missi
2831 5703 3035 5762 propter
3063 5711 3142 5750 eos
3173 5699 3257 5766 qui
3300 5700 3554 5754 licrcditu-
