3956 6138
345 197 416 254 47
1058 202 1114 258 S.
1157 201 1432 258 JOANNIS
1467 196 1940 254 CllRYSOSTOlﬂ
1980 195 2297 252 ARCiilEP.
2339 198 2872 256 CONSTANTINOP.
3544 199 3612 254 48

357 313 454 354 tem
485 298 694 369 capiunt
718 299 899 358 salutis
932 301 1117 374 (Hebr.
1155 305 1208 361 1.
1237 304 1327 376 14)
1350 306 1372 358 2
1399 309 1634 363 ostendit
1660 311 1709 364 ei
1734 325 1938 380 magna:

359 408 480 449 esse
508 405 656 447 curae
683 392 967 448 humanam
997 403 1262 461 naturam,
1289 407 1348 452 et
1375 398 1542 453 Deum
1570 400 1685 469 ejus
1716 401 1934 456 nmham

361 484 560 540 habere
607 485 910 540 rationem:
951 487 1019 539 ita
1059 487 1216 541 etiam
1260 487 1346 543 hic
1389 489 1622 546 ostendit
1671 491 1810 560 quod
1857 501 1939 549 est

363 577 532 630 multo
556 577 727 646 majus
753 591 781 628 a
800 577 1218 645 comparatione.
1254 577 1375 634 Non
1407 581 1563 645 enim,
1591 583 1780 652 inquit,
1827 600 1925 655 ap-

354 668 617 736 prehendit
641 667 870 738 angelos.
902 668 997 724 Est
1021 670 1163 724 enim
1191 685 1375 726 revera
1398 688 1670 742 maguum,
1702 674 1935 733 admira-

361 758 466 814 bile
493 766 546 811 et
574 758 786 826 plenum
815 769 1052 828 stupore,
1082 761 1222 827 quod
1251 777 1370 832 qua:
1396 773 1479 818 est
1509 780 1573 822 ex
1625 767 1778 821 nobis
1809 782 1936 822 caro

352 848 538 902 sedeat
581 848 720 916 apud
769 864 1016 919 superos,
1051 861 1105 906 et
1148 850 1402 908 adoretur
1441 854 1510 910 ab
1545 857 1748 926 angelis
1770 867 1819 911 et
1849 873 1938 912 ar-

349 939 622 1009 ehangelis
647 949 701 994 et
721 940 1000 1009 Seraphim
1025 949 1080 995 ct
1108 942 1417 998 Cherubim.
1448 944 1561 1000 Hoc
1588 961 1731 1016 sa-pe
1757 957 1933 1004 mente

353 1046 590 1096 versans,
621 1041 813 1100 stupeo
843 1041 895 1086 et
922 1041 1098 1088 mente
1127 1033 1357 1100 excedo,
1404 1046 1458 1090 et
1504 1052 1692 1107 magna
1723 1041 1790 1094 de
1833 1055 1931 1110 ge-

348 1138 478 1178 nere
511 1122 745 1178 humano
771 1124 1069 1192 imaginor:
1100 1125 1255 1180 video
1286 1127 1427 1180 enim
1479 1143 1664 1199 magna
1707 1137 1762 1184 et
1793 1147 1930 1200 pra:-

347 1216 488 1267 clara
520 1214 760 1282 prannia,
793 1223 846 1268 et
879 1223 1116 1268 nostram
1157 1224 1402 1270 naturam
1435 1218 1544 1272 Deo
1587 1233 1707 1274 esse
1738 1235 1931 1290 magno

345 1303 544 1357 studio.
581 1304 646 1357 Et
699 1320 802 1358 non
833 1303 968 1358 dixit
1015 1306 1210 1370 solum,
1259 1307 1514 1363 Homines
1540 1311 1927 1380 apprehendit;

346 1395 442 1450 sed
473 1396 658 1450 volens
683 1396 830 1464 ipsos
851 1397 1132 1463 extollere,
1173 1407 1228 1452 et
1262 1400 1545 1456 ostendere
1571 1401 1806 1473 ipsorum
1835 1420 1930 1475 ge~

346 1502 448 1542 nus
469 1501 590 1540 esse
617 1501 867 1556 magnum
897 1495 951 1542 et
1001 1486 1393 1552 ltonorandum,
1422 1490 1552 1544 dicit
1582 1509 1595 1544 :
1631 1493 1737 1548 Sed
1761 1512 1929 1552 semen

345 1579 565 1632 Abrahaz
607 1579 960 1647 apprehendit.
996 1579 1143 1634 Unde
1170 1581 1338 1634 debuit
1370 1599 1456 1650 per
1485 1585 1656 1637 omnia
1685 1587 1930 1652 fratribus

344 1670 579 1724 similari.
610 1669 748 1737 Quid
789 1679 892 1737 est,
946 1669 1052 1726 Per
1099 1674 1305 1726 omnia?
1343 1673 1485 1742 Fuit,
1539 1676 1726 1746 inquit,
1775 1689 1928 1747 partu

344 1759 541 1823 editus.
565 1770 620 1814 et
644 1762 895 1823 nutritus,
915 1770 967 1816 et
992 1763 1179 1829 crevit,
1210 1773 1262 1817 et
1289 1779 1478 1833 passus
1507 1777 1587 1822 est
1609 1769 1785 1823 omnia
1809 1785 1928 1838 qua:

342 1853 596 1922 oportuit,
623 1863 678 1906 et
701 1852 913 1906 tandem
937 1863 1020 1906 cst
1048 1864 1288 1911 mortuus
1322 1873 1336 1910 :
1371 1856 1473 1912 hoc
1502 1868 1607 1924 est,
1638 1859 1736 1913 Per
1753 1863 1922 1916 omnia

340 1941 676 1996 assimilatum
698 1959 803 1997 esse
824 1945 1085 2014 fratribus.
1109 1944 1240 1999 Nam
1258 1949 1509 2016 quoniam
1535 1954 1699 2006 multa
1715 1951 1844 2006 dixit
1859 1953 1926 2010 de

347 2033 470 2100 ejus
501 2033 777 2101 majestate
805 2043 859 2090 et
875 2049 1102 2103 superna
1123 2036 1312 2108 gloria,
1337 2039 1403 2092 de
1431 2049 1629 2095 uetere
1655 2042 1815 2096 verba
1844 2042 1920 2096 fa.

335 2127 416 2183 'cit
446 2124 513 2180 de
563 2125 986 2196 dispensatione.
1018 2127 1152 2182 Vide
1178 2138 1356 2184 autem
1400 2145 1521 2184 cum
1565 2141 1758 2201 quanta
1791 2149 1918 2203 pru-

335 2217 519 2272 dentia
549 2226 602 2270 et
631 2217 704 2280 vi,
752 2217 1021 2286 quomodo
1065 2218 1235 2286 ipsum
1261 2219 1508 2274 ostendat
1550 2237 1797 2292 magnum
1827 2224 1925 2280 ad-

359 2316 545 2370 bibere
578 2315 812 2369 studium
861 2326 915 2369 ut
955 2315 1110 2368 nobis
1150 2315 1506 2370 assimilctur:
1533 2314 1674 2384 quod
1721 2313 1934 2383 quidem

358 2414 476 2462 erat
502 2420 706 2474 magna:
731 2419 875 2460 cura:
902 2414 956 2459 et
985 2405 1350 2473 providentiae.
1382 2405 1513 2459 Nam
1552 2421 1674 2460 cum
1703 2405 1935 2462 dixisset

358 2497 626 2566 superius,
647 2497 780 2563 Quia
799 2497 944 2566 pueri
958 2498 1445 2552 communicaverunt
1461 2499 1604 2552 carni
1615 2508 1660 2552 et
1681 2497 1936 2568 sanguini,

361 2597 408 2640 ct
439 2587 548 2656 ipse
571 2588 803 2642 similiter
833 2589 1154 2657 participauit
1181 2589 1408 2654 eisdem;
1433 2588 1518 2644 hic
1545 2603 1755 2659 quoque
1785 2588 1933 2651 dicit,

362 2679 462 2734 Per
493 2682 664 2734 omnia
688 2681 969 2735 similatum
997 2698 1104 2736 esse
1133 2682 1393 2752 fratribus,
1444 2681 1831 2751 propemodum
1856 2680 1936 2734 di-

355 2787 486 2828 cens
511 2790 524 2826 :
549 2772 648 2840 Qui
673 2783 755 2828 est
786 2773 922 2828 adeo
950 2788 1194 2844 magnus,
1225 2775 1314 2843 qui
1342 2781 1423 2827 est
1443 2772 1696 2842 splendor
1723 2771 1932 2842 gloriae,

354 2865 446 2932 qui
475 2872 559 2918 est
601 2865 886 2920 character
925 2865 1259 2929 substantias,
1300 2866 1389 2932 qui
1439 2863 1561 2919 fecit
1595 2865 1811 2927 smeula,
1845 2864 1934 2933 qui

355 2953 504 3008 sedet
526 2954 593 3009 ad
615 2955 887 3010 dexteram
922 2956 1117 3021 Patris,
1156 2957 1201 3011 is
1222 2956 1388 3010 voluit
1417 2967 1471 3011 et
1493 2956 1724 3009 studium
1759 2955 1934 3026 posuit

354 3053 409 3098 ut
451 3042 617 3099 frater
650 3055 833 3100 noster
869 3045 1022 3101 ﬁeret
1067 3047 1117 3100 in
1156 3047 1432 3110 omnibus;
1475 3056 1529 3101 et
1570 3047 1694 3102 ideo
1730 3045 1934 3100 dimisit

353 3135 576 3205 angelos
602 3147 654 3190 et
685 3151 948 3205 supernas
971 3147 1286 3206 potestates,
1320 3147 1374 3192 et
1399 3137 1466 3192 ad
1508 3152 1607 3191 nos
1631 3136 1930 3203 descendit,

353 3237 407 3282 et
460 3242 557 3280 nos
602 3229 979 3297 apprehendit.
1025 3229 1302 3298 Perpende
1343 3237 1520 3284 autem
1560 3247 1576 3285 :
1621 3228 1758 3283 bona
1805 3227 1935 3283 fecit

351 3317 781 3388 innumerabilia,
833 3330 1058 3376 mortem
1101 3321 1280 3392 fregit,
1337 3337 1367 3376 a
1410 3321 1604 3377 diaboli
1654 3321 1932 3394 tyrannide

350 3425 448 3461 nos
488 3413 704 3478 eripuit,
750 3427 780 3466 s
833 3413 1090 3466 servitute
1141 3427 1236 3466 nos
1289 3413 1710 3467 liberavitmon
1758 3413 1929 3467 solum

347 3501 684 3558 fraternitate
712 3503 1012 3565 honoravit,
1041 3505 1134 3559 sed
1167 3507 1328 3559 etiam
1356 3504 1475 3559 aliis
1522 3504 1929 3558 innumerabili-

346 3590 469 3648 bus.
499 3590 679 3648 Voluit
717 3609 839 3650 esse
869 3605 1053 3650 noster
1083 3596 1317 3666 pontifex
1352 3596 1490 3665 apud
1523 3596 1766 3661 Patrem;
1796 3595 1926 3651 sub-

342 3683 511 3753 jungil
538 3687 679 3740 enim
712 3708 726 3742 :
761 3687 826 3741 Ut
855 3688 1140 3741 misericors
1170 3689 1310 3756 fieret
1326 3697 1373 3742 ct
1398 3689 1564 3756 fidelis
1594 3685 1834 3758 Pontifex
1859 3687 1927 3740 ad

341 3773 530 3830 Deum.
569 3775 881 3846 Propterea,
929 3779 1116 3848 inquit,
1154 3794 1368 3833 carnem
1401 3789 1635 3834 nostram
1668 3778 1921 3847 suscepit,

342 3879 559 3938 propter
584 3869 962 3939 benignitatem
991 3871 1162 3924 Solum
1189 3881 1244 3924 ct
1277 3871 1639 3934 clementiam,
1673 3881 1726 3924 ut
1752 3870 1921 3926 nostri

341 3957 710 4011 misereretur.
738 3959 854 4012 Non
898 3969 979 4012 est
1007 3960 1149 4012 enim
1179 3959 1281 4012 alia
1313 3960 1732 4027 diSpensationis
1761 3975 1922 4016 causa

339 4063 498 4114 quam
532 4049 645 4102 hmo
672 4049 786 4102 sola
815 4068 828 4102 :
867 4050 1001 4103 vidit
1027 4050 1223 4118 quippe
1243 4065 1340 4103 nos
1370 4050 1517 4104 humi
1538 4051 1798 4118 abiectos,
1825 4067 1922 4120 pe-

336 4147 580 4200 reuntes,
608 4146 662 4192 et
685 4155 713 4191 a
747 4140 934 4193 mortis
961 4154 1250 4208 oppressos
1270 4141 1568 4210 tyrannide,
1593 4150 1646 4196 et
1671 4143 1922 4197 misertus

335 4238 444 4284 est.
475 4228 542 4282 Ut
568 4231 943 4300 rcpr0pitiaret,
975 4233 1164 4302 inquit,
1199 4233 1384 4285 delicta
1412 4234 1605 4302 pepuli.
1639 4234 1704 4288 Ut
1724 4237 1891 4289 miseri
1903 4265 1921 4280 ο

337 4335 452 4372 cors
473 4320 614 4387 ﬁeret
639 4330 682 4372 et
709 4322 874 4387 fidelis
896 4322 1143 4391 pontifex.
1169 4322 1305 4390 Quid
1331 4333 1434 4387 est,
1469 4322 1704 4378 Fidelis?
1729 4325 1916 4390 Verus,

336 4423 530 4480 potens
555 4427 567 4465 :
598 4411 833 4480 pontifex
859 4414 1000 4467 enim
1031 4414 1176 4467 solus
1201 4412 1372 4468 fidelis
1401 4425 1482 4468 est
1507 4414 1690 4476 Filius.
1714 4417 1800 4484 qui
1829 4432 1920 4485 p0-

336 4511 444 4556 test
472 4501 702 4556 libcrare
727 4518 755 4554 a
784 4503 1016 4571 peccatis
1044 4518 1159 4569 eos,
1199 4519 1423 4573 quorum
1451 4515 1534 4560 εει
1563 4505 1795 4573 pontifex
1815 4507 1914 4575 (a).

333 4592 402 4648 Ut
426 4607 555 4663 ergo
579 4591 770 4646 offerat
798 4593 1030 4648 hostiam
1065 4609 1183 4661 quae
1227 4594 1396 4664 possit
1426 4612 1522 4648 nos
1573 4595 1832 4649 mundare
1863 4605 1919 4650 et

328 4683 572 4750 expiare,
604 4691 886 4752 propterea
919 4684 1087 4738 factus
1107 4694 1189 4738 est
1217 4683 1399 4738 homo.
1453 4685 1738 4753 Subjunxit
1765 4701 1915 4756 ergo,

331 4772 415 4825 Ad
441 4771 622 4837 Deum,
656 4774 768 4829 sive
791 4790 915 4845 erga
940 4775 1123 4831 Deum.
1161 4775 1410 4838 Eramus,
1454 4777 1642 4846 inquit,
1673 4776 1766 4831 Dei
1819 4778 1918 4831 ini-

328 4864 480 4924 mici.
504 4864 867 4930 condemnati,
902 4865 1101 4936 probro
1129 4867 1486 4938 etiguominia
1517 4867 1691 4923 allecti
1717 4885 1731 4922 :
1757 4883 1916 4924 nemo

326 4965 450 5009 erat
473 4956 564 5025 qui
599 4972 696 5024 pro
718 4957 873 5010 nobis
905 4957 1183 5011 oblaturus
1229 4968 1370 5013 esset
1396 4959 1714 5014 sacrificium
1743 4977 1757 5012 :
1787 4959 1919 5014 vidit

328 5062 432 5100 nos
460 5048 511 5101 in
541 5048 643 5102 hoc
670 5063 790 5102 esse
807 5057 970 5114 statu,
997 5059 1051 5104 et
1074 5057 1156 5103 est
1179 5051 1451 5113 misertus,
1479 5067 1581 5105 non
1611 5051 1764 5106 nobis
1783 5067 1914 5107 con.-

338 5132 573 5185 stituens
596 5131 925 5198 pontificem,
976 5133 1069 5188 sed
1111 5132 1224 5202 ipse
1256 5136 1424 5192 factus
1451 5142 1688 5209 pontifex
1732 5142 1926 5202 fidelis.

348 5221 552 5275 Deinde
601 5223 894 5278 ostendens
941 5225 1212 5293 quomodo
1267 5227 1472 5295 fidelis,
1506 5233 1781 5302 subjunxit
1811 5255 1824 5290 :
1859 5236 1927 5292 Ut
1957 5238 1968 5249 “

341 5313 698 5383 repropitiaret
730 5315 914 5368 delicta
943 5319 1138 5386 populi.
1185 5319 1274 5374 18.
1326 5319 1390 5374 In
1443 5338 1500 5376 eo
1545 5326 1698 5390 enim,
1737 5328 1788 5379 in
1826 5343 1924 5396 quo

343 5421 522 5467 passus
551 5414 646 5466 est,
679 5405 785 5474 ipse
814 5415 1050 5470 tentatus,
1087 5419 1264 5477 potens
1286 5421 1359 5465 est
1389 5421 1435 5466 et
1457 5414 1527 5468 eis
1553 5417 1638 5484 qui
1669 5426 1924 5474 tentantur

339 5497 600 5549 auxiliari.

403 5600 482 5661 (τι.)
517 5599 606 5650 llic
631 5603 805 5662 ingens
830 5611 904 5653 est
924 5604 1081 5653 hiatus
1099 5605 1146 5654 in
1169 5603 1448 5654 Colbertino
1467 5606 1659 5657 Codice.

2078 307 2131 359 2.
2149 305 2259 361 Hoc
2275 316 2354 361 est
2371 305 2520 360 valde
2535 305 2732 360 humile
2743 314 2797 360 et
2810 307 3097 376 abjectum,
3117 315 3172 363 et
3189 307 3300 362 Deo
3315 307 3614 378 indignum.

2033 395 2097 450 In
2122 414 2219 465 quo
2241 399 2372 451 enim
2401 413 2579 468 passus
2597 407 2688 462 est,
2710 396 2897 466 inquit,
2916 397 3040 466 ipse.
3064 396 3160 452 llic
3187 395 3319 453 dicit
3347 398 3414 454 de
3437 399 3616 454 incar’

2034 497 2180 544 nato.
2203 488 2269 542 Et
2297 489 2431 544 forte
2447 487 2644 542 dictum
2665 487 2829 542 estad
2845 488 3102 542 certiores
3137 486 3443 543 reddendos
3464 491 3616 546 audi-

2033 586 2199 645 tores,
2231 588 2284 633 et
2315 588 2529 648 prepter
2554 593 2740 632 eorum
2766 577 3164 632 imbecillatcm.
3194 577 3305 632 Hoc
3333 587 3437 644 est,
3469 581 3616 636 venit

2039 685 2133 738 per
2162 669 2330 738 ipsam
2399 668 2780 739 experientiam
2809 684 2993 724 eorum
3031 685 3152 739 qua:
3195 671 3337 740 passi
3378 687 3609 728 sumus:

2034 775 2174 816 nunc
2200 776 2304 814 non
2325 760 2531 828 ignorat
2549 769 2758 814 nostras
2779 761 3151 829 perpessiones
3171 778 3184 812 :
3205 776 3309 816 non
3326 761 3499 816 solum
3514 762 3617 820 scit

2033 860 2087 904 ut
2112 851 2270 918 Deus,
2296 851 2386 906 sed
2401 853 2560 906 etiam
2583 852 2833 922 cognovit
2855 860 2910 904 ut
2925 850 3085 904 homo
3103 867 3196 920 per
3218 867 3334 907 eam
3357 868 3458 923 qua
3483 867 3606 922 pas-

2031 956 2121 996 sus
2143 949 2223 994 est
2249 941 2632 1011 experientiam
2665 960 2676 994 :
2711 940 2873 994 multa
2905 955 3096 1012 passus
3122 949 3227 1008 est,
3257 942 3358 996 scit
3379 944 3613 1013 compati

2030 1040 2084 1086 et
2108 1032 2367 1086 misereri.
2397 1032 2727 1101 Quamquam
2754 1031 2895 1085 Deus
2921 1042 3004 1085 est
3029 1031 3336 1102 impatibilis
3362 1052 3374 1088 :
3405 1033 3498 1089 sed
3528 1037 3614 1093 hic

2031 1134 2213 1178 narrat
2255 1140 2374 1194 quas
2403 1133 2528 1178 sunt
2566 1123 2983 1189 incarnationis;
3027 1126 3178 1194 quasi
3217 1124 3460 1182 diceret:
3497 1127 3614 1198 Ipsa

2031 1231 2239 1286 quoque
2269 1231 2392 1269 caro
2436 1213 2634 1272 Christi
2684 1215 2847 1269 multa
2879 1231 3034 1284 passa
3075 1224 3157 1270 est
3200 1217 3403 1286 gravia.
3457 1218 3616 1278 Novit

2031 1306 2158 1375 quid
2188 1306 2257 1361 sit
2299 1305 2540 1373 afflictio,
2572 1305 2718 1360 novit
2766 1305 2897 1375 quid
2930 1307 2998 1360 sit
3029 1307 3275 1374 tentatio,
3310 1323 3482 1378 neque
3512 1310 3614 1364 mi-

2032 1414 2131 1453 nus
2171 1413 2325 1468 quam
2359 1412 2456 1451 nos
2483 1397 2570 1467 qui
2617 1397 2757 1467 passi
2800 1412 3022 1463 sumus;
3071 1413 3191 1451 nam
3237 1399 3353 1469 ipse
3399 1415 3616 1471 quoque

2029 1500 2111 1545 est
2142 1505 2348 1560 passus.
2380 1488 2518 1554 Quid
2549 1503 2676 1556 ergo
2703 1497 2802 1552 est,
2840 1487 3027 1543 Potens
3046 1499 3117 1543 est
3147 1498 3190 1543 et
3220 1489 3283 1544 iis
3304 1491 3388 1560 qui
3410 1499 3612 1545 tentan-

2031 1594 2112 1639 tur
2135 1581 2417 1635 auxiliari?
2444 1578 2606 1646 Quasi
2633 1579 2840 1633 dixeris
2874 1597 2885 1633 :
2928 1579 3114 1650 Magna
3145 1581 3309 1635 animi
3337 1580 3616 1642 alacritate

2029 1685 2242 1724 manum
2294 1669 2567 1739 porriget,
2633 1668 3118 1724 eommiserabitur.
3183 1669 3315 1724 Nam
3359 1671 3615 1740 quoniam

2030 1777 2279 1833 magnum
2308 1759 2578 1825 volebant,
2605 1768 2660 1814 et
2685 1759 2912 1830 amplius
2939 1759 3064 1830 quid
3097 1759 3294 1816 habere
3321 1777 3480 1832 quam
3520 1765 3614 1832 qui

2029 1864 2183 1911 erant
2213 1870 2276 1910 ex
2306 1855 2572 1925 gentibus,
2623 1852 2856 1908 ostendit
2895 1867 2990 1907 eos
3021 1853 3072 1907 in
3113 1854 3214 1909 hoc
3254 1855 3453 1910 habere
3499 1871 3616 1910 am-

2032 1947 2186 2018 plius,
2222 1947 2272 1999 in
2298 1960 2402 2014 quo
2430 1943 2561 2000 nihil
2589 1944 2726 1999 laesit
2748 1959 2841 1998 eos
2865 1945 2954 2014 qui
2977 1955 3220 1999 erantex
3253 1947 3522 2017 gentibus.
3558 1947 3616 2003 In

2033 2041 2304 2110 quonam?
2333 2037 2484 2105 Quod
2516 2053 2582 2092 ex
2615 2037 2741 2107 ipsis
2765 2049 2844 2092 εει
2870 2037 3033 2102 salus,
3058 2038 3197 2108 quod
3227 2039 3344 2093 illos
3383 2040 3615 2107 primum

2032 2130 2406 2200 apprehendit,
2433 2129 2573 2200 quod
2597 2145 2660 2187 ex
2704 2128 2805 2183 illis
2823 2144 3040 2184 carnem
3067 2131 3319 2200 suscepit.
3341 2130 3460 2185 Non
3481 2135 3616 2188 enim

2033 2220 2918 2293 angelos,inquit,apprchendit,sed
2930 2221 3319 2275 semenAbraha:
3330 2223 3619 2294 appreheno

2033 2317 2126 2370 dit.
2138 2315 2241 2368 Per
2257 2314 2358 2368 hoc
2373 2314 2597 2367 honorat
2609 2313 2766 2367 etiam
2783 2312 3220 2382 patriarcham,et
3236 2314 3471 2370 ostendit
3489 2316 3615 2386 quid

2034 2409 2124 2474 sit,
2149 2407 2331 2462 Semen
2360 2405 2593 2461 Abraltaz.
2617 2404 2707 2458 Eis
2731 2420 2960 2474 namque
2986 2416 3200 2465 revocat
3222 2405 3274 2462 in
3301 2409 3615 2464 memoriam

2035 2498 2447 2570 promissionem
2475 2511 2594 2565 quae
2626 2496 2754 2567 ipsis
2785 2494 2922 2549 facta
2948 2504 3051 2562 est,
3079 2496 3347 2551 dicentem
3385 2516 3396 2551 :
3431 2497 3544 2552 Tibi
3570 2512 3616 2554 et

2036 2589 2213 2646 semini
2244 2597 2328 2642 tuo
2367 2587 2496 2643 dabo
2526 2595 2710 2640 terram
2735 2587 2864 2640 hanc
2900 2586 3053 2655 (Gen.
3099 2588 3188 2642 15.
3227 2586 3335 2658 15).
3365 2589 3464 2644 Per
3514 2589 3616 2646 hoc

2037 2694 2214 2741 autem
2245 2680 2523 2736 minimum
2570 2677 2803 2732 ostendit
2832 2677 3311 2747 prepinquitatem,
3361 2679 3502 2749 quod
3549 2697 3614 2736 εχ

2047 2787 2154 2828 ιιηο
2179 2772 2285 2827 sint
2303 2783 2508 2824 omnes.
2529 2767 2634 2823 Sed
2661 2768 2784 2837 quia
2811 2781 2915 2820 non
2941 2781 3129 2838 magna
3156 2775 3270 2820 erat
3296 2765 3382 2819 illa
3408 2762 3628 2834 propin-

2047 2861 2240 2930 quitas,
2271 2874 2458 2915 rursus
2484 2857 2627 2913 venit
2652 2857 2717 2910 ad
2743 2871 2884 2920 eam,
2913 2863 2967 2910 et
2995 2855 3061 2908 de
3086 2863 3284 2910 canere
3314 2854 3632 2907 immoratur

2046 2957 2097 3006 In
2122 2951 2521 3022 dispensatione
2546 2965 2665 3020 quso
2690 2958 2769 3002 est
2795 2946 3084 3002 secundum
3104 2960 3341 3010 carnem,
3367 2954 3418 2998 et
3451 2943 3580 2999 dicit
3611 2961 3625 2998 :

2049 3042 2116 3099 Ut
2144 3043 2495 3112 repmpitiaret
2519 3039 2703 3095 delicta
2748 3038 2943 3108 populi.
2973 3038 3100 3093 Erat
3129 3036 3272 3090 enim
3300 3049 3504 3105 magnas
3531 3049 3627 3090 cu-

2043 3151 2118 3194 ra:
2146 3144 2200 3192 et
2228 3134 2468 3190 caritatis
2494 3132 2634 3203 quod
2664 3130 2890 3185 voluerit
2917 3129 3028 3205 fieri
3054 3128 3248 3192 homo;
3279 3141 3420 3181 nunc
3449 3136 3626 3180 autem

2050 3242 2151 3281 non
2182 3225 2283 3281 hoc
2308 3235 2390 3280 est
2416 3225 2612 3290 solum,
2637 3224 2732 3279 sed
2771 3223 2930 3278 etiam
2959 3231 3082 3276 sunt
3116 3222 3250 3274 bona
3283 3219 3622 3282 immortalia,

2043 3333 2159 3388 qua:
2185 3331 2282 3388 per
2321 3315 2494 3384 ipsum
2526 3315 2679 3369 nobis
2705 3322 2828 3368 sunt
2848 3310 3105 3368 exhibita.
3137 3309 3204 3366 Ut
3243 3309 3620 3380 repropitiaret,

2040 3410 2228 3479 inquit,
2263 3407 2444 3462 delicta
2493 3407 2691 3478 populi.
2738 3405 2846 3459 Cur
2888 3419 2994 3458 non
3043 3404 3199 3469 dixit,
3245 3401 3400 3457 Orbis
3441 3410 3620 3465 terrae,

2037 3502 2150 3566 sed,
2206 3499 2432 3572 Populi?
2473 3515 2594 3554 nam
2640 3499 2876 3553 omnium
2919 3495 3147 3567 portavit
3189 3505 3425 3565 peccata.
3471 3492 3619 3560 Quo-

2035 3595 2180 3648 niam
2209 3603 2333 3648 tunc
2359 3593 2428 3646 ab
2454 3607 2518 3646 eo
2544 3591 2609 3646 de
2631 3591 2762 3660 ipsis
2789 3588 3027 3643 llebrteis
3051 3589 3213 3642 verba
3241 3585 3454 3639 fiebant.
3483 3584 3616 3639 Nam

2035 3686 2254 3756 angelus
2283 3698 2494 3754 quoque
2523 3681 2736 3736 dicebat
2765 3679 3000 3749 Josepho
3026 3697 3038 3733 :
3072 3677 3284 3732 Vocabis
3309 3693 3488 3731 nomen
3507 3677 3617 3745 eius

2033 3780 2206 3836 Iesum
2229 3796 2243 3835 :
2261 3780 2366 3848 ipse
2386 3778 2516 3831 enim
2530 3774 2723 3830 salvum
2745 3775 2895 3844 faciet
2914 3770 3158 3842 populant
3175 3769 3539 3839 suum(dlatttt.
3560 3769 3609 3820 1.

2033 3868 2143 3943 21).
2174 3870 2286 3925 [loc
2315 3869 2456 3923 enim
2488 3865 2768 3934 oportebat
2799 3864 3025 3934 primum
3066 3861 3213 3928 fieri;
3247 3869 3301 3914 et
3331 3868 3610 3930 prepterca

2033 3963 2176 4017 venit
2207 3971 2260 4014 ut
2293 3960 2390 4013 hos
2417 3959 2597 4011 salvos
2640 3955 2876 4019 faceret,
2924 3963 2977 4007 et
3021 3963 3145 4007 tunc
3192 3968 3286 4022 per
3329 3951 3427 4004 hos
3467 3950 3608 4014 illos,

2029 4053 2236 4107 etiamsi
2255 4050 2581 4105 contrarium
2599 4048 2856 4104 evenerit.
2880 4046 2992 4100 Hoc
3004 4045 3229 4114 apostoli
3247 4056 3457 4113 quoque
3475 4041 3614 4095 dice-

2029 4142 2605 4200 hantabinitiozi’obis
2627 4143 2876 4196 suscitans
2922 4137 3114 4191 Filium
3157 4135 3610 4200 suum,misiteum

2026 4237 2396 4292 benedicentem
2417 4235 2552 4290 vobis
2577 4234 2710 4305 (Act.
2746 4234 2796 4289 3.
2837 4231 2932 4297 26)
2956 4247 2969 4295 ;
2996 4238 3052 4282 ει
3081 4242 3287 4291 rursus,
3321 4224 3467 4278 Vobis
3499 4225 3609 4277 mis-

2023 4346 2136 4382 sum
2156 4337 2228 4382 est
2259 4327 2460 4382 verbum
2485 4325 2664 4380 salutis
2705 4323 2841 4393 (Act.
2873 4323 2958 4376 15.
2989 4319 3102 4389 9.6).
3141 4317 3486 4372 Nobilitatem
3518 4315 3605 4369 hic

2025 4418 2258 4473 ostendit
2281 4417 2575 4482 Judaicam,
2606 4415 2789 4470 dicens
2812 4455 2825 4477 ,
2871 4412 2949 4465 Ad
2993 4410 3248 4478 expianda
3283 4417 3488 4476 peccata
3515 4423 3607 4476 po-

2025 4512 2132 4580 puli
2163 4509 2351 4578 (Marc.
2380 4510 2434 4562 2.
2469 4509 2546 4580 5).
2595 4507 2811 4562 interim
2850 4505 2927 4559 sic
2953 4504 3080 4558 dicit
3111 4519 3125 4556 :
3164 4516 3284 4555 nam
3312 4501 3452 4569 quod
3492 4499 3606 4568 ipse

2024 4606 2094 4658 sit
2123 4604 2212 4674 qui
2243 4603 2480 4656 omnium
2513 4609 2730 4670 peccata
2763 4599 2984 4662 dimisit,
3025 4594 3262 4649 ostendit
3283 4602 3335 4647 et
3365 4592 3415 4646 in
3446 4605 3604 4660 para-

2023 4697 2204 4767 lytico,
2237 4695 2419 4750 dicens
2453 4711 2468 4749 :
2509 4693 2847 4746 Dimittuntur
2877 4690 2964 4743 tibi
2996 4697 3232 4758 peccata;
3259 4697 3314 4739 ct
3357 4683 3408 4737 in
3438 4682 3605 4751 bapti-

2023 4798 2195 4842 smate
2234 4785 2535 4854 discipulis,
2570 4783 2759 4838 Euntes
2785 4783 2956 4835 docete
2995 4794 3165 4833 omnes
3195 4785 3394 4846 gentes,
3441 4772 3606 4841 bapti-

2020 4889 2192 4933 zantes
2218 4893 2302 4932 eos
2340 4877 2393 4931 in
2421 4877 2625 4930 nomine
2655 4872 2828 4927 Patris
2863 4881 2910 4926 et
2937 4869 3063 4923 Filii
3092 4878 3138 4922 et
3178 4867 3406 4937 Spiritus
3443 4863 3604 4916 sancti

2022 4969 2231 5036 (Matth.
2258 4967 2312 5024 9.
2344 4967 2396 5023 5.
2435 4976 2480 5020 et
2508 4966 2599 5020 9.8.
2635 4962 2746 5034 19).
2776 4964 2909 5018 Cum
2939 4971 3119 5014 autem
3157 4970 3375 5012 carnem
3407 4967 3602 5023 appre-

2021 5061 2267 5116 henderit
2309 5059 2528 5124 Paulus,
2572 5056 2751 5112 omnia
2780 5053 2975 5109 deinde
3027 5051 3260 5119 loquitur
3299 5047 3505 5115 abjecta
3545 5051 3602 5100 et

2023 5151 2266 5214 humilia,
2312 5149 2445 5204 nihil
2473 5151 2672 5204 veritus
2702 5165 2716 5204 :
2751 5147 2873 5203 vide
2900 5147 3045 5202 enim
3089 5144 3221 5215 quid
3267 5144 3380 5212 jam
3422 5144 3611 5198 dicat:

2024 5246 2177 5317 (Cap.
2222 5246 2278 5316 5)
2320 5245 2369 5300 1.
2407 5243 2590 5311 Unde-,
2629 5245 2811 5314 fratres
2855 5250 3048 5303 sancti,
3094 5238 3370 5291 vocationis
3404 5233 3615 5290 adestis

2023 5338 2315 5410 participes,
2349 5335 2665 5390 considerate
2703 5334 2990 5404 apostolum
3019 5341 3066 5385 et
3103 5329 3394 5400 pontificem
3411 5328 3611 5398 confes-

2021 5430 2180 5483 sionis
2200 5437 2390 5480 nostra:
2413 5425 2589 5479 Iesum
2614 5440 2632 5478 :
2656 5422 2710 5477 2.
2739 5423 2825 5488 qui
2851 5422 3017 5490 fidelis
3037 5430 3110 5475 est
3129 5420 3174 5474 ei
3189 5420 3275 5486 qui
3300 5417 3415 5482 fecit
3441 5417 3607 5481 illum,

2023 5520 2150 5574 sicut
2191 5532 2236 5572 et
2272 5515 2475 5587 Moyses
2504 5516 2558 5569 in
2587 5515 2726 5568 omni
2751 5513 2900 5566 domo
2928 5519 3059 5579 ejus.
3093 5509 3228 5564 Eum
3258 5507 3422 5577 Moysi
3469 5520 3606 5575 pra!-

2023 5611 2294 5682 positurus
2336 5623 2431 5678 per
2482 5604 2964 5678 comparationem,
3013 5601 3080 5656 ad
3114 5599 3284 5671 legem
3323 5595 3607 5653 sacerdotii
