3956 6138
349 245 418 299 t9
1183 226 1246 280 lN
1290 223 1496 280 EPIST.
1541 222 1631 275 ao
1671 214 2030 274 nummos.
2074 217 2224 274 car.
2255 220 2343 281 tn.
2373 224 2597 278 nomn.
2638 223 2696 280 γ.
3541 233 3608 286 5ο

346 328 560 382 deduxit
585 327 892 382 orationem
919 344 932 383 ε
967 340 1070 380 non
1096 327 1237 380 enim
1268 328 1335 382 de
1361 329 1542 398 Moyse
1576 344 1790 398 parvam
1838 330 1935 385 ha-

351 421 539 473 bebant
563 433 758 472 omnes
780 418 1114 487 opinionem.
1153 418 1213 471 Et
1231 419 1340 493 jam
1377 421 1604 488 primum
1639 421 1820 490 dt-jicit
1851 436 1926 476 so-

349 513 482 564 mina
523 510 860 564 excellentia?
914 518 1119 578 :atqne
1162 510 1344 579 incipit
1395 511 1608 580 quidem
1655 528 1683 565 a
1737 528 1932 578 carne;

342 603 578 657 ascendit
601 613 783 657 autem
816 599 881 654 ad
911 599 1264 667 divinitatem,
1298 601 1386 654 ubi
1419 617 1523 655 non
1553 613 1668 656 erat
1697 603 1929 672 amplius

340 695 691 763 comparatio.
731 691 938 761 lncepit
967 692 1178 745 interim
1207 706 1235 743 a
1261 707 1424 746 carne
1474 707 1674 761 ponere
1714 694 1932 759 aequali-

342 797 523 851 tatem,
548 796 603 842 et
628 787 762 841 dicit
787 802 802 840 :
844 785 992 838 Sicut
1012 793 1056 838 et
1081 783 1282 853 Moyses
1302 785 1355 837 in
1384 785 1520 837 ontni
1543 785 1692 837 domo
1714 786 1838 856 ejus.
1869 786 1933 839 ιὶι

341 896 443 934 non
473 879 541 934 ab
562 877 718 932 initio
741 874 977 931 ostendit
999 875 1396 940 excellentiam,
1429 891 1495 929 ne
1524 876 1755 930 resiliret
1782 877 1933 931 audi-

343 981 443 1037 tor,
467 981 521 1026 et
550 984 711 1024 aures
739 967 984 1038 protinus
1013 965 1318 1020 Obstrueret
1352 982 1364 1019 :
1401 981 1524 1020 nam
1555 966 1652 1020 etsi
1688 977 1840 1020 erant
1864 967 1928 1020 ﬁ-

340 1063 505 1124 deles,
538 1061 592 1115 in
623 1075 809 1115 eorum
852 1067 1028 1112 tamen
1052 1057 1383 1112 conscientia
1413 1058 1588 1112 adhuc
1613 1058 1767 1113 valde
1798 1059 1930 1113 resi-

338 1154 494 1209 debat
514 1153 748 1223 Moyses.
781 1150 883 1216 Qui
904 1159 995 1214 est,
1027 1150 1214 1219 inquit,
1254 1148 1424 1218 ﬁdelis
1451 1150 1496 1203 ei
1517 1149 1601 1220 qui
1642 1151 1756 1219 fecit
1789 1168 1924 1207 eum.

339 1245 600 1312 Quidnam
631 1241 874 1297 fecerat?
901 1241 1214 1308 Apostolum
1243 1248 1298 1294 et
1321 1239 1644 1309 pontiﬁcem.
1677 1240 1815 1294 Nihil
1839 1239 1928 1296 hic

338 1337 466 1393 dicit
491 1339 560 1391 de
584 1335 836 1397 essentia,
865 1348 1038 1402 neque
1065 1331 1132 1387 de
1171 1332 1468 1398 divinitate,
1497 1331 1590 1386 sed
1614 1333 1825 1386 interim
1858 1332 1925 1388 de

343 1430 592 1484 humanis
617 1427 741 1482 dicit
769 1425 1137 1496 dignitatibus.
1183 1423 1332 1478 Sicut
1362 1433 1409 1477 et
1440 1423 1647 1494 Moyses
1692 1425 1744 1478 in
1788 1434 1928 1478 onmt

343 1525 496 1577 domo
521 1523 630 1591 ejus
666 1537 683 1572 :
727 1519 832 1574 hoc
881 1528 983 1577 est,
1033 1517 1083 1571 in
1125 1517 1344 1587 papula,
1373 1525 1466 1570 aut
1498 1517 1548 1570 in
1578 1516 1796 1586 templo.
1830 1517 1926 1571 llic

340 1624 517 1667 autem
549 1612 693 1673 dicit,
729 1610 794 1662 In
822 1609 977 1662 domo
999 1610 1108 1677 ejus
1135 1624 1153 1661 :
1183 1607 1406 1678 perinde
1433 1622 1495 1662 ac
1521 1608 1564 1662 si
1595 1608 1815 1672 dixeris,
1849 1609 1925 1663 De

340 1704 403 1756 iis
429 1702 518 1767 qui
551 1699 747 1754 suntin
783 1699 966 1754 domo.
995 1699 1287 1768 Tamquam
1316 1709 1633 1769 procurator
1656 1700 1922 1769 quispiam

339 1778 392 1851 et
419 1794 758 1864 dispensator
785 1791 975 1846 domus
994 1831 1008 1855 ,
1039 1791 1116 1845 sic
1143 1801 1258 1846 erat
1288 1791 1498 1862 Moyses
1543 1794 1757 1861 populo.
1791 1791 1922 1846 Nam

338 1884 476 1956 quod
527 1881 781 1953 populum
829 1881 912 1936 hic
943 1880 1086 1934 dicat
1127 1879 1366 1946 domum,
1417 1880 1732 1949 subjunxit,
1769 1882 1925 1953 Cujus

336 1978 512 2030 domus
558 1991 733 2028 sumus
761 1989 852 2026 nos
882 1988 899 2026 :
929 1972 1030 2026 hoc
1052 1981 1153 2036 est,
1207 1971 1402 2026 Sumus
1455 1973 1507 2026 in
1557 1972 1674 2041 ejus
1715 1988 1925 2040 posses-

334 2068 503 2129 sione.
541 2062 744 2118 Deinde
770 2062 1084 2118 excellentia
1115 2061 1286 2131 major
1318 2080 1331 2115 :
1370 2063 1422 2116 5.
1479 2062 1754 2132 Amplioris
1790 2063 1922 2115 enini

335 2157 506 2226 gloria
544 2156 638 2210 iste
676 2172 781 2226 prie
812 2157 986 2227 Moyse
1031 2156 1210 2228 dignus
1255 2166 1325 2211 est
1357 2155 1576 2210 habitus.
1610 2157 1813 2210 Rursus
1851 2155 1918 2210 de

335 2261 494 2301 carne
522 2266 536 2301 :
574 2247 776 2313 Quanto
810 2248 1106 2318 ampliorem
1152 2247 1392 2303 honorem
1440 2248 1586 2302 habet
1619 2248 1797 2302 domus
1825 2247 1914 2318 qui

335 2337 598 2406 fabricavit
627 2339 790 2392 illaut.

410 2429 462 2482 5.
494 2429 562 2484 Et
596 2430 711 2499 ipse
731 2440 866 2494 erat,
900 2432 1090 2501 inquit,
1117 2430 1184 2485 de
1200 2429 1379 2486 domo.
1403 2431 1465 2486 Et
1500 2446 1606 2485 non
1632 2429 1916 2486 dixitzlste

334 2520 475 2573 enim
520 2533 637 2576 erat
663 2523 878 2592 quidem
917 2536 1128 2588 servus,
1183 2522 1270 2577 ille
1315 2537 1444 2577 vero
1483 2522 1772 2586 Dominus;
1821 2521 1915 2575 sed

341 2612 441 2665 hoc
472 2612 705 2668 latenter
753 2613 1028 2668 indicavit.
1062 2615 1116 2668 Si
1158 2614 1383 2683 populus
1412 2624 1526 2668 erat
1551 2614 1767 2677 domus,
1805 2613 1917 2682 ipse

334 2715 516 2759 autem
542 2715 659 2760 erat
687 2721 752 2760 cx
796 2707 994 2776 populo
1025 2723 1038 2760 :
1086 2717 1139 2761 et
1168 2708 1280 2774 ipse
1321 2722 1449 2778 ergo
1478 2715 1595 2761 erat
1618 2706 1686 2760 de
1730 2705 1912 2758 domo.

337 2793 463 2848 Nam
496 2796 651 2850 nobis
676 2811 887 2867 quoque
917 2812 1032 2852 mos
1054 2806 1135 2852 est
1164 2800 1243 2852 sic
1267 2796 1468 2862 dicere,
1493 2796 1587 2850 llic
1616 2802 1700 2848 est
1726 2809 1791 2849 ex
1815 2794 1916 2847 do-

335 2903 424 2942 mo
469 2887 635 2942 illius.
673 2887 770 2943 llic
799 2898 977 2944 autem
1004 2889 1133 2944 dicit
1177 2889 1417 2952 domum,
1470 2901 1576 2941 non
1605 2885 1859 2954 templum
1900 2901 1913 2938 :

335 2993 440 3033 non
489 2977 633 3032 enim
686 2978 824 3034 Deus
853 2979 967 3048 ipse
999 2980 1328 3042 construxit,
1376 2978 1469 3032 sed
1502 2977 1765 3031 homines.
1816 2973 1915 3042 Qui

335 3084 465 3123 vero
507 3068 636 3124 fecit
666 3070 861 3140 ipsum,
896 3070 1033 3126 Deus
1055 3079 1137 3125 est
1170 3088 1182 3124 :
1214 3069 1343 3124 dicit
1366 3063 1619 3137 Moysen].
1653 3065 1785 3120 Vide
1824 3080 1918 3118 au-

335 3172 440 3217 tem
491 3162 764 3232 quomodo
816 3163 922 3218 late
968 3173 1047 3217 ter
1076 3163 1333 3230 majorem
1367 3160 1598 3216 ostendit
1646 3159 1916 3213 excellen—

334 3253 484 3308 tiam.
519 3252 739 3320 Fidelis,
764 3254 956 3324 inquit,
986 3265 1092 3308 erat
1119 3255 1171 3308 in
1200 3263 1300 3307 tota
1318 3255 1466 3306 domo
1491 3253 1620 3322 ejus,
1652 3267 1771 3307 cum
1805 3250 1916 3318 ipse

332 3353 476 3397 esset
501 3342 570 3398 de
600 3343 783 3407 domo,
819 3343 919 3399 hoc
945 3354 1026 3399 est
1069 3343 1136 3399 de
1180 3343 1399 3414 populo.
1451 3341 1704 3411 Majorem
1759 3339 1919 3394 habet

337 3434 597 3488 honorem
649 3433 839 3489 artifex
867 3476 882 3500 ,
912 3449 1070 3503 quam
1115 3449 1274 3503 opera
1301 3475 1316 3499 ,
1361 3431 1455 3488 sed
1491 3442 1544 3487 et
1585 3431 1673 3502 qui
1701 3430 1915 3484 domum

338 3523 658 3587 construxit,
683 3539 840 3592 quam
868 3523 1078 3577 domus.
1109 3523 1162 3578 4.
1195 3523 1293 3590 Qui
1315 3532 1482 3584 autem
1504 3522 1670 3575 omnia
1691 3530 1918 3574 constru-

333 3613 593 3680 xit,Deus
635 3625 723 3668 est.
761 3616 921 3670 Vides
963 3616 1102 3684 quod
1134 3631 1238 3668 non
1271 3616 1414 3670 dicat
1454 3615 1520 3670 de
1567 3615 1784 3682 templo,
1823 3612 1916 3666 Sed

332 3713 444 3758 toto
474 3707 712 3778 populo?
737 3707 788 3762 5.
821 3706 888 3760 Et
927 3706 1130 3777 Moyses
1169 3709 1369 3777 quidem
1395 3708 1561 3776 ﬁdelis
1606 3716 1713 3760 erat
1742 3708 1793 3760 in
1817 3715 1918 3758 tota

330 3793 484 3849 domo
523 3799 651 3866 ejus,
703 3807 957 3866 tamquam
1003 3798 1244 3867 famulus,
1295 3799 1346 3851 in
1379 3799 1713 3851 testimonium
1746 3813 1918 3850 eorum

330 3887 680 3958 qucdicenda
710 3899 874 3942 erant.
909 3889 1046 3944 Ecce
1075 3889 1177 3942 alia
1217 3903 1427 3958 quoque
1471 3888 1769 3942 diﬁ'erentia
1799 3903 1917 3956 qua:

333 3985 417 4032 est
467 3993 496 4030 a
557 3976 696 4032 Filio
727 3987 780 4033 et
837 3979 1027 4034 servis.
1060 3977 1220 4033 Vides
1260 3978 1399 4048 quod
1451 3979 1607 4031 tacite
1657 3976 1918 4045 significat

337 4070 721 4137 proprietatem
759 4087 857 4139 per
899 4071 1308 4140 appellationem
1370 4071 1528 4124 Filii?
1579 4070 1632 4124 6.
1691 4070 1918 4124 Christus

335 4177 451 4214 vero
503 4171 757 4233 tamquam
789 4161 838 4214 F
841 4161 960 4217 ilius
1003 4162 1053 4215 in
1088 4163 1238 4215 domo
1265 4179 1394 4234 sua.
1421 4161 1612 4216 Vidisti
1653 4161 1919 4230 quomodo

340 4251 630 4323 distinguat
677 4268 741 4307 ac
785 4263 1000 4322 separet
1030 4268 1191 4322 opera
1235 4262 1285 4306 et
1313 4251 1555 4320 Opiﬁcem
1581 4292 1596 4317 ,
1651 4249 1918 4321 quomodo

331 4359 550 4401 servum
581 4355 636 4401 et
666 4345 896 4400 Filium?
923 4355 978 4400 et
1005 4345 1092 4400 ille
1126 4345 1341 4414 quidem
1365 4345 1416 4397 in
1449 4359 1534 4398 res
1556 4353 1805 4413 paternas
1835 4342 1916 4395 in-

338 4437 575 4504 greditur
601 4445 662 4490 ut
684 4437 873 4504 Filius,
920 4436 1008 4491 hic
1052 4452 1180 4490 vero
1222 4446 1278 4490 ut
1304 4450 1512 4490 servus.
1540 4434 1696 4503 Cujus
1740 4434 1919 4486 domus

335 4542 508 4582 sumus
545 4544 656 4590 nos,
682 4528 727 4580 si
750 4527 990 4596 ﬁduciant
1040 4537 1084 4581 et
1121 4527 1336 4597 gloriam
1363 4526 1468 4596 spei
1494 4541 1649 4592 usque
1676 4524 1743 4575 ad
1769 4523 1920 4589 ﬁnem

339 4619 538 4686 ﬁrmam
566 4621 887 4674 retineamus.
926 4620 1021 4674 llic
1049 4635 1233 4674 rursus
1259 4634 1353 4673 eos
1385 4619 1625 4672 hortatur
1667 4626 1723 4670 ut
1761 4616 1918 4670 forti-

344 4720 426 4763 ter
458 4709 757 4776 resistant,
787 4719 839 4764 et
870 4725 976 4764 non
1018 4710 1232 4764 cadant.
1271 4710 1467 4762 Demus
1508 4710 1682 4772 enim,
1729 4707 1917 4776 inquit,

345 4799 546 4855 erimus
591 4799 720 4865 Dei,
751 4802 889 4855 sicut
917 4811 1035 4856 erat
1085 4801 1315 4872 Moyses,
1360 4801 1403 4854 si
1437 4801 1680 4854 liduciam
1713 4808 1769 4854 et
1807 4799 1920 4868 spei

338 4888 710 4958 gloriationem
761 4907 930 4961 usque
984 4892 1050 4945 ad
1106 4891 1266 4944 ﬁnem
1318 4890 1526 4945 ﬁrmam
1576 4890 1918 4944 retineamus.

343 4980 441 5046 Qui
475 4981 664 5038 dolore
691 4983 930 5053 quidem,
961 4984 1148 5052 inquit,
1181 4983 1411 5037 afﬁcitur
1441 4983 1490 5036 in
1516 4982 1916 5044 tentationihns,

337 5079 389 5126 et
407 5073 588 5128 animo
612 5073 868 5134 concidit,
902 5089 1008 5127 non
1037 5073 1294 5142 gloriatur
1326 5091 1337 5125 :
1365 5074 1453 5142 qui
1479 5073 1679 5142 pudore
1707 5071 1911 5127 sull'un-

341 5164 503 5222 ditur,
556 5171 612 5217 et
640 5177 702 5218 se
745 5162 1059 5229 abscondit,
1112 5177 1218 5218 non
1262 5163 1423 5218 habet
1467 5163 1714 5219 liduciam
1777 5182 1790 5218 :
1839 5181 1928 5234 qm

341 5261 422 5308 est
469 5254 667 5321 tristis,
717 5269 826 5308 non
866 5254 1144 5324 gloriatur.
1203 5253 1404 5308 Deinde
1430 5269 1525 5309 eos
1576 5270 1789 5324 quoque
1815 5255 1927 5307 lau-

341 5345 460 5408 dat,
507 5345 734 5399 dicens:
767 5345 830 5399 Si
877 5343 1119 5412 ﬁduciam
1147 5353 1192 5397 et
1229 5344 1578 5415 gloriationem
1625 5345 1732 5413 spei
1776 5361 1932 5412 usque

341 5435 405 5487 ad
445 5436 594 5501 ﬁnem
657 5435 863 5502 ﬁrmant
918 5436 1258 5498 retineamus;
1302 5435 1591 5489 ostendens
1646 5435 1756 5504 jam
1813 5436 1933 5489 illos

337 5523 582 5593 coepisse.
615 5521 752 5578 Fine
781 5532 962 5577 autem
992 5534 1074 5578 est
1110 5538 1264 5594 opus,
1296 5535 1349 5577 et
1380 5541 1486 5578 non
1518 5525 1691 5580 solum
1721 5534 1931 5595 oportet

340 5623 503 5681 stare,
537 5616 628 5669 sed
663 5615 830 5669 etiam
863 5614 1072 5668 ﬁrmam
1105 5626 1157 5668 et
1187 5614 1430 5669 stabilem
1463 5613 1659 5672 habere
1697 5631 1844 5685 spem
1877 5615 1927 5668 in

2020 325 2336 380 rertitudine
2359 327 2499 389 ﬁdet,
2529 328 2748 382 minime
2777 328 3118 385 laliefactatos
3141 345 3168 382 a
3196 329 3603 387 tenta.ionilms.

2022 418 2096 470 Ac
2126 433 2190 468 ne
2217 418 2449 482 mireris,
2479 419 2520 472 si
2548 418 2829 487 humanius
2852 422 3000 484 illud,
3030 419 3150 490 Ipse
3177 431 3392 475 tentatus
3417 422 3603 493 (Hebr.

2020 506 2072 560 2.
2110 506 2222 576 18),
2251 507 2477 561 dicatur.
2510 507 2564 563 Si
2596 511 2736 563 enim
2782 510 2850 564 de
2901 511 3056 565 Patre
3095 514 3182 581 qui
3230 528 3446 568 carnem
3499 529 3605 568 nmi

2021 599 2259 665 suscepit
2298 598 2428 652 dicit
2465 599 2762 668 Scriptura,
2797 601 2876 655 De
2901 604 3023 656 ctelo
3049 605 3304 672 prospexit
3335 603 3606 674 Dominus,

2019 698 2066 741 et
2096 688 2216 740 vidit
2244 705 2413 742 omnes
2442 690 2575 757 ﬁlios
2607 691 2866 745 hominum
2899 693 3070 760 (Psal.
3103 695 3187 748 l5.
3220 695 3312 765 2);
3353 697 3454 750 hoc
3500 706 3601 762 est,

2019 779 2199 833 omnia
2229 789 2413 834 exacte
2443 790 2494 834 et
2522 793 2770 837 accurate
2797 784 2979 838 didicit
3004 802 3018 850 ;
3048 796 3100 839 et
3129 803 3312 842 rursus
3332 826 3348 855 ,
3381 788 3606 843 Descen-

2021 871 2141 925 dens
2168 871 2360 936 videbo,
2389 889 2456 925 an
2483 875 2762 927 secundum
2802 877 3073 930 clamorem
3099 896 3268 932 eorum
3316 881 3406 948 ﬁat
3453 881 3602 950 (Gen.

2021 961 2108 1016 18.
2137 963 2270 1027 2|);
2303 972 2356 1017 et
2393 978 2577 1018 rursus
2597 1005 2612 1031 ,
2662 964 2779 1018 Non
2825 977 2985 1036 potest
3016 968 3152 1023 Deus
3193 975 3326 1040 ferre
3351 973 3468 1024 vitia
3513 971 3604 1024 ho-

2021 1055 2214 1106 minum
2260 1071 2278 1106 :
2335 1054 2630 1126 Scriptura,
2666 1057 2903 1126 inquam,
2950 1058 3130 1114 divina
3181 1062 3272 1115 ira:
3318 1063 3609 1118 ostendens

2021 1146 2438 1216 magnitudinem
2475 1173 2488 1202 :
2523 1150 2691 1203 multo
2739 1151 2908 1220 magis
2955 1151 3022 1204 de
3067 1152 3283 1206 Christo
3309 1155 3398 1223 qni
3439 1167 3521 1210 est
3554 1156 3607 1208 in

2021 1249 2185 1290 carne
2253 1251 2441 1306 passus
2498 1237 2612 1292 haec
2652 1239 2920 1294 dicuntur.
2971 1239 3101 1293 Nam
3145 1244 3396 1309 quoniam
3455 1245 3607 1299 inulti

2022 1326 2268 1384 homines
2289 1331 2596 1389 existimant
2624 1332 3010 1401 experientiam
3035 1348 3157 1388 esse
3196 1335 3446 1390 ontnibus
3474 1337 3606 1392 ﬁde-

2023 1419 2210 1475 liorem
2243 1421 2309 1476 ad
2352 1424 2736 1492 cognitionem,
2767 1425 2876 1478 vult
2904 1425 3191 1480 ostendere
3220 1442 3366 1492 eum,
3409 1431 3496 1496 qui
3527 1438 3610 1484 est

2022 1527 2232 1581 passus,
2287 1528 2447 1569 nosse
2488 1516 2615 1584 quid
2661 1516 2892 1585 patiatur
2936 1517 3166 1592 humana
3200 1528 3408 1574 natura.
3463 1520 3611 1575 Unde

2021 1607 2201 1675 fratres
2247 1609 2427 1660 sancti.
2478 1607 2656 1673 Unde,
2705 1608 2756 1662 id
2798 1619 2912 1675 est,
2965 1621 3266 1678 propterea.
3325 1610 3609 1666 l’ocatianis

2023 1696 2232 1748 cwlestis
2257 1697 2548 1765 participes.
2585 1697 2721 1752 Nihil
2755 1699 2840 1753 hic
2869 1701 3157 1768 quaeratis,
3188 1701 3233 1754 si
3280 1701 3408 1756 illuc
3437 1704 3610 1757 vocati

2023 1787 2189 1839 estis:
2225 1787 2329 1840 illic
2372 1799 2454 1841 est
2485 1803 2725 1854 merces,
2759 1789 2866 1844 illic
2892 1791 3274 1844 remuneratio.
3305 1790 3442 1857 Quid
3480 1803 3609 1844 vero

2023 1875 2136 1928 est?
2155 1875 2477 1930 Considerate
2497 1879 2778 1946 apostolum
2791 1886 2835 1932 et
2855 1879 3144 1947 pontiﬁcem
3171 1881 3501 1950 confessionis
3515 1899 3610 1934 no-

2021 1975 2141 2018 stra:
2159 1964 2331 2017 Iesum
2365 1965 2620 2019 Christum
2653 1983 2670 2019 :
2697 1968 2784 2036 qui
2814 1969 2979 2036 ﬁdelis
3006 1978 3076 2022 est
3115 1969 3161 2020 ei
3186 1969 3271 2037 qui
3297 1971 3412 2039 fecit
3441 1971 3609 2035 illum,

2023 2058 2152 2112 sicut
2183 2068 2228 2110 et
2263 2057 2464 2127 Moyses
2492 2059 2541 2110 in
2575 2060 2710 2112 omni
2754 2059 2902 2112 domo
2928 2061 3058 2129 ejus.
3091 2060 3227 2125 Quid
3259 2070 3362 2125 est,
3413 2061 3512 2125 Qui
3540 2071 3613 2114 est

2025 2150 2192 2217 ﬁdelis
2213 2152 2256 2204 ei
2276 2152 2362 2220 qni
2384 2152 2500 2220 fecit
2523 2152 2709 2204 illum?
2734 2152 2832 2218 Qui
2865 2151 3126 2220 providet,
3151 2153 3236 2221 qui
3260 2153 3372 2206 suis
3397 2163 3610 2220 praeest,

2025 2249 2079 2296 et
2109 2257 2213 2295 non
2244 2242 2372 2294 sinit
2402 2252 2455 2295 ut
2488 2253 2689 2297 temere
2722 2243 2961 2296 ferantur
2995 2252 3048 2297 et
3090 2252 3333 2312 agantur.
3385 2243 3529 2297 Sicut
3566 2254 3614 2297 et

2026 2331 2230 2402 Moyses
2257 2332 2307 2384 in
2353 2333 2490 2385 omni
2520 2332 2669 2385 domo
2700 2335 2830 2399 ejus.
2863 2332 2974 2386 Hoc
3009 2343 3125 2395 est,
3153 2332 3469 2402 Cognoscite
3494 2333 3615 2403 quis

2027 2435 2081 2480 et
2111 2425 2410 2494 cujusmodi
2437 2426 2506 2479 sit
2533 2425 2789 2495 pontifex,
2821 2432 2875 2478 et
2914 2440 3020 2480 non
3055 2440 3189 2494 opus
3221 2425 3484 2479 habebitis
3511 2425 3612 2478 alia

2026 2518 2412 2582 consolatione,
2464 2533 2563 2571 nec
2617 2517 3014 2570 adhortatione.
3069 2515 3383 2583 Apostolum
3434 2525 3614 2570 autem

2028 2621 2182 2665 vocat
2211 2625 2276 2664 eo
2302 2609 2441 2679 quod
2489 2615 2561 2662 sit
2589 2610 2818 2671 missus;
2849 2618 2902 2662 et
2931 2607 3236 2676 pontificem
3261 2606 3616 2661 confessionis

2029 2711 2248 2761 nostrae.
2281 2700 2381 2754 hoc
2425 2709 2539 2763 est,
2590 2699 2729 2752 ﬁdei.
2762 2698 2928 2752 Recte
2981 2696 3134 2761 dixit,
3185 2696 3330 2750 Sicut
3371 2695 3615 2765 Moyses:

2029 2799 2150 2840 nam
2178 2795 2227 2838 et
2257 2783 2381 2838 huic
2407 2785 2543 2837 sicut
2567 2784 2636 2836 illi
2674 2783 2770 2840 fuit
2797 2786 3084 2840 commissa
3119 2787 3296 2856 pepuli
3323 2787 3613 2856 praefectu-

2025 2898 2082 2937 ra
2108 2890 2164 2937 et
2187 2881 2579 2936 administratio
2603 2923 2620 2948 ,
2647 2883 2741 2937 sed
2775 2883 2964 2951 major,
2997 2890 3054 2937 et
3104 2882 3154 2936 in
3185 2881 3343 2936 rebus
3392 2882 3613 2951 majori-

2023 2972 2140 3027 bus.
2173 2972 2382 3043 Moyses
2411 2974 2554 3028 enim
2585 2981 2642 3028 ut
2679 2973 2908 3028 famulus
2931 2983 3042 3028 crat
3069 2989 3084 3038 ;
3146 2972 3391 3028 Christus
3434 2985 3488 3028 ut
3521 2973 3561 3028 Ρ
3567 2976 3613 3029 1-

2024 3063 2126 3118 lius
2159 3081 2174 3120 :
2208 3063 2296 3118 ille
2325 3063 2560 3128 alienos,
2595 3064 2683 3120 hic
2728 3080 2854 3120 suos
2903 3065 3144 3119 curabat.
3180 3062 3244 3116 In
3275 3065 3613 3118 testimonium

2024 3171 2194 3208 eorum
2247 3172 2360 3226 quia
2402 3157 2617 3218 dicenda
2645 3166 2807 3211 erant.
2861 3156 2996 3224 Quid
3027 3155 3196 3210 dicis?
3250 3157 3613 3212 testimonium

2023 3247 2301 3302 hominum
2351 3249 2491 3305 Deus
2537 3250 2768 3320 accipit?
2814 3249 3062 3303 Maxime.
3121 3248 3177 3304 Si
3225 3249 3368 3304 enim
3423 3251 3613 3304 ca-lum

2023 3348 2250 3395 testatur
2278 3349 2331 3396 et
2359 3349 2554 3396 terram
2584 3353 2638 3396 et
2683 3343 2882 3406 colles,
2915 3341 3101 3396 dicens
3132 3356 3228 3411 per
3269 3340 3609 3410 prophetam,

2021 3431 2151 3484 Audi
2205 3432 2406 3498 calum,
2453 3443 2498 3486 et
2528 3435 2757 3487 ausculta
2785 3442 2940 3498 terra,
2965 3434 3204 3504 quoniam
3245 3431 3496 3487 Dominus
3535 3438 3614 3486 to-

2020 3529 2204 3588 quulus
2233 3531 2344 3586 est;
2397 3532 2473 3590 et,
2506 3524 2686 3577 Audite
2713 3523 2891 3588 ualles,
2926 3524 3256 3594 fundamenta
3285 3535 3431 3578 Ierrte
3457 3523 3610 3594 (Isai.

2022 3611 2072 3664 1.
2105 3611 2159 3664 2.
2217 3611 2378 3666 Mich.
2409 3613 2462 3668 6.
2495 3613 2575 3682 2),
2606 3629 2856 3681 quoniam
2882 3613 3144 3682 judicium
3175 3623 3259 3668 est
3288 3613 3513 3667 Domino
3542 3615 3611 3668 ad

2027 3703 2280 3772 populum
2311 3720 2465 3759 suum
2501 3721 2516 3758 :
2547 3707 2714 3760 multo
2744 3708 2911 3775 magis
2941 3705 3202 3760 homines.
3236 3706 3372 3772 Quid
3400 3715 3511 3771 est,
3544 3706 3611 3762 In

2022 3797 2410 3850 testimonium?
2438 3799 2550 3852 lloc
2581 3807 2684 3864 est,
2719 3809 2774 3852 ut
2821 3799 2927 3851 sint
2956 3807 3153 3862 testes,
3184 3798 3397 3866 quando
3425 3799 3521 3868 ipsi
3553 3814 3612 3854 se

2024 3886 2360 3955 impudenter
2391 3890 2657 3957 gesserint
2691 3905 2704 3941 :
2755 3889 3003 3946 Christus
3032 3904 3159 3942 vero
3208 3898 3476 3958 tamquam
3521 3890 3610 3946 Fi-

2023 3978 2146 4032 lius.
2177 3978 2309 4032 Nam
2358 3979 2447 4033 ille
2477 3979 2692 4049 quidem
2732 3989 2883 4034 curat
2911 3979 3116 4033 alienos
3137 4020 3150 4042 ,
3190 3978 3276 4045 hic
3305 3993 3430 4034 vero
3461 3996 3606 4034 suos.

2021 4069 2090 4124 Et
2133 4071 2482 4141 gloriationem
2510 4073 2636 4140 spei.
2689 4071 2852 4126 Recte
2896 4070 3053 4136 dixit,
3099 4069 3244 4140 Spei,
3273 4071 3524 4140 quoniam
3559 4073 3608 4126 in

2019 4176 2114 4231 spe
2145 4162 2321 4216 omnia
2368 4172 2523 4217 erant
2552 4163 2714 4217 bona.
2747 4162 2837 4216 Sic
2866 4173 3045 4216 autem
3076 4175 3194 4215 eam
3226 4170 3439 4228 Oportet
3479 4163 3608 4216 reti-

2023 4270 2172 4318 nere.
2223 4265 2280 4309 ut
2320 4255 2428 4324 jam
2460 4255 2755 4325 gloriemur
2782 4263 3053 4324 tamquam
3098 4253 3167 4306 ob
3214 4268 3274 4307 ea
3311 4267 3430 4322 qua:
3477 4253 3608 4306 facta

2021 4357 2164 4400 sunt.
2198 4348 2488 4415 Propterea
2517 4347 3055 4411 dicit,Gloriationem
3080 4347 3206 4416 spei,
3237 4354 3290 4400 ct
3317 4345 3607 4416 subjungit,

2021 4437 2098 4490 Ad
2122 4437 2272 4504 ﬁnem
2303 4439 2502 4506 ﬁrmant
2532 4438 2835 4490 retineamus
2866 4452 2884 4489 :
2913 4452 3034 4490 nam
3061 4450 3156 4504 spe
3187 4435 3321 4489 salvi
3361 4435 3483 4490 facti
3515 4450 3608 4489 su-

2023 4544 2160 4582 mus.
2196 4527 2249 4582 Si
2282 4542 2411 4597 ergo
2434 4543 2530 4598 spe
2564 4528 2692 4581 salvi
2727 4527 2848 4581 facti
2894 4542 3102 4592 sumus,
3136 4535 3187 4580 ct
3231 4541 3326 4594 per
3374 4526 3608 4580 toleran-

2023 4621 2147 4675 tiam
2176 4629 2574 4688 cxspectamus,
2610 4635 2676 4673 ne
2708 4629 2928 4689 propter
2957 4628 3243 4687 prmsentta
3275 4630 3508 4673 incerare
3535 4618 3612 4671 af-

2022 4711 2282 4774 ﬁciantur,
2335 4725 2508 4780 neque
2557 4711 2665 4778 jam
2716 4725 3019 4780 (ωερε-11111115
3070 4726 3190 4778 quae
3241 4718 3423 4778 postea
3486 4721 3612 4764 sunt

2023 4803 2300 4873 promissa.
2335 4802 2464 4872 Spes
2506 4803 2659 4867 enim,
2692 4804 2877 4874 inquit,
2903 4819 3014 4873 qua:
3039 4804 3248 4864 videtur,
3274 4820 3376 4856 non
3403 4813 3474 4857 est
3499 4821 3612 4872 spes

2022 4895 2200 4964 (Rom.
2235 4896 2287 4950 8.
2319 4893 2435 4963 2i).
2487 4893 2616 4947 Nam
2643 4897 2892 4965 quoniam
2929 4894 3065 4948 bona
3105 4903 3230 4948 sunt
3275 4910 3485 4963 magna,
3525 4895 3613 4948 hie

2022 5000 2084 5040 ea
2136 5000 2240 5038 non
2273 5000 2556 5053 possumus
2583 4987 2828 5055 accipere
2873 4985 2923 5038 in
2955 4986 3059 5039 vita
3086 4986 3247 5049 ﬂuxa,
3277 4994 3330 5040 et
3361 4987 3414 5038 in
3453 5001 3611 5055 quant

2021 5076 2164 5131 cadit
2188 5077 2451 5131 interitus.
2491 5077 2732 5143 Quanam
2757 5092 2884 5146 ergo
2910 5075 2976 5130 de
3008 5091 3166 5129 causa
3190 5091 3249 5130 ea
3289 5075 3442 5129 nobis
3469 5089 3610 5144 prte-

2023 5168 2176 5234 dixit,
2204 5182 2323 5222 cum
2371 5169 2456 5221 hic
2485 5184 2546 5221 ea
2577 5183 2681 5221 non
2714 5168 2783 5220 sit
2825 5166 3092 5220 daturus?
3135 5164 3202 5220 Ut
3255 5165 3612 5235 promissione

2024 5268 2230 5313 recreet
2259 5259 2496 5323 animos,
2527 5269 2584 5313 ut
2635 5259 2796 5313 animi
2847 5259 3176 5310 alacritatem
3227 5256 3509 5310 conﬁrmet
3551 5272 3613 5309 ac

2025 5353 2337 5405 corroboret
2368 5351 2778 5418 pollicitatione,
2810 5359 2865 5402 ut
2899 5357 3131 5402 mentem
3170 5358 3408 5402 nostram
3439 5349 3616 5415 erigat

2025 5452 2077 5496 ct
2106 5445 2320 5497 excitet.
2362 5442 2653 5510 Proliterea
2687 5441 2827 5494 enim
2858 5441 2972 5493 hare
3003 5439 3180 5492 omnia
3211 5438 3346 5494 facta
3392 5448 3535 5494 sunt.

2099 5537 2150 5589 4.
2181 5533 2207 5587 1
2216 5533 2409 5605 mprobi
2439 5531 2712 5601 aliquando
2740 5543 2977 5597 prospere
3003 5536 3158 5596 agunt
3186 5528 3238 5580 in
3267 5528 3362 5582 hac
3388 5529 3510 5582 vita.
3540 5558 3607 5570 -—

2029 5627 2104 5682 Ne
2132 5642 2259 5696 erg")
2303 5626 2626 5679 turbemur:
2669 5635 2825 5674 nemo
2874 5618 3060 5673 videns
3102 5618 3270 5672 malos
3318 5622 3454 5673 bene
3500 5635 3608 5672 rem
