3956 6138
312 248 371 301 5|
1052 244 1106 302 S.
1149 241 1425 301 JO.\NNIS
1459 237 1930 298 CiiRYSOSTOMi
1969 239 2285 297 ARCHIEP.
2324 241 2855 301 CONSTANTINOP.
3534 247 3606 301 εει

330 345 481 383 suam
528 344 719 402 gerere
761 333 1130 391 conturbetur.
1176 337 1292 393 Non
1330 336 1418 394 hic
1454 349 1538 396 est
1568 357 1738 414 neque
1768 345 1915 413 vitii,

331 437 506 491 neque
533 421 747 479 virentis
780 430 1144 483 remuneratio
1173 447 1186 482 :
1218 431 1262 484 si
1295 432 1509 502 quando
1537 444 1714 491 autem
1746 437 1835 491 fiat
1862 447 1917 495 et

333 513 444 567 vitii
468 522 528 568 et
553 516 762 570 virtutis
789 519 1182 586 remuneratio,
1215 535 1324 577 non
1362 531 1544 579 tamen
1576 524 1633 580 fit
1673 542 1771 597 pro
1801 544 1903 585 me-

331 605 468 668 ritis,
497 607 590 661 sed
622 608 958 666 Solummodo
989 621 1256 683 tamquam
1295 625 1483 686 gustus
1506 618 1712 687 jndicii,
1744 629 1801 675 ut
1827 623 1915 693 qui

331 699 710 754 resurrectioni
738 701 913 757 minus
939 704 1188 771 credunt,
1221 706 1307 761 hic
1332 723 1543 778 quoque
1570 713 1914 783 castigentur.

331 787 551 855 Quando
564 805 698 861 ergo
726 791 1015 850 viderimus
1032 796 1355 852 sceleratum
1378 798 1620 868 divitem,
1647 818 1713 857 ne
1738 802 1917 859 animo

324 884 710 951 concidamus;
738 888 953 957 quando
981 889 1273 945 viderimus
1298 890 1498 950 bonum
1529 893 1666 950 male
1707 895 1915 966 patien-

332 985 437 1031 tem
459 1018 472 1042 ,
505 993 573 1032 ne
599 980 988 1036 conturbamur
1016 998 1031 1036 :
1059 998 1183 1038 nam
1228 984 1337 1040 illic
1377 996 1501 1041 sunt
1527 1002 1778 1057 cornum,
1811 990 1916 1047 illic

329 1069 608 1139 supplicia.
637 1073 888 1144 Alioquin
916 1085 1096 1131 autem
1124 1076 1238 1132 lieri
1268 1093 1373 1132 non
1402 1089 1609 1150 potest,
1635 1091 1691 1137 ut
1725 1093 1779 1138 et
1806 1099 1917 1139 ma-

327 1158 412 1213 ius
438 1160 507 1214 sit
532 1162 679 1216 omni
706 1178 774 1217 ex
806 1173 956 1233 parte
994 1166 1196 1235 malus,
1233 1168 1326 1224 sed
1359 1178 1532 1239 potest
1561 1170 1676 1242 ipse
1705 1188 1920 1245 quoque

329 1250 528 1308 habere
573 1254 712 1308 bona
755 1254 972 1326 aliqua;
1020 1272 1193 1330 neque
1234 1269 1292 1315 ut
1334 1263 1507 1318 bonus
1550 1265 1619 1319 sit
1664 1266 1810 1320 omni
1852 1283 1919 1323 ex

314 1354 483 1414 parte
505 1345 701 1414 bonus,
727 1348 823 1402 sed
853 1357 1029 1418 potest
1056 1350 1215 1406 etiam
1240 1351 1357 1423 ipse
1380 1353 1579 1410 habere
1598 1355 1772 1423 aliqua
1799 1373 1922 1427 pec-

328 1445 469 1491 cata.
502 1437 728 1505 Quando
754 1454 883 1510 ergo
908 1455 1024 1495 rem
1058 1456 1207 1496 suam
1236 1442 1379 1500 bene
1413 1445 1550 1515 gerit
1590 1446 1881 1502 sceleratus
1903 1490 1918 1512 ,

325 1527 466 1582 scito
509 1528 612 1583 hoc
652 1530 874 1585 evenire
917 1531 972 1586 in
1017 1533 1215 1589 malum
1258 1534 1376 1605 ejus
1416 1536 1610 1606 capitis
1639 1558 1652 1594 :
1681 1546 1737 1592 ut
1777 1538 1917 1593 enim

328 1632 620 1689 paucorum
656 1619 870 1676 illorum
905 1620 999 1679 hic
1039 1634 1257 1695 accepta
1302 1627 1767 1692 remuneratione,
1810 1628 1921 1683 illic

330 1712 524 1768 deinde
549 1713 788 1783 perfecte
823 1717 1094 1785 puniatur,
1122 1733 1185 1772 ea
1212 1718 1279 1775 de
1307 1734 1469 1775 causa
1496 1719 1584 1777 hic
1607 1720 1820 1792 accipit.
1850 1720 1922 1776 Et

313 1805 421 1859 'ille
447 1814 533 1860 est
569 1806 804 1863 maxime
839 1806 1031 1865 beatus
1066 1810 1156 1880 qui
1195 1809 1290 1866 hic
1319 1810 1555 1881 punitur,
1586 1821 1645 1867 ut
1672 1810 1920 1867 omnibus

328 1895 587 1965 depositis
616 1899 849 1967 peccatis
868 1941 884 1964 ,
920 1900 1173 1969 probatus
1198 1901 1327 1958 hinc
1363 1903 1553 1970 abeat,
1581 1913 1634 1959 et
1673 1920 1840 1975 purus
1868 1914 1921 1959 et

329 1981 457 2035 nulli
484 1982 654 2052 culpa:
681 1983 879 2039 amnis.
902 1984 971 2039 Et
994 1984 1099 2041 hoc
1125 2001 1222 2042 nos
1243 1986 1440 2043 Paulus
1467 2004 1676 2058 quoque
1696 1988 1917 2055 docens,

328 2070 455 2125 dicit
475 2088 492 2126 :
510 2071 789 2143 Propterea
813 2075 867 2129 in
894 2075 1029 2131 vobis
1052 2078 1200 2131 multi
1225 2080 1403 2149 (egroti
1425 2088 1469 2132 et
1491 2079 1703 2147 inﬁrmi,
1727 2089 1773 2133 et
1796 2079 1919 2133 dor-

328 2162 489 2216 miunt
511 2165 784 2232 permulti;
805 2175 858 2220 et
886 2182 1091 2230 rursus,
1117 2164 1329 2222 Tradite
1354 2168 1648 2238 huiusmodi
1667 2169 1920 2224 hominem

328 2262 543 2318 satana',
571 2255 624 2307 in
652 2255 911 2309 interitum
936 2256 1127 2319 carnis,
1159 2268 1214 2311 ut
1243 2259 1454 2327 spiritus
1478 2259 1648 2313 salvus
1671 2259 1734 2314 sit
1762 2260 1814 2313 in
1842 2261 1923 2315 die

327 2342 421 2396 illo
449 2343 530 2411 (i.
553 2344 672 2397 Cor.
699 2343 793 2398 2!.
823 2346 912 2401 50.
941 2354 988 2400 et
1014 2347 1071 2403 5.
1097 2347 1181 2416 5).
1210 2346 1280 2402 Et
1308 2348 1563 2419 propheta
1590 2348 1739 2417 dicit,
1762 2348 1921 2405 Acce-

330 2436 410 2505 pit
433 2449 460 2487 e
473 2448 637 2487 manu
651 2435 861 2490 Domini
880 2436 1106 2507 duplicia
1118 2445 1330 2503 peccata
1346 2434 1394 2503 (1
1402 2438 1502 2490 sai.
1518 2436 1609 2492 40.
1625 2437 1703 2509 2);
1725 2446 1779 2492 et
1796 2448 1921 2492 rur-

334 2539 433 2579 sus
459 2524 656 2589 David,
689 2522 820 2578 Vide
842 2524 1085 2578 inimicos
1117 2541 1259 2580 meos
1288 2527 1416 2598 quia
1432 2529 1776 2599 multiplicati
1792 2539 1920 2585 sunt

332 2632 492 2687 super
509 2617 734 2686 capillos
754 2616 945 2685 capitis
965 2618 1149 2683 »κίκι
1169 2618 1289 2671 odio
1309 2619 1489 2689 iniquo
1507 2619 1731 2676 oderunt
1753 2629 1919 2687 me;et

332 2708 547 2763 dimitte
558 2710 959 2779 omnicpeccata
979 2724 1093 2764 mea
1105 2707 1382 2782 (Psal.2i.
1408 2712 1490 2768 t9.
1513 2713 1598 2785 18)
1614 2731 1629 2782 ;
1644 2722 1698 2770 et
1722 2729 1918 2773 rursus

333 2802 495 2864 alius.
523 2798 737 2856 Domine
764 2798 897 2855 Deus
926 2811 1118 2868 noster,
1147 2818 1320 2870 pacem
1350 2805 1416 2858 da
1444 2805 1587 2861 nobis
1623 2821 1640 2862 :
1665 2822 1783 2861 nam
1808 2824 1924 2861 om-

341 2900 430 2955 nia
465 2898 727 2955 reddidisti
768 2897 913 2954 nobis
938 2898 956 2968 (
977 2893 1106 2952 Isai.
1138 2893 1229 2951 26.
1264 2895 1393 2966 η).
1423 2894 1528 2951 Sed
1560 2896 1673 2951 hinc
1706 2895 1921 2967 quidem

339 3001 470 3048 sunt
489 2990 821 3048 ostendentis
848 2989 1020 3044 bonos
1044 2987 1130 3043 hic
1146 3000 1336 3058 pinnas
1359 2987 1504 3042 luere
1531 2999 1629 3057 pro
1648 2984 1881 3057 peccatis
1905 3002 1919 3041 :

341 3082 486 3157 quod
511 3093 690 3139 autem
729 3080 856 3137 mali
895 3079 1106 3151 plurimi
1147 3077 1236 3134 hic
1280 3076 1604 3147 accipientes
1638 3077 1778 3132 bona
1814 3076 1926 3131 itlic

346 3176 582 3244 perfecte
612 3173 917 3244 partiuntur,
948 3168 1074 3225 audi
1118 3168 1385 3224 Abraham
1424 3167 1690 3223 dicentem
1716 3164 1872 3222 diviti
1907 3182 1922 3221 :

346 3268 600 3338 Recepisti
624 3266 754 3320 bona
780 3274 866 3319 tua
890 3265 943 3317 in
966 3265 1069 3317 vita
1091 3271 1200 3329 tua,
1222 3270 1269 3315 et
1289 3244 1516 3314 Lazarus
1540 3259 1768 3313 similiter
1786 3256 1925 3311 mala

342 3361 359 3428 (
398 3358 525 3413 Luc.
559 3357 650 3414 i6.
681 3356 751 3412 Q5
780 3355 821 3427 ).
854 3353 1110 3424 Qumnam
1164 3351 1340 3407 bona?
1370 3349 1563 3405 Diceris
1626 3346 1924 3410 hiemare-

349 3452 487 3519 pisti,
519 3465 626 3506 non
656 3457 854 3513 autem,
883 3445 1171 3515 Accepisti,
1194 3442 1425 3499 ostendit
1451 3451 1736 3511 utrumque
1763 3438 1927 3494 fuisse

342 3542 595 3599 allectum
614 3556 713 3613 pro
732 3537 933 3606 debito,
957 3546 1012 3593 et
1033 3536 1181 3592 illum
1206 3535 1291 3590 cui
1312 3531 1529 3589 fuerunt
1549 3547 1634 3588 res
1655 3529 1924 3597 secundm,

346 3646 400 3689 et
432 3635 572 3689 [nunc
601 3633 688 3688 cui
716 3632 992 3694 adversas;
1022 3637 1077 3685 et
1102 3628 1233 3684 dicit
1258 3645 1276 3683 :
1308 3627 1596 3696 Propterea
1627 3623 1727 3679 Hic
1751 3637 1929 3678 conso-

345 3726 583 3781 lationem
612 3724 694 3778 ltic
718 3723 900 3794 accipit
929 3737 949 3777 :
971 3720 1123 3776 vides
1151 3720 1292 3774 enim
1318 3732 1440 3774 eum
1467 3714 1872 3773 essemundum
1894 3728 1927 3768 a

344 3815 608 3888 peccatis;
636 3824 689 3870 tu
710 3830 824 3870 vero
852 3814 1115 3869 cruciaris.
1138 3811 1213 3867 Ne
1235 3824 1364 3881 ergo
1390 3808 1569 3864 tristes
1592 3807 1784 3873 simus,
1804 3820 1928 3861 cum

347 3909 639 3963 viderimus
660 3915 973 3976 peccatores
999 3902 1089 3959 hic
1106 3903 1263 3959 bonis
1281 3901 1425 3956 affici
1445 3916 1461 3967 ;
1484 3900 1577 3956 sed
1599 3898 1808 3970 quando
1832 3912 1928 3953 nos

344 3997 451 4067 ipsi
479 3997 616 4053 male
644 3996 896 4066 patimur,
926 3995 1170 4048 laetemur
1192 4009 1209 4044 τ
1242 4006 1305 4047 ea
1332 3990 1474 4045 enim
1502 4005 1590 4045 res
1617 3999 1701 4044 est
1737 4003 1929 4057 pecca-

347 4101 525 4143 torum
572 4084 856 4142 exsolutio.
904 4083 982 4137 Ne
1023 4094 1326 4153 quaeramus
1384 4079 1619 4149 quietem
1643 4077 1931 4134 :Christus

347 4181 492 4235 enim
520 4176 863 4233 afﬂictionem
898 4173 1143 4246 promisit
1169 4171 1284 4227 suis
1313 4170 1590 4240 discipulis
1616 4188 1631 4224 :
1658 4178 1711 4225 et
1738 4168 1932 4225 Paulus

348 4270 501 4331 dicit.
532 4268 718 4323 Omnes
740 4268 824 4337 qui
852 4268 933 4337 pic
954 4265 1128 4320 volunt
1154 4263 1317 4318 vivere
1340 4263 1396 4316 in
1423 4260 1625 4317 αι’-ἔδω
1648 4258 1794 4325 Jesu,
1819 4276 1933 4329 per-

350 4361 692 4432 sequutionem
723 4358 979 4429 patientur
1010 4354 1098 4427 (ε.
1128 4353 1267 4409 Tini.
1308 4354 1361 4409 5.
1390 4352 1517 4424 12).
1558 4352 1742 4407 Nullus
1780 4351 1934 4407 fortis

351 4454 550 4510 athleta
582 4452 633 4506 in
664 4451 959 4507 certamine
985 4448 1177 4520 quaerit
1206 4447 1415 4503 lavacra
1437 4490 1452 4514 ,
1482 4455 1537 4502 et
1569 4460 1809 4502 mensam
1840 4459 1930 4501 re-

353 4548 548 4618 pletam
580 4542 712 4600 cibis
737 4553 791 4599 et
826 4541 950 4597 vino
980 4557 995 4597 :
1027 4539 1131 4596 hoc
1158 4553 1264 4595 non
1306 4549 1388 4594 est
1416 4538 1633 4593 athleta:
1654 4579 1668 4603 ,
1708 4536 1804 4592 sed
1831 4536 1933 4591 viri

352 4640 529 4696 mullis
552 4648 608 4694 et
630 4634 919 4693 edeminati
947 4653 960 4690 :
994 4649 1116 4689 nam
1144 4632 1344 4687 athleta
1373 4638 1573 4701 pugnat
1600 4644 1721 4685 cum
1750 4628 1935 4698 pulve-

351 4747 433 4794 re,
461 4731 606 4792 oleo,
636 4728 813 4783 calore
837 4724 993 4787 radii,
1024 4739 1148 4779 cum
1181 4721 1349 4778 multo
1375 4720 1590 4789 sudore,
1620 4718 1929 4786 amictione,

352 4833 406 4877 et
447 4820 684 4891 angustia
724 4816 1049 4875 certaminis.
1096 4815 1209 4871 Hoc
1250 4824 1333 4872 est
1377 4822 1587 4885 tempus
1626 4809 1932 4883 pugnandi;

354 4930 483 4985 ergo
510 4923 563 4968 et
589 4912 808 4967 vulnera
835 4909 1153 4979 accipiendi,
1182 4918 1237 4965 et
1263 4909 1576 4979 sanguinem
1605 4905 1934 4973 ell’undendi,

355 5018 409 5061 ct
433 5002 669 5059 dolendi.
698 5002 832 5057 Audi
854 5001 978 5072 quid
996 5000 1141 5056 dicat
1167 5001 1354 5058 beatus
1375 5000 1605 5056 Paulus:
1632 4997 1723 5056 Sic
1742 5014 1933 5070 pugno,

355 5113 456 5152 non
487 5104 741 5164 tamquam
769 5108 936 5147 aerem
960 5091 1224 5148 verberans
1250 5092 1326 5165 (i.
1356 5088 1474 5148 Cor.
1503 5088 1555 5147 9.
1587 5090 1700 5160 26).
1741 5088 1941 5145 Existi-

356 5201 565 5244 memus
610 5194 775 5241 totam
809 5185 970 5241 vitam
1009 5198 1129 5241 esse
1157 5185 1224 5241 ad
1253 5196 1523 5241 certamen
1557 5183 1930 5249 constitutam,

348 5280 404 5326 et
431 5285 719 5343 numquam
750 5286 1052 5344 quasremus
1079 5272 1346 5344 requiem,
1375 5288 1688 5345 numquam,
1718 5271 1767 5331 si
1795 5272 1932 5330 aﬂli-

346 5377 558 5431 gamur,
586 5362 785 5435 aliquid
812 5363 936 5421 novi
962 5371 1020 5421 et
1046 5361 1207 5421 alieni
1237 5364 1393 5419 nobis
1418 5364 1679 5423 accidisse
1718 5364 1927 5436 putabi-

349 5470 466 5510 mus
491 5473 505 5510 :
528 5457 792 5527 siquidem
817 5472 994 5529 neque
1018 5454 1164 5529 pugil
1190 5455 1389 5527 aliquid
1419 5455 1540 5512 novi
1564 5466 1619 5511 et
1645 5454 1807 5513 alieni
1828 5455 1931 5512 sibi

348 5554 500 5612 Putat
538 5548 797 5604 accidisse
817 5589 833 5614 ,
861 5546 1075 5619 quando
1100 5557 1183 5606 est
1224 5546 1278 5603 in
1306 5549 1619 5603 certamine.
1663 5545 1825 5602 Aliud
1852 5556 1933 5601 est

353 5643 561 5705 tempus
587 5637 779 5707 quietis
810 5657 822 5694 :
853 5655 949 5712 per
973 5640 1315 5699 afﬂictionem
1348 5655 1445 5699 nos
1484 5648 1695 5713 oportet
1722 5636 1928 5711 perﬁci.

2002 352 2223 408 Etiamsi
2256 366 2362 407 non
2390 350 2459 406 sit
2484 349 2849 423 persequutio,
2873 362 2971 402 nec
2995 346 3235 413 afﬂictio,
3254 355 3380 403 sunt
3404 354 3585 403 tamen

2002 443 2120 497 alia:
2142 442 2480 508 afﬂictiones,
2509 456 2626 511 quae
2650 439 2805 495 nobis
2830 439 3067 510 quotidie
3091 438 3340 493 accidunt
3363 456 3378 495 :
3403 437 3448 493 si
3472 437 3589 492 huic

2002 547 2178 592 autem
2208 553 2311 591 non
2340 535 2581 596 ferimus.
2614 534 2701 589 vix
2740 534 2858 589 illas
2888 533 3187 589 tulerimus.
3218 532 3472 598 Tentatio,
3500 532 3587 586 in—

2002 627 2147 698 quit,
2179 643 2265 681 vos
2293 643 2393 682 non
2421 626 2802 697 apprehendat,
2844 625 2940 679 nisi
2979 623 3203 679 humana
3232 623 3317 695 (1.
3347 623 3467 679 Cor.
3497 622 3586 679 10.

2008 719 2120 788 15).
2146 719 2312 773 Deum
2340 733 2468 788 ergo
2494 732 2730 784 oremus,
2755 733 2821 772 ne
2843 717 3103 772 intremus
3124 717 3176 770 in
3201 715 3549 771 tentationem
3569 735 3587 771 :

2005 808 2086 863 sin
2129 818 2305 862 autem
2347 806 2722 863 iulraverimus
2746 849 2763 874 ,
2798 805 2920 860 forti
2955 806 3133 860 animo
3168 804 3423 862 feramus.
3457 804 3590 861 Nam

2007 900 2135 956 illud
2167 899 2378 971 quidem
2406 910 2490 955 est
2516 899 2753 954 virorum
2781 898 3079 967 sapientum
3110 907 3166 952 et
3190 897 3590 952 moderatorum

2008 1006 2067 1046 se
2096 991 2148 1044 in
2180 988 2412 1060 pericula
2445 1003 2551 1044 non
2582 998 2784 1043 temere
2823 986 3081 1057 injicere;
3118 985 3223 1043 hoc
3261 996 3439 1045 autem
3479 986 3594 1042 for-

2011 1082 2141 1136 tium
2169 1090 2224 1136 et
2250 1080 2713 1151 philosophorum,
2747 1078 2974 1134 ﬁrmiter
3006 1088 3170 1142 stare,
3201 1078 3245 1133 si
3275 1078 3592 1134 incidamus.

2010 1172 2193 1244 Neque
2221 1187 2347 1243 ergo
2372 1186 2472 1227 nos
2500 1179 2701 1226 temere
2726 1168 3106 1240 projiciamus;
3139 1177 3222 1223 est
3246 1168 3394 1224 enim
3428 1168 3597 1223 auda—

2011 1266 2110 1322 ciae
2134 1276 2187 1323 et
2214 1264 2533 1323 temeritatis
2565 1282 2578 1318 :
2609 1279 2783 1337 neque
2808 1263 2856 1319 si
2884 1263 3162 1328 ducamur,
3190 1277 3290 1318 nos
3315 1263 3475 1318 rebus
3505 1275 3599 1317 vo-

2013 1359 2258 1415 cantibus
2284 1359 2573 1423 cedamus;
2605 1366 2689 1413 est
2713 1357 2854 1412 enim
2883 1355 3214 1421 timiditatis;
3244 1353 3339 1411 sed
3366 1355 3411 1410 si
3445 1364 3600 1409 vocet

2015 1450 2228 1522 quidem
2275 1448 2581 1520 praedicatio
2600 1488 2615 1512 ,
2653 1463 2761 1503 non
2789 1461 3132 1512 recusemus;
3162 1445 3209 1501 si
3236 1460 3365 1500 vero
3395 1460 3503 1499 non
3530 1443 3602 1499 sit

2017 1559 2200 1610 causa,
2223 1557 2321 1597 nec
2341 1558 2471 1599 usus
2498 1541 2753 1613 postulet,
2778 1556 2879 1597 nec
2905 1540 3197 1595 necessitas
3219 1537 3602 1594 convenienter

2018 1634 2202 1705 pietati
2226 1650 2324 1689 nos
2342 1643 2519 1701 vocet,
2549 1650 2656 1689 non
2690 1644 2893 1689 temere
2922 1647 3298 1704 procurramus
3321 1647 3337 1696 ;
3364 1646 3426 1686 ca
3455 1631 3602 1686 enim

2018 1739 2108 1780 res
2133 1732 2215 1781 est
2240 1723 2526 1780 ostentatio
2543 1765 2561 1792 ,
2592 1733 2645 1780 ct
2672 1724 2845 1778 inanis
2869 1739 2932 1778 ac
2956 1735 3352 1793 supervacanea
3378 1719 3607 1776 honoris

2021 1815 2296 1886 appetitio.
2339 1817 2433 1872 Sin
2478 1825 2657 1872 autem
2702 1815 2973 1887 quidpiam
3015 1815 3212 1869 factum
3259 1812 3417 1870 fuerit
3460 1812 3605 1884 quod

2022 1907 2181 1964 laedat
2198 1910 2470 1980 pietatem,
2501 1907 2709 1963 etiamsi
2731 1915 2974 1977 oporteat
3000 1906 3148 1962 mille
3175 1914 3374 1962 mortes
3398 1904 3606 1971 subire,

2024 2002 2159 2057 nihil
2190 2018 2518 2058 recusemus.
2545 2001 2623 2058 Ne
2649 2016 2906 2073 provoces
2937 2000 3286 2065 tentationes,
3317 1999 3361 2053 si
3388 2015 3453 2054 ex
3480 2007 3610 2054 voto

2027 2092 2121 2149 tibi
2150 2092 2400 2164 procedat
2434 2094 2603 2163 pictas
2633 2109 2766 2148 :cur
2789 2106 3184 2162 supervacanea
3215 2089 3440 2146 attrahis
3472 2091 3613 2162 peri-

2028 2188 2171 2254 cula,
2200 2201 2316 2254 quae
2345 2185 2477 2240 lucri
2510 2184 2636 2239 nihil
2663 2183 2930 2239 alierum?

2093 2252 2165 2329 Β.
2183 2252 2287 2324 Pro
2311 2268 2496 2339 pietate
2522 2263 2691 2318 omnia
2720 2260 3058 2329 suscipienda.
3085 2285 3155 2296 —-
3180 2254 3307 2311 Haec
3330 2252 3451 2309 dico
3474 2292 3489 2316 ,
3510 2264 3613 2304 vo-

2024 2364 2140 2418 lens
2182 2373 2280 2417 vos
2321 2370 2537 2413 servare
2582 2354 2726 2423 leges
2767 2347 3000 2415 Christi,
3031 2346 3122 2418 qui
3158 2345 3310 2415 jubet
3346 2356 3501 2398 orare
3538 2356 3609 2395 ne

2022 2451 2235 2508 intretis
2261 2450 2317 2505 in
2344 2446 2695 2504 tcntationcm
2720 2484 2736 2511 ,
2777 2450 2829 2495 et
2869 2439 3017 2511 jubet
3051 2445 3266 2506 accepta
3294 2449 3455 2490 cruce
3485 2446 3610 2486 eum

2024 2544 2196 2618 sequi.
2218 2543 2347 2600 Hcce
2366 2541 2562 2611 quippe
2584 2551 2690 2592 non
2720 2542 2841 2589 sunt
2866 2528 3152 2595 contraria,
3185 2526 3278 2583 sed
3305 2525 3459 2580 valde
3479 2540 3615 2580 con-

2024 2645 2222 2708 gruunt
2242 2649 2305 2689 ac
2325 2631 2664 2689 conveniunt.
2695 2624 2825 2681 Nam
2850 2634 2904 2678 tu
2933 2621 3171 2693 quidem,
3194 2634 3313 2675 cum
3341 2627 3610 2687 tamquam

2027 2707 2183 2785 miles
2209 2724 2364 2781 fortis
2389 2732 2441 2779 te
2474 2719 2680 2793 pararis
2703 2727 2759 2773 et
2784 2712 3132 2778 instruxeris,
3164 2721 3281 2767 esto
3310 2709 3527 2765 assidue
3554 2707 3609 2762 in

2027 2820 2212 2883 armis,
2240 2816 2474 2881 sobrius,
2504 2811 2749 2882 vigilans,
2782 2808 2988 2861 hostem
3019 2817 3231 2873 semper
3257 2810 3609 2871 exspectans;

2028 2909 2169 2966 bella
2193 2918 2373 2962 autem
2402 2919 2468 2959 ne
2499 2915 2748 2974 procrees
2780 2917 2793 2952 :
2824 2895 2930 2951 hoc
2967 2894 3108 2949 enim
3141 2907 3246 2948 non
3278 2900 3361 2947 est
3388 2889 3606 2956 militis,

2026 3001 2122 3058 sed
2149 2998 2411 3057 seditiosi.
2435 2996 2529 3053 Sin
2556 3002 2733 3050 autem
2760 3000 2814 3048 te
2834 2987 3037 3045 vocarit
3059 2987 3179 3042 tuba
3209 2985 3440 3057 pietatis,
3469 2983 3611 3038 illico

2028 3090 2286 3163 egredere
2308 3131 2324 3155 ,
2352 3097 2406 3145 et
2442 3086 2672 3141 animam
2704 3081 2920 3152 despice
2939 3121 2955 3147 ,
2982 3087 3038 3135 et
3063 3092 3187 3131 cum
3226 3088 3416 3145 magna
3446 3071 3611 3126 animi

2025 3159 2300 3237 alacritate
2329 3176 2620 3233 certamina
2654 3171 2943 3243 aggredere
2961 3210 2975 3234 ,
3018 3166 3285 3241 perfringe
3314 3163 3482 3217 aciem
3510 3159 3612 3217 ad-

2026 3271 2427 3337 versariorum,
2475 3265 2673 3323 diaboli
2725 3265 2929 3319 vultum
2974 3256 3266 3317 consciude
3292 3300 3307 3326 ,
3348 3266 3609 3327 tropzeum

2029 3366 2194 3436 erige.
2239 3362 2335 3419 Sin
2377 3370 2554 3414 autem
2600 3354 2731 3411 nihil
2773 3353 2996 3409 laedatur
3026 3352 3196 3422 pietas
3217 3391 3231 3415 ,
3259 3361 3434 3418 neque
3463 3345 3610 3416 quis-

2027 3432 2188 3528 quam
2218 3461 2400 3507 nostra
2424 3444 2712 3503 tabcl‘actct
2737 3444 3003 3514 dogmata,
3033 3439 3195 3511 quod,
3225 3439 3460 3528 inquam,
3488 3432 3614 3490 atti-

2030 3524 2123 3602 net
2154 3543 2224 3601 ad
2262 3542 2527 3605 animam,
2570 3551 2742 3607 neque
2768 3534 3055 3605 quidquam
3095 3529 3305 3600 cogaris
3341 3524 3521 3582 facere
3546 3541 3613 3580 ex

2028 3635 2097 3694 iis
2121 3649 2239 3705 qua:
2263 3632 2375 3687 Deo
2400 3643 2505 3686 non
2528 3629 2760 3700 placent,
2786 3640 2862 3680 ne
2888 3634 3315 3694 supervacaneus
3352 3616 3419 3672 sit
3459 3615 3614 3671 talior

2030 3736 2172 3785 tuus.
2199 3723 2423 3796 Oportet
2446 3718 2740 3778 Christiani
2767 3717 2927 3772 vitam
2952 3729 3074 3771 esse
3096 3714 3311 3784 plenam
3333 3709 3609 3781 sanguine,

2028 3822 2307 3894 sanguine,
2332 3820 2576 3888 inquam,
2605 3827 2710 3868 non
2737 3812 2788 3865 in
2818 3806 3089 3865 funtlcndo
3116 3805 3310 3870 alieno,
3341 3803 3434 3859 sed
3462 3802 3516 3856 in
3544 3814 3613 3856 eo

2027 3915 2170 3986 quod
2213 3912 2287 3967 sis
2332 3917 2549 3980 paratus
2593 3914 2739 3960 tuum
2779 3898 3075 3958 effundere.
3120 3895 3252 3953 Cum
3302 3903 3448 3951 tanta
3486 3906 3613 3963 ergo

2029 3984 2194 4059 animi
2246 4000 2519 4056 alacritate
2565 3995 2838 4066 proprium
2885 3987 3197 4061 sanguinem
3245 3984 3610 4049 ctfundamns,

2028 4091 2243 4166 quando
2274 4090 2376 4145 hoc
2400 4086 2562 4142 fuerit
2588 4098 2683 4156 pro
2710 4082 2944 4144 Christo,
2971 4094 3093 4134 cum
3114 4084 3311 4148 quanta
3335 4076 3613 4145 quisquam

2030 4163 2221 4255 aquam
2248 4176 2499 4235 etl‘uderit
2525 4174 2746 4246 (etenim
2781 4185 2916 4242 aqua
2944 4178 3028 4223 est
3058 4166 3273 4236 sanguis
3301 4163 3391 4235 qui
3420 4177 3615 4231 corpus

2030 4270 2397 4343 circumﬂuit),
2424 4279 2623 4326 etcum
2647 4276 2790 4320 tanta
2819 4262 3070 4318 facilitate
3095 4272 3311 4313 carnem
3335 4268 3613 4318 exeamus,

2030 4380 2152 4422 eum
2192 4372 2388 4435 quanta
2432 4369 2654 4417 vestem.
2701 4355 2816 4412 Hoc
2855 4363 3033 4409 autem
3064 4348 3167 4405 erit
3188 4391 3203 4416 ,
3234 4348 3277 4402 si
3305 4361 3416 4401 non
3446 4345 3618 4400 simus

2030 4456 2229 4530 alligati
2261 4453 2520 4525 pecuniis,
2550 4450 2596 4506 si
2626 4463 2732 4504 non
2760 4448 3097 4502 detineamur
3119 4439 3188 4495 ab
3217 4435 3440 4530 tedibus,
3469 4451 3498 4530 a
3524 4450 3621 4490 vo-

2031 4528 2232 4622 luptate
2255 4591 2270 4615 ,
2308 4564 2339 4603 a
2379 4543 2731 4617 praesentibus
2771 4538 3041 4594 omnibus.
3080 4533 3135 4590 Si
3173 4529 3316 4588 enim
3352 4528 3441 4600 qui
3477 4528 3618 4583 hanc

2033 4642 2196 4695 vitam
2225 4637 2425 4708 degunt
2450 4634 2761 4697 militarem,
2793 4628 3043 4683 omnibus
3070 4622 3401 4688 renuntiant,
3434 4627 3489 4675 et
3512 4634 3618 4688 quo

2032 4733 2231 4789 bellum
2256 4727 2532 4785 vocaverit
2558 4725 2671 4780 illic
2695 4722 2889 4777 adsunt
2916 4728 2970 4773 et
3000 4718 3106 4771 iter
3131 4715 3346 4776 ineunt,
3370 4721 3424 4767 et
3452 4708 3617 4763 alacri

2030 4826 2211 4880 animo
2238 4821 2416 4876 omnia
2446 4819 2674 4874 tolerant
2704 4830 2717 4869 τ
2745 4812 2914 4868 multo
2941 4808 3111 4880 magis
3139 4821 3235 4860 nos
3260 4846 3274 4871 ,
3305 4803 3392 4873 qui
3433 4815 3619 4856 smnus

2030 4915 2229 4974 Christi
2258 4912 2474 4974 milites,
2504 4910 2575 4964 ita
2604 4916 2817 4978 paratos
2845 4912 2900 4959 et
2926 4902 3213 4956 instructos
3237 4909 3357 4950 esse
3381 4898 3615 4962 oportet,

2030 5016 2085 5064 et
2110 5008 2279 5064 aciem
2310 5012 2518 5058 Str-uere
2554 4999 2811 5054 adversus
2849 4993 3044 5048 bellum
3080 4988 3353 5044 vitiorum.
3392 4982 3510 5039 Non
3536 4989 3620 5037 est

2031 5115 2170 5155 nunc
2212 5091 2587 5168 persequutio,
2629 5098 2685 5144 et
2713 5085 2853 5142 absit
2886 5091 2946 5139 ut
2984 5083 3053 5137 sit
3094 5090 3379 5149 umquam;
3411 5073 3506 5129 sed
3536 5079 3621 5128 est

2031 5188 2174 5246 aliud
2199 5163 2416 5252 bellum,
2438 5179 2742 5253 cupiditatis
2765 5174 3130 5246 pecuniarum,
3153 5168 3357 5225 bellum
3383 5163 3615 5228 invidias,

2032 5281 2232 5338 bellum
2280 5277 2503 5332 aliarum
2548 5269 2710 5326 animi
2754 5264 3232 5338 perturbationum.
3271 5259 3386 5313 Hoc
3418 5256 3614 5338 bellum

2033 5336 2259 5424 narrans
2283 5361 2414 5420 dicit
2436 5358 2634 5417 Paulus
2657 5372 2671 5411 :
2697 5336 2818 5409 Non
2848 5361 2920 5406 est
2943 5347 3093 5404 nobis
3115 5343 3407 5403 colluctatio
3436 5336 3619 5424 aituer-

2032 5404 2119 5513 Ϊιῖξ
2134 5404 2416 5511 '.‘;';;.I.'.‘;;
2437 5404 2741 5519 Etiam.
2758 5404 2983 5515 ira...
3011 5439 3068 5494 θ.
3102 5434 3192 5492 η.
3223 5432 3336 5505 ιι).
3360 5429 3476 5487 Hoc
3489 5404 3620 5486 int-

2035 5547 2145 5602 lum
2172 5558 2390 5615 semper
2431 5542 2613 5595 instat.
2657 5536 2948 5605 Propterea
2974 5528 3089 5585 vult
3117 5541 3215 5583 nos
3239 5533 3624 5615 staresemper

2039 5612 2314 5696 armatosi
2348 5632 2492 5691 State
2528 5642 2678 5702 ergo,
2708 5625 2914 5695 inquit,
2944 5618 3186 5678 succincti
3218 5631 3235 5671 :
3261 5612 3403 5686 quod
3446 5612 3621 5683 ipsum
