3956 6138
265 244 330 304 53
1082 249 1148 310 lN
1185 239 1398 311 Ebtsr.
1439 257 1529 312 AD
1566 251 1920 313 tmen-eos.
1963 255 2116 315 Cap.
2158 256 2245 312 ιιι.
2287 251 2516 311 ttomL.
2559 255 2650 310 Vl.
3457 253 3524 307 at

255 364 457 422 quoque
509 361 595 406 est
646 353 933 422 praesentis
975 359 1232 426 temporis
1274 376 1288 412 :
1329 351 1382 415 et
1424 369 1656 418 ostendit
1701 368 1842 435 quod

255 450 489 511 oporteat
503 456 726 511 semper
751 445 969 499 armari.
989 445 1235 516 Magnum
1254 449 1394 502 enim
1415 462 1497 505 est
1522 452 1719 508 bellum
1745 471 1842 526 per

1949 361 2250 416 membrum
2271 362 2408 417 hanc
2435 364 2538 416 vim
2559 364 2894 420 sustinuerit.
2927 367 3115 423 Dicunt
3148 375 3308 426 etiam
3335 374 3530 430 medici

1947 469 2008 507 ca
2057 453 2124 507 de
2167 467 2325 507 causa
2357 453 2508 508 cordi
2547 455 2877 511 sobstratum
2923 473 3043 513 esse
3091 461 3398 528 pulmonem
3423 505 3436 529 ,
3472 477 3531 519 ut

255 534 505 603 linguam,
536 547 796 604 maguum
823 550 920 606 per
944 538 1128 592 oculos
1151 539 1283 593 :hoc
1306 557 1434 611 ergo
1459 544 1838 603 cohibeamus:

251 639 492 692 magnum
516 634 601 678 est
621 625 826 680 bellum
854 628 1221 696 cupiditatum.
1240 631 1528 699 Propterea
1543 635 1684 690 illinc
1704 639 1830 694 incl-

247 716 319 782 pit
341 730 554 770 armare
579 717 809 773 militem
838 719 1036 775 Christi
1073 739 1084 774 :
1121 722 1266 778 State
1287 726 1450 790 enim,
1473 727 1642 796 inquit
1666 773 1680 794 ,
1714 748 1830 785 suc-

242 807 388 858 cincti
412 807 613 861 lumbos
637 818 828 864 vestros
845 827 864 875 ;
882 821 936 865 et
963 813 1254 880 subjuuxit,
1280 814 1343 868 In
1377 818 1598 873 veritate.
1629 820 1826 890 Quare,

246 894 304 946 ta
334 897 581 950 veritate?
611 897 710 952 Est
729 901 872 954 enim
901 902 1163 970 cupiditas
1178 903 1355 957 illusio
1380 917 1433 960 et
1468 909 1826 978 mendacium,

242 998 295 1040 ut
313 988 440 1042 dicit
469 990 666 1043 alicubi
696 989 860 1045 David
885 1010 899 1044 :
925 992 1103 1046 Lumbi
1130 996 1226 1048 mei
1265 997 1459 1065 impleti
1485 1011 1603 1053 sunt
1628 1001 1829 1056 illusio-

245 1077 578 1150 nibus(Psal.
599 1079 694 1136 '57.
721 1081 797 1151 8).
819 1082 934 1136 Non
949 1095 1028 1137 est
1056 1099 1116 1138 ea
1138 1101 1225 1140 res
1247 1089 1507 1156 voluptas,
1533 1091 1624 1146 sed
1644 1095 1830 1149 umbra

244 1170 553 1239 voluptatis.
575 1172 722 1238 Ideo,
741 1172 1019 1238 Succincti,
1037 1177 1226 1244 inquit,
1247 1178 1444 1233 lumbos
1469 1190 1659 1237 vestros
1685 1184 1734 1236 in
1755 1199 1828 1238 ve-

239 1263 388 1315 ritate
406 1279 423 1316 :
441 1262 547 1317 hoc
572 1273 675 1328 est,
707 1265 759 1318 in
777 1281 904 1320 vera
919 1266 1207 1335 voluptate,
1229 1269 1508 1338 modestia,
1524 1273 1822 1333 honestate.

307 1351 403 1406 Ira
444 1367 517 1406 cst
547 1356 654 1421 {cra
696 1356 930 1424 quoniam
956 1357 1257 1412 cohibenda.
1279 1389 1352 1400 —-
1381 1362 1671 1432 Propterea
1704 1365 1817 1424 lucc

239 1448 459 1510 suadet,
477 1445 664 1501 videns
693 1449 895 1518 peccati
924 1450 1335 1518 absurditatem,
1356 1465 1410 1510 et
1435 1457 1618 1514 volens
1647 1459 1824 1514 omnia

236 1539 493 1593 membra
542 1549 715 1592 nostra
761 1551 886 1595 esse
943 1541 1360 1614 circumquaque
1421 1549 1621 1605 munita
1668 1568 1680 1604 :
1734 1550 1824 1604 Ira

237 1632 384 1685 enim
412 1672 430 1696 ,
466 1631 636 1700 inquit
661 1675 672 1694 ,
698 1633 892 1700 iniusta
921 1649 1021 1686 non
1071 1636 1163 1688 erit
1189 1637 1362 1691 insons
1390 1638 1576 1708 (Eccli.
1606 1643 1658 1696 1.
1685 1641 1776 1709 2?.)
1807 1661 1820 1698 :

236 1731 290 1775 et
321 1720 434 1774 vult
462 1737 558 1775 nos
591 1721 736 1775 indui
762 1722 927 1776 lorica
953 1732 1007 1778 et
1035 1735 1209 1779 scuto.
1239 1728 1319 1782 ιη
1342 1730 1484 1783 enim
1505 1742 1588 1786 est
1610 1732 1716 1788 fera
1743 1733 1823 1788 fa-

235 1814 341 1869 cile
384 1814 628 1868 insiliens
663 1831 677 1868 :
711 1824 766 1868 et
810 1815 957 1870 mille
993 1817 1144 1871 nobis
1193 1820 1344 1874 vallis
1370 1831 1426 1877 et
1469 1825 1637 1892 septis
1687 1839 1821 1894 opus

234 1905 340 1958 erit
359 1902 427 1957 ad
454 1917 571 1958 eam
600 1906 958 1974 superandam
984 1911 1038 1961 et
1057 1908 1431 1965 cohibendam.
1451 1913 1517 1967 Et
1542 1923 1820 1984 propterea

235 1994 467 2050 maxime
518 1993 659 2048 hanc
719 2005 924 2065 partem
985 1998 1271 2055 tedilicavit
1333 2004 1490 2058 nobis
1556 2005 1700 2060 Deus
1751 2023 1816 2062 ex

232 2083 470 2153 ossibus,
503 2097 779 2158 tamquam
805 2106 872 2144 ex
899 2092 1220 2161 quibusdam
1253 2095 1538 2164 lapidibus,
1573 2097 1741 2153 fulcro
1768 2111 1819 2156 et

234 2178 568 2232 munimento
603 2179 651 2232 ei
680 2180 1086 2250 circumposito,
1121 2197 1187 2238 ne
1217 2183 1302 2238 his
1348 2187 1636 2257 aliquando
1674 2190 1821 2246 diru-

233 2268 336 2337 ptis
371 2273 428 2325 et
467 2268 750 2336 dissectis,
785 2277 954 2326 totum
985 2275 1274 2342 perimeret
1313 2278 1531 2333 animal.
1566 2279 1702 2349 Ignis
1733 2291 1816 2337 est

232 2363 407 2425 enim,
439 2363 655 2433 inquit,
704 2375 757 2419 et
803 2373 995 2436 magna
1039 2376 1329 2438 tempestas
1356 2410 1371 2434 ,
1414 2378 1468 2425 et
1521 2387 1628 2426 non
1675 2372 1818 2428 aliud

1948 545 2123 614 ipsum
2153 559 2247 597 cor
2269 585 2281 606 ,
2311 561 2430 598 cum
2477 547 2550 598 sit
2581 547 2631 598 in
2665 548 2810 601 molli
2839 590 2853 613 ,
2884 557 3150 618 tamquam
3193 551 3244 605 in
3294 553 3526 622 aliquam

1944 635 2187 690 insiliens
2213 636 2490 705 spongiam
2518 678 2532 698 ,
2562 638 2896 706 requiescat;
2947 655 3052 694 non
3101 651 3276 696 autem
3307 645 3356 697 in
3389 647 3526 699 resi-

1942 738 2093 780 Stens
2120 736 2177 780 et
2214 726 2404 780 durum
2434 736 2617 795 peetus
2638 769 2653 794 ,
2686 743 2754 783 ne
2784 729 3006 784 laedatur
3033 731 3235 800 impetu
3265 733 3520 788 saltuum.

1941 820 2085 889 Opus
2111 830 2194 876 est.
2219 835 2346 890 ergo
2375 821 2532 874 nobis
2553 821 2714 875 lorica
2735 823 2931 887 valida,
2962 832 3020 876 ut
3050 824 3186 878 hanc
3214 825 3378 879 feram
3398 840 3526 897 per-

1941 919 2099 978 petuo
2141 922 2425 966 conservet
2472 913 2524 966 in
2575 914 2752 982 quiete
2783 931 2794 966 :
2829 929 2964 982 opus
3015 924 3098 968 est
3133 925 3311 969 autem
3361 918 3517 970 nobis

1947 1008 2107 1060 etiam
2153 1005 2326 1077 galea.
2356 1007 2486 1060 Nam
2529 1007 2780 1076 quoniam
2814 1007 2923 1063 illic
2945 1017 3029 1065 est
3062 1008 3287 1066 facultas
3313 1012 3526 1066 ratioci-

1941 1097 2136 1161 nandi,
2169 1107 2222 1153 et
2265 1115 2331 1152 ex
2363 1099 2464 1153 hoc
2509 1108 2688 1169 potest
2732 1101 2815 1154 vel
2860 1103 3094 1165 servari,
3142 1103 3366 1173 quando
3390 1104 3526 1158 fiunt

1939 1203 2060 1258 quru
2103 1197 2349 1258 oportet;
2382 1191 2464 1245 vel
2515 1191 2691 1261 perire
2716 1234 2730 1254 ,
2754 1193 2967 1262 quando
2996 1208 3153 1249 secus
3187 1212 3200 1250 :
3239 1203 3523 1266 prepterea

1937 1280 2130 1349 inquit,
2169 1279 2232 1333 Et
2259 1282 2457 1351 galeam
2481 1283 2682 1336 salutis.
2713 1282 2844 1336 Nam
2873 1285 3155 1339 cerebrum
3180 1285 3395 1355 quidem
3429 1302 3524 1341 na-
3563 1307 3566 1310 δ

1937 1379 2054 1425 tura
2087 1382 2169 1426 est
2199 1373 2395 1436 molle;
2427 1384 2480 1428 ct
2509 1375 2628 1427 ideo
2659 1375 2885 1441 quadam
2921 1377 3078 1430 veluti
3115 1387 3246 1432 testa
3284 1393 3518 1447 superne

1937 1465 2137 1532 tegitur
2161 1465 2419 1521 calvaria.
2455 1467 2552 1522 Est
2579 1478 2755 1522 autem
2785 1467 2940 1522 nobis
2969 1485 3128 1524 causa
3159 1472 3395 1524 omnium
3429 1472 3525 1525 ho-

1940 1573 2126 1610 norum
2160 1567 2212 1611 et
2242 1559 2504 1613 malorum
2527 1601 2541 1623 ,
2576 1561 2716 1629 quod
2761 1565 3050 1630 cognoscat
3095 1571 3145 1616 et
3192 1579 3311 1632 qum
3333 1563 3522 1632 juvant

1925 1664 1981 1706 et
2039 1665 2154 1718 qum
2192 1662 2387 1704 nocere
2423 1661 2668 1718 possunt.
2691 1652 2807 1706 .lam
2851 1669 2979 1707 vero
3024 1653 3186 1721 pedes
3225 1669 3436 1723 quoque
3467 1664 3522 1706 et

1933 1753 2124 1795 manus
2151 1744 2302 1798 nobis
2331 1746 2498 1799 armis
2529 1745 2766 1818 indigent
2797 1765 2811 1802 :
2843 1764 2949 1804 non
2979 1748 3065 1805 ha:
3115 1765 3302 1805 manus
3346 1767 3520 1822 neque

1934 1830 1987 1883 hi
2021 1832 2182 1901 pedes
2209 1874 2223 1896 ,
2257 1835 2350 1888 sed
2401 1851 2587 1889 rursus
2617 1837 2778 1906 pedes
2831 1849 2886 1892 et
2935 1854 3125 1894 manus
3163 1842 3356 1896 animr‘e
3386 1860 3398 1895 :
3435 1842 3520 1895 lue

1936 1923 2151 1992 quidem
2182 1940 2300 1994 qua:
2329 1936 2542 1994 opertet
2574 1927 2926 1992 meditantes,
2957 1929 3028 1982 illi
3076 1941 3255 1985 autem
3287 1941 3343 1985 ut
3386 1941 3512 1986 cant

1935 2028 2042 2082 quo
2068 2014 2244 2070 decet.
2273 2014 2364 2071 Sic
2385 2031 2513 2085 ergo
2544 2032 2639 2071 nos
2664 2033 2958 2085 armemus,
2991 2031 3043 2074 ct
3072 2021 3366 2090 poterimus
3388 2021 3460 2076 ho
3489 2051 3513 2062 -

1933 2113 2042 2159 stes
2058 2119 2335 2176 superare,
2359 2117 2412 2162 et
2434 2123 2630 2162 corona
2657 2110 2893 2164 victorim
2923 2111 3183 2175 redimiri,
3219 2113 3271 2166 in
3301 2113 3516 2168 Christo

1929 2193 2055 2249 Jcsu
2079 2196 2305 2252 Domino
2337 2207 2546 2263 nostro,
2576 2215 2696 2253 cum
2725 2216 2830 2270 quo
2855 2201 3018 2264 Patri,
3040 2203 3303 2274 simulque
3328 2217 3515 2259 sancto

1927 2285 2149 2356 Spiritui
2175 2288 2379 2358 gloria,
2412 2297 2670 2358 potestas,
2703 2291 2907 2357 honor,
2938 2308 3080 2348 nunc
3101 2303 3151 2348 ct
3180 2310 3393 2363 semper
3413 2337 3426 2358 ,
3459 2307 3513 2349 et

1930 2374 1980 2428 in
2004 2379 2196 2431 sa'cula
2225 2381 2566 2438 sreculorum.
2600 2384 2792 2439 Amen.

1617 2557 1963 2622 HOMILIA
2004 2563 2109 2623 Vl.

234 2699 348 2753 CM‘.
375 2700 428 2753 5.
465 2716 517 2753 v.
553 2700 609 2753 7.
645 2699 987 2769 Quapropter,
1015 2699 1144 2752 sicut
1188 2699 1309 2752 dicit
1337 2698 1563 2768 Spiritus
1589 2711 1814 2770 sanctus,

300 2791 467 2845 llodie
483 2793 529 2846 si
551 2809 722 2846 vocem
747 2794 856 2862 ejus
882 2791 1166 2856 audieritis,
1187 2791 1241 2846 8.
1272 2791 1424 2845 nolite
1437 2792 1686 2848 obdurare
1704 2810 1819 2849 cor-

296 2885 360 2936 da
400 2893 568 2939 vestra
591 2925 607 2946 ,
642 2885 769 2937 sicut
813 2885 866 2937 in
917 2883 1328 2950 cxacerbatione,
1373 2885 1649 2938 secundum
1680 2885 1816 2940 diem

300 2977 594 3029 tetuationis
621 2976 672 3028 in
697 2975 894 3030 deserto
912 3014 926 3039 ,
951 2975 1034 3026 ubi
1074 2983 1389 3028 tentauerunt
1434 2989 1512 3028 me
1538 2984 1707 3044 patres
1730 2991 1817 3030 vc-

291 3069 420 3129 stri;
453 3067 794 3136 probaverunt
821 3081 917 3130 me,
945 3074 991 3118 et
1012 3065 1245 3118 viderunt
1273 3081 1427 3136 apera
1449 3081 1558 3119 mea
1581 3067 1812 3136 quadra-

297 3163 437 3230 ginta
465 3160 641 3212 annis.
667 3158 755 3213 10.
795 3155 1015 3226 Propter
1057 3158 1191 3227 quod
1219 3156 1444 3223 o/Tensns
1482 3157 1557 3226 fui
1599 3175 1816 3229 genera-

289 3253 412 3306 tioni
439 3252 582 3315 huic,
613 3261 658 3303 et
687 3251 796 3303 dixi
833 3266 851 3303 :
882 3249 1096 3319 Semper
1115 3261 1284 3302 errant
1307 3251 1458 3301 corde
1483 3265 1502 3302 :
1527 3250 1624 3318 ipsi
1645 3259 1814 3304 autent

290 3361 389 3398 non
417 3352 768 3414 cognoverunt
797 3342 903 3396 vias
924 3358 1079 3396 meas.
1107 3342 1191 3395 11.
1219 3339 1285 3395 Ut
1301 3341 1475 3410 juravi
1505 3341 1555 3394 in
1578 3342 1654 3394 ira
1677 3359 1809 3407 mea,

289 3437 350 3491 Si
393 3434 680 3489 introibant
710 3435 762 3486 in
790 3434 1010 3504 requiem
1037 3450 1220 3487 meam.

290 3529 339 3580 l.
362 3526 501 3581 Cum
528 3525 594 3579 dc
624 3539 719 3594 spe
744 3523 1083 3578 disseruisset
1103 3524 1320 3585 Paulus,
1351 3533 1402 3577 et
1428 3522 1810 3595 dixissetqnod

229 3618 410 3673 Domus
435 3619 549 3689 ejus
573 3634 766 3679 sumus,
800 3617 842 3670 si
875 3617 1116 3683 ﬁduciam
1144 3626 1190 3670 et
1217 3617 1571 3687 gloriationem
1599 3618 1708 3686 spei
1742 3618 1811 3670 ad

223 3713 367 3778 ﬁnem
391 3714 601 3779 ﬁrmmn
624 3711 930 3764 retineamus
957 3725 977 3762 :
999 3707 1102 3777 iam
1131 3709 1367 3764 ostendit
1393 3709 1531 3779 quod
1562 3719 1807 3778 oporteat

222 3812 440 3866 ﬁrmiter
500 3821 848 3880 exspectare,
910 3809 1067 3876 idque
1121 3809 1310 3878 probat
1373 3824 1438 3862 ex
1496 3807 1805 3875 Scripturis.

219 3903 491 3960 Attendite
546 3908 725 3956 autem
757 3918 771 3954 :
801 3900 1071 3956 difficilius
1113 3902 1254 3956 enim
1289 3889 1425 3955 illud
1454 3900 1592 3954 dixit
1629 3909 1684 3955 σι
1741 3901 1806 3957 ad

218 3993 780 4064 comprehendendum
812 3991 1112 4049 obscurius.
1158 3991 1517 4059 Quamobrem
1570 4001 1806 4060 Oportet,

219 4097 333 4139 cum
383 4100 510 4155 quze
564 4093 750 4138 nostra
806 4091 932 4136 sunt
978 4081 1294 4148 dixerimus,
1355 4091 1407 4135 et
1430 4091 1597 4136 totum
1650 4099 1807 4152 argn-

220 4187 455 4230 mentum
479 4190 578 4230 vos
609 4175 840 4229 breviter
869 4174 1234 4237 docuerimus,
1268 4173 1336 4226 ita
1389 4173 1658 4228 deducere
1686 4188 1808 4227 ora-

223 4270 416 4321 tionem
463 4266 533 4321 ad
575 4281 637 4320 ea
670 4281 790 4336 quae
844 4265 1041 4334 scripta
1095 4274 1221 4318 sunt
1260 4282 1274 4315 :
1329 4264 1482 4318 nobis
1521 4265 1663 4318 enim
1697 4279 1805 4318 non

224 4361 448 4428 amplius
476 4358 733 4428 cgebitis,
767 4357 816 4411 si
847 4372 1066 4424 scopum
1097 4367 1152 4409 et
1183 4355 1482 4409 institutum
1512 4355 1810 4410 didiceritis

224 4451 596 4520 apostolicum.
626 4448 710 4502 Ab
735 4462 800 4502 eo
840 4447 906 4501 de
933 4461 1026 4515 spe
1062 4445 1352 4514 agebatur,
1383 4455 1435 4500 et
1463 4446 1602 4514 quod
1636 4444 1808 4499 futura

231 4555 442 4608 sperare
492 4544 776 4608 Oporteat,
830 4547 882 4591 et
914 4536 1055 4606 quod
1087 4537 1153 4591 iis
1197 4537 1286 4606 qui
1321 4535 1405 4589 hic
1450 4537 1810 4590 laboraverint

233 4633 328 4685 erit
355 4645 572 4686 merces
615 4631 794 4700 aliqua
827 4638 881 4682 et
925 4627 1134 4683 fructus
1174 4638 1231 4683 et
1257 4627 1487 4696 requies.
1515 4627 1626 4682 lloc
1673 4643 1802 4697 ergo

235 4725 459 4778 Ostendit
506 4737 575 4778 ex
619 4722 877 4791 prepheta
914 4732 1014 4775 :et
1051 4720 1179 4790 quid
1221 4720 1394 4774 dicit?
1443 4719 1767 4788 Quapropter
1792 4762 1807 4785 ,

237 4817 350 4869 sicut
376 4816 501 4869 dicit
532 4812 758 4882 Spiritus
783 4825 1006 4879 sanctus,
1036 4812 1222 4880 Hodie,
1251 4814 1296 4867 si
1325 4829 1492 4866 vocem
1515 4814 1624 4882 ejus
1638 4814 1811 4865 audie-

239 4905 336 4958 ritis
356 4947 370 4969 ,
403 4905 560 4958 nolite
587 4904 837 4962 obdurare
859 4905 1019 4959 corda
1046 4914 1210 4960 ucstra
1228 4947 1244 4970 ,
1275 4905 1402 4959 sicut
1447 4908 1498 4960 in
1529 4907 1803 4961 exacerba-

239 4997 377 5059 tione,
405 4995 688 5051 secundum
715 4995 850 5050 diem
875 4995 1160 5049 tentationis
1187 4995 1243 5049 in
1279 4997 1498 5063 deserto,
1527 4998 1611 5050 ubi
1640 5008 1804 5051 tenta-

239 5095 400 5140 venint
441 5102 522 5140 me
556 5096 723 5156 patres
764 5085 950 5151 vestri,
991 5086 1323 5149 probaverunt
1362 5104 1459 5156 me,
1488 5098 1534 5140 et
1578 5089 1806 5141 viderunt

241 5194 377 5240 onera
423 5193 535 5234 mea
584 5179 926 5247 quadraginta
952 5178 1117 5231 annis.
1151 5176 1373 5248 Pr0pter
1401 5182 1538 5248 quod
1579 5179 1802 5246 oﬂ'ensus

243 5271 305 5334 (ui
333 5271 646 5341 generation'i
687 5269 804 5324 huic
831 5311 845 5334 ,
897 5277 945 5322 et
983 5270 1092 5322 dixi
1119 5285 1137 5322 :
1163 5268 1376 5334 Semper
1403 5283 1574 5325 errant
1607 5275 1757 5325 corde
1787 5288 1804 5324 :

241 5363 328 5426 ipsi
356 5374 517 5415 autem
553 5377 656 5415 non
690 5370 1029 5432 cognoverunt
1078 5361 1183 5415 vias
1228 5377 1380 5414 meas.
1410 5362 1599 5428 Quibus
1630 5364 1803 5431 juravi

239 5454 282 5504 in
303 5455 378 5506 ira
403 5468 542 5515 mea,
571 5452 633 5509 Si
665 5451 1014 5507 introibunlin
1037 5451 1254 5522 requiem
1284 5468 1448 5505 meam
1513 5451 1683 5519 (Psal.
1709 5453 1796 5507 9-4.

263 5546 391 5614 -ιι).
417 5546 587 5602 'Dicit
619 5556 729 5600 tres
754 5561 879 5601 esse
899 5544 1107 5614 quietes
1137 5561 1151 5598 :
1185 5559 1342 5598 unam
1366 5544 1592 5610 sabbati,
1623 5545 1673 5598 in
1697 5560 1799 5614 qua

300 5685 310 5711 ³
339 5682 421 5731 llic
445 5680 579 5732 Gn").
608 5676 857 5727 homiliam
879 5675 1065 5736 incipit.

513 5803 788 5862 Prmon.
851 5797 966 5858 (in.
1025 5802 1239 5862 l..\'lll.

1936 2706 2074 2760 Deus
2091 2705 2288 2775 quievit
2305 2704 2371 2758 ab
2389 2704 2640 2772 operibus
2653 2703 2764 2759 suis
2787 2723 2801 2759 :
2822 2704 3108 2759 secundam
3127 2705 3510 2771 Palaestinzn,iu

1931 2814 2088 2867 quam
2121 2795 2937 2866 ittgressiludmierantquieturi
2964 2810 2994 2849 a
3021 2795 3187 2849 multa
3215 2795 3510 2852 afﬂictione

1933 2888 2535 2943 ctlaboribusztcrtiam
2557 2928 2572 2952 ,
2603 2902 2722 2957 qua:
2749 2902 2878 2942 vere
2906 2896 2988 2940 est
3015 2888 3186 2956 quies,
3209 2903 3400 2957 nempe
3429 2904 3514 2942 re-

1931 2995 2090 3048 gnum
2104 2979 2542 3048 cmlorum.quam
2558 2979 2830 3047 assequuti
2845 2993 2969 3033 vere
2981 2979 3299 3048 quiescunta
3317 2980 3515 3034 labori.

1933 3072 2030 3126 lms
2057 3082 2110 3126 et
2136 3071 2530 3126 afflictionibus.
2547 3071 2727 3124 Trium
2745 3087 2872 3141 ergo
2897 3071 2982 3126 hic
3001 3073 3259 3126 meminit.
3282 3073 3345 3127 Et
3384 3089 3513 3143 qua-

1932 3179 2053 3217 nam
2077 3163 2143 3218 de
2159 3178 2319 3217 causa
2333 3162 2398 3217 de
2421 3178 2522 3216 una
2549 3163 2769 3232 loquens
2797 3165 2951 3217 trium
2969 3165 3240 3218 meminit?
3257 3164 3514 3220 UtoSten-

1929 3256 2080 3312 deret
2102 3255 2500 3327 prephetam'de
2531 3257 2627 3311 hac
2654 3257 2816 3325 loqui.
2845 3257 2975 3310 Nam
3008 3257 3073 3310 de
3097 3259 3286 3325 prima,
3322 3258 3510 3328 inquit,

1933 3364 2036 3401 non
2055 3348 2188 3402 dixit
2208 3347 2505 3417 :quomodo
2523 3348 2662 3401 enim
2686 3346 2753 3400 de
2782 3363 2840 3400 ea
2864 3364 2979 3416 qua:
2997 3347 3091 3401 fuit
3117 3348 3276 3402 olim?
3294 3348 3385 3401 sed
3415 3364 3514 3402 nec

1931 3442 1996 3496 de
2023 3441 2256 3496 secunda
2281 3457 2399 3510 quae
2446 3441 2543 3494 fuit
2570 3440 2620 3492 in
2657 3440 2935 3493 Palaestina
2967 3439 3278 3508 :qnomodo
3319 3441 3511 3494 enim?

1933 3533 2042 3602 ipsa
2074 3532 2215 3586 enim
2248 3531 2314 3584 ad
2345 3531 2545 3585 exitum
2571 3529 2821 3598 perducta
2862 3539 2962 3583 est.
2996 3527 3183 3583 Restat
3214 3539 3267 3583 ut
3306 3531 3416 3600 jam
3444 3531 3512 3584 sit

1937 3623 2048 3676 ha'c
2103 3623 2278 3676 tertia.
2337 3621 2564 3674 Necesse
2625 3630 2800 3671 autem
2845 3628 2926 3672 est
2980 3618 3253 3673 historiam
3302 3637 3514 3691 quoque

1934 3713 2242 3782 explicare,
2299 3721 2359 3765 ut
2413 3710 2778 3762 dilucidioretn
2842 3709 3122 3761 reddamus
3192 3712 3509 3764 orationem.

1932 3803 2062 3856 Nam
2131 3811 2405 3871 postquam
2481 3815 2545 3853 ex
2614 3797 2850 3867 [Egyplo
2903 3798 3138 3866 egreSsi,
3193 3800 3360 3852 tnulla
3428 3802 3511 3856 via

1932 3895 2211 3958 confecta,
2261 3903 2314 3947 ct
2370 3893 2460 3946 Dei
2509 3893 2719 3944 virtutis
2752 3889 3230 3944 innumerabilibus
3279 3895 3514 3960 acceptis

1934 3987 2140 4041 indiciis
2162 3994 2216 4039 et
2243 3984 2294 4037 in
2319 3983 2551 4054 Egypto
2579 3992 2634 4036 et
2664 3982 2715 4035 in
2749 3982 2879 4035 mari
2902 3981 3090 4036 Rubro
3112 3991 3165 4037 et
3192 3983 3245 4037 in
3275 3983 3512 4051 deserto,

1938 4078 2225 4131 voluerunt
2259 4075 2470 4128 mittere
2499 4072 2890 4143 speculatores,
2926 4083 3168 4128 naturam
3205 4085 3361 4129 terrae
3393 4092 3517 4142 spe-

1923 4157 2194 4210 culaturos
2235 4181 2246 4208 ;
2282 4157 2356 4210 illi
2401 4167 2582 4211 autem
2627 4160 2828 4228 egressi
2883 4159 3192 4226 redierunt,
3232 4163 3507 4230 regionem

1921 4247 2134 4314 quidem
2166 4247 2496 4302 admirantes
2518 4291 2532 4314 ,
2566 4258 2619 4303 et
2646 4251 3011 4317 praestantium
3060 4251 3329 4308 fructuum
3361 4255 3502 4308 lera-

1919 4353 2036 4393 cem
2063 4354 2182 4394 esse
2209 4339 2470 4403 dicentes,
2518 4340 2611 4394 sed
2649 4343 3137 4412 inexpugnabilium
3181 4348 3419 4402 virorum
3447 4359 3504 4403 et

1921 4427 2193 4483 fortiorum
2213 4443 2330 4483 esse
2358 4431 2627 4499 regionem
2661 4450 2675 4484 :
2709 4434 2895 4502 ingrati
2923 4444 3100 4489 autem
3132 4447 3182 4490 et
3210 4438 3354 4491 nullo
3376 4454 3507 4493 scn-

1919 4535 1981 4573 su
2015 4519 2220 4588 praediti
2251 4519 2420 4574 Judaei
2449 4564 2462 4586 ,
2495 4537 2614 4576 cum
2655 4534 2929 4592 oporteret
2973 4542 3066 4580 eos
3098 4528 3334 4596 priorum
3388 4545 3496 4583 me-

1921 4611 2143 4664 minisse
2163 4611 2254 4665 Dei
2275 4611 2680 4675 beneficiorum.
2704 4625 2756 4669 et
2773 4617 3039 4685 quomodo
3057 4634 3150 4673 eos
3175 4621 3502 4689 interceptos

1921 4701 1972 4754 in
2005 4701 2180 4755 medio
2213 4711 2482 4756 tantorum
2532 4701 2969 4776 Egyptiacorum
3021 4712 3349 4765 exercituum
3393 4714 3503 4767 eri-

1922 4792 2032 4859 puit
2084 4806 2111 4844 a
2144 4795 2426 4862 periculis,
2457 4804 2512 4850 et
2560 4812 2748 4852 eorum
2781 4800 2957 4854 eﬂ‘ecit
2987 4802 3140 4870 potiri
3189 4804 3406 4872 Spoliis;
3441 4819 3503 4859 ac

1920 4883 2187 4951 quomodo
2213 4901 2398 4940 rursus
2426 4887 2476 4940 in
2509 4887 2724 4942 deserto
2751 4900 2953 4959 petram
2971 4893 3127 4960 rupit,
3164 4906 3215 4948 et
3245 4911 3503 4963 aquarum

1921 4973 2140 5028 donavit
2169 4974 2552 5030 abundantiam
2578 4988 2630 5032 et
2663 4996 2853 5034 manna
2881 4984 3127 5049 prmhuit,
3162 4997 3213 5039 et
3247 4986 3347 5038 alia
3372 4987 3502 5039 ell‘e-

1921 5068 1992 5121 eit
2019 5068 2306 5134 mirabilia,
2338 5079 2395 5123 ut
2437 5070 2542 5123 Deo
2574 5073 2856 5127 crederent
2879 5092 2891 5127 :
2912 5074 3100 5130 horum
3131 5077 3344 5146 quidem
3374 5078 3503 5134 nihil

1921 5159 1998 5211 eis
2023 5159 2167 5213 venit
2211 5160 2262 5213 in
2290 5169 2521 5215 mentem
2548 5202 2561 5225 ,
2596 5171 2862 5231 tamquam
2895 5164 3027 5217 nihil
3055 5168 3274 5220 omnino
3307 5168 3501 5224 factum

1922 5259 2062 5304 esset
2090 5293 2100 5315 ,
2128 5250 2220 5306 sed
2252 5253 2460 5304 attoniti
2503 5263 2553 5306 et
2587 5255 2864 5322 stupefacti
2886 5298 2899 5319 ,
2947 5257 3195 5311 volebant
3227 5261 3422 5314 reverti
3453 5264 3503 5314 in

1921 5339 2228 5413 Egyptum,
2257 5343 2532 5399 dicentes:
2563 5344 2758 5398 Eduxit
2789 5361 2886 5399 nos
2919 5347 3018 5398 huc
3043 5348 3202 5412 Deus,
3236 5360 3290 5403 ut
3319 5366 3415 5404 nos
3438 5353 3504 5405 de

1924 5433 2100 5488 medio
2133 5434 2340 5488 tolleret
2369 5451 2489 5488 cum
2525 5435 2647 5489 filiis
2676 5446 2728 5490 et
2757 5437 3033 5489 uxoribus.
3068 5439 3208 5494 Deus
3235 5438 3363 5510 ergo
3410 5443 3504 5497 ira-

1923 5536 2097 5583 scens,
2131 5523 2272 5592 quod
2301 5540 2487 5579 eorum
2517 5543 2633 5595 qum
2659 5527 2789 5579 facta
2822 5526 3033 5580 fuerant
3080 5539 3184 5585 tam
3233 5535 3342 5587 cito
3365 5536 3502 5590 ami—

1923 5613 2116 5666 sissent
2146 5616 2493 5678 memoriam,
2522 5618 2722 5683 juravit
2765 5618 3162 5684 generationem
3209 5624 3354 5678 illam
3384 5643 3502 5696 qme

1927 5706 2036 5758 lure
2069 5705 2291 5771 dixerat,
2328 5725 2428 5761 non
2464 5709 2821 5776 ingresutaut
2856 5707 2905 5760 in
2940 5713 3214 5778 requiem;
3244 5727 3295 5770 et
3315 5733 3505 5773 otunes

3129 5815 3164 5872 Ῐι
