3956 6138
433 226 499 279 5ἲί
1100 242 1155 297 S.
1200 244 1474 303 JO.\NNIS
1513 246 1989 308 CllliYSOSTOill
2029 252 2343 313 AliClllEP.
2385 258 2915 319 CONSTANTINOP.
3633 262 3705 317 5c

426 352 695 418 perierunt
721 350 771 405 in
799 348 1036 406 deserto.
1065 350 1192 404 Nam
1219 351 1380 406 David
1403 361 1604 422 postea,
1632 363 1750 424 post
1782 355 1996 412 illorum

422 444 821 508 generationem
853 444 1073 514 loquens
1094 485 1108 507 ,
1138 445 1347 499 dicehat
1372 486 1385 508 ,
1422 444 1588 500 Hodie
1615 448 1660 500 si
1693 464 1855 503 vocem
1888 452 1997 522 ejus

423 535 686 587 audieritis
710 574 725 598 ,
757 535 949 603 inquit,
983 533 1138 587 nolite
1169 535 1417 589 obdurare
1462 537 1619 591 corda
1649 550 1839 604 vestra,
1872 543 2001 595 sicut

432 625 484 675 in
531 624 916 678 exacerbatione
946 640 965 687 ;
994 627 1199 694 (piare?
1233 644 1297 678 ne
1344 627 1528 681 eadem
1560 631 1829 698 patiamini
1877 649 1993 701 quae

428 715 656 783 majores
709 717 906 778 vestri,
960 726 1013 771 et
1058 718 1332 783 prircmini
1395 720 1576 788 requie
1632 739 1645 774 :
1696 732 1840 777 certe
1899 722 2000 777 hoc

441 804 567 859 dicit
593 820 658 859 eo
686 806 825 875 quod
866 809 936 860 sit
961 823 1083 860 vere
1113 809 1338 876 requies.
1391 809 1517 862 Nam
1558 811 1600 863 si
1648 814 2003 881 accepissent,

427 899 621 967 inquit,
644 900 885 968 requiem
909 941 925 965 ,
956 914 1186 969 quanam
1220 900 1288 954 de
1315 916 1473 956 causa
1502 906 1579 956 eis
1608 920 1793 958 rursus
1822 907 1945 957 dicit
1984 924 1995 958 :

441 1000 710 1070 Hodic(a)
772 1000 815 1053 si
868 1015 1035 1053 vocem
1084 1000 1194 1067 ejus
1239 1000 1520 1065 audieritis,
1560 1001 1714 1053 nolite
1763 998 2011 1053 obdurare

439 1091 596 1147 corda
615 1101 796 1155 vestra,
827 1092 956 1145 sicut
983 1093 1031 1143 in
1060 1091 1435 1145 cnn'erbatiozte
1459 1093 1482 1144 ?

513 1182 795 1240 Sabbatum
816 1193 889 1237 est
910 1185 1050 1254 regni
1081 1184 1315 1236 rwlorum
1348 1194 1521 1253 typus.
1550 1215 1616 1223 —-
1647 1185 1898 1250 Qumnam
1932 1191 2016 1236 est

447 1291 570 1347 ergo
599 1278 700 1330 alia
724 1277 934 1345 requies
963 1293 1118 1344 quam
1152 1290 1369 1344 regnum
1401 1278 1675 1341 mulorum,
1708 1276 1857 1345 cujus
1885 1277 2016 1329 ima-

439 1386 506 1437 go
539 1378 592 1422 et
622 1377 783 1438 typus
806 1376 885 1419 est
911 1368 1233 1419 sabbatum?
1264 1366 1460 1420 llciudc
1489 1407 1503 1430 ,
1546 1382 1664 1421 eum
1702 1366 2011 1419 universum

442 1464 711 1531 posuisset
737 1460 1101 1515 testimonium
1132 1465 1146 1526 (
1178 1459 1278 1513 hoc
1299 1468 1474 1513 autem
1506 1468 1589 1513 est
1613 1501 1626 1521 ,
1663 1457 1830 1511 Hodie
1854 1458 1895 1509 si
1928 1472 2014 1510 vo-

439 1573 545 1608 cem
575 1555 685 1623 ejus
706 1553 989 1615 audieritis,
1014 1553 1168 1604 nolite
1194 1551 1442 1604 obdurare
1471 1550 1623 1603 corda
1653 1560 1813 1603 vestra
1838 1591 1851 1611 ,
1881 1550 2009 1603 sicut

438 1651 490 1699 in
509 1646 885 1700 exacerbatione
905 1686 920 1702 .
949 1644 1221 1697 sectmduin
1244 1643 1374 1695 diem
1403 1643 1690 1695 tentationis
1713 1642 1763 1694 in
1786 1641 2004 1703 deserto.

438 1739 520 1791 ubi
542 1747 858 1791 tentaverunt
882 1752 957 1788 me
984 1746 1153 1804 patres
1179 1735 1366 1797 vestri;
1393 1738 1722 1804 probarerunt
1755 1749 1832 1785 me
1861 1742 1908 1784 et
1932 1732 2010 1785 vi-

436 1832 614 1882 derunt
640 1843 793 1896 opera
832 1843 940 1878 nica
969 1827 1310 1894 quadraginta
1339 1826 1505 1876 annis.
1530 1824 1751 1893 Propter
1776 1823 1912 1893 quod
1931 1824 2008 1892 of-

437 1925 606 1990 fensus
633 1920 710 1988 fui
735 1919 1044 1988 generationi
1071 1916 1168 1981 illi,
1191 1927 1235 1970 et
1255 1917 1383 1981 dixi,
1407 1916 1807 1986 Sempercrrant
1825 1915 2009 1968 corde:

432 2014 733 2078 insimulent
769 2028 867 2063 non
898 2020 1233 2080 cognoverunt
1263 2010 1369 2062 vias
1397 2026 1531 2062 meas
1560 2026 1577 2073 ,'
1625 2010 1804 2079 quibus
1834 2008 2010 2078 juravi
2048 2000 2055 2001 ί

431 2105 483 2156 in
512 2105 590 2156 ira
615 2117 744 2167 mea,
778 2100 836 2155 Si
860 2101 1130 2154 introibant
1152 2100 1204 2151 in
1231 2100 1447 2169 requiem
1471 2099 1663 2169 meam)
1689 2140 1705 2164 ,
1737 2108 1861 2151 tunc
1886 2098 2014 2153 Sub-

425 2192 602 2263 jnngit
657 2211 671 2246 :
715 2192 801 2245 l9...
844 2190 1019 2244 Videte
1043 2231 1057 2254 ,
1087 2194 1291 2260 fratres,
1318 2205 1379 2242 ne
1400 2189 1532 2258 forte
1559 2190 1623 2242 sit
1653 2191 1705 2242 in
1732 2190 1901 2256 aliquo
1929 2204 2008 2241 νε-

428 2297 586 2338 stram
611 2300 699 2337 eor
725 2283 913 2336 malum
944 2281 1312 2335 incredulitatis
1345 2280 1647 2333 discedendo
1679 2296 1711 2333 a
1738 2278 1846 2333 Deo
1877 2281 2006 2333 vivo.

431 2376 510 2428 lix
552 2373 748 2427 duritie
793 2372 934 2426 enim
978 2372 1038 2424 lit
1079 2370 1423 2425 incredulitas
1461 2389 1473 2425 :
1512 2381 1566 2425 et
1611 2370 1750 2424 sicut
1786 2385 2009 2439 corpora

428 2484 547 2535 qua:
578 2465 939 2518 occalluerunt
966 2472 1019 2517 et
1048 2463 1298 2517 duritiem
1329 2472 1751 2526 contraxerunt,
1783 2478 1888 2515 non
1921 2478 2011 2516 re-

429 2561 563 2610 dnnt
594 2555 838 2611 manibus
866 2555 1222 2610 medicormn:
1245 2556 1315 2609 ita
1341 2555 1500 2610 etiam
1533 2555 1790 2609 indurata:
1816 2556 2009 2609 animm

429 2666 533 2703 non
561 2647 759 2704 cedunt
785 2646 946 2701 verbo
976 2646 1067 2699 Dei
1102 2664 1114 2700 :
1149 2655 1232 2700 est
1257 2646 1398 2703 enim
1428 2645 1717 2699 verisimile
1746 2645 2006 2714 quosdam

430 2742 532 2815 iam
560 2754 663 2793 non
697 2737 919 2792 credere
951 2778 963 2799 ,
1000 2746 1267 2805 tamquam
1297 2752 1401 2790 non
1427 2751 1552 2791 vera
1584 2736 1693 2789 sint
1723 2750 1840 2805 qua:
1872 2735 2008 2791 facta

428 2841 571 2885 sunt.
604 2829 889 2899 Propterea
918 2827 1046 2881 dicit
1070 2843 1082 2881 :
1123 2825 1297 2880 Videte
1319 2842 1382 2880 ne
1403 2826 1534 2894 [orte
1557 2826 1622 2879 sit
1647 2826 1699 2880 in
1723 2826 1893 2896 aliqua
1920 2842 2001 2881 ve-

426 2936 583 2979 stram
613 2939 700 2976 cor
728 2922 917 2976 malum
940 2919 1310 2974 incredulitatis
1337 2918 1641 2973 discedendo
1668 2936 1698 2971 a
1738 2917 1845 2972 Deo
1873 2920 2003 2974 viro.

423 3013 555 3070 Nam
585 3014 835 3084 quoniam
862 3027 1041 3067 Sermo
1068 3011 1134 3066 de
1163 3011 1350 3065 futuris
1379 3026 1482 3064 non
1511 3019 1592 3064 est
1619 3009 1751 3063 adeo
1776 3009 2006 3064 credibi-

425 3109 510 3171 lis,
547 3117 599 3159 ut
629 3106 819 3177 quiest
849 3104 916 3160 de
951 3086 1252 3174 piadcritis,
1287 3103 1366 3157 cis
1389 3102 1667 3155 historiam
1707 3110 1924 3156 revocat
1950 3102 2003 3156 in

426 3202 738 3256 memoriam
771 3241 785 3266 ,
819 3198 869 3252 in
898 3212 998 3268 qua
1028 3195 1130 3250 ﬁde
1159 3204 1441 3265 eguerunt.
1471 3193 1602 3249 Nam
1631 3193 1674 3247 si
1696 3199 1878 3263 patres
1905 3207 2003 3249 ve-

422 3294 518 3348 stri
550 3335 563 3356 .
610 3293 821 3362 inquit,
865 3290 1116 3360 quoniam
1150 3303 1252 3342 non
1286 3296 1638 3356 speraverant
1684 3295 1742 3340 ut
1786 3300 2005 3356 sperare

422 3388 657 3456 oportuit
680 3426 694 3449 ,
728 3384 840 3438 haec
868 3382 1011 3454 passi
1042 3390 1166 3436 sunt
1191 3421 1204 3441 ,
1233 3381 1403 3435 multo
1433 3378 1601 3449 magis
1629 3391 1726 3433 vos
1758 3395 1772 3432 :
1806 3377 1872 3431 ad
1900 3392 1994 3434 eos

424 3486 568 3538 enim
603 3484 717 3537 hate
742 3479 903 3536 verba
938 3481 1090 3535 llunt.
1136 3478 1266 3533 Illud
1297 3478 1439 3533 enim
1470 3519 1483 3541 ,
1537 3476 1704 3531 Hodie
1732 3518 1747 3544 ,
1788 3475 2000 3547 inquit,

422 3592 635 3648 semper
660 3584 742 3630 est
766 3573 1019 3646 quamdiu
1048 3572 1279 3627 mundus
1304 3570 1628 3625 constiterit.
1659 3569 1746 3625 15.
1781 3569 1889 3624 Sed
1906 3569 1999 3622 ad-

423 3670 692 3723 hortamini
730 3667 1053 3738 vosmetipsos
1084 3681 1171 3734 per
1199 3664 1427 3733 singulos
1458 3661 1564 3715 dies
1596 3702 1612 3728 ,
1654 3662 1813 3715 donec
1855 3656 2004 3713 hodie

421 3765 822 3833 cognominatur.
872 3760 983 3814 lloc
1020 3767 1135 3824 est,
1169 3756 1457 3812 )Edilicate
1488 3770 1598 3824 _vos
1641 3755 1957 3809 alterutrum
1981 3788 1998 3820 ,

420 3856 608 3924 erigite
635 3870 731 3908 vos
764 3853 908 3925 ipsos
932 3892 947 3914 ,
976 3860 1031 3904 ut
1062 3866 1168 3905 non
1204 3848 1328 3902 ﬁant
1359 3846 1568 3902 eadem.
1612 3844 1680 3900 Ut
1709 3862 1808 3899 non
1839 3845 2000 3898 obdu-

420 3956 557 3999 retnr
576 3945 687 4013 quis
709 3959 770 3995 ea:
796 3942 931 3995 vobis
957 3940 1165 4009 fallacia
1193 3936 1401 4008 peccati.
1694 3952 1701 3957 θ

491 4037 548 4090 9.
597 4034 763 4087 Vides
804 4031 945 4101 quod
996 4039 1274 4099 peccatum
1322 4028 1484 4081 iaciat
1527 4025 2002 4081 incredulitatem?

426 4126 556 4180 Nam
607 4134 665 4179 ιιι
704 4122 1049 4177 incredulitas
1080 4119 1275 4173 malam
1319 4118 1458 4187 parit
1499 4116 1697 4183 vitam,
1722 4116 1797 4169 ita
1843 4116 2000 4170 etiam

419 4232 620 4279 anima,
644 4229 767 4269 cum
789 4216 844 4266 in
870 4209 1201 4282 profundum
1224 4206 1488 4261 malorum
1503 4207 1737 4269 venerit,
1760 4216 2003 4258 contem-

422 4309 532 4372 nit;
562 4315 922 4363 contemnens
947 4312 1130 4358 autem
1153 4317 1221 4356 ne
1246 4299 1480 4354 sustinet
1502 4297 1724 4367 quidem
1752 4296 1999 4361 credere,

425 4408 484 4453 ut
508 4413 565 4452 se
587 4413 618 4451 a
647 4404 793 4451 metu
822 4394 1041 4448 liberet.
1067 4392 1330 4447 Dixerunt
1355 4389 1523 4452 enim,
1556 4387 1752 4457 inquit,
1778 4386 1895 4441 Non
1924 4403 2003 4440 vt-

422 4490 558 4544 u’ebit
579 4487 858 4551 Dominus,
882 4501 973 4537 nec
998 4482 1252 4554 intelliget
1272 4482 1410 4535 Deus
1422 4478 1586 4535 Ίαεοὸ
1610 4478 1776 4551 (Psul.
1798 4480 1885 4534 95.
1914 4477 1998 4549 7);

422 4591 477 4634 et
504 4594 716 4642 rursus,
745 4576 909 4631 Labia
939 4582 1121 4628 nostra
1154 4592 1185 4627 α
1212 4573 1354 4627 nobis
1377 4582 1535 4638 sunt;
1562 4572 1675 4642 quis
1704 4578 1879 4624 noster
1901 4568 2005 4622 Do-

422 4674 593 4725 minus
626 4680 699 4723 est
734 4668 907 4740 (Psal.
937 4667 1022 4721 11.
1052 4665 1141 4737 5)?
1171 4665 1501 4735 iterumque,
1523 4662 1631 4718 Cur
1656 4663 1886 4718 irritavit
1907 4661 2007 4715 im-

418 4765 539 4833 pius
565 4761 729 4818 Deum
755 4761 924 4833 (Ptol.
954 4760 1039 4815 10.
1064 4760 1147 4814 15.
1164 4775 1267 4813 sec.
1290 4754 1511 4829 Helm)?
1549 4762 1607 4810 et
1631 4769 1842 4818 rursus,
1862 4753 2006 4807 Dixit

421 4853 674 4925 insipiens
700 4853 754 4906 in
776 4852 926 4906 corde
943 4866 1040 4907 suo
1057 4867 1076 4906 :
1094 4850 1209 4905 Non
1236 4860 1310 4903 est
1336 4848 1496 4905 Deus.
1524 4845 1775 4916 Carr-apti
1793 4855 1935 4909 sunt,
1958 4860 2005 4898 υτ

425 4945 804 5000 abominabiles
824 4945 948 5016 facti
972 4952 1092 5001 sunt
1116 4945 1171 4997 in
1194 4942 1378 4998 studiis
1396 4942 1506 4997 suis
1534 4937 1703 5009 (Psal.
1731 4936 1818 4991 15.
1846 4936 1919 5006 1).
1941 4936 2007 4990 Ει

426 5048 638 5100 rursus,
651 5031 698 5088 Ν
702 5050 767 5088 οη
782 5042 858 5089 est
885 5036 1041 5089 timor
1054 5032 1148 5089 Dei
1164 5043 1287 5089 ante
1303 5030 1478 5088 oculos
1493 5044 1703 5095 eorum;
1724 5037 1782 5083 et
1797 5042 2003 5092 rursus,

426 5124 690 5190 Quoniam
718 5123 895 5179 dolose
923 5125 1025 5197 egit
1047 5127 1101 5179 iri
1115 5132 1392 5198 conspectu
1416 5122 1552 5193 ejus,
1573 5128 1633 5173 ut
1658 5117 1891 5173 inveniat
1910 5116 2010 5169 ini-

425 5215 679 5286 quitatem
694 5215 807 5287 ejus
820 5223 864 5270 et
878 5215 1043 5271 oderit
1060 5214 1228 5286 (Psal.
1250 5215 1338 5269 '55.
1356 5213 1408 5271 2.
1428 5213 1484 5288 3)
1496 5256 1507 5267 .
1521 5212 1775 5270 Christus
1790 5228 2008 5285 quoque

425 5307 532 5363 hoc
555 5306 623 5362 ad
640 5306 822 5379 ipsum
842 5307 1001 5363 dicit:
1022 5307 1202 5366 Omnis
1219 5309 1309 5380 qui
1328 5305 1470 5362 male
1486 5305 1617 5378 agit,
1635 5306 1743 5375 odit
1760 5306 1945 5368 lucem,
1962 5316 2009 5358 et

430 5430 533 5468 non
563 5414 692 5468 venit
713 5410 781 5464 ad
809 5409 968 5463 lucem
988 5404 1006 5476 (
1026 5402 1184 5458 Joan.
1217 5400 1271 5455 3.
1300 5396 1372 5451 20
1392 5397 1432 5467 ).
1461 5394 1663 5450 Deinde
1699 5392 1965 5462 subjungit
1994 5408 2006 5445 :

433 5508 721 5575 l’nrtiripes
750 5501 938 5558 Christi
963 5495 1128 5566 e/fecti
1147 5508 1340 5548 sumus.
1369 5489 1505 5557 Quid
1537 5486 1639 5543 hoc
1669 5495 1771 5551 est,
1802 5483 2010 5537 Partiri-

497 5639 567 5699 (a)
592 5638 682 5687 llic
718 5637 891 5695 ingens
923 5632 1000 5680 est
1031 5626 1191 5676 hiatus
1230 5621 1281 5670 in
1313 5614 1590 5670 Colbertiuo
1622 5612 1838 5676 quinque
1877 5607 2014 5671 pagi-

433 5716 618 5752 nurum.

2128 390 2215 442 pes
2243 371 2430 427 Christi
2458 370 2623 438 effecti
2649 386 2823 423 sumus
2846 371 2872 424 il
2897 369 3071 424 Unum
3105 369 3277 427 effecti
3309 387 3498 429 sumus
3528 391 3625 432 nos
3645 390 3702 434 ct

2129 463 2242 533 ipse
2272 480 2286 517 :
2319 461 2580 531 siquidem
2630 461 2744 530 ipse
2784 459 2998 530 quidem
3029 472 3186 531 caput
3209 504 3225 527 ,
3257 478 3354 518 nos
3382 473 3558 521 autem
3585 483 3707 523 cor-

2127 570 2246 625 pus,
2279 553 2576 609 coheredes
2595 594 2610 619 ,
2643 562 2699 630 et
2719 555 3151 621 concorporales.
3179 553 3354 609 Unum
3382 571 3579 626 corpus
3604 578 3701 613 su-

2125 662 2245 704 mus
2278 662 2344 701 ex
2392 660 2552 699 carne
2589 644 2705 714 ejus
2727 685 2742 709 ,
2782 644 2993 715 inquit,
3028 656 3082 700 et
3129 662 3197 701 ex
3230 647 3441 703 ossibus
3474 650 3610 719 ejus.
3641 653 3704 708 Si

2124 750 2288 793 tatnen
2312 736 2512 789 initium
2540 734 2835 789 substantia:
2864 736 2973 804 ejus
3010 751 3165 805 usque
3193 738 3261 789 ad
3287 738 3440 803 ﬁnem
3478 742 3700 794 retinea-

2122 832 2255 885 lnus.
2285 827 2421 896 Quid
2449 837 2567 893 est,
2615 825 2827 881 Initium
2853 826 3150 881 substantia:
3179 830 3332 898 ejus?
3369 830 3553 885 Fidem
3606 850 3702 902 per

2123 934 2283 990 quam
2313 919 2672 985 constitimus,
2703 927 2757 973 et
2777 916 2943 987 geniti
2974 931 3158 971 sumus
3180 956 3195 981 ,
3221 924 3277 971 et
3298 924 3356 970 ut
3386 916 3456 970 ita
3483 917 3656 972 dicam
3686 956 3705 982 ,

2123 1008 2589 1065 consubstantiati.
2622 1008 2820 1062 Deinde
2847 1006 3119 1077 subjungit
3151 1023 3165 1060 :
3208 1007 3296 1061 15.
3328 1004 3467 1062 Dum
3494 1007 3706 1074 dicitur,

2130 1100 2298 1155 Hodie
2321 1101 2365 1155 si
2395 1116 2561 1153 vocem
2601 1099 2711 1170 ejus
2736 1098 3000 1152 audieritis
3029 1139 3042 1161 ,
3074 1080 3228 1151 nolite
3254 1097 3506 1153 obdurare
3544 1100 3704 1153 corda

2124 1202 2305 1257 vestra,
2334 1192 2471 1266 sicut
2492 1191 2541 1244 in
2564 1188 2963 1243 exacerbatione.
2991 1188 3114 1241 Haec
3141 1188 3357 1243 inverso
3386 1187 3578 1243 ordine
3607 1203 3706 1258 pn-

2123 1295 2321 1339 nuntur
2347 1324 2363 1348 ,
2394 1281 2592 1337 deinde
2617 1281 2901 1350 adjicitur:
2928 1280 3077 1351 (Cap.
3107 1280 3161 1349 4)
3198 1280 3243 1333 1.
3274 1280 3563 1335 Timeamus
3589 1296 3708 1351 ergo

2123 1394 2185 1431 ne
2210 1381 2339 1446 forte
2357 1376 2535 1429 relicta
2559 1374 2923 1444 pollicitatione
2942 1372 3232 1426 introeundi
3254 1373 3307 1425 in
3325 1372 3547 1443 requiem
3570 1374 3703 1443 ejus,

2123 1470 2433 1523 existimetur
2458 1467 2644 1536 aliquis
2673 1482 2735 1518 ea:
2760 1464 2894 1518 vobis
2916 1464 3105 1517 deesse.
3129 1463 3182 1517 2.
3212 1460 3415 1517 Etenim
3445 1463 3588 1517 nobis
3613 1480 3706 1516 an-

2123 1560 2411 1613 nantiatum
2442 1568 2514 1611 est
2534 1598 2549 1624 ,
2580 1556 3003 1627 quemadmodum
3031 1564 3076 1607 et
3123 1554 3248 1608 illis.
3294 1553 3429 1609 Dum
3472 1555 3659 1608 dicitur
3685 1595 3701 1620 ,

2126 1650 2295 1705 lloaie
2321 1652 2364 1704 si
2391 1665 2559 1703 vocem
2586 1650 2694 1718 ejus
2719 1647 2999 1700 audieritis.
3035 1645 3166 1698 Illud
3198 1646 3341 1699 enim
3371 1643 3535 1698 Hodie
3564 1661 3709 1700 scm-

2122 1759 2218 1814 per
2247 1751 2349 1797 est.
2378 1741 2579 1797 Deinde
2604 1742 2680 1793 ait
2708 1758 2719 1792 :
2755 1739 2861 1794 Sed
2880 1756 2980 1792 non
3009 1738 3195 1808 profuit
3227 1738 3331 1791 illis
3350 1754 3512 1791 sermo
3548 1740 3708 1792 audi-

2122 1845 2221 1901 tus,
2245 1851 2344 1888 non
2362 1833 2617 1887 admixtus
2636 1834 2755 1901 fidei
2772 1847 2837 1886 ea:
2861 1831 2924 1885 iis
2950 1845 3064 1901 qua:
3081 1830 3383 1894 audierunt;
3410 1831 3707 1886 ostendens

2121 1925 2391 1996 quomodo
2439 1939 2544 1978 non
2589 1922 2787 1993 profuit
2835 1938 2851 1978 :
2898 1932 3178 1992 preptcrca
3231 1922 3372 1975 enim
3427 1936 3532 1975 non
3574 1936 3707 1991 pro-

2121 2016 2217 2071 luit
2269 2017 2390 2087 quia
2438 2014 2625 2070 deerat
2662 2012 2814 2067 ﬁdes.
2856 2011 3060 2068 Deinde
3101 2010 3286 2066 volens
3322 2026 3416 2067 eos
3459 2021 3663 2068 terrere
3687 2054 3704 2078 ,

2121 2107 2224 2162 hoc
2255 2108 2426 2176 ipsum
2467 2104 2702 2160 ostendit
2744 2119 2842 2172 per
2891 2117 2956 2160 ea
3001 2116 3122 2175 quae
3169 2100 3320 2157 dicit.
3354 2103 3443 2157 16.
3477 2103 3705 2170 Quidam

2120 2205 2253 2253 enim
2272 2197 2534 2252 audientes
2558 2195 3004 2261 exacerbavertmt,
3031 2193 3122 2248 sed
3142 2208 3243 2247 non
3270 2209 3441 2248 omnes
3467 2197 3553 2269 qui
3574 2214 3670 2266 pro
3695 2229 3707 2237 -

2119 2291 2236 2360 fecti
2262 2299 2380 2343 sunt
2407 2304 2469 2342 eo;
2496 2286 2728 2357 .Egypto
2775 2302 2863 2355 per
2902 2285 3149 2356 Moysem.
3188 2285 3275 2339 17.
3312 2285 3507 2352 Quibus
3530 2296 3703 2340 autem

2118 2384 2348 2452 infensus
2379 2382 2474 2451 fuit
2503 2380 2842 2449 quadraginta
2868 2379 3016 2432 annis
3040 2377 3065 2431 .9
3091 2378 3375 2432 nonneillis
3402 2379 3489 2449 qui
3517 2395 3701 2449 pecca-

2118 2483 2315 2540 verunt,
2345 2488 2560 2545 quorum
2585 2470 2832 2524 cadavera
2861 2470 3086 2539 projecta
3115 2479 3233 2522 sunt
3262 2470 3314 2522 in
3344 2468 3584 2523 deserto?
3611 2470 3703 2525 18.

2122 2566 2315 2634 Quibus
2340 2573 2507 2619 autent
2538 2563 2736 2634 juraait
2767 2578 2870 2615 non
2894 2561 3103 2615 introire
3147 2563 3201 2614 in
3242 2562 3466 2631 requiem
3494 2562 3658 2632 ipsius
3684 2604 3703 2629 ,

2120 2659 2220 2715 nisi
2246 2658 2312 2713 iis
2334 2657 2419 2729 qui
2441 2653 2690 2710 increduli
2714 2657 2917 2724 fuerunt
2938 2654 2964 2708 ?
2985 2651 3071 2707 19.
3103 2651 3171 2706 Ει
3203 2652 3425 2707 videmus
3444 2653 3579 2723 quod
3600 2670 3707 2708 non

2120 2750 2370 2825 potuerint
2396 2748 2605 2803 introire
2632 2747 2685 2801 in
2707 2745 2927 2816 requiem
2947 2745 3108 2816 ipsius
3136 2754 3343 2817 propter
3365 2746 3705 2801 incredulita-

2121 2853 2242 2898 tem.
2287 2842 2425 2898 Cum
2467 2839 2695 2894 dixisset
2737 2854 2929 2894 rursus
2976 2837 3371 2901 testimonium,
3418 2836 3708 2906 subjungit

2119 2934 2283 2991 etiam
2322 2930 2806 3001 interrogationem
2827 2971 2843 2994 ,
2874 2927 3019 2999 quod
3051 2928 3268 2999 quidem
3311 2928 3512 2982 claram
3539 2926 3711 2981 ellicit

2120 3023 2444 3079 orationem.
2479 3021 2630 3074 Dixit
2672 3020 2839 3085 enim,
2872 3018 3078 3087 inquit,
3115 3018 3283 3073 Hodie
3312 3019 3358 3071 si
3387 3033 3561 3072 vocem
3588 3015 3708 3084 ejus

2121 3115 2415 3179 audieritis,
2441 3113 2600 3167 nolite
2642 3111 2900 3166 obdurare
2929 3111 3090 3165 corda
3132 3119 3303 3165 vestra
3338 3112 3472 3165 sicut
3517 3111 3570 3165 in
3608 3126 3713 3165 ex—

2120 3208 2469 3263 acerbatione.
2499 3204 2870 3271 Quorumnam
2891 3245 2903 3265 ,
2946 3204 3143 3274 inquit,
3175 3201 3418 3258 nicminit
3447 3203 3536 3273 qui
3573 3212 3710 3257 sunt

2120 3298 2395 3355 indurati?
2427 3310 2786 3367 quorumnam
2820 3296 2909 3365 qui
2949 3311 3056 3350 non
3097 3295 3481 3350 crediderunt?
3508 3293 3707 3349 Nonne

2118 3388 2468 3446 Judmorum?
2497 3387 2651 3454 Quod
2684 3396 2862 3442 autem
2898 3387 3051 3452 dicit,
3084 3395 3168 3441 est
3206 3383 3516 3453 lmjttsinodi
3552 3384 3709 3437 :Au-

2120 3481 2338 3535 dierunt
2362 3479 2438 3534 illi
2468 3493 2685 3550 quoque
2709 3477 2850 3532 sicut
2883 3491 2981 3530 nos
3013 3475 3285 3534 audimus.
3317 3473 3409 3526 sed
3434 3473 3569 3525 nihil
3597 3472 3709 3527 illis

2120 3572 2342 3645 profuit.
2369 3571 2446 3626 Ne
2474 3586 2604 3641 ergo
2627 3568 2950 3624 existimetis
2981 3567 3125 3638 quod
3150 3567 3387 3620 futurum
3421 3564 3491 3617 sit
3527 3574 3585 3616 ut
3610 3565 3705 3632 ju-

2121 3663 2320 3718 vemini
2371 3660 2641 3716 audiendo
2681 3657 3119 3728 praedicationem
3158 3672 3171 3708 :
3214 3673 3337 3710 nam
3374 3656 3447 3709 illi
3484 3671 3709 3725 quoque

2122 3756 2430 3819 audierunt,
2449 3754 2542 3808 sed
2571 3752 2709 3806 nihil
2738 3751 2844 3804 illis
2865 3749 3087 3821 profuit,
3112 3751 3367 3820 quoniam
3393 3765 3501 3804 non
3525 3750 3709 3803 credi-

2120 3846 2339 3903 derunt.
2358 3846 2562 3901 Clialch
2585 3853 2765 3899 autem
2787 3850 2842 3896 et
2857 3840 3018 3898 Jesus
3049 3843 3307 3913 quoniam
3335 3858 3441 3897 non
3467 3857 3710 3896 εοιιειιη-

2132 3946 2318 3994 serunt
2339 3937 2405 3991 iis
2423 3936 2511 4005 qui
2542 3948 2647 3987 non
2669 3932 3033 3993 crediderunt,
3055 3930 3157 3984 illis
3182 3929 3393 3983 illatum
3412 3929 3723 3999 eﬂ'ngernnt

2133 4029 2472 4100 supplicium.
2502 4027 2565 4080 Et
2586 4024 2707 4079 vide
2735 4023 2859 4094 quid
2887 4021 3203 4076 admirabile
3237 4037 3251 4074 :
3287 4037 3391 4075 non
3410 4020 3570 4086 dixit,
3593 4019 3717 4075 Non

2131 4126 2538 4182 Consenserunt,
2569 4115 2683 4179 sed,
2718 4113 2838 4167 Non
2864 4113 3108 4167 commisti
3135 4121 3250 4165 sunt
3268 4127 3288 4176 ;
3313 4112 3416 4165 huc
3440 4121 3543 4175 est,
3578 4113 3717 4165 citra

2132 4213 2449 4268 seditionem
2480 4219 2604 4264 sunt
2636 4206 2867 4277 separati
2893 4248 2906 4271 ,
2938 4221 3064 4260 cum
3097 4204 3172 4258 illi
3198 4206 3355 4259 unius
3379 4212 3435 4258 et
3463 4203 3711 4271 ejusdem

2134 4306 2357 4360 inissent
2383 4303 2686 4358 sententiae.
2728 4299 2823 4353 llic
2852 4297 2980 4351 mihi
3009 4295 3217 4350 videtur
3247 4296 3406 4350 etiam
3435 4294 3595 4348 tacite
3633 4295 3721 4348 im

2132 4411 2296 4450 nnere
2336 4395 2671 4450 seditionem.
2700 4396 2753 4451 ’5.
2784 4394 3111 4463 Ingredimur
3136 4394 3291 4459 enim,
3322 4391 3511 4462 inquit,
3537 4390 3596 4444 in
3636 4404 3732 4442 re-

2127 4493 2295 4561 quiem
2317 4489 2402 4557 qui
2427 4489 2753 4542 credidimus.
2778 4486 2978 4541 Deinde
3000 4486 3103 4540 hoc
3130 4484 3455 4540 conﬁrmans
3481 4481 3714 4551 subjun-

2126 4579 2202 4631 xit
2230 4600 2243 4633 :
2278 4578 2706 4646 Quemadmodum
2728 4579 2854 4631 dixit
2882 4593 2901 4631 .'
2931 4576 3075 4633 Sicut
3087 4577 3260 4648 juravi
3296 4578 3351 4629 in
3388 4575 3467 4628 ira
3506 4590 3642 4640 mea,
3674 4572 3728 4629 si

2126 4671 2398 4724 introibant
2447 4671 2500 4723 in
2543 4671 2761 4741 requiem
2798 4684 3005 4723 nteant:
3037 4679 3091 4723 et
3130 4668 3345 4738 quidem
3383 4664 3640 4736 operibus
3686 4678 3723 4717 ξι

2127 4762 2506 4817 constitutione
2548 4761 2732 4815 mundi
2784 4760 3115 4815 constitutis.
3167 4757 3430 4825 Quoniam
3466 4742 3720 4812 dicturus

2130 4852 2267 4907 forte
2305 4852 2567 4922 quispiam
2615 4860 2766 4914 erat,
2799 4850 2958 4920 Atqui
3004 4850 3105 4904 hoc
3149 4864 3254 4903 non
3293 4848 3561 4917 signiﬁcat
3608 4862 3719 4904 nos

2130 4943 2485 5010 ingressums,
2519 4941 2612 4996 scd
2643 4942 2764 4996 illos
2792 4958 2896 4995 non
2926 4955 3047 4995 esse
3078 4942 3348 5010 ingressos
3382 4956 3396 4993 :
3426 4938 3552 5007 quid
3582 4954 3727 5007 ergo

2131 5032 2295 5087 facit?
2322 5030 2544 5089 Interim
2577 5032 2763 5088 studet
2798 5032 3087 5087 ostendere
3107 5073 3120 5096 ,
3151 5029 3293 5100 quod
3340 5032 3478 5083 sicut
3510 5028 3598 5082 illa
3629 5043 3732 5083 re.-

2129 5126 2280 5195 qnics
2307 5138 2414 5180 non
2436 5124 2682 5194 prohibet
2702 5123 2857 5178 aliam
2880 5123 2984 5178 dici
3011 5122 3275 5192 requiem,
3297 5121 3367 5175 ita
3397 5135 3570 5191 neque
3601 5119 3735 5176 hinc

2131 5216 2372 5285 requiem
2397 5216 2677 5270 caelorum.
2706 5214 2921 5269 Interim
2963 5228 3094 5283 ergo
3133 5213 3247 5267 vult
3276 5210 3567 5268 ostendere
3595 5210 3737 5266 illos

2132 5307 2368 5376 requiem
2415 5322 2513 5360 nos
2553 5318 2871 5376 assequutos
2900 5321 3039 5361 esse.
3080 5303 3150 5361 Ut
3188 5303 3326 5360 scias
3361 5315 3539 5357 autem
3570 5306 3737 5373 quod

2134 5398 2233 5453 hac
2260 5399 2401 5455 dicat
2427 5442 2440 5463 ,
2469 5399 2619 5454 addit
2645 5417 2658 5453 :
2691 5399 2743 5454 4.
2777 5397 2922 5452 Dixit
2959 5399 3094 5452 enim
3142 5397 3364 5467 quodam
3394 5395 3507 5450 loco
3537 5397 3601 5449 de
3628 5396 3734 5451 die

2130 5491 2341 5560 septima
2369 5491 2441 5546 sic
2470 5507 2489 5545 :
2517 5500 2562 5545 et
2590 5489 2831 5561 requievit
2866 5488 3006 5544 Deus
3036 5490 3119 5542 die
3156 5490 3368 5559 septimo
3398 5487 3460 5540 ab
3487 5487 3745 5545 omnibus

2132 5583 2368 5653 aperibus
2405 5583 2509 5637 suis
2535 5599 2555 5637 :
2583 5584 2638 5640 5.
2686 5593 2735 5637 et
2768 5582 2821 5636 in
2857 5583 2953 5636 isto
2987 5597 3195 5635 rursum
3218 5594 3237 5633 :
3264 5578 3325 5635 Si
3351 5577 3630 5633 introibant
3668 5579 3749 5637 in

2134 5677 2351 5744 requiem
2385 5691 2563 5727 meam.
2614 5672 2775 5732 Vides
2815 5672 3083 5745 quomodo
3125 5670 3242 5726 ltzrc
3285 5684 3388 5721 non
3436 5669 3751 5731 nrnltibcal
