3956 6138
439 246 507 304 57
1136 245 1194 299 Β.
1232 241 1513 298 ιοΑΝΝιδ
1549 238 2036 295 CllﬂYSOSTOMl
2075 238 2397 294 ARCIHEP.
2440 239 2993 298 CONSTANTINOP.
3618 249 3690 302 {:3

438 362 705 437 οὐρανῶν.
743 362 893 425 Τέως
918 356 1010 415 οὖν
1040 361 1179 414 θέλει
1201 361 1390 426 δεῖξαι,
1421 359 1503 411 ὅτι
1534 357 1635 412 οὐκ
1656 356 1848 427 ἔτυχον
1862 358 2008 421 ,ἐκεῖο

440 465 521 501 νοι
567 446 667 516 τῆς
705 444 1257 507 καταπαύσεως.”οτι
1292 442 1405 512 γάρ
1448 440 1607 495 τοῦτο
1654 439 1821 509 λέγει,
1855 438 2011 508 δῆλον

434 530 502 595 ἐξ
530 523 607 584 ὧν
631 528 862 596 ἐπάγει·
895 527 1111 595 Είρηκε
1141 524 1250 593 γάρ
1279 540 1397 578 που
1437 523 1570 591 περί
1611 522 1723 591 τῆς
1758 522 2007 589 ἑϐδόμης

439 615 625 669 οὕτω·
658 610 1166 667 καί-κατέπαυσεν
1197 611 1230 662 ό
1257 608 1403 672 Θεὸς
1429 606 1502 674 τῇ
1531 608 1719 675 ἡμέρᾳ
1746 603 1818 672 τῇ
1849 603 2012 657 ἐϐδό-

432 713 520 764 μῃ
548 695 666 750 άπὸ
698 692 939 748 πάντων
960 691 1081 747 τῶν
1103 692 1293 763 ἔργων
1321 690 1509 744 αὐτοῦ
1534 707 1548 720 ·
1581 689 1678 742 καί
1722 688 1790 740 ἐν
1828 689 2013 752 τούτῳ

437 779 643 842 πάλιν,
661 778 727 833 El
746 777 1197 832 εἰσελεύσονται
1219 776 1307 841 είς
1325 772 1440 842 τὴν
1468 771 1850 826 κατάπαυσίν
1866 788 2006 839 μου.

449 861 610 932 Ὁρᾷς
644 860 760 924 πῶς
784 860 845 914 οὐ
876 858 1076 914 κωλύει
1104 858 1286 929 ἐκείνη
1318 856 1522 927 ταύτην
1560 852 1699 908 εἶναι
1727 854 2011 907 κατάπαυ-

437 959 553 1008 σιν;
597 941 752 996 ἐπεὶ
771 937 885 997 οὖν
907 936 1498 1009 ἀπολείπεται,’φησὶ,
1531 937 1697 1002 τινὰς
1714 935 2011 991 είσελθεῑν

432 1026 520 1090 εἰς
546 1024 763 1093 αὐτὴν,
800 1025 900 1078 καί
931 1026 986 1077 οἱ
1010 1024 1303 1093 πρότερον
1334 1019 1863 1089 εὐαγγελισθέντες
1894 1020 2008 1072 οὐκ

432 1107 724 1175 εἰσῆλθον
741 1107 818 1161 δι’
842 1107 1156 1162 ἀπείθειαν
1172 1122 1187 1137 ·
1206 1104 1395 1160 πάλιν
1416 1103 1545 1157 τινὰ
1566 1101 1735 1169 ὁρίζει
1759 1100 2007 1169 ἡμέραν,

432 1190 721 1259 σήμερον,
738 1190 807 1243 ἐν
832 1190 1015 1243 Δαυῗδ
1034 1189 1247 1257 λέγων·
1266 1190 1428 1243 Μετὰ
1448 1186 1743 1242 τοσοῦτον
1763 1185 2005 1252 χρόνον,

433 1273 627 1338 καθὼς
657 1272 1017 1341 προείρηται.
1050 1272 1115 1325 Τί
1156 1272 1213 1324 δέ
1260 1272 1411 1324 ἐστιν
1438 1270 1466 1323 6
1493 1285 1689 1339 φησιν;
1738 1268 1890 1319 Ἐπεὶ
1916 1262 2008 1318 οὖν

431 1355 733 1425 ὀφείλουσι,
768 1355 925 1424 φησὶ,
956 1353 1099 1417 τινες
1141 1353 1404 1407 εἰσελθεῖν
1441 1352 1676 1414 πάντως,
1709 1351 1906 1402 ἐκεῖνοι
1950 1347 2007 1400 δὲ

431 1442 533 1493 οὒκ
554 1440 823 1510 εἰσῆλθον,
852 1438 1014 1493 πάλιν
1036 1438 1205 1508 ὁρίζει
1228 1438 1419 1508 τρίτην
1446 1435 1613 1506 ἄλλην
1638 1433 2005 1488 κατάπαυσιν.

438 1522 563 1577 Ὅτι
597 1523 655 1576 δὲ
680 1521 942 1575 εἰσελθεῖν
966 1521 1093 1591 χρὴ,
1122 1521 1218 1573 καὶ
1244 1520 1324 1574 δεῖ
1349 1536 1497 1582 τινας
1526 1516 1813 1581 εἰσελθεῖν,
1839 1515 2004 1569 ἀκού-

435 1622 618 1676 σωμεν
654 1605 819 1660 πόθεν
840 1605 997 1659 τοῦτο
1025 1602 1574 1667 κατασκευάζει.”οτι
1605 1602 1745 1671 μετά
1772 1598 2006 1652 τοσαῦτα

431 1687 552 1757 ιτη,
592 1690 748 1759 φησὶ,
793 1688 943 1757 λέγει
994 1687 1155 1743 πάλιν
1200 1686 1397 1743 Δαυῒδ·
1424 1684 1695 1755 Σήμερον
1737 1682 1847 1735 ἐὰν
1896 1681 2005 1750 τῆς

428 1770 639 1839 φωνῆς
663 1772 848 1825 αὑτοῦ
872 1772 1173 1837 ἀκούσητε
1190 1810 1205 1831 ,
1223 1769 1309 1838 μὴ
1333 1768 1715 1836 σκληρύνητε
1737 1766 1842 1831 τὰς
1867 1782 2005 1833 καρο

429 1853 565 1919 δίας
591 1853 776 1923 ὑμῶν,
808 1854 887 1919 ὠς
926 1854 996 1906 ἐν
1027 1851 1105 1918 τῷ
1136 1849 1642 1921 παραπικρασμῷ·
1667 1850 1720 1902 εί
1749 1848 1858 1916 γὰρ
1899 1849 2006 1901 αὺ-

426 1936 572 2001 τοὺς
612 1937 855 2003 Ἰησοῦς
900 1936 1305 1997 κατέπαυσεν,
1345 1937 1458 1987 οὐκ
1508 1931 1587 1986 ἂν
1632 1931 1764 2000 περὶ
1809 1931 2006 1997 άλλης

426 2020 631 2075 ἐλάλει
657 2020 807 2089 μετά
836 2020 1025 2074 ταῦτα
1052 2018 1294 2088 ἡμέρας.
1324 2018 1492 2089 Δῆλον
1521 2012 1624 2070 ὀὖν
1655 2016 1738 2069 ὅτι
1767 2014 1843 2080 ὡς
1874 2014 2004 2086 μελ-

426 2103 627 2157 λόντων
676 2103 837 2157 τινῶν
884 2102 1168 2168 τεύξεσθαί
1196 2100 1315 2173 {66]
1361 2117 1507 2164 τινος
1541 2099 1799 2171 ἀμοιϐῆς,
1830 2094 2005 2152 ταῦτά

428 2190 761 2258 φησιν.Ἀρα
784 2189 1171 2242 ἀπολείπεται
1201 2185 1607 2254 σαϐϐατισμὸς
1629 2183 1709 2249 τῷ
1744 2181 1872 2249 λαῷ
1901 2184 2005 2238 τοῦ

430 2272 599 2326 Θεοῦ.
646 2271 850 2335 Πόθεν,
887 2272 983 2325 Ἐκ
1011 2270 1106 2323 τοῦ
1136 2269 1555 2341 παραγγέλλειν,
1602 2266 1700 2335 Μὴ
1739 2268 2006 2334 σκληρύ-

426 2370 573 2419 νητε
600 2356 703 2420 τὰς
732 2353 979 2420 καρδίας
1016 2353 1201 2422 ὐμιῖιν.
1223 2353 1297 2406 Οὐ
1323 2352 1432 2424 γὰρ
1462 2352 1550 2417 ἂν,
1583 2352 1632 2404 εἰ
1663 2352 1737 2421 μὴ
1775 2346 1842 2421 ἦν
1873 2350 2007 2404 σαϐ-

429 2434 720 2505 ϐατισμὸς,
742 2434 915 2488 ταῦτα
944 2433 1405 2504 παρηγγέλλοντο,
1435 2434 1555 2488 οὐδὲ
1581 2433 1894 2487 ἐκελεύοντο
1928 2433 2004 2503 μὴ

427 2519 496 2573 τὰ
516 2520 654 2573 αὐτὰ
681 2521 875 2585 ποιεῖν,
898 2518 988 2575 ἵνα
1016 2517 1092 2592 μὴ
1118 2518 1184 2575 τὰ
1203 2518 1344 2574 αὒτά
1375 2517 1639 2579 πάθωσιν,
1669 2517 1717 2569 εἰ
1745 2519 1820 2586 μὴ
1847 2516 2007 2586 ἔμελ-

427 2603 519 2657 λον
546 2602 617 2657 τά
644 2602 785 2656 αὐτὰ
810 2602 1116 2657 πείσεσθαι.
1145 2603 1269 2667 Πῶς
1298 2600 1355 2657 δὲ
1384 2600 1608 2672 ἔμελλον
1632 2599 1702 2653 τά
1720 2599 2002 2653 αύτάπεί-

430 2687 618 2742 σεσθαι
650 2689 700 2741 οἰ
730 2690 831 2757 τὴν
869 2687 1232 2758 Παλαιστίνην
1272 2676 1507 2758 ἔχοντες,
1537 2686 1588 2738 εἰ
1627 2685 1703 2755 μὴ
1736 2685 1897 2755 ἑτέρα
1921 2701 2007 2748 τις

425 2768 495 2844 ἦν
522 2773 874 2836 κατάπαυσις
896 2791 911 2839 ;

495 2860 564 2924 γ’.
599 2856 707 2910 Καὶ
728 2855 910 2918 καλῶς
937 2854 1268 2927 συνεπέρανε
1300 2854 1391 2909 τὸν
1422 2853 1600 2924 λόγον.
1625 2853 1701 2909 Οὐ
1721 2853 1827 2924 γὰρ
1859 2850 2002 2918 εἶπε,

427 2940 789 3003 κατάπαυσις,
818 2937 974 2999 ἀλλὰ,
1013 2937 1426 3008 Σαϐϐατισμὸς
1445 2980 1459 3003 ,
1490 2938 1552 2991 τὸ
1580 2938 1779 2992 οἰκεῖον
1808 2939 2000 3008 ὄνομα,

427 3026 521 3079 καὶ
562 3018 607 3093 ᾧ
641 3024 860 3096 ἔχαιρον
896 3024 989 3078 καί¹
1014 3024 1330 3094 ἐπέτρεχον,
1363 3020 1736 3091 σαϐϐατισμδν
1768 3020 1867 3091 τὴν
1906 3022 2004 3092 βα-

428 3108 632 3161 σιλείαν
674 3106 1095 3176 καλῶν.”Ωσπερ
1121 3105 1229 3177 γὰρ
1258 3106 1317 3159 ἑν
1361 3104 1440 3175 τῷ
1473 3105 1736 3175 Σαϐϐάτῳ
1785 3104 2003 3159 πάντων

426 3191 529 3254 μὲν
555 3188 665 3243 τῶν
694 3190 949 3261 πονηρῶν
976 3188 1275 3258 ἀπέχεσθαι
1302 3186 1536 3252 κελεύει,
1569 3188 1756 3240 ἐκεῖνα
1783 3185 1839 3239 δὲ
1865 3187 2001 3256 μόνα

424 3272 767 3341 γίνεσθαιτά
792 3273 928 3344 πρὸς
964 3271 1219 3342 λατρείαν
1254 3270 1350 3324 τοῦ
1380 3270 1516 3324 Θεοῦ
1536 3313 1550 3335 ,
1582 3269 1726 3339 άπερ
1756 3271 1803 3322 οἰ
1836 3272 2002 3339 ίερεῖς

400 3356 736 3422 -ὲπετέλουν,
768 3357 863 3410 καὶ
892 3357 991 3409 ὅσα
1011 3354 1189 3426 ψυχὴν
1217 3353 1437 3422 ὠφελεῖ,
1463 3353 1558 3406 καὶ
1595 3352 1759 3423 μηδὲν
1790 3352 1999 3422 ⁹ιέτερον·

424 3439 568 3493 οὓτω
624 3440 719 3494 καὶ
770 3439 1069 3494 τότε.Ἀλλ’
1095 3438 1257 3502 αὐτὸς
1299 3438 1397 3508 οὐχ
1446 3437 1618 3500 οὕτως
1662 3433 1836 3499 εἶπεν,
1868 3435 2003 3490 ἀλλά

425 3523 583 3591 πῶς;
637 3524 700 3577 '0
742 3523 854 3593 γὰρ
896 3524 1191 3579 εἰσελθὼν
1214 3524 1302 3588 είς
1328 3521 1445 3589 τὴν
1479 3520 1863 3575 κατάπαυσιν
1896 3522 2004 3574 αὐ-

420 3606 553 3671 τοῦ,
576 3607 674 3661 καί
700 3607 885 3674 αὐτὸς
906 3607 1292 3661 κατέπαυσεν
1312 3604 1432 3659 ἀπὸ
1453 3604 1573 3659 τῶν
1589 3606 1780 3673 ἔργων
1792 3604 1999 3670 αὐτοῦ,

423 3688 627 3758 ὥσπερ
668 3689 790 3744 ἀπὸ
828 3690 948 3744 τῶν
979 3689 1144 3744 ἰδίων
1175 3692 1208 3744 ὀ
1238 3688 1621 3760 Θεός.Ὥσπερ
1652 3690 1681 3742 6
1710 3686 1844 3751 Θεὸς
1874 3704 2004 3741 κατ-

423 3771 652 3837 έπαυσε,
682 3773 869 3843 φησὶν,
902 3772 1012 3828 ἀπὸ
1038 3772 1149 3825 τῶν
1181 3770 1361 3843 ἔργων
1390 3769 1578 3835 αὐτοῦ,
1610 3769 1784 3835 οὕτως
1829 3772 1858 3824 6
1899 3773 2003 3823 εἱσ-

424 3853 595 3909 ελθὼν
646 3857 727 3916 εἰς
762 3857 863 3927 τὴν
899 3856 1245 3911 κατάπαυσιν
1278 3853 1465 3909 αὑτοῦ.
1485 3852 1701 3923 Ἐπειδὴ
1730 3852 1838 3923 γάρ
1873 3852 2003 3924 περὶ

420 3936 785 4001 ἀναπαύσεως
819 3939 1003 4001 αὐτοῖς
1049 3940 1077 3991 ό
1120 3938 1279 4005 λόγος
1317 3931 1408 4007 ἦν,
1442 3937 1543 3990 ’καὶ
1586 3935 1748 3989 τοῦτο
1795 3936 2003 4007 σφόδρα

420 4019 733 4088 ἐπεθύμουν
761 4021 995 4073 ἀκοῦσαι
1028 4019 1159 4071 πότε
1190 4019 1342 4071 ἔσται
1368 4036 1382 4049 ·
1419 4022 1500 4081 εἰς
1532 4017 1691 4071 τοῦτο
1721 4018 1814 4070 τὸν
1843 4018 2001 4085 λόγον

425 4100 773 4155 κατέκλεισε.

496 4182 572 4234 T6
598 4181 678 4244 δὲ,
699 4182 989 4251 Σήμερον,
1017 4177 1191 4248 εἶπεν,
1214 4180 1361 4234 ὥστε
1386 4179 1654 4250 μηδέποτε
1682 4178 2002 4244 ἀπελπίζειν

428 4263 650 4326 αὐτούς.
698 4264 1098 4333 Παρακαλεῖτε,
1134 4265 1321 4335 φησὶν,
1354 4263 1582 4326 ἑαυτοὺς
1615 4261 1733 4316 καθ’
1765 4263 2003 4333 ἑκάστην

424 4348 665 4419 ἡμέραν,
699 4347 859 4418 ἄχρις
904 4340 967 4401 οὗ
1016 4348 1078 4402 τὸ
1129 4350 1368 4419 σήμερον
1420 4344 1687 4399 καλεῖται.
1719 4345 2000 4412 Τουτέστι,

428 4431 530 4485 κάν
554 4447 640 4493 τις
665 4430 1000 4502 ἡμαρτηκὼς
1028 4429 1085 4506 ᾗ,
1112 4431 1215 4495 ἕως
1240 4431 1306 4485 ἂν
1400 4429 1465 4483 16
1490 4429 1754 4501 σήμερον,
1779 4429 2001 4492 ἐλπίδας

426 4512 563 4582 εχει.
600 4514 806 4583 Μηδεὶς
844 4513 1023 4568 τοίνυν
1050 4513 1497 4582 ἀπογινωσκέτω,
1534 4511 1639 4575 ἕως
1667 4512 1732 4565 ἂν
1759 4512 1847 4583 ζῇ.
1884 4513 2003 4566 Μά-

426 4595 585 4649 λιστα
638 4595 741 4667 μὶν
788 4593 905 4662 οὖν,
955 4598 1113 4667 φησι,
1169 4595 1304 4666 μηδὲ
1352 4595 1493 4650 εστω
1539 4595 1737 4665 καρδία
1790 4596 2002 4667 πονηρά

426 4676 720 4745 ἀπιστίας·
755 4682 804 4735 εἰ
836 4681 893 4736 δὲ
920 4683 1013 4735 καὶ
1042 4681 1276 4749 γένοιτο,
1317 4679 1509 4750 μηδεὶς
1554 4679 1996 4747 ἀπογινωσκέτω,

425 4761 564 4816 ἀλλὰ
605 4762 1035 4834 ἀναλαμϐανέτω
1064 4761 1255 4818 ἑαυτόν
1277 4776 1292 4793 ·
1342 4761 1448 4825 ἕως
1485 4761 1583 4832 μὲν
1609 4761 1717 4833 γάρ
1746 4762 1914 4832 ἐσμεν
1942 4763 2000 4817 ἐν

424 4843 565 4914 τῷδε
599 4844 683 4917 τῷ
726 4847 938 4919 κόσμῳ,
966 4846 1030 4902 τδ
1071 4847 1312 4918 σήμερον
1353 4842 1469 4914 εχει
1506 4843 1720 4914 καιρόν.
1737 4843 2001 4899 Ἐνταῦθα

417 4927 484 4981 δὲ
510 4927 573 4982 οὐ
604 4929 703 4999 τὴν
735 4929 995 4984 ἀπιστίαν
1035 4929 1195 5001 μόνον
1224 4928 1397 4996 λέγει,
1428 4924 1565 4981 ἀλλά
1590 4926 1686 4979 καὶ
1715 4924 1840 4989 τοὺς
1869 4938 2001 4995 γογ-

422 5006 809 5081 γυσμούςῙΩν
836 5013 909 5067 τὰ
931 5010 1116 5079 κῶλα,
1135 5011 1322 5082 φησὶν,
1337 5009 1559 5065 ἔπεσεν
1581 5008 1650 5061 έν
1679 5005 1754 5076 τῇ
1782 5007 1996 5079 ἐρήμῳ.

419 5087 581 5161 ιΕῐτα,
619 5093 706 5148 ἴνα
740 5096 816 5167 μὴ
846 5095 1046 5169 νομίσῃ
1070 5112 1154 5159 τις
1178 5095 1261 5149 ὅτι
1286 5093 1478 5155 ἁπλῶς
1508 5094 1610 5162 τῆς
1632 5091 2001 5157 ἀναπαύσεως

426 5174 936 5249 ἀποστερηθήσεται
971 5179 1152 5249 μόνον,
1186 5177 1385 5246 ὲπάγει
1412 5176 1506 5230 καὶ
1531 5173 1755 5229 κόλασιν
1785 5174 1958 5228 εἰπών
1982 5191 1996 5206 ·

425 5257 563 5313 Ζῶν
602 5262 713 5332 τὰρ
737 5265 772 5318 ὁ
796 5264 976 5334 λόγος
1004 5263 1111 5317 τοῦ
1141 5261 1290 5317 Θεοῦ
1320 5259 1420 5315 καί
1451 5258 1720 5329 ἐνεργὴς,
1756 5258 1856 5313 καί
1902 5276 1988 5311 το·

422 5339 685 5411 μώτερος
703 5347 854 5415 ὑπέρ
889 5346 1096 5402 πᾶσαν
1110 5343 1413 5414 μάχαιραν
1442 5342 1752 5411 δίστομον,
1781 5340 1879 5396 καί
1911 5341 1999 5394 δι-

429 5426 781 5496 ικνούμενος
805 5428 941 5499 ἄχρι
960 5427 1255 5499 μερισμοῦ
1276 5426 1484 5496 ψυχῆς
1515 5425 1609 5479 καί
1632 5425 1989 5494 πνεύματος,

414 5514 632 5586 ,ἁρμῶν
669 5530 734 5569 τε
760 5515 858 5569 καί
881 5513 1144 5585 μυελῶν,
1179 5512 1279 5567 καί
1323 5511 1580 5580 κριτικὸς
1610 5508 1999 5579 ἐνθυμήσεων

492 5633 519 5661 ι
542 5621 896 5684 Πεεεηωειέ.
941 5621 1091 5673 Savil.
1147 5628 1201 5674 ει
1231 5621 1471 5675 Commel.
1512 5618 1994 5683 άποστερηθήσονται,

424 5682 562 5742 quod
578 5682 703 5745 lekil
726 5682 985 5735 Muliinus.

2116 356 2213 409 καί
2258 356 2510 412 ἐννοιῶν
2542 358 2811 428 καρδίας.
2828 359 3093 414 Ἐνταῦθα
3137 361 3264 431 περὶ
3310 362 3410 432 τῆς
3464 364 3690 437 γεέννης

2111 441 2440 509 διαλέγεται,
2476 443 2572 496 καὶ
2605 445 2732 515 περὶ
2761 444 2858 514 τῆς
2892 444 3188 509 κολάσεως.
3219 447 3312 509 Εἰς
3350 448 3420 501 τά
3446 454 3690 520 κρυπτά,

2114 523 2269 591 φησὶ,
2303 524 2586 579 διικνεῖται
2615 528 2714 597 τῆς
2745 528 2970 597 καρδίας
2996 531 3094 599 τῆς
3119 529 3420 599 ἡμετέρας,
3451 531 3547 585 καὶ
3570 532 3689 586 δια-

2111 606 2298 674 τέμνει
2344 608 2442 679 τὴν
2486 609 2687 681 ψυχήν.
2724 612 2797 663 Οὐ
2852 611 3002 666 κῶλά
3042 614 3160 667 ἐστι
3211 614 3400 666 πεσεῖν
3425 614 3687 679 ἐνταῦθα,

2111 688 2233 742 οὐδὲ
2262 691 2364 759 γῆς
2408 693 2872 764 ἀποστερηθῆναι,
2908 695 3162 767 καθάπερ
3192 698 3334 762 ἐκεῖ,
3365 696 3504 753 ἀλλά
3530 697 3688 769 βασι-

2110 772 2260 838 λείας
2286 775 2550 844 οὐρανῶν,
2585 778 2680 832 καί
2710 779 2903 851 γεέννῃ
2936 780 3310 851 παραδοθῆναι
3337 782 3564 852 αἰωνίῳ,
3591 784 3691 836 καὶ

2111 857 2329 911 κολάσει
2365 857 2480 932 [67]
2513 860 2765 932 ἀθανάτῳ
2793 864 2887 916 καὶ
2912 863 3173 935 τιμωρίᾳ.
3193 864 3380 918 Ἀλλὰ
3414 880 3689 936 παρακα-

2108 939 2267 1018 λεῖτε
2290 941 2714 1015 έαυτούς.⁹’ορα
2765 945 2825 998 τὸ
2869 946 3077 1017 ἥμερον
3107 946 3200 1000 καὶ
3249 948 3519 1018 προσηνές
3538 966 3551 979 ·
3582 950 3688 1003 οὐκ

2109 1017 2285 1084 εἷπεν,
2326 1024 2613 1096 ἐπιτιμᾶτε
2633 1067 2647 1091 ,
2680 1027 2837 1095 ἀλλὰ,
2873 1029 3294 1096 Παρακαλεῖτε.
3327 1017 3513 1097 Οὕτως
3534 1033 3689 1103 ἡμᾶς

2109 1105 2215 1176 χρὴ
2250 1109 2362 1171 τοῖς
2407 1109 2517 1161 ἀπὸ
2555 1108 2788 1180 θλίψεως
2820 1113 3349 1183 στενοχωρουμένας
3377 1116 3687 1187 προσφέρε-

2109 1188 2254 1245 σθαι.
2274 1190 2446 1245 Τοῦτο
2471 1192 2564 1246 καὶ
2588 1193 3043 1251 Θεσσαλονικεῦσι
3072 1196 3300 1266 γράφων
3332 1198 3500 1267 φησί·
3524 1201 3686 1254 Νου-

2108 1271 2326 1326 θετεῒτε
2373 1273 2517 1339 τοὺς
2559 1275 2874 1345 ἀτάκτους.
2913 1280 3050 1351 Περὶ
3086 1280 3143 1333 δὲ
3185 1279 3296 1334 τῶν
3341 1280 3687 1351 ὀλιγοψύχιυν

2108 1353 2205 1424 οὐχ
2239 1354 2434 1420 οὕτως,
2458 1358 2595 1412 ἀλλὰ
2623 1361 2704 1425 τίς
2742 1363 3191 1432 Παραμυθεῖσθε
3215 1363 3359 1429 τοὺς
3389 1364 3686 1433 ὀλιγοψύ-

2110 1453 2274 1504 χους,
2295 1438 2621 1507 ἀντέχεσθε
2636 1441 2755 1495 τῶν
2771 1443 3064 1510 ἀσθενῶν,
3083 1444 3514 1517 μακροθυμεῖτε
3530 1448 3685 1514 πρὸς

2104 1518 2357 1587 πάντας.
2388 1522 2453 1575 Τί
2484 1525 2622 1591 ἐστι,
2653 1527 3092 1593 Παρακαλεῖτες
3130 1529 3281 1582 Ἀντί
3307 1530 3424 1593 τοῦ,
3457 1531 3532 1601 μὴ
3574 1532 3685 1583 ἀπ-

2106 1600 2383 1673 ελπίσητε,
2418 1604 2493 1676 μὴ
2528 1607 2812 1676 ἀπογνῶτε
2836 1624 2852 1640 ·
2880 1610 2973 1663 τὸν
3008 1610 3117 1681 γὰρ
3147 1610 3258 1664 ἀπὸ
3290 1600 3527 1681 θλίψεως
3554 1630 3683 1665 στε-

2108 1687 2511 1758 νοχωρούμενον
2539 1691 2567 1742 6
2601 1689 2674 1761 μὴ
2705 1692 3044 1762 παρακαλῶν
3094 1692 3456 1766 σκληρότερον
3508 1699 3676 1750 ποιεῖ.

2098 1767 2227 1821 Ἵνα
2263 1768 2338 1840 μὴ
2372 1770 2680 1845 σκληρυνθῇ
2720 1774 2778 1841 εξ
2820 1773 2972 1845 ὑμῶν
3005 1792 3112 1842 τις,
3143 1776 3332 1847 φησὶν,
3359 1777 3547 1850 ἀπάτῃ
3572 1776 3683 1845 τῆς

2104 1851 2487 1921 ἀμαρτίας.“Η
2515 1855 2613 1927 τὴν
2633 1858 2849 1929 ἀπάτην
2871 1859 2965 1912 τοῦ
2989 1860 3236 1913 διαϐόλου
3260 1861 3425 1930 φησίν
3448 1876 3461 1890 ·
3490 1861 3679 1931 ἀπάτη

2104 1936 2212 2007 γάρ
2241 1938 2392 1991 ἐστιν
2416 1938 2585 2003 ὅντως
2614 1941 2674 1995 τὸ
2699 1942 2865 2012 μηδὲν
2890 1942 3019 2015 περὶ
3046 1943 3156 1996 τῶν
3180 1944 3484 2014 μελλόντων
3506 1962 3683 2016 προσ-

2104 2018 2289 2091 δοκᾷν,
2318 2020 2380 2075 τὸ
2418 2023 2660 2092 νομίζειν
2691 2026 2776 2079 ὅτι
2803 2024 3073 2079 ἀνεύθυνα
3119 2026 3273 2079 ἔσται
3305 2028 3375 2081 τὰ
3407 2028 3677 2100 ἡμέτερα,

2101 2102 2201 2156 καὶ
2243 2104 2324 2157 ὃτι
2354 2103 2462 2157 τῶν
2491 2108 2892 2177 πεπραγμένων
2923 2109 3055 2178 ἡμῖν
3085 2107 3321 2164 ἐνταῦθα
3348 2111 3407 2162 οὐ
3432 2109 3683 2181 δώσομεν

2102 2184 2280 2257 δίκην,
2311 2187 2431 2241 οὐδὲ
2460 2189 2611 2243 ἔσται
2630 2190 2931 2254 ἀνάστασις
2951 2207 2965 2222 ·
2992 2190 3024 2262 ἢ
3051 2191 3277 2261 ἑτέρως,
3312 2191 3499 2263 ἀπάτη
3528 2193 3682 2246 ἐστὶν

2104 2270 2139 2339 ἠ
2177 2270 2501 2341 ἀναλγησία,
2534 2272 2566 2342 ἢ
2614 2272 2957 2342 ἀπόγνωσις·
2991 2274 3052 2327 τὸ
3080 2273 3191 2345 γὰρ
3230 2274 3434 2343 λέγειν,
3468 2275 3520 2329 τί
3560 2276 3682 2329 ἐστι

2105 2353 2291 2408 λοιπόν
2315 2371 2330 2422 ;
2366 2356 2514 2423 ἅπαξ
2543 2357 2811 2429 ἥμαρτον,
2842 2359 2941 2429 οὐχ
2970 2357 3079 2428 ἔχω
3100 2357 3293 2411 ἐλπίδα
3315 2357 3410 2411 τοῦ
3440 2358 3684 2429 ἀνακτή-

2107 2439 2302 2492 σασθαι
2336 2439 2593 2508 ἐμαυτὸν,
2628 2441 2812 2512 ἀπάτη
2864 2442 3033 2495 ἐστίν.
3065 2439 3197 2496 Εἶτα
3226 2442 3449 2505 ἐλπίδας
3490 2443 3684 2503 αὐτοῖς

2104 2521 2369 2592 ἐντίθησι,
2403 2522 2599 2591 λέγων,
2618 2524 2869 2594 Μέτοχοι
2898 2525 3230 2593 γεγόναμεν
3258 2524 3364 2578 τοῦ
3390 2524 3676 2592 Χριστοῦ·

2108 2604 2391 2675 μονονουχὶ
2419 2605 2612 2675 λέγων,
2641 2608 2670 2660 6
2700 2606 2874 2670 οὕτως
2907 2608 3054 2678 ἡμᾶς
3088 2608 3273 2677 ἀγαπή
3288 2624 3404 2671 σας,
3434 2611 3460 2661 ὁ
3492 2609 3680 2661 τοσού-

2102 2706 2211 2742 των
2238 2690 2386 2759 ήμᾶς
2415 2688 2781 2755 καταξιώσας,
2811 2690 2951 2743 ὥστε
2984 2690 3177 2745 ἑαυτοῦ
3224 2692 3384 2760 σῶμα
3427 2691 3679 2760 ποιῆσαι,

2102 2772 2164 2825 ού
2216 2772 2537 2843 περιόψεται
2584 2773 3014 2844 ἀπολλυμένους.
3056 2773 3460 2844 Ἑννοήσωμεν,
3516 2777 3680 2845 φησὶ,

2101 2854 2263 2908 τίνων
2290 2855 2741 2928 κατηξιώθημεν·
2766 2858 2930 2928 ⁴ἡμεῖς
2957 2857 3051 2910 καὶ
3076 2859 3104 2911 6
3130 2855 3365 2928 Χριστὸς
3395 2857 3454 2910 ἓν
3484 2859 3678 2928 ἐσμεν.

2101 2938 2195 3011 Μὴ
2230 2940 2410 2996 τοίνυν
2453 2941 2772 3009 ἀπιστῶμεν
2809 2939 2978 3011 αὐτῷ.
3012 2939 3124 2995 Καὶ
3170 2938 3331 2994 πάλιν
3365 2940 3542 2994 ἐκεῖνο
3589 2942 3681 2994 αἰ-

2102 3022 2337 3077 νίττεται
2368 3023 2427 3076 τὸ
2465 3024 2752 3094 εἰρημένον
2788 3022 3036 3094 ἑτέρωθι,
3067 3023 3149 3076 ὅτι
3171 3022 3241 3076 Εἰ
3272 3021 3674 3092 ὑπομένομεν,

2104 3105 2203 3159 καὶ
2229 3107 2830 3175 συμϐασιλεύσομεν·
2869 3104 3028 3158 τοῦτο
3078 3105 3185 3176 γάρ
3243 3107 3388 3169 ἐστι,
3422 3103 3679 3174 Μέτοκω

2103 3188 2451 3259 γεγόναμεν,
2482 3188 2591 3242 τῶν
2611 3188 2792 3242 αὐτῶν
2822 3188 3124 3259 μετέχομεν
3147 3180 3222 3241 ὧν
3251 3188 3347 3241 καὶ
3367 3189 3396 3242 6
3415 3188 3675 3260 Χριστός.

2103 3271 2487 3343 Προετρέψατο
2503 3271 2611 3325 ἀπὸ
2626 3272 2737 3325 τῶν
2758 3271 3008 3342 χρηστῶν
3022 3288 3036 3302 ·
3061 3270 3317 3340 Μέτοχοι
3337 3271 3448 3341 γάρ
3466 3271 3678 3339 ἐσμεν,

2074 3400 2077 3403 ,
2102 3355 2257 3423 φησί,
2282 3354 2389 3408 τοῦ
2407 3354 2687 3422 Χριστοῦ.
2706 3349 2838 3407 Εἶτα
2860 3353 3021 3407 πάλιν
3044 3353 3153 3407 ἀπὸ
3174 3352 3282 3407 τῶν
3308 3351 3677 3425 σκυθρωπῶν·

2101 3436 2452 3505 Φοϐηθῶμεν
2489 3436 2722 3505 μήποτε
2760 3437 3273 3507 καταλειπομένης
3314 3436 3682 3506 ἐπαγγελίας

2100 3520 2397 3575 εἰσελθεῖν
2421 3523 2507 3586 εἰς
2526 3520 2642 3587 τὴν
2663 3519 3042 3575 κατάπαυσιν
3065 3520 3275 3585 αὐτοῦ,
3310 3519 3461 3589 δοκῇ
3486 3538 3575 3587 τις
3604 3521 3683 3585 ἐξ

2101 3604 2267 3675 ὑμῶν
2286 3604 2682 3672 ὑστερηκέναι
2706 3621 2720 3636 ·
2754 3606 2928 3658 ἐκεῖνο
2956 3604 3065 3675 γὰρ
3088 3604 3246 3674 δῆλον
3268 3603 3364 3657 καὶ
3387 3603 3678 3673 ὡμολογη-

2106 3687 2266 3757 μένον
2315 3686 2481 3740 ἐστίν.
2501 3685 2902 3756 Ἔδοκίμασάν
2948 3704 3043 3756 με.
3076 3687 3230 3755 φησὶ,
3266 3685 3362 3739 καί
3398 3681 3564 3739 εἶδον
3603 3686 3681 3740 τὰ

2101 3772 2245 3841 ἔργα
2271 3789 2388 3840 μου
2423 3769 2881 3838 τεσσαράκοντα
2906 3770 3031 3835 ἔτη.
3050 3770 3211 3840 Ὁρᾷς
3240 3770 3322 3823 ὅτι
3351 3769 3413 3822 ού
3455 3769 3539 3823 δεῖ
3580 3770 3678 3821 τον

2100 3954 2160 3989 τε
2201 3936 2296 4008 μὴ,
2331 3936 2606 3989 πιστεύειν
2646 3934 2828 4004 αὑτῷ;
2863 3934 3094 3997 ἐκείνοις
3123 3937 3231 4006 γὰρ
3263 3934 3423 3987 τοῦτο
3451 3933 3679 4001 ἐγκαλεῖ

2102 4021 2218 4082 νῦν,
2247 4022 2329 4074 ὅτι
2357 4020 2656 4090 ἐπείρασαν
2682 4019 2771 4072 τὸν
2795 4018 3023 4072 Θεόν.⁰0
3054 4018 3161 4088 γὰρ
3190 4017 3512 4089 βουλόμενος
3533 4018 3676 4070 ἀπο-

2100 4103 2295 4169 δείξεις
2336 4102 2541 4163 λαϐεῖν,
2574 4102 2605 4170 ἦ
2635 4102 2733 4171 τῆς
2760 4102 3060 4171 δυνάμεως,
3101 4101 3132 4171 ἢ
3176 4101 3276 4171 τῆς
3317 4100 3596 4170 προνοίας,
3637 4100 3672 4170 ἢ

2100 4186 2200 4255 τῆς
2231 4184 2558 4255 κηδεμονίας
2593 4184 2780 4248 αὐτοῦ,
2817 4183 2969 4238 οὔπω
3006 4185 3255 4238 πιστεύει
3294 4181 3419 4237 οὔτε
3449 4182 3677 4237 δυνατὸν

2103 4266 2217 4341 [(38]
2248 4268 2410 4322 αὑτὸν
2437 4262 2598 4332 εἶναι,
2634 4265 2756 4320 οὔτε
2787 4267 3188 4337 φιλάνθρωπον.
3220 4266 3391 4319 Τοῦτο
3416 4266 3509 4318 καὶ
3536 4263 3676 4334 πρὸς

2100 4351 2321 4414 τούτους
2362 4350 2589 4420 γράφων
2636 4349 2953 4415 αἰνίττεται,
3002 4347 3356 4419 βουλομένους
3404 4348 3536 4410 ῐσως
3568 4346 3672 4417 ήδη

2099 4436 2199 4506 τῆς
2224 4434 2507 4505 δυνάμεως
2537 4432 2703 4486 αὐτοῦ
2742 4434 2835 4485 καὶ
2871 4434 2972 4504 τῆς
3016 4433 3158 4503 ὑπὲρ
3201 4430 3381 4486 αὐτῶν
3414 4430 3675 4503 προνοίας

2101 4517 2199 4586 τὴν
2228 4515 2472 4581 ἐξέτασιν
2503 4517 2596 4569 καὶ
2641 4515 2731 4569 τὸν
2779 4515 3000 4585 ἔλεγχον
3028 4515 3213 4568 λαϐεῖν
3247 4515 3305 4568 ὲν
3334 4515 3446 4576 τοῖς
3476 4528 3678 4582 πειρα-

2104 4601 2279 4670 σμοῖς.
2298 4599 2459 4670 Ὁρᾷς
2488 4599 2570 4651 ὅτι
2596 4598 2703 4651 ἀπὸ
2734 4598 2993 4661 ἀπιστίας
3026 4596 3305 4668 πανταχοῦ
3352 4596 3382 4648 6
3424 4594 3677 4666 παροξυ-

2103 4683 2239 4753 σμὸς
2271 4682 2365 4736 καί
2401 4684 2429 4735 6
2462 4682 2873 4752 παροργισμός;
2901 4681 2966 4733 Τί
3003 4676 3096 4734 οὖν
3125 4695 3322 4750 φησιν;
3357 4679 3505 4745 ’Ᾱρα
3528 4678 3677 4731 ἁπο-

2099 4765 2365 4817 λείπεται
2399 4762 2806 4830 σαϐϐατισμὸς
2850 4760 2931 4827 τῷ
2971 4759 3100 4827 λαῷ
3127 4760 3233 4815 τοῦ
3261 4758 3427 4816 Θεοῦ.
3439 4758 3581 4829 Ὅρα
3612 4756 3673 4810 δὲ

2101 4847 2217 4910 πῶς
2248 4846 2367 4900 ὅλον
2397 4845 2487 4899 τὸν
2513 4845 2670 4913 λόγον
2708 4843 3341 4913 συνελογίσατο.⁹Ωμοσε,
3380 4841 3536 4910 φησι,
3556 4842 3672 4903 τοῖς

2099 4929 2386 5000 προτέροις
2432 4928 2509 4997 μὴ
2544 4925 2801 4980 εἰσελθεῖν
2838 4926 3033 4988 αὐτοὺς
3062 4927 3141 4988 εἰς
3171 4926 3272 4995 τὴν
3299 4923 3669 4984 κατάπαυσιν,

2099 5013 2195 5066 καὶ
2230 5013 2328 5067 οὐκ
2364 5009 2632 5080 εἰσῆλθον.
2680 5006 2815 5063 Εἶτα
2866 5010 2983 5078 μετ’
3015 5008 3255 5070 ἐκείνους
3282 5005 3460 5077 χρόνῳ
3487 5003 3671 5074 πολλῷ

2099 5095 2325 5166 ὕστερον
2379 5092 2759 5161 διαλεγόμενος
2816 5094 2929 5155 τοῖς
2983 5089 3300 5153 Ἰουδαίοις,
3356 5087 3511 5159 φησί·
3570 5086 3668 5154 Μὴ

2098 5178 2485 5245 σκληρύνητε
2529 5177 2636 5241 τὰς
2673 5172 2923 5242 καρδίας
2972 5171 3157 5242 ὑμῶν,
3185 5171 3267 5237 ὼς
3317 5174 3372 5226 οι
3417 5168 3671 5239 πατέρες

2098 5259 2282 5329 ὑμῶν.
2315 5259 2566 5329 Δηλονότι
2617 5258 2764 5311 ἔστιν
2813 5256 2945 5327 άλλη
2982 5256 3357 5318 κατάπαυσις·
3399 5253 3526 5322 περὶ
3572 5253 3670 5323 μὲν

2099 5343 2207 5414 γὰρ
2233 5342 2331 5410 τῆς
2362 5341 2725 5411 Παλαιστίνης
2756 5339 2856 5393 οὐκ
2900 5338 2980 5391 ενι
3028 5340 3201 5390 εἰπεῖν
3219 5353 3235 5367 ·
3262 5332 3408 5406 εἶχον
3435 5335 3546 5406 γὰρ
3572 5336 3670 5388 αύ·

2096 5413 2228 5493 τήν·
2264 5423 2392 5493 περὶ
2416 5421 2472 5475 δὲ
2499 5422 2598 5489 τῆς
2631 5420 2863 5489 ἑϐδόμης
2894 5418 2994 5470 οὐκ
3021 5416 3168 5471 ἔστιν
3195 5417 3366 5468 εἰπεῖν
3386 5433 3401 5447 ·
3452 5414 3513 5467 οὐ
3559 5413 3671 5483 γάρ

2096 5506 2267 5577 δήπου
2292 5506 2420 5575 περὶ
2443 5503 2646 5573 ταύτης
2667 5503 2934 5569 διελέγετο
2954 5501 3053 5569 τῆς
3078 5501 3244 5554 πάλαι
3272 5497 3667 5568 γεγενημένης.

2100 5593 2164 5643 Ἀ
2177 5608 2243 5659 ρα
2274 5590 2466 5659 ἑτέραν
2494 5588 2615 5641 τινὰ
2644 5587 2940 5639 αἰνίττεται
2969 5584 3067 5654 τὴν
3090 5584 3257 5645 ὅντως
3285 5581 3614 5635 ἀνάπαυσιν.

2167 5671 2562 5742 δ’.“ὐντωςγᾶρ
2583 5669 2762 5724 ὲκείντ·
2790 5668 3273 5721 ἐστὶνᾶνάττηψτῑτ.
3296 5664 3421 5716 Ιἔνθα
3450 5662 3668 5716 ἀπέδρα
