  <div class='ocr_page' id='page_1' title='image "/cluster/home/n/w/nwhite01/storage/ocr_20150623/63/mdp.39015008641394/062.png"; bbox 0 0 3956 6138; ppageno 0'>
   <div class='ocr_carea' id='block_1_1' title="bbox 228 396 3469 468">
    <p class='ocr_par' dir='ltr' id='par_1_1' title="bbox 228 396 3469 468">
     <span class='ocr_line' id='line_1_1' title="bbox 228 396 3469 468; baseline -0 -5"><span class='ocrx_word' id='word_1_1' title='bbox 228 396 296 448; x_wconf 67' lang='grc'><strong>⁵⁷</strong></span> <span class='ocrx_word' id='word_1_2' title='bbox 1029 410 1091 463; x_wconf 76' lang='lat' dir='ltr'><strong>lN</strong></span> <span class='ocrx_word' id='word_1_3' title='bbox 1124 410 1336 468; x_wconf 76' lang='lat' dir='ltr'><strong>EPlS’l&#39;.</strong></span> <span class='ocrx_word' id='word_1_4' title='bbox 1380 412 1469 465; x_wconf 78' lang='lat' dir='ltr'><strong>AD</strong></span> <span class='ocrx_word' id='word_1_5' title='bbox 1509 410 1863 467; x_wconf 64' lang='lat' dir='ltr'><strong>HEBRA‘ZOS.</strong></span> <span class='ocrx_word' id='word_1_6' title='bbox 1906 406 2061 462; x_wconf 50' lang='lat' dir='ltr'><strong>CAP.</strong></span> <span class='ocrx_word' id='word_1_7' title='bbox 2105 405 2189 460; x_wconf 90' lang='lat' dir='ltr'><strong>IV.</strong></span> <span class='ocrx_word' id='word_1_8' title='bbox 2235 407 2465 463; x_wconf 70' lang='lat' dir='ltr'><strong>HOMIL.</strong></span> <span class='ocrx_word' id='word_1_9' title='bbox 2511 408 2619 464; x_wconf 88' lang='lat' dir='ltr'><strong>VII.</strong></span> <span class='ocrx_word' id='word_1_10' title='bbox 3402 406 3469 463; x_wconf 83' lang='lat'><strong>58</strong></span> 
     </span>
    </p>
   </div>
   <div class='ocr_carea' id='block_1_2' title="bbox 220 503 1801 601">
    <p class='ocr_par' dir='ltr' id='par_1_2' title="bbox 220 503 1801 601">
     <span class='ocr_line' id='line_1_2' title="bbox 220 503 1801 601; baseline 0.015 -48"><span class='ocrx_word' id='word_1_11' title='bbox 220 503 365 555; x_wconf 80' lang='lat' dir='ltr'><strong>illam</strong></span> <span class='ocrx_word' id='word_1_12' title='bbox 392 517 515 558; x_wconf 75' lang='lat' dir='ltr'><strong>esse</strong></span> <span class='ocrx_word' id='word_1_13' title='bbox 540 506 789 575; x_wconf 66' lang='lat' dir='ltr'><strong>requiem</strong></span> <span class='ocrx_word' id='word_1_14' title='bbox 810 509 837 562; x_wconf 69' lang='grc' dir='ltr'><em>τ</em></span> <span class='ocrx_word' id='word_1_15' title='bbox 859 510 913 566; x_wconf 82' lang='lat' dir='ltr'><strong>ti.</strong></span> <span class='ocrx_word' id='word_1_16' title='bbox 948 513 1201 576; x_wconf 78' lang='lat' dir='ltr'><strong>Quoniam</strong></span> <span class='ocrx_word' id='word_1_17' title='bbox 1224 534 1366 590; x_wconf 78' lang='lat' dir='ltr'><strong>ergo,</strong></span> <span class='ocrx_word' id='word_1_18' title='bbox 1396 523 1590 595; x_wconf 58' lang='lat' dir='ltr'><strong>inquit,</strong></span> <span class='ocrx_word' id='word_1_19' title='bbox 1621 546 1801 601; x_wconf 62' lang='grc' dir='ltr'><strong>τερα.</strong></span> 
     </span>
    </p>
   </div>
   <div class='ocr_carea' id='block_1_3' title="bbox 217 595 1801 685">
    <p class='ocr_par' dir='ltr' id='par_1_3' title="bbox 217 595 1801 685">
     <span class='ocr_line' id='line_1_3' title="bbox 217 595 1801 685; baseline 0.021 -40"><span class='ocrx_word' id='word_1_20' title='bbox 217 605 287 647; x_wconf 86' lang='lat' dir='ltr'><strong>est</strong></span> <span class='ocrx_word' id='word_1_21' title='bbox 315 595 525 650; x_wconf 80' lang='lat' dir='ltr'><strong>introire</strong></span> <span class='ocrx_word' id='word_1_22' title='bbox 550 599 807 666; x_wconf 81' lang='lat' dir='ltr'><strong>quosdam</strong></span> <span class='ocrx_word' id='word_1_23' title='bbox 826 602 879 655; x_wconf 88' lang='lat' dir='ltr'><strong>in</strong></span> <span class='ocrx_word' id='word_1_24' title='bbox 909 602 1072 671; x_wconf 82' lang='lat' dir='ltr'><strong>illam,</strong></span> <span class='ocrx_word' id='word_1_25' title='bbox 1103 618 1152 661; x_wconf 80' lang='lat' dir='ltr'><strong>et</strong></span> <span class='ocrx_word' id='word_1_26' title='bbox 1177 609 1216 662; x_wconf 88' lang='lat' dir='ltr'><strong>ii</strong></span> <span class='ocrx_word' id='word_1_27' title='bbox 1234 613 1413 680; x_wconf 85' lang='lat' dir='ltr'><strong>quibus</strong></span> <span class='ocrx_word' id='word_1_28' title='bbox 1436 595 1693 685; x_wconf 74' lang='lat' dir='ltr'><strong>prioribus</strong></span> <span class='ocrx_word' id='word_1_29' title='bbox 1708 639 1801 677; x_wconf 77' lang='lat' dir='ltr'><strong>au-</strong></span> 
     </span>
    </p>
   </div>
   <div class='ocr_carea' id='block_1_4' title="bbox 218 686 1801 771">
    <p class='ocr_par' dir='ltr' id='par_1_4' title="bbox 218 686 1801 771">
     <span class='ocr_line' id='line_1_4' title="bbox 218 686 1801 771; baseline 0.021 -35"><span class='ocrx_word' id='word_1_30' title='bbox 218 686 498 740; x_wconf 80' lang='lat' dir='ltr'><strong>nttntiatum</strong></span> <span class='ocrx_word' id='word_1_31' title='bbox 518 697 637 755; x_wconf 89' lang='lat' dir='ltr'><strong>est,</strong></span> <span class='ocrx_word' id='word_1_32' title='bbox 668 706 775 745; x_wconf 78' lang='lat' dir='ltr'><strong>non</strong></span> <span class='ocrx_word' id='word_1_33' title='bbox 802 693 1100 755; x_wconf 67' lang='lat' dir='ltr'><strong>introieram!</strong></span> <span class='ocrx_word' id='word_1_34' title='bbox 1126 712 1332 771; x_wconf 78' lang='lat' dir='ltr'><strong>propter</strong></span> <span class='ocrx_word' id='word_1_35' title='bbox 1358 707 1759 768; x_wconf 74' lang='lat' dir='ltr'><strong>incredulitatem</strong></span> <span class='ocrx_word' id='word_1_36' title='bbox 1782 732 1801 769; x_wconf 88' lang='lat'><strong><em>:</em></strong></span> 
     </span>
    </p>
   </div>
   <div class='ocr_carea' id='block_1_5' title="bbox 218 774 1798 861">
    <p class='ocr_par' dir='ltr' id='par_1_5' title="bbox 218 774 1798 861">
     <span class='ocr_line' id='line_1_5' title="bbox 218 774 1798 861; baseline 0.022 -36"><span class='ocrx_word' id='word_1_37' title='bbox 218 774 266 826; x_wconf 88' lang='grc'><strong>7.</strong></span> <span class='ocrx_word' id='word_1_38' title='bbox 293 774 481 829; x_wconf 76' lang='lat' dir='ltr'><strong>iterans</strong></span> <span class='ocrx_word' id='word_1_39' title='bbox 502 779 752 834; x_wconf 77' lang='lat' dir='ltr'><strong>terntinat</strong></span> <span class='ocrx_word' id='word_1_40' title='bbox 776 782 911 836; x_wconf 82' lang='lat' dir='ltr'><strong>diem</strong></span> <span class='ocrx_word' id='word_1_41' title='bbox 936 790 1209 852; x_wconf 75' lang='lat' dir='ltr'><strong>quamdam</strong></span> <span class='ocrx_word' id='word_1_42' title='bbox 1231 792 1382 848; x_wconf 80' lang='lat' dir='ltr'><strong>hodie</strong></span> <span class='ocrx_word' id='word_1_43' title='bbox 1400 838 1417 861; x_wconf 92' lang='lat'><strong>,</strong></span> <span class='ocrx_word' id='word_1_44' title='bbox 1454 800 1510 851; x_wconf 85' lang='lat' dir='ltr'><strong>in</strong></span> <span class='ocrx_word' id='word_1_45' title='bbox 1533 798 1699 855; x_wconf 68' lang='lat' dir='ltr'><strong>David</strong></span> <span class='ocrx_word' id='word_1_46' title='bbox 1723 805 1798 857; x_wconf 74' lang='lat' dir='ltr'><strong>di-</strong></span> 
     </span>
    </p>
   </div>
   <div class='ocr_carea' id='block_1_6' title="bbox 216 866 1794 957">
    <p class='ocr_par' dir='ltr' id='par_1_6' title="bbox 216 866 1794 957">
     <span class='ocr_line' id='line_1_6' title="bbox 216 866 1794 957; baseline 0.02 -39"><span class='ocrx_word' id='word_1_47' title='bbox 216 866 371 920; x_wconf 77' lang='lat' dir='ltr'><strong>cendo</strong></span> <span class='ocrx_word' id='word_1_48' title='bbox 397 886 419 922; x_wconf 89' lang='lat'><strong><em>:</em></strong></span> <span class='ocrx_word' id='word_1_49' title='bbox 451 868 582 924; x_wconf 85' lang='lat' dir='ltr'><strong>Post</strong></span> <span class='ocrx_word' id='word_1_50' title='bbox 610 883 814 928; x_wconf 84' lang='lat' dir='ltr'><strong>tantum</strong></span> <span class='ocrx_word' id='word_1_51' title='bbox 836 880 1078 946; x_wconf 71' lang='lat' dir='ltr'><strong>teniporis</strong></span> <span class='ocrx_word' id='word_1_52' title='bbox 1099 922 1116 945; x_wconf 93' lang='lat'><strong>,</strong></span> <span class='ocrx_word' id='word_1_53' title='bbox 1147 883 1278 937; x_wconf 75' lang='lat' dir='ltr'><strong>sicut</strong></span> <span class='ocrx_word' id='word_1_54' title='bbox 1302 903 1461 957; x_wconf 77' lang='lat' dir='ltr'><strong>supra</strong></span> <span class='ocrx_word' id='word_1_55' title='bbox 1485 891 1679 947; x_wconf 84' lang='lat' dir='ltr'><strong>dictum</strong></span> <span class='ocrx_word' id='word_1_56' title='bbox 1704 906 1794 950; x_wconf 78' lang='lat' dir='ltr'><strong>est.</strong></span> 
     </span>
    </p>
   </div>
   <div class='ocr_carea' id='block_1_7' title="bbox 214 957 1794 1055">
    <p class='ocr_par' dir='ltr' id='par_1_7' title="bbox 214 957 1794 1055">
     <span class='ocr_line' id='line_1_7' title="bbox 214 957 1794 1055; baseline 0.02 -45"><span class='ocrx_word' id='word_1_57' title='bbox 214 957 345 1026; x_wconf 77' lang='lat' dir='ltr'><strong>Quid</strong></span> <span class='ocrx_word' id='word_1_58' title='bbox 368 969 453 1015; x_wconf 85' lang='lat' dir='ltr'><strong>est</strong></span> <span class='ocrx_word' id='word_1_59' title='bbox 483 973 665 1018; x_wconf 70' lang='lat' dir='ltr'><strong>autem</strong></span> <span class='ocrx_word' id='word_1_60' title='bbox 697 966 846 1036; x_wconf 82' lang='lat' dir='ltr'><strong>quod</strong></span> <span class='ocrx_word' id='word_1_61' title='bbox 870 968 1038 1025; x_wconf 81' lang='lat' dir='ltr'><strong>dicit?</strong></span> <span class='ocrx_word' id='word_1_62' title='bbox 1064 972 1333 1039; x_wconf 78' lang='lat' dir='ltr'><strong>Quoniam</strong></span> <span class='ocrx_word' id='word_1_63' title='bbox 1352 979 1570 1047; x_wconf 88' lang='lat' dir='ltr'><strong>debent,</strong></span> <span class='ocrx_word' id='word_1_64' title='bbox 1605 986 1794 1055; x_wconf 85' lang='lat' dir='ltr'><strong>inquit,</strong></span> 
     </span>
    </p>
   </div>
   <div class='ocr_carea' id='block_1_8' title="bbox 215 1052 1791 1143">
    <p class='ocr_par' dir='ltr' id='par_1_8' title="bbox 215 1052 1791 1143">
     <span class='ocr_line' id='line_1_8' title="bbox 215 1052 1791 1143; baseline 0.018 -39"><span class='ocrx_word' id='word_1_65' title='bbox 215 1052 375 1122; x_wconf 81' lang='lat' dir='ltr'><strong>aliqui</strong></span> <span class='ocrx_word' id='word_1_66' title='bbox 411 1052 642 1110; x_wconf 75' lang='lat' dir='ltr'><strong>introire</strong></span> <span class='ocrx_word' id='word_1_67' title='bbox 671 1058 915 1125; x_wconf 84' lang='lat' dir='ltr'><strong>omnino,</strong></span> <span class='ocrx_word' id='word_1_68' title='bbox 949 1061 1028 1116; x_wconf 85' lang='lat' dir='ltr'><strong>illi</strong></span> <span class='ocrx_word' id='word_1_69' title='bbox 1073 1072 1253 1120; x_wconf 80' lang='lat' dir='ltr'><strong>autent</strong></span> <span class='ocrx_word' id='word_1_70' title='bbox 1295 1084 1403 1125; x_wconf 91' lang='lat' dir='ltr'><strong>non</strong></span> <span class='ocrx_word' id='word_1_71' title='bbox 1443 1052 1791 1143; x_wconf 66' lang='lat' dir='ltr'><strong>introierunt,</strong></span> 
     </span>
    </p>
   </div>
   <div class='ocr_carea' id='block_1_9' title="bbox 216 1138 1800 1238">
    <p class='ocr_par' dir='ltr' id='par_1_9' title="bbox 216 1138 1800 1238">
     <span class='ocr_line' id='line_1_9' title="bbox 216 1138 1800 1238; baseline 0.02 -43"><span class='ocrx_word' id='word_1_72' title='bbox 216 1159 405 1201; x_wconf 74' lang='lat' dir='ltr'><strong>rursus</strong></span> <span class='ocrx_word' id='word_1_73' title='bbox 424 1148 644 1201; x_wconf 89' lang='lat' dir='ltr'><strong>tertiam</strong></span> <span class='ocrx_word' id='word_1_74' title='bbox 676 1138 867 1204; x_wconf 87' lang='lat' dir='ltr'><strong>statuit</strong></span> <span class='ocrx_word' id='word_1_75' title='bbox 890 1155 1154 1223; x_wconf 90' lang='lat' dir='ltr'><strong>requiem.</strong></span> <span class='ocrx_word' id='word_1_76' title='bbox 1174 1157 1335 1222; x_wconf 78' lang='lat' dir='ltr'><strong>Quod</strong></span> <span class='ocrx_word' id='word_1_77' title='bbox 1353 1172 1532 1219; x_wconf 77' lang='lat' dir='ltr'><strong>autem</strong></span> <span class='ocrx_word' id='word_1_78' title='bbox 1552 1138 1800 1238; x_wconf 76' lang='lat' dir='ltr'><strong>Oporteat</strong></span> 
     </span>
    </p>
   </div>
   <div class='ocr_carea' id='block_1_10' title="bbox 215 1234 1797 1319">
    <p class='ocr_par' dir='ltr' id='par_1_10' title="bbox 215 1234 1797 1319">
     <span class='ocr_line' id='line_1_10' title="bbox 215 1234 1797 1319; baseline 0.02 -32"><span class='ocrx_word' id='word_1_79' title='bbox 215 1234 458 1301; x_wconf 84' lang='lat' dir='ltr'><strong>introire,</strong></span> <span class='ocrx_word' id='word_1_80' title='bbox 483 1245 537 1291; x_wconf 88' lang='lat' dir='ltr'><strong>et</strong></span> <span class='ocrx_word' id='word_1_81' title='bbox 560 1239 781 1308; x_wconf 83' lang='lat' dir='ltr'><strong>aliquos</strong></span> <span class='ocrx_word' id='word_1_82' title='bbox 806 1240 1033 1297; x_wconf 82' lang='lat' dir='ltr'><strong>introire</strong></span> <span class='ocrx_word' id='word_1_83' title='bbox 1055 1260 1179 1314; x_wconf 79' lang='lat' dir='ltr'><strong>opot</strong></span> <span class='ocrx_word' id='word_1_84' title='bbox 1195 1258 1323 1316; x_wconf 84' lang='lat' dir='ltr'><strong>teat,</strong></span> <span class='ocrx_word' id='word_1_85' title='bbox 1342 1234 1631 1314; x_wconf 74' lang='lat' dir='ltr'><strong>audiamus</strong></span> <span class='ocrx_word' id='word_1_86' title='bbox 1654 1262 1797 1319; x_wconf 83' lang='lat' dir='ltr'><strong>unde</strong></span> 
     </span>
    </p>
   </div>
   <div class='ocr_carea' id='block_1_11' title="bbox 216 1324 1803 1409">
    <p class='ocr_par' dir='ltr' id='par_1_11' title="bbox 216 1324 1803 1409">
     <span class='ocr_line' id='line_1_11' title="bbox 216 1324 1803 1409; baseline 0.018 -29"><span class='ocrx_word' id='word_1_87' title='bbox 216 1324 315 1381; x_wconf 82' lang='lat' dir='ltr'><strong>hoc</strong></span> <span class='ocrx_word' id='word_1_88' title='bbox 342 1328 556 1396; x_wconf 88' lang='lat' dir='ltr'><strong>probet.</strong></span> <span class='ocrx_word' id='word_1_89' title='bbox 583 1330 855 1394; x_wconf 79' lang='lat' dir='ltr'><strong>Quoniam</strong></span> <span class='ocrx_word' id='word_1_90' title='bbox 886 1342 1008 1403; x_wconf 78' lang='lat' dir='ltr'><strong>post</strong></span> <span class='ocrx_word' id='word_1_91' title='bbox 1034 1343 1135 1401; x_wconf 88' lang='lat' dir='ltr'><strong>tot,</strong></span> <span class='ocrx_word' id='word_1_92' title='bbox 1168 1338 1365 1408; x_wconf 87' lang='lat' dir='ltr'><strong>inquit,</strong></span> <span class='ocrx_word' id='word_1_93' title='bbox 1396 1359 1573 1403; x_wconf 82' lang='lat' dir='ltr'><strong>annos</strong></span> <span class='ocrx_word' id='word_1_94' title='bbox 1603 1366 1803 1409; x_wconf 84' lang='lat' dir='ltr'><strong>rursus</strong></span> 
     </span>
    </p>
   </div>
   <div class='ocr_carea' id='block_1_12' title="bbox 213 1418 1796 1503">
    <p class='ocr_par' dir='ltr' id='par_1_12' title="bbox 213 1418 1796 1503">
     <span class='ocr_line' id='line_1_12' title="bbox 213 1418 1796 1503; baseline 0.016 -31"><span class='ocrx_word' id='word_1_95' title='bbox 213 1418 345 1473; x_wconf 80' lang='lat' dir='ltr'><strong>dicit</strong></span> <span class='ocrx_word' id='word_1_96' title='bbox 365 1419 531 1476; x_wconf 83' lang='lat' dir='ltr'><strong>David</strong></span> <span class='ocrx_word' id='word_1_97' title='bbox 561 1438 575 1474; x_wconf 91' lang='lat'><strong>:</strong></span> <span class='ocrx_word' id='word_1_98' title='bbox 603 1423 774 1477; x_wconf 79' lang='lat' dir='ltr'><strong>Hcdie</strong></span> <span class='ocrx_word' id='word_1_99' title='bbox 798 1427 847 1479; x_wconf 91' lang='lat' dir='ltr'><strong>si</strong></span> <span class='ocrx_word' id='word_1_100' title='bbox 873 1442 1042 1481; x_wconf 74' lang='lat' dir='ltr'><strong>vocem</strong></span> <span class='ocrx_word' id='word_1_101' title='bbox 1065 1429 1180 1497; x_wconf 85' lang='lat' dir='ltr'><strong>ejus</strong></span> <span class='ocrx_word' id='word_1_102' title='bbox 1207 1434 1509 1503; x_wconf 79' lang='lat' dir='ltr'><strong>audieritis,</strong></span> <span class='ocrx_word' id='word_1_103' title='bbox 1528 1443 1687 1496; x_wconf 84' lang='lat' dir='ltr'><strong>nolite</strong></span> <span class='ocrx_word' id='word_1_104' title='bbox 1707 1445 1796 1498; x_wconf 82' lang='lat' dir='ltr'><strong>ob-</strong></span> 
     </span>
    </p>
   </div>
   <div class='ocr_carea' id='block_1_13' title="bbox 210 1513 1801 1591">
    <p class='ocr_par' dir='ltr' id='par_1_13' title="bbox 210 1513 1801 1591">
     <span class='ocr_line' id='line_1_13' title="bbox 210 1513 1801 1591; baseline 0.018 -28"><span class='ocrx_word' id='word_1_105' title='bbox 210 1513 409 1567; x_wconf 78' lang='lat' dir='ltr'><strong>durare</strong></span> <span class='ocrx_word' id='word_1_106' title='bbox 430 1518 595 1567; x_wconf 84' lang='lat' dir='ltr'><strong>corda</strong></span> <span class='ocrx_word' id='word_1_107' title='bbox 612 1527 810 1582; x_wconf 68' lang='lat' dir='ltr'><strong>vestra,</strong></span> <span class='ocrx_word' id='word_1_108' title='bbox 826 1518 959 1571; x_wconf 89' lang='lat' dir='ltr'><strong>sicut</strong></span> <span class='ocrx_word' id='word_1_109' title='bbox 982 1520 1034 1572; x_wconf 88' lang='lat' dir='ltr'><strong>in</strong></span> <span class='ocrx_word' id='word_1_110' title='bbox 1055 1526 1451 1581; x_wconf 72' lang='lat' dir='ltr'><strong>exacerbationc</strong></span> <span class='ocrx_word' id='word_1_111' title='bbox 1470 1548 1489 1585; x_wconf 94' lang='lat'><strong><em>:</em></strong></span> <span class='ocrx_word' id='word_1_112' title='bbox 1505 1530 1556 1586; x_wconf 89' lang='lat'><strong>8.</strong></span> <span class='ocrx_word' id='word_1_113' title='bbox 1579 1532 1642 1587; x_wconf 88' lang='lat' dir='ltr'><strong>Si</strong></span> <span class='ocrx_word' id='word_1_114' title='bbox 1654 1537 1801 1591; x_wconf 66' lang='lat' dir='ltr'><strong>enim</strong></span> 
     </span>
    </p>
   </div>
   <div class='ocr_carea' id='block_1_14' title="bbox 209 1600 1797 1695">
    <p class='ocr_par' dir='ltr' id='par_1_14' title="bbox 209 1600 1797 1695">
     <span class='ocr_line' id='line_1_14' title="bbox 209 1600 1797 1695; baseline 0.01 -40"><span class='ocrx_word' id='word_1_115' title='bbox 209 1600 467 1658; x_wconf 63' lang='lat' dir='ltr'><strong>lesuseos</strong></span> <span class='ocrx_word' id='word_1_116' title='bbox 483 1605 688 1673; x_wconf 79' lang='lat' dir='ltr'><strong>fecisset</strong></span> <span class='ocrx_word' id='word_1_117' title='bbox 697 1607 983 1676; x_wconf 75' lang='lat' dir='ltr'><strong>quiescere,</strong></span> <span class='ocrx_word' id='word_1_118' title='bbox 998 1627 1099 1665; x_wconf 85' lang='lat' dir='ltr'><strong>non</strong></span> <span class='ocrx_word' id='word_1_119' title='bbox 1112 1612 1175 1666; x_wconf 84' lang='lat' dir='ltr'><strong>de</strong></span> <span class='ocrx_word' id='word_1_120' title='bbox 1191 1615 1297 1668; x_wconf 84' lang='lat' dir='ltr'><strong>alio</strong></span> <span class='ocrx_word' id='word_1_121' title='bbox 1314 1617 1398 1672; x_wconf 83' lang='lat' dir='ltr'><strong>die</strong></span> <span class='ocrx_word' id='word_1_122' title='bbox 1411 1632 1595 1687; x_wconf 76' lang='lat' dir='ltr'><strong>postea</strong></span> <span class='ocrx_word' id='word_1_123' title='bbox 1618 1623 1797 1695; x_wconf 71' lang='lat' dir='ltr'><strong>loqu.</strong></span> 
     </span>
    </p>
   </div>
   <div class='ocr_carea' id='block_1_15' title="bbox 208 1693 1793 1785">
    <p class='ocr_par' dir='ltr' id='par_1_15' title="bbox 208 1693 1793 1785">
     <span class='ocr_line' id='line_1_15' title="bbox 208 1693 1793 1785; baseline 0.015 -40"><span class='ocrx_word' id='word_1_124' title='bbox 208 1705 369 1747; x_wconf 63' lang='lat' dir='ltr'><strong>retur.</strong></span> <span class='ocrx_word' id='word_1_125' title='bbox 402 1693 689 1779; x_wconf 68' lang='lat' dir='ltr'><strong>Liquidum</strong></span> <span class='ocrx_word' id='word_1_126' title='bbox 726 1713 858 1770; x_wconf 73' lang='lat' dir='ltr'><strong>ergo</strong></span> <span class='ocrx_word' id='word_1_127' title='bbox 887 1708 971 1755; x_wconf 86' lang='lat' dir='ltr'><strong>est</strong></span> <span class='ocrx_word' id='word_1_128' title='bbox 1007 1705 1149 1772; x_wconf 86' lang='lat' dir='ltr'><strong>quod</strong></span> <span class='ocrx_word' id='word_1_129' title='bbox 1185 1705 1301 1761; x_wconf 67' lang='lat' dir='ltr'><strong>haec</strong></span> <span class='ocrx_word' id='word_1_130' title='bbox 1330 1707 1477 1765; x_wconf 84' lang='lat' dir='ltr'><strong>dicat</strong></span> <span class='ocrx_word' id='word_1_131' title='bbox 1516 1693 1793 1785; x_wconf 75' lang='lat' dir='ltr'><strong>tamquam</strong></span> 
     </span>
    </p>
   </div>
   <div class='ocr_carea' id='block_1_16' title="bbox 209 1785 1792 1862">
    <p class='ocr_par' dir='ltr' id='par_1_16' title="bbox 209 1785 1792 1862">
     <span class='ocr_line' id='line_1_16' title="bbox 209 1785 1792 1862; baseline 0.015 -23"><span class='ocrx_word' id='word_1_132' title='bbox 209 1785 368 1841; x_wconf 82' lang='lat' dir='ltr'><strong>nobis</strong></span> <span class='ocrx_word' id='word_1_133' title='bbox 386 1790 766 1857; x_wconf 79' lang='lat' dir='ltr'><strong>assequuturis</strong></span> <span class='ocrx_word' id='word_1_134' title='bbox 789 1790 1028 1861; x_wconf 80' lang='lat' dir='ltr'><strong>aliquam</strong></span> <span class='ocrx_word' id='word_1_135' title='bbox 1056 1802 1571 1858; x_wconf 70' lang='lat' dir='ltr'><strong>remunerationem.</strong></span> <span class='ocrx_word' id='word_1_136' title='bbox 1592 1806 1645 1861; x_wconf 87' lang='lat'><strong>9.</strong></span> <span class='ocrx_word' id='word_1_137' title='bbox 1671 1805 1792 1862; x_wconf 84' lang='lat' dir='ltr'><strong>Ito-</strong></span> 
     </span>
    </p>
   </div>
   <div class='ocr_carea' id='block_1_17' title="bbox 207 1879 1791 1967">
    <p class='ocr_par' dir='ltr' id='par_1_17' title="bbox 207 1879 1791 1967">
     <span class='ocr_line' id='line_1_17' title="bbox 207 1879 1791 1967; baseline 0.013 -36"><span class='ocrx_word' id='word_1_138' title='bbox 207 1894 302 1946; x_wconf 74' lang='lat' dir='ltr'><strong>que</strong></span> <span class='ocrx_word' id='word_1_139' title='bbox 318 1879 637 1948; x_wconf 74' lang='lat' dir='ltr'><strong>relinquitur</strong></span> <span class='ocrx_word' id='word_1_140' title='bbox 650 1881 1011 1938; x_wconf 76' lang='lat' dir='ltr'><strong>sabbatismus</strong></span> <span class='ocrx_word' id='word_1_141' title='bbox 1023 1888 1216 1955; x_wconf 82' lang='lat' dir='ltr'><strong>populo</strong></span> <span class='ocrx_word' id='word_1_142' title='bbox 1239 1889 1349 1949; x_wconf 78' lang='lat' dir='ltr'><strong>Dei.</strong></span> <span class='ocrx_word' id='word_1_143' title='bbox 1367 1892 1546 1949; x_wconf 83' lang='lat' dir='ltr'><strong>Unde?</strong></span> <span class='ocrx_word' id='word_1_144' title='bbox 1564 1894 1637 1951; x_wconf 78' lang='lat' dir='ltr'><strong>Es</strong></span> <span class='ocrx_word' id='word_1_145' title='bbox 1654 1912 1791 1967; x_wconf 72' lang='lat' dir='ltr'><strong>pm-</strong></span> 
     </span>
    </p>
   </div>
   <div class='ocr_carea' id='block_1_18' title="bbox 208 1968 1795 2046">
    <p class='ocr_par' dir='ltr' id='par_1_18' title="bbox 208 1968 1795 2046">
     <span class='ocr_line' id='line_1_18' title="bbox 208 1968 1795 2046; baseline 0.017 -26"><span class='ocrx_word' id='word_1_146' title='bbox 208 1976 385 2039; x_wconf 72' lang='lat' dir='ltr'><strong>eepto,</strong></span> <span class='ocrx_word' id='word_1_147' title='bbox 411 1968 602 2025; x_wconf 74' lang='lat' dir='ltr'><strong>Nolite</strong></span> <span class='ocrx_word' id='word_1_148' title='bbox 618 1973 883 2029; x_wconf 75' lang='lat' dir='ltr'><strong>obdurare</strong></span> <span class='ocrx_word' id='word_1_149' title='bbox 906 1977 1070 2030; x_wconf 80' lang='lat' dir='ltr'><strong>corda</strong></span> <span class='ocrx_word' id='word_1_150' title='bbox 1098 1990 1290 2035; x_wconf 76' lang='lat' dir='ltr'><strong>vestra.</strong></span> <span class='ocrx_word' id='word_1_151' title='bbox 1305 1981 1439 2038; x_wconf 81' lang='lat' dir='ltr'><strong>Nam</strong></span> <span class='ocrx_word' id='word_1_152' title='bbox 1462 1986 1506 2040; x_wconf 87' lang='lat' dir='ltr'><strong>si</strong></span> <span class='ocrx_word' id='word_1_153' title='bbox 1524 1999 1795 2046; x_wconf 64' lang='lat' dir='ltr'><strong>nones“.</strong></span> 
     </span>
    </p>
   </div>
   <div class='ocr_carea' id='block_1_19' title="bbox 208 2060 1793 2147">
    <p class='ocr_par' dir='ltr' id='par_1_19' title="bbox 208 2060 1793 2147">
     <span class='ocr_line' id='line_1_19' title="bbox 208 2060 1793 2147; baseline 0.015 -33"><span class='ocrx_word' id='word_1_154' title='bbox 208 2060 727 2131; x_wconf 62' lang='lat' dir='ltr'><strong>sabbatismusmon</strong></span> <span class='ocrx_word' id='word_1_155' title='bbox 752 2067 832 2121; x_wconf 85' lang='lat' dir='ltr'><strong>eis</strong></span> <span class='ocrx_word' id='word_1_156' title='bbox 857 2069 1261 2140; x_wconf 68' lang='lat' dir='ltr'><strong>praeciperetur,</strong></span> <span class='ocrx_word' id='word_1_157' title='bbox 1279 2076 1793 2147; x_wconf 71' lang='lat' dir='ltr'><strong>necjolu-reuturno</strong></span> 
     </span>
    </p>
   </div>
   <div class='ocr_carea' id='block_1_20' title="bbox 217 2145 1795 2229">
    <p class='ocr_par' dir='ltr' id='par_1_20' title="bbox 217 2145 1795 2229">
     <span class='ocr_line' id='line_1_20' title="bbox 217 2145 1795 2229; baseline 0.019 -31"><span class='ocrx_word' id='word_1_158' title='bbox 217 2151 402 2198; x_wconf 83' lang='lat' dir='ltr'><strong>eadem</strong></span> <span class='ocrx_word' id='word_1_159' title='bbox 429 2145 686 2210; x_wconf 82' lang='lat' dir='ltr'><strong>lacerent,</strong></span> <span class='ocrx_word' id='word_1_160' title='bbox 704 2159 765 2204; x_wconf 82' lang='lat' dir='ltr'><strong>ut</strong></span> <span class='ocrx_word' id='word_1_161' title='bbox 782 2166 849 2206; x_wconf 91' lang='lat' dir='ltr'><strong>ne</strong></span> <span class='ocrx_word' id='word_1_162' title='bbox 868 2154 1054 2210; x_wconf 86' lang='lat' dir='ltr'><strong>eadem</strong></span> <span class='ocrx_word' id='word_1_163' title='bbox 1070 2145 1400 2229; x_wconf 83' lang='lat' dir='ltr'><strong>paterentur,</strong></span> <span class='ocrx_word' id='word_1_164' title='bbox 1422 2167 1467 2220; x_wconf 87' lang='lat' dir='ltr'><strong>si</strong></span> <span class='ocrx_word' id='word_1_165' title='bbox 1486 2184 1589 2223; x_wconf 89' lang='lat' dir='ltr'><strong>non</strong></span> <span class='ocrx_word' id='word_1_166' title='bbox 1610 2172 1795 2228; x_wconf 82' lang='lat' dir='ltr'><strong>eadem</strong></span> 
     </span>
    </p>
   </div>
   <div class='ocr_carea' id='block_1_21' title="bbox 204 2239 1794 2330">
    <p class='ocr_par' dir='ltr' id='par_1_21' title="bbox 204 2239 1794 2330">
     <span class='ocr_line' id='line_1_21' title="bbox 204 2239 1794 2330; baseline 0.025 -50"><span class='ocrx_word' id='word_1_167' title='bbox 204 2242 401 2288; x_wconf 78' lang='lat' dir='ltr'><strong>essent</strong></span> <span class='ocrx_word' id='word_1_168' title='bbox 426 2239 654 2304; x_wconf 73' lang='lat' dir='ltr'><strong>passuri.</strong></span> <span class='ocrx_word' id='word_1_169' title='bbox 685 2239 969 2306; x_wconf 85' lang='lat' dir='ltr'><strong>Quomodo</strong></span> <span class='ocrx_word' id='word_1_170' title='bbox 995 2258 1174 2304; x_wconf 86' lang='lat' dir='ltr'><strong>autem</strong></span> <span class='ocrx_word' id='word_1_171' title='bbox 1204 2253 1390 2310; x_wconf 70' lang='lat' dir='ltr'><strong>eadem</strong></span> <span class='ocrx_word' id='word_1_172' title='bbox 1418 2269 1570 2313; x_wconf 77' lang='lat' dir='ltr'><strong>erant</strong></span> <span class='ocrx_word' id='word_1_173' title='bbox 1591 2266 1794 2330; x_wconf 80' lang='lat' dir='ltr'><strong>passuri</strong></span> 
     </span>
    </p>
   </div>
   <div class='ocr_carea' id='block_1_22' title="bbox 213 2326 1795 2422">
    <p class='ocr_par' dir='ltr' id='par_1_22' title="bbox 213 2326 1795 2422">
     <span class='ocr_line' id='line_1_22' title="bbox 213 2326 1795 2422; baseline 0.02 -43"><span class='ocrx_word' id='word_1_174' title='bbox 213 2326 301 2396; x_wconf 81' lang='lat' dir='ltr'><strong>qui</strong></span> <span class='ocrx_word' id='word_1_175' title='bbox 333 2329 591 2384; x_wconf 85' lang='lat' dir='ltr'><strong>tenebant</strong></span> <span class='ocrx_word' id='word_1_176' title='bbox 616 2330 980 2401; x_wconf 58' lang='lat' dir='ltr'><strong>Palaestinam,</strong></span> <span class='ocrx_word' id='word_1_177' title='bbox 1018 2339 1067 2394; x_wconf 81' lang='lat' dir='ltr'><strong>si</strong></span> <span class='ocrx_word' id='word_1_178' title='bbox 1107 2358 1209 2395; x_wconf 90' lang='lat' dir='ltr'><strong>non</strong></span> <span class='ocrx_word' id='word_1_179' title='bbox 1237 2358 1380 2400; x_wconf 84' lang='lat' dir='ltr'><strong>esset</strong></span> <span class='ocrx_word' id='word_1_180' title='bbox 1404 2350 1505 2403; x_wconf 80' lang='lat' dir='ltr'><strong>alia</strong></span> <span class='ocrx_word' id='word_1_181' title='bbox 1534 2326 1744 2422; x_wconf 66' lang='lat' dir='ltr'><strong>nquies</strong></span> <span class='ocrx_word' id='word_1_182' title='bbox 1771 2357 1795 2410; x_wconf 81' lang='lat'><strong>?</strong></span> 
     </span>
    </p>
   </div>
   <div class='ocr_carea' id='block_1_23' title="bbox 280 2416 1802 2502">
    <p class='ocr_par' dir='ltr' id='par_1_23' title="bbox 280 2416 1802 2502">
     <span class='ocr_line' id='line_1_23' title="bbox 280 2416 1802 2502; baseline 0.02 -32"><span class='ocrx_word' id='word_1_183' title='bbox 280 2416 335 2470; x_wconf 78' lang='grc' dir='ltr'><strong>ὅ.</strong></span> <span class='ocrx_word' id='word_1_184' title='bbox 368 2417 599 2475; x_wconf 82' lang='lat' dir='ltr'><strong>Pulchre</strong></span> <span class='ocrx_word' id='word_1_185' title='bbox 629 2432 810 2479; x_wconf 82' lang='lat' dir='ltr'><strong>autem</strong></span> <span class='ocrx_word' id='word_1_186' title='bbox 842 2428 1105 2484; x_wconf 81' lang='lat' dir='ltr'><strong>conclusit</strong></span> <span class='ocrx_word' id='word_1_187' title='bbox 1150 2437 1470 2493; x_wconf 84' lang='lat' dir='ltr'><strong>orationem.</strong></span> <span class='ocrx_word' id='word_1_188' title='bbox 1521 2416 1634 2496; x_wconf 81' lang='lat' dir='ltr'><strong>Non</strong></span> <span class='ocrx_word' id='word_1_189' title='bbox 1659 2444 1802 2502; x_wconf 69' lang='lat' dir='ltr'><strong>dixit</strong></span> 
     </span>
    </p>
   </div>
   <div class='ocr_carea' id='block_1_24' title="bbox 212 2508 1797 2603">
    <p class='ocr_par' dir='ltr' id='par_1_24' title="bbox 212 2508 1797 2603">
     <span class='ocr_line' id='line_1_24' title="bbox 212 2508 1797 2603; baseline 0.02 -44"><span class='ocrx_word' id='word_1_190' title='bbox 212 2508 372 2569; x_wconf 73' lang='lat' dir='ltr'><strong>enirn,</strong></span> <span class='ocrx_word' id='word_1_191' title='bbox 406 2509 674 2579; x_wconf 76' lang='lat' dir='ltr'><strong>Requics,</strong></span> <span class='ocrx_word' id='word_1_192' title='bbox 710 2516 801 2569; x_wconf 61' lang='lat' dir='ltr'><strong>sed</strong></span> <span class='ocrx_word' id='word_1_193' title='bbox 826 2560 838 2578; x_wconf 88' lang='lat'><strong>,</strong></span> <span class='ocrx_word' id='word_1_194' title='bbox 871 2518 1238 2590; x_wconf 71' lang='lat' dir='ltr'><strong>Saltltalt&#39;smus,</strong></span> <span class='ocrx_word' id='word_1_195' title='bbox 1272 2543 1465 2585; x_wconf 81' lang='lat' dir='ltr'><strong>nomen</strong></span> <span class='ocrx_word' id='word_1_196' title='bbox 1498 2535 1797 2603; x_wconf 74' lang='lat' dir='ltr'><strong>preprinm,</strong></span> 
     </span>
    </p>
   </div>
   <div class='ocr_carea' id='block_1_25' title="bbox 213 2607 1801 2686">
    <p class='ocr_par' dir='ltr' id='par_1_25' title="bbox 213 2607 1801 2686">
     <span class='ocr_line' id='line_1_25' title="bbox 213 2607 1801 2686; baseline 0.01 -24"><span class='ocrx_word' id='word_1_197' title='bbox 213 2615 263 2662; x_wconf 75' lang='lat' dir='ltr'><strong>et</strong></span> <span class='ocrx_word' id='word_1_198' title='bbox 285 2622 395 2678; x_wconf 84' lang='lat' dir='ltr'><strong>quo</strong></span> <span class='ocrx_word' id='word_1_199' title='bbox 434 2607 790 2678; x_wconf 69' lang='lat' dir='ltr'><strong>laatabantur,</strong></span> <span class='ocrx_word' id='word_1_200' title='bbox 822 2622 878 2667; x_wconf 87' lang='grc' dir='ltr'><strong>ει</strong></span> <span class='ocrx_word' id='word_1_201' title='bbox 910 2614 985 2667; x_wconf 82' lang='lat' dir='ltr'><strong>ad-</strong></span> <span class='ocrx_word' id='word_1_202' title='bbox 1018 2616 1161 2685; x_wconf 81' lang='lat' dir='ltr'><strong>quod</strong></span> <span class='ocrx_word' id='word_1_203' title='bbox 1207 2618 1528 2686; x_wconf 81' lang='lat' dir='ltr'><strong>currebant,</strong></span> <span class='ocrx_word' id='word_1_204' title='bbox 1561 2622 1801 2678; x_wconf 78' lang='lat' dir='ltr'><strong>sabbati-</strong></span> 
     </span>
    </p>
   </div>
   <div class='ocr_carea' id='block_1_26' title="bbox 216 2704 1803 2770">
    <p class='ocr_par' dir='ltr' id='par_1_26' title="bbox 216 2704 1803 2770">
     <span class='ocr_line' id='line_1_26' title="bbox 216 2704 1803 2770; baseline 0.013 -22"><span class='ocrx_word' id='word_1_205' title='bbox 216 2712 386 2750; x_wconf 80' lang='lat' dir='ltr'><strong>snmm</strong></span> <span class='ocrx_word' id='word_1_206' title='bbox 416 2714 642 2769; x_wconf 78' lang='lat' dir='ltr'><strong>regnum</strong></span> <span class='ocrx_word' id='word_1_207' title='bbox 663 2716 879 2769; x_wconf 83' lang='lat' dir='ltr'><strong>vocans.</strong></span> <span class='ocrx_word' id='word_1_208' title='bbox 897 2704 1045 2760; x_wconf 85' lang='lat' dir='ltr'><strong>Sicut</strong></span> <span class='ocrx_word' id='word_1_209' title='bbox 1064 2707 1208 2767; x_wconf 79' lang='lat' dir='ltr'><strong>enim</strong></span> <span class='ocrx_word' id='word_1_210' title='bbox 1231 2708 1281 2763; x_wconf 92' lang='lat' dir='ltr'><strong>in</strong></span> <span class='ocrx_word' id='word_1_211' title='bbox 1298 2709 1523 2766; x_wconf 85' lang='lat' dir='ltr'><strong>sabbato</strong></span> <span class='ocrx_word' id='word_1_212' title='bbox 1540 2712 1608 2767; x_wconf 75' lang='lat' dir='ltr'><strong>ab</strong></span> <span class='ocrx_word' id='word_1_213' title='bbox 1627 2715 1803 2770; x_wconf 52' lang='lat' dir='ltr'><strong>omni.</strong></span> 
     </span>
    </p>
   </div>
   <div class='ocr_carea' id='block_1_27' title="bbox 213 2786 1797 2863">
    <p class='ocr_par' dir='ltr' id='par_1_27' title="bbox 213 2786 1797 2863">
     <span class='ocr_line' id='line_1_27' title="bbox 213 2786 1797 2863; baseline 0.016 -25"><span class='ocrx_word' id='word_1_214' title='bbox 213 2786 306 2839; x_wconf 73' lang='lat' dir='ltr'><strong>bus</strong></span> <span class='ocrx_word' id='word_1_215' title='bbox 353 2789 572 2857; x_wconf 79' lang='lat' dir='ltr'><strong>quidem</strong></span> <span class='ocrx_word' id='word_1_216' title='bbox 617 2792 775 2846; x_wconf 84' lang='lat' dir='ltr'><strong>malis</strong></span> <span class='ocrx_word' id='word_1_217' title='bbox 806 2793 959 2863; x_wconf 86' lang='lat' dir='ltr'><strong>jubet</strong></span> <span class='ocrx_word' id='word_1_218' title='bbox 996 2796 1291 2863; x_wconf 79' lang='lat' dir='ltr'><strong>abstinere,</strong></span> <span class='ocrx_word' id='word_1_219' title='bbox 1326 2800 1415 2855; x_wconf 85' lang='lat' dir='ltr'><strong>illa</strong></span> <span class='ocrx_word' id='word_1_220' title='bbox 1460 2810 1643 2859; x_wconf 84' lang='lat' dir='ltr'><strong>autem</strong></span> <span class='ocrx_word' id='word_1_221' title='bbox 1683 2805 1797 2863; x_wconf 77' lang='lat' dir='ltr'><strong>sola</strong></span> 
     </span>
    </p>
   </div>
   <div class='ocr_carea' id='block_1_28' title="bbox 214 2873 1794 2959">
    <p class='ocr_par' dir='ltr' id='par_1_28' title="bbox 214 2873 1794 2959">
     <span class='ocr_line' id='line_1_28' title="bbox 214 2873 1794 2959; baseline 0.015 -38"><span class='ocrx_word' id='word_1_222' title='bbox 214 2873 319 2924; x_wconf 68' lang='grc' dir='ltr'><strong>ποτί</strong></span> <span class='ocrx_word' id='word_1_223' title='bbox 351 2887 473 2942; x_wconf 67' lang='grc' dir='ltr'><strong>(μη</strong></span> <span class='ocrx_word' id='word_1_224' title='bbox 507 2875 774 2943; x_wconf 77' lang='lat' dir='ltr'><strong>pertinent</strong></span> <span class='ocrx_word' id='word_1_225' title='bbox 808 2878 883 2931; x_wconf 74' lang='lat' dir='ltr'><strong>ad.</strong></span> <span class='ocrx_word' id='word_1_226' title='bbox 905 2878 1107 2937; x_wconf 90' lang='lat' dir='ltr'><strong>cultum</strong></span> <span class='ocrx_word' id='word_1_227' title='bbox 1151 2881 1278 2949; x_wconf 87' lang='lat' dir='ltr'><strong>Dei,</strong></span> <span class='ocrx_word' id='word_1_228' title='bbox 1313 2900 1430 2954; x_wconf 78' lang='lat' dir='ltr'><strong>qua:</strong></span> <span class='ocrx_word' id='word_1_229' title='bbox 1454 2886 1669 2955; x_wconf 86' lang='lat' dir='ltr'><strong>quidem</strong></span> <span class='ocrx_word' id='word_1_230' title='bbox 1695 2902 1794 2959; x_wconf 78' lang='lat' dir='ltr'><strong>pe-</strong></span> 
     </span>
    </p>
   </div>
   <div class='ocr_carea' id='block_1_29' title="bbox 210 2964 1792 3047">
    <p class='ocr_par' dir='ltr' id='par_1_29' title="bbox 210 2964 1792 3047">
     <span class='ocr_line' id='line_1_29' title="bbox 210 2964 1792 3047; baseline 0.011 -31"><span class='ocrx_word' id='word_1_231' title='bbox 210 2964 463 3032; x_wconf 71' lang='lat' dir='ltr'><strong>ragebant</strong></span> <span class='ocrx_word' id='word_1_232' title='bbox 491 2965 804 3022; x_wconf 84' lang='lat' dir='ltr'><strong>sacerdotes</strong></span> <span class='ocrx_word' id='word_1_233' title='bbox 825 3010 838 3031; x_wconf 91' lang='lat'><strong>,</strong></span> <span class='ocrx_word' id='word_1_234' title='bbox 868 2978 921 3023; x_wconf 88' lang='lat' dir='ltr'><strong>et</strong></span> <span class='ocrx_word' id='word_1_235' title='bbox 950 2986 1297 3042; x_wconf 75' lang='lat' dir='ltr'><strong>qumcmiique</strong></span> <span class='ocrx_word' id='word_1_236' title='bbox 1322 2974 1510 3043; x_wconf 84' lang='lat' dir='ltr'><strong>juvant</strong></span> <span class='ocrx_word' id='word_1_237' title='bbox 1535 2979 1792 3047; x_wconf 67' lang='lat' dir='ltr'><strong>animum,</strong></span> 
     </span>
    </p>
   </div>
   <div class='ocr_carea' id='block_1_30' title="bbox 208 3052 1793 3136">
    <p class='ocr_par' dir='ltr' id='par_1_30' title="bbox 208 3052 1793 3136">
     <span class='ocr_line' id='line_1_30' title="bbox 208 3052 1793 3136; baseline 0.012 -33"><span class='ocrx_word' id='word_1_238' title='bbox 208 3060 255 3104; x_wconf 74' lang='lat' dir='ltr'><strong>et</strong></span> <span class='ocrx_word' id='word_1_239' title='bbox 285 3052 419 3107; x_wconf 84' lang='lat' dir='ltr'><strong>nihil</strong></span> <span class='ocrx_word' id='word_1_240' title='bbox 467 3053 616 3108; x_wconf 82' lang='lat' dir='ltr'><strong>aliud</strong></span> <span class='ocrx_word' id='word_1_241' title='bbox 653 3074 667 3108; x_wconf 90' lang='lat'><strong>:</strong></span> <span class='ocrx_word' id='word_1_242' title='bbox 710 3056 781 3115; x_wconf 79' lang='lat' dir='ltr'><strong>ita</strong></span> <span class='ocrx_word' id='word_1_243' title='bbox 812 3068 936 3113; x_wconf 79' lang='lat' dir='ltr'><strong>tunc</strong></span> <span class='ocrx_word' id='word_1_244' title='bbox 961 3074 1191 3131; x_wconf 85' lang='lat' dir='ltr'><strong>quoque.</strong></span> <span class='ocrx_word' id='word_1_245' title='bbox 1244 3062 1350 3118; x_wconf 81' lang='lat' dir='ltr'><strong>Sed</strong></span> <span class='ocrx_word' id='word_1_246' title='bbox 1380 3080 1484 3119; x_wconf 91' lang='lat' dir='ltr'><strong>non</strong></span> <span class='ocrx_word' id='word_1_247' title='bbox 1514 3067 1593 3122; x_wconf 88' lang='lat' dir='ltr'><strong>sic</strong></span> <span class='ocrx_word' id='word_1_248' title='bbox 1616 3067 1752 3122; x_wconf 70' lang='lat' dir='ltr'><strong>dixit</strong></span> <span class='ocrx_word' id='word_1_249' title='bbox 1773 3108 1793 3136; x_wconf 89' lang='lat'><strong>,</strong></span> 
     </span>
    </p>
   </div>
   <div class='ocr_carea' id='block_1_31' title="bbox 206 3142 1795 3226">
    <p class='ocr_par' dir='ltr' id='par_1_31' title="bbox 206 3142 1795 3226">
     <span class='ocr_line' id='line_1_31' title="bbox 206 3142 1795 3226; baseline 0.012 -31"><span class='ocrx_word' id='word_1_250' title='bbox 206 3143 293 3225; x_wconf 63' lang='lat' dir='ltr'><strong>sed</strong></span> <span class='ocrx_word' id='word_1_251' title='bbox 342 3144 522 3214; x_wconf 71' lang='lat' dir='ltr'><strong>quid?</strong></span> <span class='ocrx_word' id='word_1_252' title='bbox 566 3144 655 3201; x_wconf 81' lang='lat' dir='ltr'><strong>lo.</strong></span> <span class='ocrx_word' id='word_1_253' title='bbox 708 3142 819 3213; x_wconf 72' lang='lat' dir='ltr'><strong>Qui.</strong></span> <span class='ocrx_word' id='word_1_254' title='bbox 854 3151 987 3203; x_wconf 87' lang='lat' dir='ltr'><strong>enim</strong></span> <span class='ocrx_word' id='word_1_255' title='bbox 1040 3151 1295 3223; x_wconf 78' lang='lat' dir='ltr'><strong>ingressus</strong></span> <span class='ocrx_word' id='word_1_256' title='bbox 1346 3165 1422 3210; x_wconf 90' lang='lat' dir='ltr'><strong>est</strong></span> <span class='ocrx_word' id='word_1_257' title='bbox 1466 3157 1521 3211; x_wconf 83' lang='lat' dir='ltr'><strong>in</strong></span> <span class='ocrx_word' id='word_1_258' title='bbox 1571 3161 1795 3226; x_wconf 82' lang='lat' dir='ltr'><strong>requiem</strong></span> 
     </span>
    </p>
   </div>
   <div class='ocr_carea' id='block_1_32' title="bbox 206 3221 1795 3314">
    <p class='ocr_par' dir='ltr' id='par_1_32' title="bbox 206 3221 1795 3314">
     <span class='ocr_line' id='line_1_32' title="bbox 206 3221 1795 3314; baseline 0.011 -27"><span class='ocrx_word' id='word_1_259' title='bbox 206 3221 327 3307; x_wconf 58' lang='lat' dir='ltr'><strong>ejus,</strong></span> <span class='ocrx_word' id='word_1_260' title='bbox 356 3238 512 3291; x_wconf 88' lang='lat' dir='ltr'><strong>etiam</strong></span> <span class='ocrx_word' id='word_1_261' title='bbox 538 3239 647 3309; x_wconf 83' lang='lat' dir='ltr'><strong>ipse</strong></span> <span class='ocrx_word' id='word_1_262' title='bbox 676 3244 912 3309; x_wconf 70' lang='lat' dir='ltr'><strong>requievit</strong></span> <span class='ocrx_word' id='word_1_263' title='bbox 938 3242 999 3296; x_wconf 72' lang='lat' dir='ltr'><strong>ab</strong></span> <span class='ocrx_word' id='word_1_264' title='bbox 1029 3221 1260 3314; x_wconf 69' lang='lat' dir='ltr'><strong>operibus</strong></span> <span class='ocrx_word' id='word_1_265' title='bbox 1285 3248 1410 3313; x_wconf 78' lang='lat' dir='ltr'><strong>suis,</strong></span> <span class='ocrx_word' id='word_1_266' title='bbox 1440 3248 1569 3303; x_wconf 78' lang='lat' dir='ltr'><strong>sicut</strong></span> <span class='ocrx_word' id='word_1_267' title='bbox 1597 3249 1736 3304; x_wconf 86' lang='lat' dir='ltr'><strong>Deus</strong></span> <span class='ocrx_word' id='word_1_268' title='bbox 1763 3268 1795 3305; x_wconf 87' lang='lat' dir='ltr'><strong>a</strong></span> 
     </span>
    </p>
   </div>
   <div class='ocr_carea' id='block_1_33' title="bbox 205 3328 1794 3411">
    <p class='ocr_par' dir='ltr' id='par_1_33' title="bbox 205 3328 1794 3411">
     <span class='ocr_line' id='line_1_33' title="bbox 205 3328 1794 3411; baseline 0.012 -32"><span class='ocrx_word' id='word_1_269' title='bbox 205 3330 443 3398; x_wconf 84' lang='lat' dir='ltr'><strong>propriis.</strong></span> <span class='ocrx_word' id='word_1_270' title='bbox 476 3328 631 3385; x_wconf 90' lang='lat' dir='ltr'><strong>Sicut</strong></span> <span class='ocrx_word' id='word_1_271' title='bbox 679 3331 821 3387; x_wconf 89' lang='lat' dir='ltr'><strong>Deus</strong></span> <span class='ocrx_word' id='word_1_272' title='bbox 868 3336 1158 3403; x_wconf 79' lang='lat' dir='ltr'><strong>requievit,</strong></span> <span class='ocrx_word' id='word_1_273' title='bbox 1193 3339 1399 3409; x_wconf 85' lang='lat' dir='ltr'><strong>inquit,</strong></span> <span class='ocrx_word' id='word_1_274' title='bbox 1426 3340 1494 3396; x_wconf 86' lang='lat' dir='ltr'><strong>ab</strong></span> <span class='ocrx_word' id='word_1_275' title='bbox 1540 3342 1794 3411; x_wconf 85' lang='lat' dir='ltr'><strong>operibus</strong></span> 
     </span>
    </p>
   </div>
   <div class='ocr_carea' id='block_1_34' title="bbox 203 3420 1794 3503">
    <p class='ocr_par' dir='ltr' id='par_1_34' title="bbox 203 3420 1794 3503">
     <span class='ocr_line' id='line_1_34' title="bbox 203 3420 1794 3503; baseline 0.012 -33"><span class='ocrx_word' id='word_1_276' title='bbox 203 3420 327 3486; x_wconf 88' lang='lat' dir='ltr'><strong>suis,</strong></span> <span class='ocrx_word' id='word_1_277' title='bbox 360 3420 433 3474; x_wconf 85' lang='lat' dir='ltr'><strong>ita</strong></span> <span class='ocrx_word' id='word_1_278' title='bbox 459 3421 552 3491; x_wconf 87' lang='lat' dir='ltr'><strong>qui</strong></span> <span class='ocrx_word' id='word_1_279' title='bbox 584 3430 668 3477; x_wconf 87' lang='lat' dir='ltr'><strong>est</strong></span> <span class='ocrx_word' id='word_1_280' title='bbox 694 3421 966 3491; x_wconf 59' lang='lat' dir='ltr'><strong>ingressus</strong></span> <span class='ocrx_word' id='word_1_281' title='bbox 993 3426 1044 3479; x_wconf 90' lang='lat' dir='ltr'><strong>in</strong></span> <span class='ocrx_word' id='word_1_282' title='bbox 1076 3429 1310 3497; x_wconf 79' lang='lat' dir='ltr'><strong>requiem</strong></span> <span class='ocrx_word' id='word_1_283' title='bbox 1333 3432 1467 3500; x_wconf 86' lang='lat' dir='ltr'><strong>ejus.</strong></span> <span class='ocrx_word' id='word_1_284' title='bbox 1500 3431 1634 3487; x_wconf 76' lang='lat' dir='ltr'><strong>Nam</strong></span> <span class='ocrx_word' id='word_1_285' title='bbox 1660 3449 1794 3503; x_wconf 78' lang='lat' dir='ltr'><strong>quo-</strong></span> 
     </span>
    </p>
   </div>
   <div class='ocr_carea' id='block_1_35' title="bbox 206 3513 1797 3596">
    <p class='ocr_par' dir='ltr' id='par_1_35' title="bbox 206 3513 1797 3596">
     <span class='ocr_line' id='line_1_35' title="bbox 206 3513 1797 3596; baseline 0.014 -35"><span class='ocrx_word' id='word_1_286' title='bbox 206 3513 341 3567; x_wconf 84' lang='lat' dir='ltr'><strong>uiam</strong></span> <span class='ocrx_word' id='word_1_287' title='bbox 386 3515 471 3569; x_wconf 85' lang='lat' dir='ltr'><strong>eis</strong></span> <span class='ocrx_word' id='word_1_288' title='bbox 515 3513 838 3583; x_wconf 79' lang='lat' dir='ltr'><strong>loquebatur</strong></span> <span class='ocrx_word' id='word_1_289' title='bbox 886 3517 953 3571; x_wconf 84' lang='lat' dir='ltr'><strong>de</strong></span> <span class='ocrx_word' id='word_1_290' title='bbox 994 3521 1217 3589; x_wconf 85' lang='lat' dir='ltr'><strong>requie,</strong></span> <span class='ocrx_word' id='word_1_291' title='bbox 1262 3531 1321 3578; x_wconf 80' lang='lat' dir='ltr'><strong>et</strong></span> <span class='ocrx_word' id='word_1_292' title='bbox 1359 3522 1461 3579; x_wconf 86' lang='lat' dir='ltr'><strong>hoc</strong></span> <span class='ocrx_word' id='word_1_293' title='bbox 1509 3526 1797 3596; x_wconf 82' lang='lat' dir='ltr'><strong>cupiebant</strong></span> 
     </span>
    </p>
   </div>
   <div class='ocr_carea' id='block_1_36' title="bbox 203 3602 1788 3678">
    <p class='ocr_par' dir='ltr' id='par_1_36' title="bbox 203 3602 1788 3678">
     <span class='ocr_line' id='line_1_36' title="bbox 203 3602 1788 3678; baseline 0.014 -25"><span class='ocrx_word' id='word_1_294' title='bbox 203 3602 383 3658; x_wconf 83' lang='lat' dir='ltr'><strong>audire</strong></span> <span class='ocrx_word' id='word_1_295' title='bbox 424 3603 646 3674; x_wconf 81' lang='lat' dir='ltr'><strong>quando</strong></span> <span class='ocrx_word' id='word_1_296' title='bbox 675 3615 833 3661; x_wconf 74' lang='lat' dir='ltr'><strong>esset</strong></span> <span class='ocrx_word' id='word_1_297' title='bbox 854 3609 1109 3678; x_wconf 79' lang='lat' dir='ltr'><strong>futurum,</strong></span> <span class='ocrx_word' id='word_1_298' title='bbox 1146 3613 1195 3668; x_wconf 91' lang='lat' dir='ltr'><strong>in</strong></span> <span class='ocrx_word' id='word_1_299' title='bbox 1239 3614 1341 3671; x_wconf 87' lang='lat' dir='ltr'><strong>hoc</strong></span> <span class='ocrx_word' id='word_1_300' title='bbox 1377 3619 1638 3674; x_wconf 87' lang='lat' dir='ltr'><strong>conclusit</strong></span> <span class='ocrx_word' id='word_1_301' title='bbox 1665 3636 1788 3675; x_wconf 84' lang='lat' dir='ltr'><strong>ora-</strong></span> 
     </span>
    </p>
   </div>
   <div class='ocr_carea' id='block_1_37' title="bbox 204 3694 419 3749">
    <p class='ocr_par' dir='ltr' id='par_1_37' title="bbox 204 3694 419 3749">
     <span class='ocr_line' id='line_1_37' title="bbox 204 3694 419 3749; baseline 0.019 -4"><span class='ocrx_word' id='word_1_302' title='bbox 204 3694 419 3749; x_wconf 77' lang='lat' dir='ltr'><strong>tionem.</strong></span> 
     </span>
    </p>
   </div>
   <div class='ocr_carea' id='block_1_38' title="bbox 272 3784 1793 3864">
    <p class='ocr_par' dir='ltr' id='par_1_38' title="bbox 272 3784 1793 3864">
     <span class='ocr_line' id='line_1_38' title="bbox 272 3784 1793 3864; baseline 0.013 -25"><span class='ocrx_word' id='word_1_303' title='bbox 272 3784 409 3855; x_wconf 75' lang='lat' dir='ltr'><strong>Spes</strong></span> <span class='ocrx_word' id='word_1_304' title='bbox 450 3802 652 3857; x_wconf 76' lang='lat' dir='ltr'><strong>semper</strong></span> <span class='ocrx_word' id='word_1_305' title='bbox 695 3789 984 3860; x_wconf 70' lang='lat' dir='ltr'><strong>seruanda,</strong></span> <span class='ocrx_word' id='word_1_306' title='bbox 1025 3796 1269 3864; x_wconf 85' lang='lat' dir='ltr'><strong>quamdiu</strong></span> <span class='ocrx_word' id='word_1_307' title='bbox 1312 3801 1793 3859; x_wconf 51' lang='grc' dir='ltr'><strong>θώρηκι-ΙΗυά</strong></span> 
     </span>
    </p>
   </div>
   <div class='ocr_carea' id='block_1_39' title="bbox 202 3879 1797 3965">
    <p class='ocr_par' dir='ltr' id='par_1_39' title="bbox 202 3879 1797 3965">
     <span class='ocr_line' id='line_1_39' title="bbox 202 3879 1797 3965; baseline 0.013 -34"><span class='ocrx_word' id='word_1_308' title='bbox 202 3888 397 3946; x_wconf 77' lang='lat' dir='ltr'><strong>autem,</strong></span> <span class='ocrx_word' id='word_1_309' title='bbox 434 3879 608 3943; x_wconf 80' lang='lat' dir='ltr'><strong>Hodie</strong></span> <span class='ocrx_word' id='word_1_310' title='bbox 627 3925 647 3950; x_wconf 83' lang='lat'><strong>,</strong></span> <span class='ocrx_word' id='word_1_311' title='bbox 673 3883 874 3939; x_wconf 90' lang='lat' dir='ltr'><strong>dicitur</strong></span> <span class='ocrx_word' id='word_1_312' title='bbox 894 3925 920 3950; x_wconf 57' lang='grc'><strong>,.</strong></span> <span class='ocrx_word' id='word_1_313' title='bbox 935 3902 1007 3942; x_wconf 88' lang='lat' dir='ltr'><strong>ne</strong></span> <span class='ocrx_word' id='word_1_314' title='bbox 1034 3886 1342 3958; x_wconf 81' lang='lat' dir='ltr'><strong>desperent.</strong></span> <span class='ocrx_word' id='word_1_315' title='bbox 1373 3895 1743 3951; x_wconf 82' lang='lat' dir='ltr'><strong>Adhortamini</strong></span> <span class='ocrx_word' id='word_1_316' title='bbox 1770 3940 1797 3965; x_wconf 39' lang='grc' dir='ltr'><strong>,ς</strong></span> 
     </span>
    </p>
   </div>
   <div class='ocr_carea' id='block_1_40' title="bbox 202 3964 1785 4050">
    <p class='ocr_par' dir='ltr' id='par_1_40' title="bbox 202 3964 1785 4050">
     <span class='ocr_line' id='line_1_40' title="bbox 202 3964 1785 4050; baseline 0.016 -36"><span class='ocrx_word' id='word_1_317' title='bbox 202 3964 404 4032; x_wconf 83' lang='lat' dir='ltr'><strong>inquit,</strong></span> <span class='ocrx_word' id='word_1_318' title='bbox 434 3980 543 4021; x_wconf 77' lang='lat' dir='ltr'><strong>vos</strong></span> <span class='ocrx_word' id='word_1_319' title='bbox 578 3968 841 4037; x_wconf 86' lang='lat' dir='ltr'><strong>quotidie,</strong></span> <span class='ocrx_word' id='word_1_320' title='bbox 877 3969 1050 4027; x_wconf 89' lang='lat' dir='ltr'><strong>donec</strong></span> <span class='ocrx_word' id='word_1_321' title='bbox 1089 3972 1248 4030; x_wconf 88' lang='lat' dir='ltr'><strong>hodie</strong></span> <span class='ocrx_word' id='word_1_322' title='bbox 1287 3976 1500 4035; x_wconf 86' lang='lat' dir='ltr'><strong>dicitur.</strong></span> <span class='ocrx_word' id='word_1_323' title='bbox 1529 3979 1642 4037; x_wconf 87' lang='lat' dir='ltr'><strong>Hoc</strong></span> <span class='ocrx_word' id='word_1_324' title='bbox 1670 3964 1785 4050; x_wconf 75' lang='lat' dir='ltr'><strong>est,</strong></span> 
     </span>
    </p>
   </div>
   <div class='ocr_carea' id='block_1_41' title="bbox 199 4057 1788 4141">
    <p class='ocr_par' dir='ltr' id='par_1_41' title="bbox 199 4057 1788 4141">
     <span class='ocr_line' id='line_1_41' title="bbox 199 4057 1788 4141; baseline 0.013 -32"><span class='ocrx_word' id='word_1_325' title='bbox 199 4057 405 4115; x_wconf 83' lang='lat' dir='ltr'><strong>etiamsi</strong></span> <span class='ocrx_word' id='word_1_326' title='bbox 431 4057 556 4126; x_wconf 84' lang='lat' dir='ltr'><strong>quis</strong></span> <span class='ocrx_word' id='word_1_327' title='bbox 581 4061 909 4129; x_wconf 79' lang='lat' dir='ltr'><strong>peccaverit,</strong></span> <span class='ocrx_word' id='word_1_328' title='bbox 935 4065 1188 4134; x_wconf 83' lang='lat' dir='ltr'><strong>quamdiu</strong></span> <span class='ocrx_word' id='word_1_329' title='bbox 1216 4077 1300 4124; x_wconf 86' lang='lat' dir='ltr'><strong>est</strong></span> <span class='ocrx_word' id='word_1_330' title='bbox 1327 4069 1453 4125; x_wconf 87' lang='lat' dir='ltr'><strong>illud</strong></span> <span class='ocrx_word' id='word_1_331' title='bbox 1485 4071 1677 4141; x_wconf 82' lang='lat' dir='ltr'><strong>hodie,</strong></span> <span class='ocrx_word' id='word_1_332' title='bbox 1695 4074 1788 4130; x_wconf 47' lang='lat' dir='ltr'><strong>ha.</strong></span> 
     </span>
    </p>
   </div>
   <div class='ocr_carea' id='block_1_42' title="bbox 200 4145 1787 4237">
    <p class='ocr_par' dir='ltr' id='par_1_42' title="bbox 200 4145 1787 4237">
     <span class='ocr_line' id='line_1_42' title="bbox 200 4145 1787 4237; baseline 0.015 -39"><span class='ocrx_word' id='word_1_333' title='bbox 200 4145 281 4199; x_wconf 76' lang='lat' dir='ltr'><strong>bet</strong></span> <span class='ocrx_word' id='word_1_334' title='bbox 304 4162 481 4216; x_wconf 87' lang='lat' dir='ltr'><strong>spem.</strong></span> <span class='ocrx_word' id='word_1_335' title='bbox 517 4147 687 4204; x_wconf 84' lang='lat' dir='ltr'><strong>Nemo</strong></span> <span class='ocrx_word' id='word_1_336' title='bbox 718 4167 848 4223; x_wconf 78' lang='lat' dir='ltr'><strong>ergo</strong></span> <span class='ocrx_word' id='word_1_337' title='bbox 878 4154 1129 4224; x_wconf 85' lang='lat' dir='ltr'><strong>desperet</strong></span> <span class='ocrx_word' id='word_1_338' title='bbox 1156 4162 1407 4228; x_wconf 86' lang='lat' dir='ltr'><strong>quamdiu</strong></span> <span class='ocrx_word' id='word_1_339' title='bbox 1437 4164 1589 4220; x_wconf 85' lang='lat' dir='ltr'><strong>vivit.</strong></span> <span class='ocrx_word' id='word_1_340' title='bbox 1613 4169 1787 4237; x_wconf 83' lang='lat' dir='ltr'><strong>Atque</strong></span> 
     </span>
    </p>
   </div>
   <div class='ocr_carea' id='block_1_43' title="bbox 203 4240 1787 4319">
    <p class='ocr_par' dir='ltr' id='par_1_43' title="bbox 203 4240 1787 4319">
     <span class='ocr_line' id='line_1_43' title="bbox 203 4240 1787 4319; baseline 0.017 -32"><span class='ocrx_word' id='word_1_341' title='bbox 203 4241 431 4293; x_wconf 78' lang='lat' dir='ltr'><strong>maxime</strong></span> <span class='ocrx_word' id='word_1_342' title='bbox 457 4240 704 4309; x_wconf 86' lang='lat' dir='ltr'><strong>quidem,</strong></span> <span class='ocrx_word' id='word_1_343' title='bbox 725 4242 917 4311; x_wconf 85' lang='lat' dir='ltr'><strong>inquit,</strong></span> <span class='ocrx_word' id='word_1_344' title='bbox 941 4261 1008 4302; x_wconf 90' lang='lat' dir='ltr'><strong>ne</strong></span> <span class='ocrx_word' id='word_1_345' title='bbox 1032 4248 1102 4302; x_wconf 91' lang='lat' dir='ltr'><strong>sit</strong></span> <span class='ocrx_word' id='word_1_346' title='bbox 1128 4251 1339 4319; x_wconf 87' lang='lat' dir='ltr'><strong>quidem</strong></span> <span class='ocrx_word' id='word_1_347' title='bbox 1365 4268 1459 4308; x_wconf 90' lang='lat' dir='ltr'><strong>cor</strong></span> <span class='ocrx_word' id='word_1_348' title='bbox 1486 4257 1681 4312; x_wconf 89' lang='lat' dir='ltr'><strong>malum</strong></span> <span class='ocrx_word' id='word_1_349' title='bbox 1707 4261 1787 4313; x_wconf 84' lang='lat' dir='ltr'><strong>iu-</strong></span> 
     </span>
    </p>
   </div>
   <div class='ocr_carea' id='block_1_44' title="bbox 200 4327 1784 4418">
    <p class='ocr_par' dir='ltr' id='par_1_44' title="bbox 200 4327 1784 4418">
     <span class='ocr_line' id='line_1_44' title="bbox 200 4327 1784 4418; baseline 0.017 -39"><span class='ocrx_word' id='word_1_350' title='bbox 200 4327 531 4385; x_wconf 79' lang='lat' dir='ltr'><strong>credulitatis</strong></span> <span class='ocrx_word' id='word_1_351' title='bbox 555 4348 568 4384; x_wconf 89' lang='lat'><strong>:</strong></span> <span class='ocrx_word' id='word_1_352' title='bbox 596 4332 739 4400; x_wconf 88' lang='lat' dir='ltr'><strong>quod</strong></span> <span class='ocrx_word' id='word_1_353' title='bbox 764 4334 809 4388; x_wconf 90' lang='lat' dir='ltr'><strong>si</strong></span> <span class='ocrx_word' id='word_1_354' title='bbox 837 4336 996 4390; x_wconf 88' lang='lat' dir='ltr'><strong>etiam</strong></span> <span class='ocrx_word' id='word_1_355' title='bbox 1024 4338 1198 4407; x_wconf 81' lang='lat' dir='ltr'><strong>fuerit,</strong></span> <span class='ocrx_word' id='word_1_356' title='bbox 1226 4358 1383 4398; x_wconf 90' lang='lat' dir='ltr'><strong>nemo</strong></span> <span class='ocrx_word' id='word_1_357' title='bbox 1402 4345 1670 4418; x_wconf 87' lang='lat' dir='ltr'><strong>desperet,</strong></span> <span class='ocrx_word' id='word_1_358' title='bbox 1689 4352 1784 4406; x_wconf 85' lang='lat' dir='ltr'><strong>sed</strong></span> 
     </span>
    </p>
   </div>
   <div class='ocr_carea' id='block_1_45' title="bbox 200 4425 1783 4502">
    <p class='ocr_par' dir='ltr' id='par_1_45' title="bbox 200 4425 1783 4502">
     <span class='ocr_line' id='line_1_45' title="bbox 200 4425 1783 4502; baseline 0.018 -33"><span class='ocrx_word' id='word_1_359' title='bbox 200 4431 252 4470; x_wconf 86' lang='lat' dir='ltr'><strong>se</strong></span> <span class='ocrx_word' id='word_1_360' title='bbox 275 4429 487 4473; x_wconf 84' lang='lat' dir='ltr'><strong>recreet</strong></span> <span class='ocrx_word' id='word_1_361' title='bbox 516 4436 532 4474; x_wconf 89' lang='lat'><strong>:</strong></span> <span class='ocrx_word' id='word_1_362' title='bbox 559 4436 683 4475; x_wconf 87' lang='lat' dir='ltr'><strong>nam</strong></span> <span class='ocrx_word' id='word_1_363' title='bbox 714 4425 968 4490; x_wconf 78' lang='lat' dir='ltr'><strong>quamdiu</strong></span> <span class='ocrx_word' id='word_1_364' title='bbox 995 4443 1179 4485; x_wconf 88' lang='lat' dir='ltr'><strong>sumus</strong></span> <span class='ocrx_word' id='word_1_365' title='bbox 1206 4432 1255 4484; x_wconf 89' lang='lat' dir='ltr'><strong>in</strong></span> <span class='ocrx_word' id='word_1_366' title='bbox 1283 4433 1381 4489; x_wconf 87' lang='lat' dir='ltr'><strong>hoc</strong></span> <span class='ocrx_word' id='word_1_367' title='bbox 1408 4439 1626 4502; x_wconf 71' lang='lat' dir='ltr'><strong>mundo,</strong></span> <span class='ocrx_word' id='word_1_368' title='bbox 1655 4442 1783 4497; x_wconf 83' lang='lat' dir='ltr'><strong>illud</strong></span> 
     </span>
    </p>
   </div>
   <div class='ocr_carea' id='block_1_46' title="bbox 204 4506 1785 4588">
    <p class='ocr_par' dir='ltr' id='par_1_46' title="bbox 204 4506 1785 4588">
     <span class='ocr_line' id='line_1_46' title="bbox 204 4506 1785 4588; baseline 0.015 -26"><span class='ocrx_word' id='word_1_369' title='bbox 204 4506 377 4575; x_wconf 70' lang='lat' dir='ltr'><strong>hodie,</strong></span> <span class='ocrx_word' id='word_1_370' title='bbox 402 4509 568 4566; x_wconf 85' lang='lat' dir='ltr'><strong>habet</strong></span> <span class='ocrx_word' id='word_1_371' title='bbox 610 4522 842 4583; x_wconf 84' lang='lat' dir='ltr'><strong>tempus.</strong></span> <span class='ocrx_word' id='word_1_372' title='bbox 886 4518 984 4573; x_wconf 84' lang='lat' dir='ltr'><strong>llic</strong></span> <span class='ocrx_word' id='word_1_373' title='bbox 1009 4530 1187 4575; x_wconf 86' lang='lat' dir='ltr'><strong>autem</strong></span> <span class='ocrx_word' id='word_1_374' title='bbox 1218 4539 1322 4578; x_wconf 92' lang='lat' dir='ltr'><strong>non</strong></span> <span class='ocrx_word' id='word_1_375' title='bbox 1355 4529 1522 4583; x_wconf 81' lang='lat' dir='ltr'><strong>solum</strong></span> <span class='ocrx_word' id='word_1_376' title='bbox 1551 4531 1679 4588; x_wconf 87' lang='lat' dir='ltr'><strong>dicit</strong></span> <span class='ocrx_word' id='word_1_377' title='bbox 1707 4535 1785 4585; x_wconf 86' lang='lat' dir='ltr'><strong>in-</strong></span> 
     </span>
    </p>
   </div>
   <div class='ocr_carea' id='block_1_47' title="bbox 202 4601 1780 4693">
    <p class='ocr_par' dir='ltr' id='par_1_47' title="bbox 202 4601 1780 4693">
     <span class='ocr_line' id='line_1_47' title="bbox 202 4601 1780 4693; baseline 0.017 -40"><span class='ocrx_word' id='word_1_378' title='bbox 202 4601 603 4669; x_wconf 82' lang='lat' dir='ltr'><strong>credulitatem,</strong></span> <span class='ocrx_word' id='word_1_379' title='bbox 642 4606 747 4660; x_wconf 78' lang='lat' dir='ltr'><strong>sed&#39;</strong></span> <span class='ocrx_word' id='word_1_380' title='bbox 789 4609 951 4662; x_wconf 86' lang='lat' dir='ltr'><strong>etiam</strong></span> <span class='ocrx_word' id='word_1_381' title='bbox 1000 4619 1473 4673; x_wconf 86' lang='lat' dir='ltr'><strong>murmurationes.</strong></span> <span class='ocrx_word' id='word_1_382' title='bbox 1531 4622 1780 4693; x_wconf 69' lang='lat' dir='ltr'><strong>Quorum,</strong></span> 
     </span>
    </p>
   </div>
   <div class='ocr_carea' id='block_1_48' title="bbox 206 4694 1781 4790">
    <p class='ocr_par' dir='ltr' id='par_1_48' title="bbox 206 4694 1781 4790">
     <span class='ocr_line' id='line_1_48' title="bbox 206 4694 1781 4790; baseline 0.019 -45"><span class='ocrx_word' id='word_1_383' title='bbox 206 4694 388 4762; x_wconf 86' lang='lat' dir='ltr'><strong>inquit,</strong></span> <span class='ocrx_word' id='word_1_384' title='bbox 406 4697 658 4750; x_wconf 76' lang='lat' dir='ltr'><strong>cadavera</strong></span> <span class='ocrx_word' id='word_1_385' title='bbox 679 4708 931 4768; x_wconf 86' lang='lat' dir='ltr'><strong>prostrata</strong></span> <span class='ocrx_word' id='word_1_386' title='bbox 950 4714 1066 4756; x_wconf 88' lang='lat' dir='ltr'><strong>sunt</strong></span> <span class='ocrx_word' id='word_1_387' title='bbox 1088 4705 1141 4790; x_wconf 83' lang='lat' dir='ltr'><strong>in</strong></span> <span class='ocrx_word' id='word_1_388' title='bbox 1161 4707 1353 4763; x_wconf 79' lang='lat' dir='ltr'><strong>deserto</strong></span> <span class='ocrx_word' id='word_1_389' title='bbox 1376 4711 1454 4780; x_wconf 94' lang='grc'><strong>(11</strong></span> <span class='ocrx_word' id='word_1_390' title='bbox 1458 4712 1561 4768; x_wconf 81' lang='lat' dir='ltr'><strong>ebr.</strong></span> <span class='ocrx_word' id='word_1_391' title='bbox 1589 4718 1641 4771; x_wconf 79' lang='grc'><strong>5.</strong></span> <span class='ocrx_word' id='word_1_392' title='bbox 1667 4719 1781 4790; x_wconf 82' lang='lat' dir='ltr'><strong>l7).</strong></span> 
     </span>
    </p>
   </div>
   <div class='ocr_carea' id='block_1_49' title="bbox 207 4775 1784 4868">
    <p class='ocr_par' dir='ltr' id='par_1_49' title="bbox 207 4775 1784 4868">
     <span class='ocr_line' id='line_1_49' title="bbox 207 4775 1784 4868; baseline 0.022 -41"><span class='ocrx_word' id='word_1_393' title='bbox 207 4775 399 4831; x_wconf 81' lang='lat' dir='ltr'><strong>Deinde</strong></span> <span class='ocrx_word' id='word_1_394' title='bbox 425 4796 495 4833; x_wconf 88' lang='lat' dir='ltr'><strong>ne</strong></span> <span class='ocrx_word' id='word_1_395' title='bbox 523 4782 646 4848; x_wconf 80' lang='lat' dir='ltr'><strong>quis</strong></span> <span class='ocrx_word' id='word_1_396' title='bbox 668 4784 942 4840; x_wconf 70' lang='lat' dir='ltr'><strong>existimet</strong></span> <span class='ocrx_word' id='word_1_397' title='bbox 965 4788 1106 4857; x_wconf 82' lang='lat' dir='ltr'><strong>quod</strong></span> <span class='ocrx_word' id='word_1_398' title='bbox 1135 4775 1468 4849; x_wconf 80' lang='lat' dir='ltr'><strong>solummodo</strong></span> <span class='ocrx_word' id='word_1_399' title='bbox 1492 4775 1784 4868; x_wconf 77' lang='lat' dir='ltr'><strong>privabitur</strong></span> 
     </span>
    </p>
   </div>
   <div class='ocr_carea' id='block_1_50' title="bbox 206 4871 1781 4952">
    <p class='ocr_par' dir='ltr' id='par_1_50' title="bbox 206 4871 1781 4952">
     <span class='ocr_line' id='line_1_50' title="bbox 206 4871 1781 4952; baseline 0.023 -35"><span class='ocrx_word' id='word_1_400' title='bbox 206 4871 399 4938; x_wconf 69' lang='lat' dir='ltr'><strong>requie,</strong></span> <span class='ocrx_word' id='word_1_401' title='bbox 428 4873 703 4944; x_wconf 75' lang='lat' dir='ltr'><strong>subiungit</strong></span> <span class='ocrx_word' id='word_1_402' title='bbox 734 4878 896 4931; x_wconf 83' lang='lat' dir='ltr'><strong>etiam</strong></span> <span class='ocrx_word' id='word_1_403' title='bbox 927 4882 1267 4950; x_wconf 89' lang='lat' dir='ltr'><strong>supplicium,</strong></span> <span class='ocrx_word' id='word_1_404' title='bbox 1295 4888 1480 4945; x_wconf 85' lang='lat' dir='ltr'><strong>dicens</strong></span> <span class='ocrx_word' id='word_1_405' title='bbox 1512 4911 1523 4944; x_wconf 94' lang='lat'>:</span> <span class='ocrx_word' id='word_1_406' title='bbox 1560 4895 1650 4950; x_wconf 73' lang='lat'><strong>12.</strong></span> <span class='ocrx_word' id='word_1_407' title='bbox 1695 4897 1781 4952; x_wconf 74' lang='grc' dir='ltr'><strong><em>νὶ-</em></strong></span> 
     </span>
    </p>
   </div>
   <div class='ocr_carea' id='block_1_51' title="bbox 205 4963 1782 5049">
    <p class='ocr_par' dir='ltr' id='par_1_51' title="bbox 205 4963 1782 5049">
     <span class='ocr_line' id='line_1_51' title="bbox 205 4963 1782 5049; baseline 0.022 -40"><span class='ocrx_word' id='word_1_408' title='bbox 205 4975 286 5011; x_wconf 73' lang='lat' dir='ltr'><strong>rus</strong></span> <span class='ocrx_word' id='word_1_409' title='bbox 316 4963 453 5015; x_wconf 83' lang='lat' dir='ltr'><strong>enim</strong></span> <span class='ocrx_word' id='word_1_410' title='bbox 480 4973 552 5017; x_wconf 83' lang='lat' dir='ltr'><strong>est</strong></span> <span class='ocrx_word' id='word_1_411' title='bbox 576 4982 741 5021; x_wconf 85' lang='lat' dir='ltr'><strong>sermo</strong></span> <span class='ocrx_word' id='word_1_412' title='bbox 769 4966 865 5021; x_wconf 88' lang='lat' dir='ltr'><strong>Dei</strong></span> <span class='ocrx_word' id='word_1_413' title='bbox 892 4978 938 5023; x_wconf 90' lang='lat' dir='ltr'><strong>et</strong></span> <span class='ocrx_word' id='word_1_414' title='bbox 969 4971 1161 5041; x_wconf 60' lang='lat' dir='ltr'><strong>enicas,</strong></span> <span class='ocrx_word' id='word_1_415' title='bbox 1195 4986 1241 5030; x_wconf 87' lang='lat' dir='ltr'><strong>et</strong></span> <span class='ocrx_word' id='word_1_416' title='bbox 1265 4984 1620 5049; x_wconf 82' lang='lat' dir='ltr'><strong>penetrabilior</strong></span> <span class='ocrx_word' id='word_1_417' title='bbox 1643 4993 1782 5045; x_wconf 71' lang='grc' dir='ltr'><strong>ωηιιί</strong></span> 
     </span>
    </p>
   </div>
   <div class='ocr_carea' id='block_1_52' title="bbox 202 5052 1780 5138">
    <p class='ocr_par' dir='ltr' id='par_1_52' title="bbox 202 5052 1780 5138">
     <span class='ocr_line' id='line_1_52' title="bbox 202 5052 1780 5138; baseline 0.023 -36"><span class='ocrx_word' id='word_1_418' title='bbox 202 5052 365 5118; x_wconf 81' lang='lat' dir='ltr'><strong>gladio</strong></span> <span class='ocrx_word' id='word_1_419' title='bbox 420 5055 670 5126; x_wconf 76' lang='lat' dir='ltr'><strong>ancipiti,</strong></span> <span class='ocrx_word' id='word_1_420' title='bbox 720 5068 767 5112; x_wconf 89' lang='lat' dir='ltr'><strong>et</strong></span> <span class='ocrx_word' id='word_1_421' title='bbox 817 5063 1105 5133; x_wconf 73' lang='lat' dir='ltr'><strong>pertingens</strong></span> <span class='ocrx_word' id='word_1_422' title='bbox 1158 5083 1318 5138; x_wconf 83' lang='lat' dir='ltr'><strong>usque</strong></span> <span class='ocrx_word' id='word_1_423' title='bbox 1364 5075 1433 5127; x_wconf 86' lang='lat' dir='ltr'><strong>ad</strong></span> <span class='ocrx_word' id='word_1_424' title='bbox 1486 5077 1780 5138; x_wconf 82' lang='lat' dir='ltr'><strong>divisionem</strong></span> 
     </span>
    </p>
   </div>
   <div class='ocr_carea' id='block_1_53' title="bbox 208 5154 1778 5244">
    <p class='ocr_par' dir='ltr' id='par_1_53' title="bbox 208 5154 1778 5244">
     <span class='ocr_line' id='line_1_53' title="bbox 208 5154 1778 5244; baseline 0.015 -39"><span class='ocrx_word' id='word_1_425' title='bbox 208 5154 381 5208; x_wconf 69' lang='lat' dir='ltr'><strong>attinnt</strong></span> <span class='ocrx_word' id='word_1_426' title='bbox 403 5171 465 5209; x_wconf 83' lang='lat' dir='ltr'><strong>ac</strong></span> <span class='ocrx_word' id='word_1_427' title='bbox 491 5158 704 5222; x_wconf 83' lang='lat' dir='ltr'><strong>spiritus</strong></span> <span class='ocrx_word' id='word_1_428' title='bbox 730 5202 745 5227; x_wconf 91' lang='lat'><strong>,</strong></span> <span class='ocrx_word' id='word_1_429' title='bbox 776 5178 1079 5234; x_wconf 76' lang='lat' dir='ltr'><strong>compagum</strong></span> <span class='ocrx_word' id='word_1_430' title='bbox 1098 5178 1296 5235; x_wconf 79' lang='lat' dir='ltr'><strong>quoque</strong></span> <span class='ocrx_word' id='word_1_431' title='bbox 1320 5185 1382 5221; x_wconf 87' lang='lat' dir='ltr'><strong>ac</strong></span> <span class='ocrx_word' id='word_1_432' title='bbox 1407 5170 1778 5244; x_wconf 80' lang='lat' dir='ltr'><strong>medullarum,</strong></span> 
     </span>
    </p>
   </div>
   <div class='ocr_carea' id='block_1_54' title="bbox 200 5245 1783 5319">
    <p class='ocr_par' dir='ltr' id='par_1_54' title="bbox 200 5245 1783 5319">
     <span class='ocr_line' id='line_1_54' title="bbox 200 5245 1783 5319; baseline 0.015 -23"><span class='ocrx_word' id='word_1_433' title='bbox 200 5257 241 5297; x_wconf 85' lang='lat' dir='ltr'><strong>et</strong></span> <span class='ocrx_word' id='word_1_434' title='bbox 266 5245 511 5301; x_wconf 82' lang='lat' dir='ltr'><strong>discretor</strong></span> <span class='ocrx_word' id='word_1_435' title='bbox 535 5250 903 5319; x_wconf 83' lang='lat' dir='ltr'><strong>cogitationum</strong></span> <span class='ocrx_word' id='word_1_436' title='bbox 931 5262 976 5307; x_wconf 88' lang='lat' dir='ltr'><strong>et</strong></span> <span class='ocrx_word' id='word_1_437' title='bbox 1000 5255 1332 5312; x_wconf 83' lang='lat' dir='ltr'><strong>intentionunt</strong></span> <span class='ocrx_word' id='word_1_438' title='bbox 1359 5261 1548 5316; x_wconf 84' lang='lat' dir='ltr'><strong>cordis.</strong></span> <span class='ocrx_word' id='word_1_439' title='bbox 1579 5263 1676 5318; x_wconf 77' lang='lat' dir='ltr'><strong>llic</strong></span> <span class='ocrx_word' id='word_1_440' title='bbox 1707 5268 1783 5319; x_wconf 89' lang='lat' dir='ltr'><strong>lo--</strong></span> 
     </span>
    </p>
   </div>
   <div class='ocr_carea' id='block_1_55' title="bbox 198 5335 1777 5425">
    <p class='ocr_par' dir='ltr' id='par_1_55' title="bbox 198 5335 1777 5425">
     <span class='ocr_line' id='line_1_55' title="bbox 198 5335 1777 5425; baseline 0.013 -39"><span class='ocrx_word' id='word_1_441' title='bbox 198 5335 367 5403; x_wconf 84' lang='lat' dir='ltr'><strong>quitur</strong></span> <span class='ocrx_word' id='word_1_442' title='bbox 396 5337 462 5392; x_wconf 88' lang='lat' dir='ltr'><strong>de</strong></span> <span class='ocrx_word' id='word_1_443' title='bbox 492 5340 744 5411; x_wconf 72' lang='lat' dir='ltr'><strong>gebenna</strong></span> <span class='ocrx_word' id='word_1_444' title='bbox 776 5353 831 5398; x_wconf 87' lang='lat' dir='ltr'><strong>et</strong></span> <span class='ocrx_word' id='word_1_445' title='bbox 859 5343 930 5399; x_wconf 86' lang='lat' dir='ltr'><strong>de</strong></span> <span class='ocrx_word' id='word_1_446' title='bbox 958 5348 1245 5417; x_wconf 86' lang='lat' dir='ltr'><strong>supplicio.</strong></span> <span class='ocrx_word' id='word_1_447' title='bbox 1278 5351 1523 5410; x_wconf 85' lang='lat' dir='ltr'><strong>Pervadit</strong></span> <span class='ocrx_word' id='word_1_448' title='bbox 1543 5396 1555 5417; x_wconf 90' lang='lat'><strong><em>.</em></strong></span> <span class='ocrx_word' id='word_1_449' title='bbox 1587 5359 1777 5425; x_wconf 83' lang='lat' dir='ltr'><strong>inquit,</strong></span> 
     </span>
    </p>
   </div>
   <div class='ocr_carea' id='block_1_56' title="bbox 199 5425 1778 5502">
    <p class='ocr_par' dir='ltr' id='par_1_56' title="bbox 199 5425 1778 5502">
     <span class='ocr_line' id='line_1_56' title="bbox 199 5425 1778 5502; baseline 0.014 -23"><span class='ocrx_word' id='word_1_450' title='bbox 199 5425 247 5479; x_wconf 84' lang='lat' dir='ltr'><strong>in</strong></span> <span class='ocrx_word' id='word_1_451' title='bbox 267 5428 473 5484; x_wconf 85' lang='lat' dir='ltr'><strong>occulta</strong></span> <span class='ocrx_word' id='word_1_452' title='bbox 498 5432 684 5487; x_wconf 86' lang='lat' dir='ltr'><strong>cordis</strong></span> <span class='ocrx_word' id='word_1_453' title='bbox 713 5437 907 5501; x_wconf 87' lang='lat' dir='ltr'><strong>nostri,</strong></span> <span class='ocrx_word' id='word_1_454' title='bbox 935 5444 989 5490; x_wconf 88' lang='lat' dir='ltr'><strong>et</strong></span> <span class='ocrx_word' id='word_1_455' title='bbox 1013 5438 1247 5495; x_wconf 89' lang='lat' dir='ltr'><strong>dissecat</strong></span> <span class='ocrx_word' id='word_1_456' title='bbox 1271 5444 1527 5500; x_wconf 81' lang='lat' dir='ltr'><strong>animam.</strong></span> <span class='ocrx_word' id='word_1_457' title='bbox 1553 5447 1650 5502; x_wconf 84' lang='lat' dir='ltr'><strong>Hic</strong></span> <span class='ocrx_word' id='word_1_458' title='bbox 1675 5468 1778 5501; x_wconf 75' lang='lat' dir='ltr'><strong>non</strong></span> 
     </span>
    </p>
   </div>
   <div class='ocr_carea' id='block_1_57' title="bbox 197 5523 1779 5607">
    <p class='ocr_par' dir='ltr' id='par_1_57' title="bbox 197 5523 1779 5607">
     <span class='ocr_line' id='line_1_57' title="bbox 197 5523 1779 5607; baseline 0.013 -34"><span class='ocrx_word' id='word_1_459' title='bbox 197 5527 289 5583; x_wconf 70' lang='lat' dir='ltr'><strong>est,</strong></span> <span class='ocrx_word' id='word_1_460' title='bbox 318 5523 721 5581; x_wconf 82' lang='lat' dir='ltr'><strong>membraesse</strong></span> <span class='ocrx_word' id='word_1_461' title='bbox 749 5536 1040 5596; x_wconf 85' lang='lat' dir='ltr'><strong>prostrata,</strong></span> <span class='ocrx_word' id='word_1_462' title='bbox 1072 5546 1245 5597; x_wconf 86' lang='lat' dir='ltr'><strong>neque</strong></span> <span class='ocrx_word' id='word_1_463' title='bbox 1278 5544 1419 5590; x_wconf 84' lang='lat' dir='ltr'><strong>terra</strong></span> <span class='ocrx_word' id='word_1_464' title='bbox 1451 5553 1571 5593; x_wconf 86' lang='lat' dir='ltr'><strong>esse</strong></span> <span class='ocrx_word' id='word_1_465' title='bbox 1603 5542 1779 5607; x_wconf 74' lang='lat' dir='ltr'><strong>priva-</strong></span> 
     </span>
    </p>
   </div>
   <div class='ocr_carea' id='block_1_58' title="bbox 208 5613 1778 5692">
    <p class='ocr_par' dir='ltr' id='par_1_58' title="bbox 208 5613 1778 5692">
     <span class='ocr_line' id='line_1_58' title="bbox 208 5613 1778 5692; baseline 0.017 -31"><span class='ocrx_word' id='word_1_466' title='bbox 208 5618 301 5676; x_wconf 80' lang='lat' dir='ltr'><strong>tos,</strong></span> <span class='ocrx_word' id='word_1_467' title='bbox 333 5613 475 5670; x_wconf 85' lang='lat' dir='ltr'><strong>sicut</strong></span> <span class='ocrx_word' id='word_1_468' title='bbox 502 5616 637 5681; x_wconf 88' lang='lat' dir='ltr'><strong>illic,</strong></span> <span class='ocrx_word' id='word_1_469' title='bbox 666 5618 763 5672; x_wconf 86' lang='lat' dir='ltr'><strong>sed</strong></span> <span class='ocrx_word' id='word_1_470' title='bbox 793 5634 963 5689; x_wconf 78' lang='lat' dir='ltr'><strong>regno</strong></span> <span class='ocrx_word' id='word_1_471' title='bbox 992 5622 1248 5678; x_wconf 67' lang='lat' dir='ltr'><strong>caelorum</strong></span> <span class='ocrx_word' id='word_1_472' title='bbox 1270 5668 1285 5692; x_wconf 90' lang='lat'><strong>,</strong></span> <span class='ocrx_word' id='word_1_473' title='bbox 1318 5640 1372 5682; x_wconf 85' lang='lat' dir='ltr'><strong>et</strong></span> <span class='ocrx_word' id='word_1_474' title='bbox 1407 5640 1621 5684; x_wconf 67' lang='lat' dir='ltr'><strong>interna,-</strong></span> <span class='ocrx_word' id='word_1_475' title='bbox 1649 5633 1778 5687; x_wconf 83' lang='lat' dir='ltr'><strong>tradi</strong></span> 
     </span>
    </p>
   </div>
   <div class='ocr_carea' id='block_1_59' title="bbox 196 5702 1780 5790">
    <p class='ocr_par' dir='ltr' id='par_1_59' title="bbox 196 5702 1780 5790">
     <span class='ocr_line' id='line_1_59' title="bbox 196 5702 1780 5790; baseline 0.013 -32"><span class='ocrx_word' id='word_1_476' title='bbox 196 5702 460 5775; x_wconf 73' lang='lat' dir='ltr'><strong>gehenme,</strong></span> <span class='ocrx_word' id='word_1_477' title='bbox 484 5719 544 5764; x_wconf 86' lang='lat' dir='ltr'><strong>et</strong></span> <span class='ocrx_word' id='word_1_478' title='bbox 560 5709 860 5766; x_wconf 87' lang='lat' dir='ltr'><strong>immortali</strong></span> <span class='ocrx_word' id='word_1_479' title='bbox 885 5729 1057 5782; x_wconf 70' lang='lat' dir='ltr'><strong>preme</strong></span> <span class='ocrx_word' id='word_1_480' title='bbox 1076 5732 1140 5770; x_wconf 83' lang='lat' dir='ltr'><strong>ac</strong></span> <span class='ocrx_word' id='word_1_481' title='bbox 1161 5720 1440 5790; x_wconf 77' lang='lat' dir='ltr'><strong>supplicio.</strong></span> <span class='ocrx_word' id='word_1_482' title='bbox 1468 5723 1574 5778; x_wconf 86' lang='lat' dir='ltr'><strong>Sed</strong></span> <span class='ocrx_word' id='word_1_483' title='bbox 1594 5726 1780 5779; x_wconf 81' lang='lat' dir='ltr'><strong>adhor-</strong></span> 
     </span>
    </p>
   </div>
   <div class='ocr_carea' id='block_1_60' title="bbox 200 5796 1776 5889">
    <p class='ocr_par' dir='ltr' id='par_1_60' title="bbox 200 5796 1776 5889">
     <span class='ocr_line' id='line_1_60' title="bbox 200 5796 1776 5889; baseline 0.015 -40"><span class='ocrx_word' id='word_1_484' title='bbox 200 5796 361 5853; x_wconf 69' lang='lat' dir='ltr'><strong>lauini</strong></span> <span class='ocrx_word' id='word_1_485' title='bbox 382 5799 945 5889; x_wconf 53' lang='lat' dir='ltr'><strong>rosmetipsoslﬂebr.</strong></span> <span class='ocrx_word' id='word_1_486' title='bbox 988 5808 1040 5863; x_wconf 71' lang='grc' dir='ltr'><strong>ὅ.</strong></span> <span class='ocrx_word' id='word_1_487' title='bbox 1090 5808 1215 5882; x_wconf 79' lang='grc'><strong>15).</strong></span> <span class='ocrx_word' id='word_1_488' title='bbox 1253 5811 1384 5870; x_wconf 90' lang='lat' dir='ltr'><strong>Vide</strong></span> <span class='ocrx_word' id='word_1_489' title='bbox 1417 5818 1776 5873; x_wconf 85' lang='lat' dir='ltr'><strong>mansuetudi-</strong></span> 
     </span>
    </p>
   </div>
   <div class='ocr_carea' id='block_1_61' title="bbox 1898 509 3480 587">
    <p class='ocr_par' dir='ltr' id='par_1_61' title="bbox 1898 509 3480 587">
     <span class='ocr_line' id='line_1_61' title="bbox 1898 509 3480 587; baseline 0.015 -28"><span class='ocrx_word' id='word_1_490' title='bbox 1898 522 2019 560; x_wconf 80' lang='lat' dir='ltr'><strong>nem</strong></span> <span class='ocrx_word' id='word_1_491' title='bbox 2049 516 2104 565; x_wconf 84' lang='grc' dir='ltr'><strong>ει</strong></span> <span class='ocrx_word' id='word_1_492' title='bbox 2124 509 2420 563; x_wconf 85' lang='lat' dir='ltr'><strong>lenitatem.</strong></span> <span class='ocrx_word' id='word_1_493' title='bbox 2442 510 2554 565; x_wconf 71' lang='lat' dir='ltr'><strong>Non</strong></span> <span class='ocrx_word' id='word_1_494' title='bbox 2577 511 2732 581; x_wconf 71' lang='lat' dir='ltr'><strong>dixit,</strong></span> <span class='ocrx_word' id='word_1_495' title='bbox 2759 516 3052 587; x_wconf 78' lang='lat' dir='ltr'><strong>locrepato,</strong></span> <span class='ocrx_word' id='word_1_496' title='bbox 3082 520 3197 587; x_wconf 86' lang='lat' dir='ltr'><strong>sed,</strong></span> <span class='ocrx_word' id='word_1_497' title='bbox 3224 524 3480 581; x_wconf 55' lang='lat' dir='ltr'><strong>Att/torta.</strong></span> 
     </span>
    </p>
   </div>
   <div class='ocr_carea' id='block_1_62' title="bbox 1896 597 3478 683">
    <p class='ocr_par' dir='ltr' id='par_1_62' title="bbox 1896 597 3478 683">
     <span class='ocr_line' id='line_1_62' title="bbox 1896 597 3478 683; baseline 0.013 -33"><span class='ocrx_word' id='word_1_498' title='bbox 1896 598 2041 651; x_wconf 84' lang='lat' dir='ltr'><strong>mini.</strong></span> <span class='ocrx_word' id='word_1_499' title='bbox 2071 597 2146 653; x_wconf 86' lang='lat' dir='ltr'><strong>lta</strong></span> <span class='ocrx_word' id='word_1_500' title='bbox 2188 614 2285 653; x_wconf 88' lang='lat' dir='ltr'><strong>nos</strong></span> <span class='ocrx_word' id='word_1_501' title='bbox 2328 611 2539 670; x_wconf 81' lang='lat' dir='ltr'><strong>oportet</strong></span> <span class='ocrx_word' id='word_1_502' title='bbox 2581 620 2772 674; x_wconf 69' lang='lat' dir='ltr'><strong>gerere</strong></span> <span class='ocrx_word' id='word_1_503' title='bbox 2814 607 2865 662; x_wconf 92' lang='lat' dir='ltr'><strong>in</strong></span> <span class='ocrx_word' id='word_1_504' title='bbox 2904 624 2999 664; x_wconf 86' lang='lat' dir='ltr'><strong>eos</strong></span> <span class='ocrx_word' id='word_1_505' title='bbox 3038 613 3126 681; x_wconf 91' lang='lat' dir='ltr'><strong>qui</strong></span> <span class='ocrx_word' id='word_1_506' title='bbox 3171 600 3478 683; x_wconf 76' lang='lat' dir='ltr'><strong>premuntur</strong></span> 
     </span>
    </p>
   </div>
   <div class='ocr_carea' id='block_1_63' title="bbox 1896 690 3480 763">
    <p class='ocr_par' dir='ltr' id='par_1_63' title="bbox 1896 690 3480 763">
     <span class='ocr_line' id='line_1_63' title="bbox 1896 690 3480 763; baseline 0.01 -19"><span class='ocrx_word' id='word_1_507' title='bbox 1896 690 2202 747; x_wconf 84' lang='lat' dir='ltr'><strong>afﬂictione.</strong></span> <span class='ocrx_word' id='word_1_508' title='bbox 2226 692 2337 747; x_wconf 82' lang='lat' dir='ltr'><strong>[loc</strong></span> <span class='ocrx_word' id='word_1_509' title='bbox 2357 694 2518 747; x_wconf 83' lang='lat' dir='ltr'><strong>etiam</strong></span> <span class='ocrx_word' id='word_1_510' title='bbox 2542 695 2671 750; x_wconf 87' lang='lat' dir='ltr'><strong>dicit</strong></span> <span class='ocrx_word' id='word_1_511' title='bbox 2690 699 2937 755; x_wconf 86' lang='lat' dir='ltr'><strong>scribens</strong></span> <span class='ocrx_word' id='word_1_512' title='bbox 2953 702 3019 757; x_wconf 86' lang='lat' dir='ltr'><strong>ad</strong></span> <span class='ocrx_word' id='word_1_513' title='bbox 3043 703 3480 763; x_wconf 81' lang='lat' dir='ltr'><strong>Thessalonicen-</strong></span> 
     </span>
    </p>
   </div>
   <div class='ocr_carea' id='block_1_64' title="bbox 1896 782 3481 865">
    <p class='ocr_par' dir='ltr' id='par_1_64' title="bbox 1896 782 3481 865">
     <span class='ocr_line' id='line_1_64' title="bbox 1896 782 3481 865; baseline 0.009 -28"><span class='ocrx_word' id='word_1_514' title='bbox 1896 797 2017 837; x_wconf 80' lang='lat' dir='ltr'><strong>ses:</strong></span> <span class='ocrx_word' id='word_1_515' title='bbox 2044 782 2317 837; x_wconf 75' lang='lat' dir='ltr'><strong>Admonete</strong></span> <span class='ocrx_word' id='word_1_516' title='bbox 2356 786 2619 855; x_wconf 83' lang='lat' dir='ltr'><strong>inquietos.</strong></span> <span class='ocrx_word' id='word_1_517' title='bbox 2645 788 3016 848; x_wconf 80' lang='lat' dir='ltr'><strong>Pusillanimes</strong></span> <span class='ocrx_word' id='word_1_518' title='bbox 3037 807 3213 851; x_wconf 85' lang='lat' dir='ltr'><strong>autem</strong></span> <span class='ocrx_word' id='word_1_519' title='bbox 3246 815 3351 853; x_wconf 88' lang='lat' dir='ltr'><strong>non</strong></span> <span class='ocrx_word' id='word_1_520' title='bbox 3383 802 3481 865; x_wconf 84' lang='lat' dir='ltr'><strong>sic,</strong></span> 
     </span>
    </p>
   </div>
   <div class='ocr_carea' id='block_1_65' title="bbox 1897 875 3481 958">
    <p class='ocr_par' dir='ltr' id='par_1_65' title="bbox 1897 875 3481 958">
     <span class='ocr_line' id='line_1_65' title="bbox 1897 875 3481 958; baseline 0.009 -29"><span class='ocrx_word' id='word_1_521' title='bbox 1897 875 1990 930; x_wconf 86' lang='lat' dir='ltr'><strong>sed</strong></span> <span class='ocrx_word' id='word_1_522' title='bbox 2022 876 2187 945; x_wconf 85' lang='lat' dir='ltr'><strong>quid?</strong></span> <span class='ocrx_word' id='word_1_523' title='bbox 2239 876 2586 931; x_wconf 74' lang='lat' dir='ltr'><strong>(&#39;onsolamiui</strong></span> <span class='ocrx_word' id='word_1_524' title='bbox 2633 880 3021 949; x_wconf 80' lang='lat' dir='ltr'><strong>pusillanimes,</strong></span> <span class='ocrx_word' id='word_1_525' title='bbox 3067 887 3309 956; x_wconf 87' lang='lat' dir='ltr'><strong>suscipite</strong></span> <span class='ocrx_word' id='word_1_526' title='bbox 3332 891 3481 958; x_wconf 77' lang='lat' dir='ltr'><strong>inﬁr-</strong></span> 
     </span>
    </p>
   </div>
   <div class='ocr_carea' id='block_1_66' title="bbox 1899 970 3482 1053">
    <p class='ocr_par' dir='ltr' id='par_1_66' title="bbox 1899 970 3482 1053">
     <span class='ocr_line' id='line_1_66' title="bbox 1899 970 3482 1053; baseline 0.013 -34"><span class='ocrx_word' id='word_1_527' title='bbox 1899 985 2025 1033; x_wconf 75' lang='lat' dir='ltr'><strong>nros,</strong></span> <span class='ocrx_word' id='word_1_528' title='bbox 2050 970 2295 1037; x_wconf 79' lang='lat' dir='ltr'><strong>patientes</strong></span> <span class='ocrx_word' id='word_1_529' title='bbox 2320 980 2472 1023; x_wconf 82' lang='lat' dir='ltr'><strong>estote</strong></span> <span class='ocrx_word' id='word_1_530' title='bbox 2497 971 2566 1024; x_wconf 85' lang='lat' dir='ltr'><strong>ad</strong></span> <span class='ocrx_word' id='word_1_531' title='bbox 2590 988 2762 1028; x_wconf 83' lang='lat' dir='ltr'><strong>omnes</strong></span> <span class='ocrx_word' id='word_1_532' title='bbox 2786 974 2805 1047; x_wconf 96' lang='lat'>(</span> <span class='ocrx_word' id='word_1_533' title='bbox 2826 977 2877 1030; x_wconf 84' lang='lat' dir='ltr'><strong>l.</strong></span> <span class='ocrx_word' id='word_1_534' title='bbox 2908 976 3080 1033; x_wconf 82' lang='lat' dir='ltr'><strong>Thess.</strong></span> <span class='ocrx_word' id='word_1_535' title='bbox 3108 982 3161 1035; x_wconf 85' lang='lat'><strong>5.</strong></span> <span class='ocrx_word' id='word_1_536' title='bbox 3192 984 3257 1038; x_wconf 68' lang='grc'><strong>14</strong></span> <span class='ocrx_word' id='word_1_537' title='bbox 3281 983 3318 1053; x_wconf 92' lang='grc'><strong>).</strong></span> <span class='ocrx_word' id='word_1_538' title='bbox 3345 985 3482 1050; x_wconf 74' lang='lat' dir='ltr'><strong>Quid</strong></span> 
     </span>
    </p>
   </div>
   <div class='ocr_carea' id='block_1_67' title="bbox 1898 1060 3481 1138">
    <p class='ocr_par' dir='ltr' id='par_1_67' title="bbox 1898 1060 3481 1138">
     <span class='ocr_line' id='line_1_67' title="bbox 1898 1060 3481 1138; baseline 0.011 -25"><span class='ocrx_word' id='word_1_539' title='bbox 1898 1073 2001 1125; x_wconf 84' lang='lat' dir='ltr'><strong>cst,</strong></span> <span class='ocrx_word' id='word_1_540' title='bbox 2020 1060 2410 1117; x_wconf 80' lang='lat' dir='ltr'><strong>Consolamini.’</strong></span> <span class='ocrx_word' id='word_1_541' title='bbox 2439 1062 2550 1117; x_wconf 87' lang='lat' dir='ltr'><strong>Hoc</strong></span> <span class='ocrx_word' id='word_1_542' title='bbox 2578 1074 2682 1128; x_wconf 88' lang='lat' dir='ltr'><strong>est,</strong></span> <span class='ocrx_word' id='word_1_543' title='bbox 2707 1081 2774 1121; x_wconf 91' lang='lat' dir='ltr'><strong>ne</strong></span> <span class='ocrx_word' id='word_1_544' title='bbox 2798 1067 3134 1138; x_wconf 73' lang='lat' dir='ltr'><strong>desperatis;</strong></span> <span class='ocrx_word' id='word_1_545' title='bbox 3160 1088 3231 1129; x_wconf 84' lang='lat' dir='ltr'><strong>ne</strong></span> <span class='ocrx_word' id='word_1_546' title='bbox 3247 1076 3481 1130; x_wconf 82' lang='lat' dir='ltr'><strong>animum</strong></span> 
     </span>
    </p>
   </div>
   <div class='ocr_carea' id='block_1_68' title="bbox 1898 1151 3479 1237">
    <p class='ocr_par' dir='ltr' id='par_1_68' title="bbox 1898 1151 3479 1237">
     <span class='ocr_line' id='line_1_68' title="bbox 1898 1151 3479 1237; baseline 0.011 -32"><span class='ocrx_word' id='word_1_547' title='bbox 1898 1151 2279 1220; x_wconf 81' lang='lat' dir='ltr'><strong>despondeatis</strong></span> <span class='ocrx_word' id='word_1_548' title='bbox 2305 1170 2319 1206; x_wconf 90' lang='lat'><strong>:</strong></span> <span class='ocrx_word' id='word_1_549' title='bbox 2353 1168 2475 1208; x_wconf 82' lang='lat' dir='ltr'><strong>nam</strong></span> <span class='ocrx_word' id='word_1_550' title='bbox 2509 1156 2598 1225; x_wconf 89' lang='lat' dir='ltr'><strong>qui</strong></span> <span class='ocrx_word' id='word_1_551' title='bbox 2632 1168 2737 1212; x_wconf 87' lang='lat' dir='ltr'><strong>non</strong></span> <span class='ocrx_word' id='word_1_552' title='bbox 2762 1160 3072 1216; x_wconf 74' lang='lat' dir='ltr'><strong>consolatur</strong></span> <span class='ocrx_word' id='word_1_553' title='bbox 3097 1179 3219 1222; x_wconf 87' lang='lat' dir='ltr'><strong>eum</strong></span> <span class='ocrx_word' id='word_1_554' title='bbox 3246 1168 3334 1235; x_wconf 87' lang='lat' dir='ltr'><strong>qui</strong></span> <span class='ocrx_word' id='word_1_555' title='bbox 3365 1183 3479 1237; x_wconf 82' lang='lat' dir='ltr'><strong>pre-</strong></span> 
     </span>
    </p>
   </div>
   <div class='ocr_carea' id='block_1_69' title="bbox 1900 1240 3483 1313">
    <p class='ocr_par' dir='ltr' id='par_1_69' title="bbox 1900 1240 3483 1313">
     <span class='ocr_line' id='line_1_69' title="bbox 1900 1240 3483 1313; baseline 0.011 -19"><span class='ocrx_word' id='word_1_556' title='bbox 1900 1243 2059 1295; x_wconf 84' lang='lat' dir='ltr'><strong>luitur</strong></span> <span class='ocrx_word' id='word_1_557' title='bbox 2084 1240 2393 1311; x_wconf 70' lang='lat' dir='ltr'><strong>afﬂictione,</strong></span> <span class='ocrx_word' id='word_1_558' title='bbox 2417 1259 2538 1301; x_wconf 88' lang='lat' dir='ltr'><strong>eum</strong></span> <span class='ocrx_word' id='word_1_559' title='bbox 2567 1246 2743 1302; x_wconf 87' lang='lat' dir='ltr'><strong>reddit</strong></span> <span class='ocrx_word' id='word_1_560' title='bbox 2769 1248 3060 1305; x_wconf 87' lang='lat' dir='ltr'><strong>duriorem.</strong></span> <span class='ocrx_word' id='word_1_561' title='bbox 3085 1252 3156 1309; x_wconf 84' lang='lat' dir='ltr'><strong>Ut</strong></span> <span class='ocrx_word' id='word_1_562' title='bbox 3182 1271 3289 1311; x_wconf 86' lang='lat' dir='ltr'><strong>non</strong></span> <span class='ocrx_word' id='word_1_563' title='bbox 3315 1257 3483 1313; x_wconf 83' lang='lat' dir='ltr'><strong>obdu-</strong></span> 
     </span>
    </p>
   </div>
   <div class='ocr_carea' id='block_1_70' title="bbox 1900 1333 3483 1413">
    <p class='ocr_par' dir='ltr' id='par_1_70' title="bbox 1900 1333 3483 1413">
     <span class='ocr_line' id='line_1_70' title="bbox 1900 1333 3483 1413; baseline 0.013 -28"><span class='ocrx_word' id='word_1_564' title='bbox 1900 1345 2072 1396; x_wconf 77' lang='lat' dir='ltr'><strong>retur,</strong></span> <span class='ocrx_word' id='word_1_565' title='bbox 2102 1333 2299 1403; x_wconf 85' lang='lat' dir='ltr'><strong>inquit,</strong></span> <span class='ocrx_word' id='word_1_566' title='bbox 2325 1337 2445 1405; x_wconf 85' lang='lat' dir='ltr'><strong>quis</strong></span> <span class='ocrx_word' id='word_1_567' title='bbox 2472 1352 2535 1392; x_wconf 78' lang='lat' dir='ltr'><strong>ex</strong></span> <span class='ocrx_word' id='word_1_568' title='bbox 2566 1339 2715 1401; x_wconf 83' lang='lat' dir='ltr'><strong>vobis</strong></span> <span class='ocrx_word' id='word_1_569' title='bbox 2741 1338 2951 1397; x_wconf 72' lang='lat' dir='ltr'><strong>fallacia</strong></span> <span class='ocrx_word' id='word_1_570' title='bbox 2981 1347 3202 1413; x_wconf 83' lang='lat' dir='ltr'><strong>peccati.</strong></span> <span class='ocrx_word' id='word_1_571' title='bbox 3228 1349 3333 1402; x_wconf 87' lang='lat' dir='ltr'><strong>Aut</strong></span> <span class='ocrx_word' id='word_1_572' title='bbox 3356 1349 3483 1407; x_wconf 91' lang='lat' dir='ltr'><strong>dicit</strong></span> 
     </span>
    </p>
   </div>
   <div class='ocr_carea' id='block_1_71' title="bbox 1899 1424 3483 1509">
    <p class='ocr_par' dir='ltr' id='par_1_71' title="bbox 1899 1424 3483 1509">
     <span class='ocr_line' id='line_1_71' title="bbox 1899 1424 3483 1509; baseline 0.011 -31"><span class='ocrx_word' id='word_1_573' title='bbox 1899 1424 2161 1479; x_wconf 75' lang='lat' dir='ltr'><strong>lalhtciam</strong></span> <span class='ocrx_word' id='word_1_574' title='bbox 2187 1426 2384 1480; x_wconf 86' lang='lat' dir='ltr'><strong>diaboli</strong></span> <span class='ocrx_word' id='word_1_575' title='bbox 2417 1444 2430 1481; x_wconf 90' lang='lat'><strong>:</strong></span> <span class='ocrx_word' id='word_1_576' title='bbox 2463 1428 2706 1500; x_wconf 75' lang='lat' dir='ltr'><strong>deceptio</strong></span> <span class='ocrx_word' id='word_1_577' title='bbox 2731 1431 2874 1487; x_wconf 90' lang='lat' dir='ltr'><strong>enim</strong></span> <span class='ocrx_word' id='word_1_578' title='bbox 2898 1443 2979 1487; x_wconf 90' lang='lat' dir='ltr'><strong>est</strong></span> <span class='ocrx_word' id='word_1_579' title='bbox 3009 1434 3141 1491; x_wconf 85' lang='lat' dir='ltr'><strong>nihil</strong></span> <span class='ocrx_word' id='word_1_580' title='bbox 3171 1448 3483 1509; x_wconf 78' lang='lat' dir='ltr'><strong>exspectare</strong></span> 
     </span>
    </p>
   </div>
   <div class='ocr_carea' id='block_1_72' title="bbox 1897 1516 3484 1587">
    <p class='ocr_par' dir='ltr' id='par_1_72' title="bbox 1897 1516 3484 1587">
     <span class='ocr_line' id='line_1_72' title="bbox 1897 1516 3484 1587; baseline 0.011 -17"><span class='ocrx_word' id='word_1_581' title='bbox 1897 1516 1963 1570; x_wconf 86' lang='lat' dir='ltr'><strong>de</strong></span> <span class='ocrx_word' id='word_1_582' title='bbox 1993 1516 2184 1571; x_wconf 80' lang='lat' dir='ltr'><strong>futuris</strong></span> <span class='ocrx_word' id='word_1_583' title='bbox 2203 1558 2218 1586; x_wconf 93' lang='lat'><strong>,</strong></span> <span class='ocrx_word' id='word_1_584' title='bbox 2251 1518 2569 1575; x_wconf 75' lang='lat' dir='ltr'><strong>existimare</strong></span> <span class='ocrx_word' id='word_1_585' title='bbox 2607 1538 2712 1576; x_wconf 88' lang='lat' dir='ltr'><strong>non</strong></span> <span class='ocrx_word' id='word_1_586' title='bbox 2752 1538 2872 1581; x_wconf 76' lang='lat' dir='ltr'><strong>esse</strong></span> <span class='ocrx_word' id='word_1_587' title='bbox 2916 1526 3242 1583; x_wconf 85' lang='lat' dir='ltr'><strong>reddendam</strong></span> <span class='ocrx_word' id='word_1_588' title='bbox 3270 1545 3300 1586; x_wconf 84' lang='lat' dir='ltr'><strong>a</strong></span> <span class='ocrx_word' id='word_1_589' title='bbox 3330 1530 3484 1587; x_wconf 83' lang='lat' dir='ltr'><strong>nobis</strong></span> 
     </span>
    </p>
   </div>
   <div class='ocr_carea' id='block_1_73' title="bbox 1900 1606 3482 1688">
    <p class='ocr_par' dir='ltr' id='par_1_73' title="bbox 1900 1606 3482 1688">
     <span class='ocr_line' id='line_1_73' title="bbox 1900 1606 3482 1688; baseline 0.012 -29"><span class='ocrx_word' id='word_1_590' title='bbox 1900 1606 2160 1661; x_wconf 76' lang='lat' dir='ltr'><strong>rationem</strong></span> <span class='ocrx_word' id='word_1_591' title='bbox 2186 1648 2201 1671; x_wconf 91' lang='lat'><strong>,</strong></span> <span class='ocrx_word' id='word_1_592' title='bbox 2237 1617 2291 1662; x_wconf 91' lang='lat' dir='ltr'><strong>et</strong></span> <span class='ocrx_word' id='word_1_593' title='bbox 2322 1623 2510 1664; x_wconf 88' lang='lat' dir='ltr'><strong>eormn</strong></span> <span class='ocrx_word' id='word_1_594' title='bbox 2541 1627 2660 1681; x_wconf 73' lang='lat' dir='ltr'><strong>qua:</strong></span> <span class='ocrx_word' id='word_1_595' title='bbox 2689 1612 2777 1669; x_wconf 82' lang='lat' dir='ltr'><strong>hic</strong></span> <span class='ocrx_word' id='word_1_596' title='bbox 2804 1631 2831 1665; x_wconf 87' lang='lat' dir='ltr'><strong>a</strong></span> <span class='ocrx_word' id='word_1_597' title='bbox 2862 1615 3017 1671; x_wconf 83' lang='lat' dir='ltr'><strong>nobis</strong></span> <span class='ocrx_word' id='word_1_598' title='bbox 3041 1629 3191 1688; x_wconf 75' lang='lat' dir='ltr'><strong>gesta</strong></span> <span class='ocrx_word' id='word_1_599' title='bbox 3221 1629 3349 1677; x_wconf 87' lang='lat' dir='ltr'><strong>sunt</strong></span> <span class='ocrx_word' id='word_1_600' title='bbox 3376 1638 3482 1678; x_wconf 89' lang='lat' dir='ltr'><strong>non</strong></span> 
     </span>
    </p>
   </div>
   <div class='ocr_carea' id='block_1_74' title="bbox 1897 1702 3483 1770">
    <p class='ocr_par' dir='ltr' id='par_1_74' title="bbox 1897 1702 3483 1770">
     <span class='ocr_line' id='line_1_74' title="bbox 1897 1702 3483 1770; baseline 0.014 -22"><span class='ocrx_word' id='word_1_601' title='bbox 1897 1707 2118 1751; x_wconf 75' lang='lat' dir='ltr'><strong>tlttlUl’OS</strong></span> <span class='ocrx_word' id='word_1_602' title='bbox 2166 1713 2393 1767; x_wconf 76' lang='lat' dir='ltr'><strong>[)(Bllas,</strong></span> <span class='ocrx_word' id='word_1_603' title='bbox 2439 1715 2538 1756; x_wconf 87' lang='lat' dir='ltr'><strong>nec</strong></span> <span class='ocrx_word' id='word_1_604' title='bbox 2585 1702 2815 1759; x_wconf 75' lang='lat' dir='ltr'><strong>futuram</strong></span> <span class='ocrx_word' id='word_1_605' title='bbox 2872 1710 3341 1766; x_wconf 82' lang='lat' dir='ltr'><strong>resurrectionem.</strong></span> <span class='ocrx_word' id='word_1_606' title='bbox 3382 1718 3483 1770; x_wconf 77' lang='lat' dir='ltr'><strong>Aul</strong></span> 
     </span>
    </p>
   </div>
   <div class='ocr_carea' id='block_1_75' title="bbox 1897 1788 3482 1871">
    <p class='ocr_par' dir='ltr' id='par_1_75' title="bbox 1897 1788 3482 1871">
     <span class='ocr_line' id='line_1_75' title="bbox 1897 1788 3482 1871; baseline 0.012 -30"><span class='ocrx_word' id='word_1_607' title='bbox 1897 1789 2081 1852; x_wconf 72' lang='lat' dir='ltr'><strong>aliter,</strong></span> <span class='ocrx_word' id='word_1_608' title='bbox 2114 1788 2358 1859; x_wconf 86' lang='lat' dir='ltr'><strong>deceptio</strong></span> <span class='ocrx_word' id='word_1_609' title='bbox 2387 1793 2620 1849; x_wconf 88' lang='lat' dir='ltr'><strong>estnihil</strong></span> <span class='ocrx_word' id='word_1_610' title='bbox 2648 1795 2872 1864; x_wconf 87' lang='lat' dir='ltr'><strong>dolere,</strong></span> <span class='ocrx_word' id='word_1_611' title='bbox 2900 1807 2993 1853; x_wconf 86' lang='lat' dir='ltr'><strong>aut</strong></span> <span class='ocrx_word' id='word_1_612' title='bbox 3013 1799 3322 1871; x_wconf 89' lang='lat' dir='ltr'><strong>desperatio</strong></span> <span class='ocrx_word' id='word_1_613' title='bbox 3355 1823 3368 1857; x_wconf 90' lang='lat'><strong>:</strong></span> <span class='ocrx_word' id='word_1_614' title='bbox 3401 1805 3482 1859; x_wconf 88' lang='lat' dir='ltr'><strong>di-</strong></span> 
     </span>
    </p>
   </div>
   <div class='ocr_carea' id='block_1_76' title="bbox 1898 1878 3482 1957">
    <p class='ocr_par' dir='ltr' id='par_1_76' title="bbox 1898 1878 3482 1957">
     <span class='ocr_line' id='line_1_76' title="bbox 1898 1878 3482 1957; baseline 0.011 -26"><span class='ocrx_word' id='word_1_615' title='bbox 1898 1892 2022 1932; x_wconf 83' lang='lat' dir='ltr'><strong>cere</strong></span> <span class='ocrx_word' id='word_1_616' title='bbox 2049 1878 2213 1940; x_wconf 75' lang='lat' dir='ltr'><strong>enim.</strong></span> <span class='ocrx_word' id='word_1_617' title='bbox 2247 1879 2382 1946; x_wconf 83' lang='lat' dir='ltr'><strong>Quid</strong></span> <span class='ocrx_word' id='word_1_618' title='bbox 2413 1883 2573 1937; x_wconf 80' lang='lat' dir='ltr'><strong>vero?</strong></span> <span class='ocrx_word' id='word_1_619' title='bbox 2604 1886 2772 1940; x_wconf 89' lang='lat' dir='ltr'><strong>semel</strong></span> <span class='ocrx_word' id='word_1_620' title='bbox 2803 1889 3041 1957; x_wconf 65' lang='lat' dir='ltr'><strong>peccavi,</strong></span> <span class='ocrx_word' id='word_1_621' title='bbox 3066 1892 3209 1945; x_wconf 84' lang='lat' dir='ltr'><strong>nulla</strong></span> <span class='ocrx_word' id='word_1_622' title='bbox 3241 1904 3325 1948; x_wconf 87' lang='lat' dir='ltr'><strong>est</strong></span> <span class='ocrx_word' id='word_1_623' title='bbox 3352 1894 3482 1949; x_wconf 71' lang='lat' dir='ltr'><strong>mihi</strong></span> 
     </span>
    </p>
   </div>
   <div class='ocr_carea' id='block_1_77' title="bbox 1900 1975 3482 2055">
    <p class='ocr_par' dir='ltr' id='par_1_77' title="bbox 1900 1975 3482 2055">
     <span class='ocr_line' id='line_1_77' title="bbox 1900 1975 3482 2055; baseline 0.011 -33"><span class='ocrx_word' id='word_1_624' title='bbox 1900 1986 2025 2039; x_wconf 85' lang='lat' dir='ltr'><strong>spes</strong></span> <span class='ocrx_word' id='word_1_625' title='bbox 2051 1988 2135 2024; x_wconf 79' lang='lat' dir='ltr'><strong>uie</strong></span> <span class='ocrx_word' id='word_1_626' title='bbox 2165 1975 2571 2041; x_wconf 84' lang='lat' dir='ltr'><strong>recreandi,est</strong></span> <span class='ocrx_word' id='word_1_627' title='bbox 2596 1976 2860 2048; x_wconf 81' lang='lat' dir='ltr'><strong>dereptio.</strong></span> <span class='ocrx_word' id='word_1_628' title='bbox 2891 1982 3091 2037; x_wconf 89' lang='lat' dir='ltr'><strong>Deinde</strong></span> <span class='ocrx_word' id='word_1_629' title='bbox 3117 1985 3195 2038; x_wconf 89' lang='lat' dir='ltr'><strong>eis</strong></span> <span class='ocrx_word' id='word_1_630' title='bbox 3218 2000 3364 2055; x_wconf 85' lang='lat' dir='ltr'><strong>spem</strong></span> <span class='ocrx_word' id='word_1_631' title='bbox 3391 1990 3482 2040; x_wconf 89' lang='lat' dir='ltr'><strong>im-</strong></span> 
     </span>
    </p>
   </div>
   <div class='ocr_carea' id='block_1_78' title="bbox 1899 2062 3481 2148">
    <p class='ocr_par' dir='ltr' id='par_1_78' title="bbox 1899 2062 3481 2148">
     <span class='ocr_line' id='line_1_78' title="bbox 1899 2062 3481 2148; baseline 0.012 -34"><span class='ocrx_word' id='word_1_632' title='bbox 1899 2062 2078 2124; x_wconf 87' lang='lat' dir='ltr'><strong>mittit,</strong></span> <span class='ocrx_word' id='word_1_633' title='bbox 2110 2062 2295 2117; x_wconf 85' lang='lat' dir='ltr'><strong>dicens</strong></span> <span class='ocrx_word' id='word_1_634' title='bbox 2326 2082 2338 2116; x_wconf 89' lang='lat'>:</span> <span class='ocrx_word' id='word_1_635' title='bbox 2378 2064 2658 2137; x_wconf 85' lang='lat' dir='ltr'><strong>Participes</strong></span> <span class='ocrx_word' id='word_1_636' title='bbox 2690 2068 2876 2125; x_wconf 83' lang='lat' dir='ltr'><strong>Christi</strong></span> <span class='ocrx_word' id='word_1_637' title='bbox 2900 2071 3067 2140; x_wconf 76' lang='lat' dir='ltr'><strong>eﬁ&#39;ecti</strong></span> <span class='ocrx_word' id='word_1_638' title='bbox 3086 2092 3263 2132; x_wconf 81' lang='lat' dir='ltr'><strong>sumus</strong></span> <span class='ocrx_word' id='word_1_639' title='bbox 3289 2078 3307 2148; x_wconf 90' lang='lat'>(</span> <span class='ocrx_word' id='word_1_640' title='bbox 3330 2078 3481 2135; x_wconf 81' lang='lat' dir='ltr'><strong>Ilcbr.</strong></span> 
     </span>
    </p>
   </div>
   <div class='ocr_carea' id='block_1_79' title="bbox 1899 2152 3483 2235">
    <p class='ocr_par' dir='ltr' id='par_1_79' title="bbox 1899 2152 3483 2235">
     <span class='ocr_line' id='line_1_79' title="bbox 1899 2152 3483 2235; baseline 0.011 -30"><span class='ocrx_word' id='word_1_641' title='bbox 1899 2152 1954 2206; x_wconf 81' lang='lat'><strong>5.</strong></span> <span class='ocrx_word' id='word_1_642' title='bbox 1988 2152 2051 2206; x_wconf 70' lang='lat' dir='ltr'><strong>ll</strong></span> <span class='ocrx_word' id='word_1_643' title='bbox 2078 2154 2129 2217; x_wconf 90' lang='lat'><strong>);</strong></span> <span class='ocrx_word' id='word_1_644' title='bbox 2160 2156 2545 2224; x_wconf 84' lang='lat' dir='ltr'><strong>propemodum</strong></span> <span class='ocrx_word' id='word_1_645' title='bbox 2593 2159 2778 2216; x_wconf 83' lang='lat' dir='ltr'><strong>dicens</strong></span> <span class='ocrx_word' id='word_1_646' title='bbox 2810 2180 2820 2215; x_wconf 90' lang='lat'>:</span> <span class='ocrx_word' id='word_1_647' title='bbox 2853 2164 2954 2231; x_wconf 83' lang='lat' dir='ltr'><strong>Qui</strong></span> <span class='ocrx_word' id='word_1_648' title='bbox 3003 2182 3100 2221; x_wconf 88' lang='lat' dir='ltr'><strong>nos</strong></span> <span class='ocrx_word' id='word_1_649' title='bbox 3147 2169 3215 2220; x_wconf 80' lang='lat' dir='ltr'><strong>ita</strong></span> <span class='ocrx_word' id='word_1_650' title='bbox 3262 2170 3445 2225; x_wconf 71' lang='lat' dir='ltr'><strong>dilexit</strong></span> <span class='ocrx_word' id='word_1_651' title='bbox 3470 2212 3483 2235; x_wconf 82' lang='lat'><strong>,</strong></span> 
     </span>
    </p>
   </div>
   <div class='ocr_carea' id='block_1_80' title="bbox 1897 2241 3482 2328">
    <p class='ocr_par' dir='ltr' id='par_1_80' title="bbox 1897 2241 3482 2328">
     <span class='ocr_line' id='line_1_80' title="bbox 1897 2241 3482 2328; baseline 0.012 -34"><span class='ocrx_word' id='word_1_652' title='bbox 1897 2241 1989 2311; x_wconf 86' lang='lat' dir='ltr'><strong>qui</strong></span> <span class='ocrx_word' id='word_1_653' title='bbox 2018 2256 2116 2297; x_wconf 86' lang='lat' dir='ltr'><strong>nos</strong></span> <span class='ocrx_word' id='word_1_654' title='bbox 2143 2245 2275 2301; x_wconf 72' lang='lat' dir='ltr'><strong>tanti</strong></span> <span class='ocrx_word' id='word_1_655' title='bbox 2304 2245 2428 2299; x_wconf 80' lang='lat' dir='ltr'><strong>fecit</strong></span> <span class='ocrx_word' id='word_1_656' title='bbox 2450 2256 2505 2301; x_wconf 86' lang='lat' dir='ltr'><strong>ut</strong></span> <span class='ocrx_word' id='word_1_657' title='bbox 2528 2262 2678 2303; x_wconf 87' lang='lat' dir='ltr'><strong>suum</strong></span> <span class='ocrx_word' id='word_1_658' title='bbox 2703 2266 2899 2321; x_wconf 84' lang='lat' dir='ltr'><strong>corpus</strong></span> <span class='ocrx_word' id='word_1_659' title='bbox 2922 2253 3146 2321; x_wconf 80' lang='lat' dir='ltr'><strong>laceret,</strong></span> <span class='ocrx_word' id='word_1_660' title='bbox 3173 2274 3277 2312; x_wconf 89' lang='lat' dir='ltr'><strong>non</strong></span> <span class='ocrx_word' id='word_1_661' title='bbox 3308 2259 3482 2328; x_wconf 59' lang='lat' dir='ltr'><strong>despi-</strong></span> 
     </span>
    </p>
   </div>
   <div class='ocr_carea' id='block_1_81' title="bbox 1899 2331 3480 2423">
    <p class='ocr_par' dir='ltr' id='par_1_81' title="bbox 1899 2331 3480 2423">
     <span class='ocr_line' id='line_1_81' title="bbox 1899 2331 3480 2423; baseline 0.016 -41"><span class='ocrx_word' id='word_1_662' title='bbox 1899 2331 2003 2383; x_wconf 88' lang='lat' dir='ltr'><strong>ciet</strong></span> <span class='ocrx_word' id='word_1_663' title='bbox 2034 2341 2336 2399; x_wconf 82' lang='lat' dir='ltr'><strong>pereuntes.</strong></span> <span class='ocrx_word' id='word_1_664' title='bbox 2363 2332 2695 2407; x_wconf 81' lang='lat' dir='ltr'><strong>Cogitemus,</strong></span> <span class='ocrx_word' id='word_1_665' title='bbox 2720 2341 2912 2413; x_wconf 87' lang='lat' dir='ltr'><strong>inquit,</strong></span> <span class='ocrx_word' id='word_1_666' title='bbox 2937 2347 3255 2417; x_wconf 83' lang='lat' dir='ltr'><strong>quibusnam</strong></span> <span class='ocrx_word' id='word_1_667' title='bbox 3283 2351 3480 2423; x_wconf 71' lang='lat' dir='ltr'><strong>dignati</strong></span> 
     </span>
    </p>
   </div>
   <div class='ocr_carea' id='block_1_82' title="bbox 1899 2427 3483 2512">
    <p class='ocr_par' dir='ltr' id='par_1_82' title="bbox 1899 2427 3483 2512">
     <span class='ocr_line' id='line_1_82' title="bbox 1899 2427 3483 2512; baseline 0.015 -38"><span class='ocrx_word' id='word_1_668' title='bbox 1899 2434 2083 2477; x_wconf 87' lang='lat' dir='ltr'><strong>sumus</strong></span> <span class='ocrx_word' id='word_1_669' title='bbox 2111 2440 2124 2477; x_wconf 91' lang='lat'><strong>:</strong></span> <span class='ocrx_word' id='word_1_670' title='bbox 2155 2440 2251 2481; x_wconf 84' lang='lat' dir='ltr'><strong>nos</strong></span> <span class='ocrx_word' id='word_1_671' title='bbox 2278 2435 2329 2481; x_wconf 90' lang='lat' dir='ltr'><strong>et</strong></span> <span class='ocrx_word' id='word_1_672' title='bbox 2354 2427 2600 2486; x_wconf 75' lang='lat' dir='ltr'><strong>Christus</strong></span> <span class='ocrx_word' id='word_1_673' title='bbox 2626 2449 2790 2490; x_wconf 90' lang='lat' dir='ltr'><strong>unum</strong></span> <span class='ocrx_word' id='word_1_674' title='bbox 2812 2451 3018 2495; x_wconf 86' lang='lat' dir='ltr'><strong>sumus.</strong></span> <span class='ocrx_word' id='word_1_675' title='bbox 3044 2439 3126 2496; x_wconf 79' lang='lat' dir='ltr'><strong>Ne</strong></span> <span class='ocrx_word' id='word_1_676' title='bbox 3145 2456 3276 2512; x_wconf 74' lang='lat' dir='ltr'><strong>ergo</strong></span> <span class='ocrx_word' id='word_1_677' title='bbox 3300 2444 3351 2499; x_wconf 88' lang='lat' dir='ltr'><strong>ei</strong></span> <span class='ocrx_word' id='word_1_678' title='bbox 3372 2459 3483 2498; x_wconf 78' lang='lat' dir='ltr'><strong>non</strong></span> 
     </span>
    </p>
   </div>
   <div class='ocr_carea' id='block_1_83' title="bbox 1898 2513 3480 2603">
    <p class='ocr_par' dir='ltr' id='par_1_83' title="bbox 1898 2513 3480 2603">
     <span class='ocr_line' id='line_1_83' title="bbox 1898 2513 3480 2603; baseline 0.013 -34"><span class='ocrx_word' id='word_1_679' title='bbox 1898 2513 2197 2571; x_wconf 73' lang='lat' dir='ltr'><strong>credamus.</strong></span> <span class='ocrx_word' id='word_1_680' title='bbox 2241 2518 2306 2572; x_wconf 82' lang='lat' dir='ltr'><strong>Et</strong></span> <span class='ocrx_word' id='word_1_681' title='bbox 2340 2535 2527 2578; x_wconf 91' lang='lat' dir='ltr'><strong>rursus</strong></span> <span class='ocrx_word' id='word_1_682' title='bbox 2556 2526 2713 2580; x_wconf 85' lang='lat' dir='ltr'><strong>tacite</strong></span> <span class='ocrx_word' id='word_1_683' title='bbox 2739 2526 3002 2598; x_wconf 75' lang='lat' dir='ltr'><strong>signiﬁcat</strong></span> <span class='ocrx_word' id='word_1_684' title='bbox 3029 2531 3163 2587; x_wconf 90' lang='lat' dir='ltr'><strong>illud</strong></span> <span class='ocrx_word' id='word_1_685' title='bbox 3188 2534 3330 2603; x_wconf 90' lang='lat' dir='ltr'><strong>quod</strong></span> <span class='ocrx_word' id='word_1_686' title='bbox 3355 2535 3480 2590; x_wconf 85' lang='lat' dir='ltr'><strong>alibi</strong></span> 
     </span>
    </p>
   </div>
   <div class='ocr_carea' id='block_1_84' title="bbox 1897 2602 3481 2697">
    <p class='ocr_par' dir='ltr' id='par_1_84' title="bbox 1897 2602 3481 2697">
     <span class='ocr_line' id='line_1_84' title="bbox 1897 2602 3481 2697; baseline 0.014 -40"><span class='ocrx_word' id='word_1_687' title='bbox 1897 2602 2096 2660; x_wconf 87' lang='lat' dir='ltr'><strong>dictum</strong></span> <span class='ocrx_word' id='word_1_688' title='bbox 2124 2617 2227 2673; x_wconf 88' lang='lat' dir='ltr'><strong>est,</strong></span> <span class='ocrx_word' id='word_1_689' title='bbox 2252 2607 2313 2664; x_wconf 87' lang='lat' dir='ltr'><strong>Si</strong></span> <span class='ocrx_word' id='word_1_690' title='bbox 2339 2613 2663 2679; x_wconf 85' lang='lat' dir='ltr'><strong>sustinemus,</strong></span> <span class='ocrx_word' id='word_1_691' title='bbox 2695 2629 2742 2671; x_wconf 89' lang='lat' dir='ltr'><strong>et</strong></span> <span class='ocrx_word' id='word_1_692' title='bbox 2768 2623 3183 2690; x_wconf 84' lang='lat' dir='ltr'><strong>conregnabimus</strong></span> <span class='ocrx_word' id='word_1_693' title='bbox 3208 2602 3232 2697; x_wconf 16' lang='grc' dir='ltr'><strong>ί(</strong></span> <span class='ocrx_word' id='word_1_694' title='bbox 3252 2624 3307 2678; x_wconf 72' lang='grc'><strong>2.</strong></span> <span class='ocrx_word' id='word_1_695' title='bbox 3339 2623 3481 2680; x_wconf 89' lang='lat' dir='ltr'><strong>Tim.</strong></span> 
     </span>
    </p>
   </div>
   <div class='ocr_carea' id='block_1_85' title="bbox 1896 2695 3483 2784">
    <p class='ocr_par' dir='ltr' id='par_1_85' title="bbox 1896 2695 3483 2784">
     <span class='ocr_line' id='line_1_85' title="bbox 1896 2695 3483 2784; baseline 0.014 -35"><span class='ocrx_word' id='word_1_696' title='bbox 1896 2695 1951 2750; x_wconf 78' lang='lat'><strong>2.</strong></span> <span class='ocrx_word' id='word_1_697' title='bbox 1985 2697 2053 2752; x_wconf 69' lang='lat' dir='ltr'><strong>l2</strong></span> <span class='ocrx_word' id='word_1_698' title='bbox 2069 2698 2110 2769; x_wconf 92' lang='lat'><strong>).</strong></span> <span class='ocrx_word' id='word_1_699' title='bbox 2137 2699 2248 2756; x_wconf 80' lang='lat' dir='ltr'><strong>Hoc</strong></span> <span class='ocrx_word' id='word_1_700' title='bbox 2271 2704 2413 2758; x_wconf 88' lang='lat' dir='ltr'><strong>enim</strong></span> <span class='ocrx_word' id='word_1_701' title='bbox 2435 2715 2539 2771; x_wconf 85' lang='lat' dir='ltr'><strong>est,</strong></span> <span class='ocrx_word' id='word_1_702' title='bbox 2564 2704 2716 2761; x_wconf 80' lang='lat' dir='ltr'><strong>Facti</strong></span> <span class='ocrx_word' id='word_1_703' title='bbox 2735 2725 2910 2764; x_wconf 84' lang='lat' dir='ltr'><strong>sumus</strong></span> <span class='ocrx_word' id='word_1_704' title='bbox 2930 2695 3245 2784; x_wconf 56' lang='lat' dir='ltr'><strong>participes}</strong></span> <span class='ocrx_word' id='word_1_705' title='bbox 3269 2730 3483 2771; x_wconf 84' lang='lat' dir='ltr'><strong>eorum-</strong></span> 
     </span>
    </p>
   </div>
   <div class='ocr_carea' id='block_1_86' title="bbox 1895 2787 3481 2868">
    <p class='ocr_par' dir='ltr' id='par_1_86' title="bbox 1895 2787 3481 2868">
     <span class='ocr_line' id='line_1_86' title="bbox 1895 2787 3481 2868; baseline 0.014 -28"><span class='ocrx_word' id='word_1_706' title='bbox 1895 2787 2018 2842; x_wconf 89' lang='lat' dir='ltr'><strong>dem</strong></span> <span class='ocrx_word' id='word_1_707' title='bbox 2046 2805 2229 2845; x_wconf 84' lang='lat' dir='ltr'><strong>sumus</strong></span> <span class='ocrx_word' id='word_1_708' title='bbox 2259 2795 2565 2865; x_wconf 85' lang='lat' dir='ltr'><strong>participes,</strong></span> <span class='ocrx_word' id='word_1_709' title='bbox 2594 2814 2823 2868; x_wconf 88' lang='lat' dir='ltr'><strong>quorum</strong></span> <span class='ocrx_word' id='word_1_710' title='bbox 2855 2814 2935 2857; x_wconf 86' lang='lat' dir='ltr'><strong>est</strong></span> <span class='ocrx_word' id='word_1_711' title='bbox 2965 2802 3231 2860; x_wconf 83' lang='lat' dir='ltr'><strong>Christus.</strong></span> <span class='ocrx_word' id='word_1_712' title='bbox 3265 2806 3481 2861; x_wconf 80' lang='lat' dir='ltr'><strong>Adhor-</strong></span> 
     </span>
    </p>
   </div>
   <div class='ocr_carea' id='block_1_87' title="bbox 1900 2882 3482 2966">
    <p class='ocr_par' dir='ltr' id='par_1_87' title="bbox 1900 2882 3482 2966">
     <span class='ocr_line' id='line_1_87' title="bbox 1900 2882 3482 2966; baseline 0.013 -35"><span class='ocrx_word' id='word_1_713' title='bbox 1900 2887 2038 2932; x_wconf 86' lang='lat' dir='ltr'><strong>tatus</strong></span> <span class='ocrx_word' id='word_1_714' title='bbox 2069 2891 2149 2935; x_wconf 90' lang='lat' dir='ltr'><strong>est</strong></span> <span class='ocrx_word' id='word_1_715' title='bbox 2177 2882 2245 2936; x_wconf 87' lang='lat' dir='ltr'><strong>ab</strong></span> <span class='ocrx_word' id='word_1_716' title='bbox 2277 2883 2339 2939; x_wconf 84' lang='lat' dir='ltr'><strong>iis</strong></span> <span class='ocrx_word' id='word_1_717' title='bbox 2374 2901 2491 2955; x_wconf 83' lang='lat' dir='ltr'><strong>qua:</strong></span> <span class='ocrx_word' id='word_1_718' title='bbox 2533 2899 2658 2942; x_wconf 87' lang='lat' dir='ltr'><strong>sunt</strong></span> <span class='ocrx_word' id='word_1_719' title='bbox 2704 2890 2841 2945; x_wconf 91' lang='lat' dir='ltr'><strong>bona</strong></span> <span class='ocrx_word' id='word_1_720' title='bbox 2876 2900 2931 2947; x_wconf 88' lang='lat' dir='ltr'><strong>et</strong></span> <span class='ocrx_word' id='word_1_721' title='bbox 2971 2894 3117 2948; x_wconf 79' lang='lat' dir='ltr'><strong>utilia</strong></span> <span class='ocrx_word' id='word_1_722' title='bbox 3151 2916 3165 2951; x_wconf 93' lang='lat'><strong>:</strong></span> <span class='ocrx_word' id='word_1_723' title='bbox 3196 2894 3482 2966; x_wconf 79' lang='lat' dir='ltr'><strong>Partiripcs</strong></span> 
     </span>
    </p>
   </div>
   <div class='ocr_carea' id='block_1_88' title="bbox 1897 2970 3481 3041">
    <p class='ocr_par' dir='ltr' id='par_1_88' title="bbox 1897 2970 3481 3041">
     <span class='ocr_line' id='line_1_88' title="bbox 1897 2970 3481 3041; baseline 0.013 -22"><span class='ocrx_word' id='word_1_724' title='bbox 1897 2970 2044 3032; x_wconf 84' lang='lat' dir='ltr'><strong>enim,</strong></span> <span class='ocrx_word' id='word_1_725' title='bbox 2079 2970 2268 3041; x_wconf 87' lang='lat' dir='ltr'><strong>inqmt,</strong></span> <span class='ocrx_word' id='word_1_726' title='bbox 2301 2990 2475 3029; x_wconf 74' lang='lat' dir='ltr'><strong>suntut</strong></span> <span class='ocrx_word' id='word_1_727' title='bbox 2504 2975 2718 3032; x_wconf 82' lang='lat' dir='ltr'><strong>Christi.</strong></span> <span class='ocrx_word' id='word_1_728' title='bbox 2748 2980 2949 3037; x_wconf 86' lang='lat' dir='ltr'><strong>Deinde</strong></span> <span class='ocrx_word' id='word_1_729' title='bbox 2980 2998 3163 3037; x_wconf 84' lang='lat' dir='ltr'><strong>rursus</strong></span> <span class='ocrx_word' id='word_1_730' title='bbox 3185 3001 3214 3039; x_wconf 70' lang='grc' dir='ltr'><strong>ιι</strong></span> <span class='ocrx_word' id='word_1_731' title='bbox 3239 2987 3481 3041; x_wconf 76' lang='lat' dir='ltr'><strong>tristibus</strong></span> 
     </span>
    </p>
   </div>
   <div class='ocr_carea' id='block_1_89' title="bbox 1896 3062 3481 3148">
    <p class='ocr_par' dir='ltr' id='par_1_89' title="bbox 1896 3062 3481 3148">
     <span class='ocr_line' id='line_1_89' title="bbox 1896 3062 3481 3148; baseline 0.014 -36"><span class='ocrx_word' id='word_1_732' title='bbox 1896 3070 1948 3113; x_wconf 87' lang='lat' dir='ltr'><strong>et</strong></span> <span class='ocrx_word' id='word_1_733' title='bbox 1986 3062 2225 3117; x_wconf 88' lang='lat' dir='ltr'><strong>molestis</strong></span> <span class='ocrx_word' id='word_1_734' title='bbox 2259 3084 2270 3120; x_wconf 94' lang='lat'><strong>:</strong></span> <span class='ocrx_word' id='word_1_735' title='bbox 2308 3062 2594 3123; x_wconf 82' lang='lat' dir='ltr'><strong>Timeamus</strong></span> <span class='ocrx_word' id='word_1_736' title='bbox 2638 3088 2700 3127; x_wconf 85' lang='lat' dir='ltr'><strong>ne</strong></span> <span class='ocrx_word' id='word_1_737' title='bbox 2737 3072 2870 3141; x_wconf 79' lang='lat' dir='ltr'><strong>forte</strong></span> <span class='ocrx_word' id='word_1_738' title='bbox 2910 3075 3081 3130; x_wconf 80' lang='lat' dir='ltr'><strong>relicta</strong></span> <span class='ocrx_word' id='word_1_739' title='bbox 3117 3077 3481 3148; x_wconf 71' lang='lat' dir='ltr'><strong>pollicitatione</strong></span> 
     </span>
    </p>
   </div>
   <div class='ocr_carea' id='block_1_90' title="bbox 1895 3151 3481 3238">
    <p class='ocr_par' dir='ltr' id='par_1_90' title="bbox 1895 3151 3481 3238">
     <span class='ocr_line' id='line_1_90' title="bbox 1895 3151 3481 3238; baseline 0.016 -37"><span class='ocrx_word' id='word_1_740' title='bbox 1895 3151 2184 3206; x_wconf 81' lang='lat' dir='ltr'><strong>introeundi</strong></span> <span class='ocrx_word' id='word_1_741' title='bbox 2210 3156 2259 3208; x_wconf 86' lang='lat' dir='ltr'><strong>in</strong></span> <span class='ocrx_word' id='word_1_742' title='bbox 2290 3160 2505 3229; x_wconf 77' lang='lat' dir='ltr'><strong>requiem</strong></span> <span class='ocrx_word' id='word_1_743' title='bbox 2534 3163 2641 3231; x_wconf 84' lang='lat' dir='ltr'><strong>ejus</strong></span> <span class='ocrx_word' id='word_1_744' title='bbox 2662 3205 2676 3227; x_wconf 93' lang='lat'><strong>,</strong></span> <span class='ocrx_word' id='word_1_745' title='bbox 2706 3164 3017 3220; x_wconf 71' lang='lat' dir='ltr'><strong>existimetur</strong></span> <span class='ocrx_word' id='word_1_746' title='bbox 3043 3169 3225 3238; x_wconf 73' lang='lat' dir='ltr'><strong>aliquis</strong></span> <span class='ocrx_word' id='word_1_747' title='bbox 3252 3188 3317 3225; x_wconf 77' lang='lat' dir='ltr'><strong>ea;</strong></span> <span class='ocrx_word' id='word_1_748' title='bbox 3339 3172 3481 3226; x_wconf 75' lang='lat' dir='ltr'><strong>nobis</strong></span> 
     </span>
    </p>
   </div>
   <div class='ocr_carea' id='block_1_91' title="bbox 1895 3242 3477 3330">
    <p class='ocr_par' dir='ltr' id='par_1_91' title="bbox 1895 3242 3477 3330">
     <span class='ocr_line' id='line_1_91' title="bbox 1895 3242 3477 3330; baseline 0.014 -35"><span class='ocrx_word' id='word_1_749' title='bbox 1895 3242 2081 3298; x_wconf 77' lang='lat' dir='ltr'><strong>deesse.</strong></span> <span class='ocrx_word' id='word_1_750' title='bbox 2112 3246 2243 3301; x_wconf 89' lang='lat' dir='ltr'><strong>lllud</strong></span> <span class='ocrx_word' id='word_1_751' title='bbox 2270 3250 2411 3303; x_wconf 88' lang='lat' dir='ltr'><strong>enim</strong></span> <span class='ocrx_word' id='word_1_752' title='bbox 2443 3262 2527 3306; x_wconf 78' lang='lat' dir='ltr'><strong>est</strong></span> <span class='ocrx_word' id='word_1_753' title='bbox 2552 3256 2912 3324; x_wconf 83' lang='lat' dir='ltr'><strong>per5picnum,</strong></span> <span class='ocrx_word' id='word_1_754' title='bbox 2939 3269 2991 3313; x_wconf 88' lang='lat' dir='ltr'><strong>ct</strong></span> <span class='ocrx_word' id='word_1_755' title='bbox 3022 3260 3087 3314; x_wconf 87' lang='lat' dir='ltr'><strong>de</strong></span> <span class='ocrx_word' id='word_1_756' title='bbox 3117 3277 3223 3330; x_wconf 90' lang='lat' dir='ltr'><strong>quo</strong></span> <span class='ocrx_word' id='word_1_757' title='bbox 3248 3275 3477 3319; x_wconf 77' lang='lat' dir='ltr'><strong>constat.</strong></span> 
     </span>
    </p>
   </div>
   <div class='ocr_carea' id='block_1_92' title="bbox 1897 3329 3480 3424">
    <p class='ocr_par' dir='ltr' id='par_1_92' title="bbox 1897 3329 3480 3424">
     <span class='ocr_line' id='line_1_92' title="bbox 1897 3329 3480 3424; baseline 0.016 -41"><span class='ocrx_word' id='word_1_758' title='bbox 1897 3329 2244 3390; x_wconf 77' lang='lat' dir='ltr'><strong>Probat-erunt</strong></span> <span class='ocrx_word' id='word_1_759' title='bbox 2290 3355 2388 3406; x_wconf 90' lang='lat' dir='ltr'><strong>me,</strong></span> <span class='ocrx_word' id='word_1_760' title='bbox 2421 3350 2466 3394; x_wconf 90' lang='lat' dir='ltr'><strong>et</strong></span> <span class='ocrx_word' id='word_1_761' title='bbox 2516 3343 2744 3398; x_wconf 82' lang='lat' dir='ltr'><strong>viderunt</strong></span> <span class='ocrx_word' id='word_1_762' title='bbox 2793 3363 2951 3416; x_wconf 82' lang='lat' dir='ltr'><strong>opera</strong></span> <span class='ocrx_word' id='word_1_763' title='bbox 2989 3366 3099 3403; x_wconf 74' lang='lat' dir='ltr'><strong>mea</strong></span> <span class='ocrx_word' id='word_1_764' title='bbox 3137 3329 3480 3424; x_wconf 72' lang='lat' dir='ltr'><strong>quadraginta</strong></span> 
     </span>
    </p>
   </div>
   <div class='ocr_carea' id='block_1_93' title="bbox 1894 3427 3478 3514">
    <p class='ocr_par' dir='ltr' id='par_1_93' title="bbox 1894 3427 3478 3514">
     <span class='ocr_line' id='line_1_93' title="bbox 1894 3427 3478 3514; baseline 0.016 -37"><span class='ocrx_word' id='word_1_765' title='bbox 1894 3427 2059 3481; x_wconf 85' lang='lat' dir='ltr'><strong>annis.</strong></span> <span class='ocrx_word' id='word_1_766' title='bbox 2090 3428 2277 3499; x_wconf 82' lang='lat' dir='ltr'><strong>Viden,</strong></span> <span class='ocrx_word' id='word_1_767' title='bbox 2300 3433 2439 3502; x_wconf 91' lang='lat' dir='ltr'><strong>quod</strong></span> <span class='ocrx_word' id='word_1_768' title='bbox 2474 3450 2579 3489; x_wconf 85' lang='lat' dir='ltr'><strong>non</strong></span> <span class='ocrx_word' id='word_1_769' title='bbox 2608 3447 2849 3508; x_wconf 83' lang='lat' dir='ltr'><strong>oporteat</strong></span> <span class='ocrx_word' id='word_1_770' title='bbox 2876 3456 2902 3493; x_wconf 86' lang='lat' dir='ltr'><strong>a</strong></span> <span class='ocrx_word' id='word_1_771' title='bbox 2939 3441 3047 3498; x_wconf 87' lang='lat' dir='ltr'><strong>Deo</strong></span> <span class='ocrx_word' id='word_1_772' title='bbox 3074 3445 3288 3514; x_wconf 75' lang='lat' dir='ltr'><strong>exigere</strong></span> <span class='ocrx_word' id='word_1_773' title='bbox 3313 3449 3478 3502; x_wconf 84' lang='lat' dir='ltr'><strong>ratio-</strong></span> 
     </span>
    </p>
   </div>
   <div class='ocr_carea' id='block_1_94' title="bbox 1895 3521 3480 3600">
    <p class='ocr_par' dir='ltr' id='par_1_94' title="bbox 1895 3521 3480 3600">
     <span class='ocr_line' id='line_1_94' title="bbox 1895 3521 3480 3600; baseline 0.018 -33"><span class='ocrx_word' id='word_1_774' title='bbox 1895 3533 2015 3572; x_wconf 86' lang='lat' dir='ltr'><strong>nem</strong></span> <span class='ocrx_word' id='word_1_775' title='bbox 2042 3562 2055 3585; x_wconf 91' lang='lat'><strong>,</strong></span> <span class='ocrx_word' id='word_1_776' title='bbox 2085 3521 2178 3575; x_wconf 87' lang='lat' dir='ltr'><strong>sed</strong></span> <span class='ocrx_word' id='word_1_777' title='bbox 2205 3524 2318 3578; x_wconf 74' lang='lat' dir='ltr'><strong>sive</strong></span> <span class='ocrx_word' id='word_1_778' title='bbox 2348 3539 2446 3580; x_wconf 87' lang='lat' dir='ltr'><strong>nos</strong></span> <span class='ocrx_word' id='word_1_779' title='bbox 2476 3526 2758 3596; x_wconf 79' lang='lat' dir='ltr'><strong>defendat,</strong></span> <span class='ocrx_word' id='word_1_780' title='bbox 2792 3532 2906 3587; x_wconf 83' lang='lat' dir='ltr'><strong>sive</strong></span> <span class='ocrx_word' id='word_1_781' title='bbox 2952 3549 3060 3588; x_wconf 91' lang='lat' dir='ltr'><strong>non</strong></span> <span class='ocrx_word' id='word_1_782' title='bbox 3082 3575 3097 3600; x_wconf 89' lang='lat'><strong>,</strong></span> <span class='ocrx_word' id='word_1_783' title='bbox 3130 3537 3178 3590; x_wconf 90' lang='lat' dir='ltr'><strong>ei</strong></span> <span class='ocrx_word' id='word_1_784' title='bbox 3215 3539 3480 3596; x_wconf 80' lang='lat' dir='ltr'><strong>credere?</strong></span> 
     </span>
    </p>
   </div>
   <div class='ocr_carea' id='block_1_95' title="bbox 1894 3612 3475 3692">
    <p class='ocr_par' dir='ltr' id='par_1_95' title="bbox 1894 3612 3475 3692">
     <span class='ocr_line' id='line_1_95' title="bbox 1894 3612 3475 3692; baseline 0.016 -31"><span class='ocrx_word' id='word_1_785' title='bbox 1894 3624 2034 3664; x_wconf 88' lang='lat' dir='ltr'><strong>nunc</strong></span> <span class='ocrx_word' id='word_1_786' title='bbox 2077 3613 2219 3666; x_wconf 88' lang='lat' dir='ltr'><strong>enim</strong></span> <span class='ocrx_word' id='word_1_787' title='bbox 2265 3629 2361 3669; x_wconf 86' lang='lat' dir='ltr'><strong>eos</strong></span> <span class='ocrx_word' id='word_1_788' title='bbox 2406 3615 2706 3684; x_wconf 83' lang='lat' dir='ltr'><strong>insimulat,</strong></span> <span class='ocrx_word' id='word_1_789' title='bbox 2740 3612 2883 3692; x_wconf 75' lang='lat' dir='ltr'><strong>quod</strong></span> <span class='ocrx_word' id='word_1_790' title='bbox 2927 3624 3092 3679; x_wconf 88' lang='lat' dir='ltr'><strong>Deum</strong></span> <span class='ocrx_word' id='word_1_791' title='bbox 3135 3632 3475 3687; x_wconf 82' lang='lat' dir='ltr'><strong>tentaverint.</strong></span> 
     </span>
    </p>
   </div>
   <div class='ocr_carea' id='block_1_96' title="bbox 1893 3702 3478 3792">
    <p class='ocr_par' dir='ltr' id='par_1_96' title="bbox 1893 3702 3478 3792">
     <span class='ocr_line' id='line_1_96' title="bbox 1893 3702 3478 3792; baseline 0.016 -37"><span class='ocrx_word' id='word_1_792' title='bbox 1893 3702 2023 3756; x_wconf 79' lang='lat' dir='ltr'><strong>Nam</strong></span> <span class='ocrx_word' id='word_1_793' title='bbox 2051 3706 2140 3774; x_wconf 89' lang='lat' dir='ltr'><strong>qui</strong></span> <span class='ocrx_word' id='word_1_794' title='bbox 2165 3707 2276 3761; x_wconf 86' lang='lat' dir='ltr'><strong>vult</strong></span> <span class='ocrx_word' id='word_1_795' title='bbox 2297 3712 2542 3782; x_wconf 88' lang='lat' dir='ltr'><strong>accipere</strong></span> <span class='ocrx_word' id='word_1_796' title='bbox 2564 3715 2907 3783; x_wconf 85' lang='lat' dir='ltr'><strong>probationes</strong></span> <span class='ocrx_word' id='word_1_797' title='bbox 2927 3719 3044 3788; x_wconf 86' lang='lat' dir='ltr'><strong>ejus</strong></span> <span class='ocrx_word' id='word_1_798' title='bbox 3065 3731 3157 3776; x_wconf 85' lang='lat' dir='ltr'><strong>aut</strong></span> <span class='ocrx_word' id='word_1_799' title='bbox 3180 3729 3478 3792; x_wconf 87' lang='lat' dir='ltr'><strong>potestatis,</strong></span> 
     </span>
    </p>
   </div>
   <div class='ocr_carea' id='block_1_97' title="bbox 1892 3798 3480 3874">
    <p class='ocr_par' dir='ltr' id='par_1_97' title="bbox 1892 3798 3480 3874">
     <span class='ocr_line' id='line_1_97' title="bbox 1892 3798 3480 3874; baseline 0.018 -28"><span class='ocrx_word' id='word_1_800' title='bbox 1892 3804 1983 3848; x_wconf 88' lang='lat' dir='ltr'><strong>aut</strong></span> <span class='ocrx_word' id='word_1_801' title='bbox 2012 3798 2379 3867; x_wconf 68' lang='lat' dir='ltr'><strong>providentiae,</strong></span> <span class='ocrx_word' id='word_1_802' title='bbox 2414 3813 2507 3857; x_wconf 84' lang='lat' dir='ltr'><strong>aut</strong></span> <span class='ocrx_word' id='word_1_803' title='bbox 2532 3819 2674 3860; x_wconf 78' lang='lat' dir='ltr'><strong>cura:</strong></span> <span class='ocrx_word' id='word_1_804' title='bbox 2696 3847 2710 3869; x_wconf 85' lang='lat'><strong>,</strong></span> <span class='ocrx_word' id='word_1_805' title='bbox 2741 3808 2976 3862; x_wconf 79' lang='lat' dir='ltr'><strong>nonduin</strong></span> <span class='ocrx_word' id='word_1_806' title='bbox 3007 3812 3180 3866; x_wconf 87' lang='lat' dir='ltr'><strong>credit</strong></span> <span class='ocrx_word' id='word_1_807' title='bbox 3208 3828 3328 3869; x_wconf 90' lang='lat' dir='ltr'><strong>eum</strong></span> <span class='ocrx_word' id='word_1_808' title='bbox 3357 3831 3480 3874; x_wconf 80' lang='lat' dir='ltr'><strong>esse</strong></span> 
     </span>
    </p>
   </div>
   <div class='ocr_carea' id='block_1_98' title="bbox 1894 3893 3476 3967">
    <p class='ocr_par' dir='ltr' id='par_1_98' title="bbox 1894 3893 3476 3967">
     <span class='ocr_line' id='line_1_98' title="bbox 1894 3893 3476 3967; baseline 0.016 -31"><span class='ocrx_word' id='word_1_809' title='bbox 1894 3894 2163 3951; x_wconf 78' lang='lat' dir='ltr'><strong>potentem</strong></span> <span class='ocrx_word' id='word_1_810' title='bbox 2194 3929 2208 3953; x_wconf 93' lang='lat'><strong>,</strong></span> <span class='ocrx_word' id='word_1_811' title='bbox 2242 3905 2341 3944; x_wconf 87' lang='lat' dir='ltr'><strong>nec</strong></span> <span class='ocrx_word' id='word_1_812' title='bbox 2369 3893 2420 3945; x_wconf 89' lang='lat' dir='ltr'><strong>in</strong></span> <span class='ocrx_word' id='word_1_813' title='bbox 2452 3893 2697 3950; x_wconf 83' lang='lat' dir='ltr'><strong>homines</strong></span> <span class='ocrx_word' id='word_1_814' title='bbox 2730 3896 3018 3967; x_wconf 83' lang='lat' dir='ltr'><strong>benignum</strong></span> <span class='ocrx_word' id='word_1_815' title='bbox 3051 3911 3104 3955; x_wconf 88' lang='lat' dir='ltr'><strong>et</strong></span> <span class='ocrx_word' id='word_1_816' title='bbox 3134 3902 3476 3960; x_wconf 87' lang='lat' dir='ltr'><strong>clementem.</strong></span> 
     </span>
    </p>
   </div>
   <div class='ocr_carea' id='block_1_99' title="bbox 1894 3975 3480 4063">
    <p class='ocr_par' dir='ltr' id='par_1_99' title="bbox 1894 3975 3480 4063">
     <span class='ocr_line' id='line_1_99' title="bbox 1894 3975 3480 4063; baseline 0.016 -34"><span class='ocrx_word' id='word_1_817' title='bbox 1894 3975 2008 4031; x_wconf 91' lang='lat' dir='ltr'><strong>lloc</strong></span> <span class='ocrx_word' id='word_1_818' title='bbox 2037 3980 2194 4033; x_wconf 85' lang='lat' dir='ltr'><strong>etiam</strong></span> <span class='ocrx_word' id='word_1_819' title='bbox 2230 3981 2295 4035; x_wconf 88' lang='lat' dir='ltr'><strong>ad</strong></span> <span class='ocrx_word' id='word_1_820' title='bbox 2328 3982 2431 4038; x_wconf 87' lang='lat' dir='ltr'><strong>bos</strong></span> <span class='ocrx_word' id='word_1_821' title='bbox 2457 3985 2699 4041; x_wconf 80' lang='lat' dir='ltr'><strong>scribens</strong></span> <span class='ocrx_word' id='word_1_822' title='bbox 2726 3988 3028 4046; x_wconf 87' lang='lat' dir='ltr'><strong>subindicat</strong></span> <span class='ocrx_word' id='word_1_823' title='bbox 3051 4035 3066 4059; x_wconf 92' lang='lat'><strong>,</strong></span> <span class='ocrx_word' id='word_1_824' title='bbox 3093 3993 3203 4063; x_wconf 84' lang='lat' dir='ltr'><strong>jam</strong></span> <span class='ocrx_word' id='word_1_825' title='bbox 3240 3996 3480 4055; x_wconf 81' lang='lat' dir='ltr'><strong>volentes</strong></span> 
     </span>
    </p>
   </div>
   <div class='ocr_carea' id='block_1_100' title="bbox 1893 4068 3478 4159">
    <p class='ocr_par' dir='ltr' id='par_1_100' title="bbox 1893 4068 3478 4159">
     <span class='ocr_line' id='line_1_100' title="bbox 1893 4068 3478 4159; baseline 0.015 -37"><span class='ocrx_word' id='word_1_826' title='bbox 1893 4068 2118 4125; x_wconf 80' lang='lat' dir='ltr'><strong>fortasse</strong></span> <span class='ocrx_word' id='word_1_827' title='bbox 2139 4073 2252 4141; x_wconf 87' lang='lat' dir='ltr'><strong>ejus</strong></span> <span class='ocrx_word' id='word_1_828' title='bbox 2272 4078 2840 4151; x_wconf 77' lang='lat' dir='ltr'><strong>potestatis,cur:cque</strong></span> <span class='ocrx_word' id='word_1_829' title='bbox 2860 4097 2923 4138; x_wconf 88' lang='lat' dir='ltr'><strong>ac</strong></span> <span class='ocrx_word' id='word_1_830' title='bbox 2948 4086 3296 4153; x_wconf 84' lang='lat' dir='ltr'><strong>providentiae</strong></span> <span class='ocrx_word' id='word_1_831' title='bbox 3316 4106 3478 4159; x_wconf 85' lang='lat' dir='ltr'><strong>quam</strong></span> 
     </span>
    </p>
   </div>
   <div class='ocr_carea' id='block_1_101' title="bbox 1893 4165 3480 4252">
    <p class='ocr_par' dir='ltr' id='par_1_101' title="bbox 1893 4165 3480 4252">
     <span class='ocr_line' id='line_1_101' title="bbox 1893 4165 3480 4252; baseline 0.016 -37"><span class='ocrx_word' id='word_1_832' title='bbox 1893 4175 2076 4215; x_wconf 86' lang='lat' dir='ltr'><strong>eorum</strong></span> <span class='ocrx_word' id='word_1_833' title='bbox 2113 4165 2248 4232; x_wconf 80' lang='lat' dir='ltr'><strong>gerit</strong></span> <span class='ocrx_word' id='word_1_834' title='bbox 2278 4169 2725 4227; x_wconf 78' lang='lat' dir='ltr'><strong>exanimationem</strong></span> <span class='ocrx_word' id='word_1_835' title='bbox 2755 4184 2809 4228; x_wconf 88' lang='lat' dir='ltr'><strong>et</strong></span> <span class='ocrx_word' id='word_1_836' title='bbox 2840 4174 3207 4244; x_wconf 81' lang='lat' dir='ltr'><strong>probationem</strong></span> <span class='ocrx_word' id='word_1_837' title='bbox 3236 4183 3480 4252; x_wconf 81' lang='lat' dir='ltr'><strong>accipere</strong></span> 
     </span>
    </p>
   </div>
   <div class='ocr_carea' id='block_1_102' title="bbox 1897 4250 3479 4342">
    <p class='ocr_par' dir='ltr' id='par_1_102' title="bbox 1897 4250 3479 4342">
     <span class='ocr_line' id='line_1_102' title="bbox 1897 4250 3479 4342; baseline 0.018 -40"><span class='ocrx_word' id='word_1_838' title='bbox 1897 4250 1945 4303; x_wconf 87' lang='lat' dir='ltr'><strong>in</strong></span> <span class='ocrx_word' id='word_1_839' title='bbox 1979 4256 2379 4311; x_wconf 72' lang='lat' dir='ltr'><strong>lentalionibus.</strong></span> <span class='ocrx_word' id='word_1_840' title='bbox 2414 4258 2570 4314; x_wconf 74' lang='lat' dir='ltr'><strong>Vides</strong></span> <span class='ocrx_word' id='word_1_841' title='bbox 2600 4264 2740 4331; x_wconf 86' lang='lat' dir='ltr'><strong>quod</strong></span> <span class='ocrx_word' id='word_1_842' title='bbox 2773 4280 2838 4318; x_wconf 82' lang='lat' dir='ltr'><strong>ex</strong></span> <span class='ocrx_word' id='word_1_843' title='bbox 2868 4266 3238 4325; x_wconf 85' lang='lat' dir='ltr'><strong>incredulitate</strong></span> <span class='ocrx_word' id='word_1_844' title='bbox 3266 4250 3479 4342; x_wconf 85' lang='lat' dir='ltr'><strong>semper</strong></span> 
     </span>
    </p>
   </div>
   <div class='ocr_carea' id='block_1_103' title="bbox 1895 4346 3478 4432">
    <p class='ocr_par' dir='ltr' id='par_1_103' title="bbox 1895 4346 3478 4432">
     <span class='ocr_line' id='line_1_103' title="bbox 1895 4346 3478 4432; baseline 0.014 -34"><span class='ocrx_word' id='word_1_845' title='bbox 1895 4354 1976 4399; x_wconf 88' lang='lat' dir='ltr'><strong>est</strong></span> <span class='ocrx_word' id='word_1_846' title='bbox 2009 4346 2233 4402; x_wconf 84' lang='lat' dir='ltr'><strong>irritatio</strong></span> <span class='ocrx_word' id='word_1_847' title='bbox 2259 4360 2315 4405; x_wconf 89' lang='lat' dir='ltr'><strong>et</strong></span> <span class='ocrx_word' id='word_1_848' title='bbox 2343 4352 2408 4407; x_wconf 86' lang='lat' dir='ltr'><strong>ad</strong></span> <span class='ocrx_word' id='word_1_849' title='bbox 2437 4352 2567 4407; x_wconf 79' lang='lat' dir='ltr'><strong>iram</strong></span> <span class='ocrx_word' id='word_1_850' title='bbox 2614 4358 2960 4424; x_wconf 72' lang='lat' dir='ltr'><strong>proroczuio?</strong></span> <span class='ocrx_word' id='word_1_851' title='bbox 2994 4360 3131 4427; x_wconf 85' lang='lat' dir='ltr'><strong>Quid</strong></span> <span class='ocrx_word' id='word_1_852' title='bbox 3160 4379 3285 4432; x_wconf 78' lang='lat' dir='ltr'><strong>ergo</strong></span> <span class='ocrx_word' id='word_1_853' title='bbox 3310 4364 3478 4420; x_wconf 74' lang='lat' dir='ltr'><strong>dicit?</strong></span> 
     </span>
    </p>
   </div>
   <div class='ocr_carea' id='block_1_104' title="bbox 1894 4434 3476 4521">
    <p class='ocr_par' dir='ltr' id='par_1_104' title="bbox 1894 4434 3476 4521">
     <span class='ocr_line' id='line_1_104' title="bbox 1894 4434 3476 4521; baseline 0.014 -33"><span class='ocrx_word' id='word_1_854' title='bbox 1894 4434 2075 4509; x_wconf 80' lang='lat' dir='ltr'><strong>Itaque</strong></span> <span class='ocrx_word' id='word_1_855' title='bbox 2100 4441 2401 4511; x_wconf 82' lang='lat' dir='ltr'><strong>relinquitur</strong></span> <span class='ocrx_word' id='word_1_856' title='bbox 2423 4444 2753 4502; x_wconf 86' lang='lat' dir='ltr'><strong>sabbatismus</strong></span> <span class='ocrx_word' id='word_1_857' title='bbox 2780 4452 2968 4521; x_wconf 87' lang='lat' dir='ltr'><strong>populo</strong></span> <span class='ocrx_word' id='word_1_858' title='bbox 3002 4452 3112 4506; x_wconf 89' lang='lat' dir='ltr'><strong>Dei.</strong></span> <span class='ocrx_word' id='word_1_859' title='bbox 3143 4453 3274 4508; x_wconf 87' lang='lat' dir='ltr'><strong>Vide</strong></span> <span class='ocrx_word' id='word_1_860' title='bbox 3299 4465 3476 4511; x_wconf 84' lang='lat' dir='ltr'><strong>autem</strong></span> 
     </span>
    </p>
   </div>
   <div class='ocr_carea' id='block_1_105' title="bbox 1895 4531 3478 4612">
    <p class='ocr_par' dir='ltr' id='par_1_105' title="bbox 1895 4531 3478 4612">
     <span class='ocr_line' id='line_1_105' title="bbox 1895 4531 3478 4612; baseline 0.016 -32"><span class='ocrx_word' id='word_1_861' title='bbox 1895 4531 2166 4598; x_wconf 84' lang='lat' dir='ltr'><strong>quomodo</strong></span> <span class='ocrx_word' id='word_1_862' title='bbox 2197 4542 2360 4587; x_wconf 86' lang='lat' dir='ltr'><strong>totam</strong></span> <span class='ocrx_word' id='word_1_863' title='bbox 2393 4538 2693 4592; x_wconf 87' lang='lat' dir='ltr'><strong>orationem</strong></span> <span class='ocrx_word' id='word_1_864' title='bbox 2733 4555 3066 4612; x_wconf 83' lang='lat' dir='ltr'><strong>perspectam</strong></span> <span class='ocrx_word' id='word_1_865' title='bbox 3112 4549 3478 4606; x_wconf 81' lang='lat' dir='ltr'><strong>ratiocinando</strong></span> 
     </span>
    </p>
   </div>
   <div class='ocr_carea' id='block_1_106' title="bbox 1900 4621 3476 4708">
    <p class='ocr_par' dir='ltr' id='par_1_106' title="bbox 1900 4621 3476 4708">
     <span class='ocr_line' id='line_1_106' title="bbox 1900 4621 3476 4708; baseline 0.014 -35"><span class='ocrx_word' id='word_1_866' title='bbox 1900 4621 2135 4691; x_wconf 82' lang='lat' dir='ltr'><strong>collegit.</strong></span> <span class='ocrx_word' id='word_1_867' title='bbox 2172 4624 2399 4690; x_wconf 83' lang='lat' dir='ltr'><strong>Juravit,</strong></span> <span class='ocrx_word' id='word_1_868' title='bbox 2425 4628 2614 4698; x_wconf 88' lang='lat' dir='ltr'><strong>inquit,</strong></span> <span class='ocrx_word' id='word_1_869' title='bbox 2644 4634 2929 4700; x_wconf 86' lang='lat' dir='ltr'><strong>prioribus,</strong></span> <span class='ocrx_word' id='word_1_870' title='bbox 2955 4652 3050 4690; x_wconf 87' lang='lat' dir='ltr'><strong>eos</strong></span> <span class='ocrx_word' id='word_1_871' title='bbox 3076 4654 3179 4691; x_wconf 86' lang='lat' dir='ltr'><strong>non</strong></span> <span class='ocrx_word' id='word_1_872' title='bbox 3208 4640 3476 4708; x_wconf 85' lang='lat' dir='ltr'><strong>ingressu-</strong></span> 
     </span>
    </p>
   </div>
   <div class='ocr_carea' id='block_1_107' title="bbox 1897 4715 3476 4801">
    <p class='ocr_par' dir='ltr' id='par_1_107' title="bbox 1897 4715 3476 4801">
     <span class='ocr_line' id='line_1_107' title="bbox 1897 4715 3476 4801; baseline 0.013 -35"><span class='ocrx_word' id='word_1_873' title='bbox 1897 4728 1987 4767; x_wconf 91' lang='lat' dir='ltr'><strong>ros</strong></span> <span class='ocrx_word' id='word_1_874' title='bbox 2015 4715 2065 4768; x_wconf 93' lang='lat' dir='ltr'><strong>in</strong></span> <span class='ocrx_word' id='word_1_875' title='bbox 2097 4720 2355 4787; x_wconf 87' lang='lat' dir='ltr'><strong>requiem,</strong></span> <span class='ocrx_word' id='word_1_876' title='bbox 2383 4730 2437 4776; x_wconf 89' lang='grc' dir='ltr'><strong>ει</strong></span> <span class='ocrx_word' id='word_1_877' title='bbox 2464 4738 2573 4776; x_wconf 89' lang='lat' dir='ltr'><strong>non</strong></span> <span class='ocrx_word' id='word_1_878' title='bbox 2603 4725 2828 4794; x_wconf 82' lang='lat' dir='ltr'><strong>ingressi</strong></span> <span class='ocrx_word' id='word_1_879' title='bbox 2856 4739 3001 4783; x_wconf 89' lang='lat' dir='ltr'><strong>sunt.</strong></span> <span class='ocrx_word' id='word_1_880' title='bbox 3038 4730 3237 4784; x_wconf 80' lang='lat' dir='ltr'><strong>Deinde</strong></span> <span class='ocrx_word' id='word_1_881' title='bbox 3266 4748 3297 4801; x_wconf 89' lang='lat' dir='ltr'><strong>p</strong></span> <span class='ocrx_word' id='word_1_882' title='bbox 3323 4742 3384 4786; x_wconf 84' lang='lat' dir='ltr'><strong>-st</strong></span> <span class='ocrx_word' id='word_1_883' title='bbox 3409 4734 3476 4787; x_wconf 81' lang='lat' dir='ltr'><strong>il-</strong></span> 
     </span>
    </p>
   </div>
   <div class='ocr_carea' id='block_1_108' title="bbox 1899 4803 3479 4887">
    <p class='ocr_par' dir='ltr' id='par_1_108' title="bbox 1899 4803 3479 4887">
     <span class='ocr_line' id='line_1_108' title="bbox 1899 4803 3479 4887; baseline 0.013 -29"><span class='ocrx_word' id='word_1_884' title='bbox 1899 4803 1980 4861; x_wconf 86' lang='lat' dir='ltr'><strong>los</strong></span> <span class='ocrx_word' id='word_1_885' title='bbox 2009 4806 2168 4877; x_wconf 86' lang='lat' dir='ltr'><strong>longo</strong></span> <span class='ocrx_word' id='word_1_886' title='bbox 2198 4819 2438 4880; x_wconf 89' lang='lat' dir='ltr'><strong>tempore</strong></span> <span class='ocrx_word' id='word_1_887' title='bbox 2471 4814 2696 4883; x_wconf 83' lang='lat' dir='ltr'><strong>loquens</strong></span> <span class='ocrx_word' id='word_1_888' title='bbox 2726 4832 2846 4871; x_wconf 90' lang='lat' dir='ltr'><strong>cum</strong></span> <span class='ocrx_word' id='word_1_889' title='bbox 2873 4818 3092 4885; x_wconf 75' lang='lat' dir='ltr'><strong>.hzdn-is,</strong></span> <span class='ocrx_word' id='word_1_890' title='bbox 3126 4822 3268 4887; x_wconf 86' lang='lat' dir='ltr'><strong>dicit,</strong></span> <span class='ocrx_word' id='word_1_891' title='bbox 3305 4823 3479 4879; x_wconf 81' lang='lat' dir='ltr'><strong>Nolite</strong></span> 
     </span>
    </p>
   </div>
   <div class='ocr_carea' id='block_1_109' title="bbox 1895 4895 3475 4986">
    <p class='ocr_par' dir='ltr' id='par_1_109' title="bbox 1895 4895 3475 4986">
     <span class='ocr_line' id='line_1_109' title="bbox 1895 4895 3475 4986; baseline 0.016 -39"><span class='ocrx_word' id='word_1_892' title='bbox 1895 4895 2136 4952; x_wconf 86' lang='lat' dir='ltr'><strong>indurare</strong></span> <span class='ocrx_word' id='word_1_893' title='bbox 2159 4902 2312 4954; x_wconf 78' lang='lat' dir='ltr'><strong>corda</strong></span> <span class='ocrx_word' id='word_1_894' title='bbox 2340 4914 2521 4969; x_wconf 74' lang='lat' dir='ltr'><strong>vestra,</strong></span> <span class='ocrx_word' id='word_1_895' title='bbox 2545 4908 2673 4962; x_wconf 83' lang='lat' dir='ltr'><strong>sicut</strong></span> <span class='ocrx_word' id='word_1_896' title='bbox 2701 4919 2869 4979; x_wconf 80' lang='lat' dir='ltr'><strong>patres</strong></span> <span class='ocrx_word' id='word_1_897' title='bbox 2897 4914 3074 4967; x_wconf 70' lang='lat' dir='ltr'><strong>nostri.</strong></span> <span class='ocrx_word' id='word_1_898' title='bbox 3092 4913 3239 4969; x_wconf 85' lang='lat' dir='ltr'><strong>Unde</strong></span> <span class='ocrx_word' id='word_1_899' title='bbox 3267 4920 3475 4986; x_wconf 60' lang='lat' dir='ltr'><strong>perspic</strong></span> 
     </span>
    </p>
   </div>
   <div class='ocr_carea' id='block_1_110' title="bbox 1895 4992 3476 5067">
    <p class='ocr_par' dir='ltr' id='par_1_110' title="bbox 1895 4992 3476 5067">
     <span class='ocr_line' id='line_1_110' title="bbox 1895 4992 3476 5067; baseline 0.015 -28"><span class='ocrx_word' id='word_1_900' title='bbox 1895 5001 2049 5041; x_wconf 91' lang='lat' dir='ltr'><strong>cuum</strong></span> <span class='ocrx_word' id='word_1_901' title='bbox 2075 4999 2155 5043; x_wconf 87' lang='lat' dir='ltr'><strong>est</strong></span> <span class='ocrx_word' id='word_1_902' title='bbox 2179 4992 2319 5060; x_wconf 87' lang='lat' dir='ltr'><strong>quod</strong></span> <span class='ocrx_word' id='word_1_903' title='bbox 2343 4995 2409 5046; x_wconf 87' lang='lat' dir='ltr'><strong>sit</strong></span> <span class='ocrx_word' id='word_1_904' title='bbox 2437 4996 2536 5048; x_wconf 77' lang='lat' dir='ltr'><strong>alia</strong></span> <span class='ocrx_word' id='word_1_905' title='bbox 2566 4999 2797 5067; x_wconf 88' lang='lat' dir='ltr'><strong>requies.</strong></span> <span class='ocrx_word' id='word_1_906' title='bbox 2825 5000 2953 5054; x_wconf 84' lang='lat' dir='ltr'><strong>Nam</strong></span> <span class='ocrx_word' id='word_1_907' title='bbox 2978 5001 3045 5056; x_wconf 82' lang='lat' dir='ltr'><strong>de</strong></span> <span class='ocrx_word' id='word_1_908' title='bbox 3068 5003 3345 5059; x_wconf 68' lang='lat' dir='ltr'><strong>l‘ultnslinn</strong></span> <span class='ocrx_word' id='word_1_909' title='bbox 3370 5023 3476 5062; x_wconf 85' lang='lat' dir='ltr'><strong>non</strong></span> 
     </span>
    </p>
   </div>
   <div class='ocr_carea' id='block_1_111' title="bbox 1896 5084 3477 5164">
    <p class='ocr_par' dir='ltr' id='par_1_111' title="bbox 1896 5084 3477 5164">
     <span class='ocr_line' id='line_1_111' title="bbox 1896 5084 3477 5164; baseline 0.013 -33"><span class='ocrx_word' id='word_1_910' title='bbox 1896 5095 2176 5149; x_wconf 83' lang='lat' dir='ltr'><strong>possumus</strong></span> <span class='ocrx_word' id='word_1_911' title='bbox 2203 5084 2415 5147; x_wconf 85' lang='lat' dir='ltr'><strong>dicere;</strong></span> <span class='ocrx_word' id='word_1_912' title='bbox 2442 5102 2557 5141; x_wconf 84' lang='lat' dir='ltr'><strong>eam</strong></span> <span class='ocrx_word' id='word_1_913' title='bbox 2584 5092 2779 5161; x_wconf 86' lang='lat' dir='ltr'><strong>quippe</strong></span> <span class='ocrx_word' id='word_1_914' title='bbox 2807 5092 3074 5149; x_wconf 85' lang='lat' dir='ltr'><strong>habebant</strong></span> <span class='ocrx_word' id='word_1_915' title='bbox 3110 5115 3121 5148; x_wconf 94' lang='lat'><em>:</em></span> <span class='ocrx_word' id='word_1_916' title='bbox 3154 5096 3220 5149; x_wconf 87' lang='lat' dir='ltr'><strong>de</strong></span> <span class='ocrx_word' id='word_1_917' title='bbox 3248 5099 3477 5164; x_wconf 78' lang='lat' dir='ltr'><strong>septimo</strong></span> 
     </span>
    </p>
   </div>
   <div class='ocr_carea' id='block_1_112' title="bbox 1892 5177 3475 5257">
    <p class='ocr_par' dir='ltr' id='par_1_112' title="bbox 1892 5177 3475 5257">
     <span class='ocr_line' id='line_1_112' title="bbox 1892 5177 3475 5257; baseline 0.008 -26"><span class='ocrx_word' id='word_1_918' title='bbox 1892 5177 1979 5232; x_wconf 85' lang='lat' dir='ltr'><strong>die</strong></span> <span class='ocrx_word' id='word_1_919' title='bbox 2006 5188 2187 5233; x_wconf 85' lang='lat' dir='ltr'><strong>autem</strong></span> <span class='ocrx_word' id='word_1_920' title='bbox 2218 5180 2322 5235; x_wconf 85' lang='lat' dir='ltr'><strong>diei</strong></span> <span class='ocrx_word' id='word_1_921' title='bbox 2352 5197 2456 5236; x_wconf 90' lang='lat' dir='ltr'><strong>non</strong></span> <span class='ocrx_word' id='word_1_922' title='bbox 2488 5191 2689 5251; x_wconf 86' lang='lat' dir='ltr'><strong>potest;</strong></span> <span class='ocrx_word' id='word_1_923' title='bbox 2732 5199 2840 5238; x_wconf 87' lang='lat' dir='ltr'><strong>non</strong></span> <span class='ocrx_word' id='word_1_924' title='bbox 2868 5185 3010 5240; x_wconf 89' lang='lat' dir='ltr'><strong>enim</strong></span> <span class='ocrx_word' id='word_1_925' title='bbox 3037 5185 3103 5241; x_wconf 91' lang='lat' dir='ltr'><strong>de</strong></span> <span class='ocrx_word' id='word_1_926' title='bbox 3129 5203 3194 5242; x_wconf 89' lang='lat' dir='ltr'><strong>eo</strong></span> <span class='ocrx_word' id='word_1_927' title='bbox 3221 5187 3475 5257; x_wconf 79' lang='lat' dir='ltr'><strong>loqueba-</strong></span> 
     </span>
    </p>
   </div>
   <div class='ocr_carea' id='block_1_113' title="bbox 1895 5272 3478 5349">
    <p class='ocr_par' dir='ltr' id='par_1_113' title="bbox 1895 5272 3478 5349">
     <span class='ocr_line' id='line_1_113' title="bbox 1895 5272 3478 5349; baseline 0.009 -27"><span class='ocrx_word' id='word_1_928' title='bbox 1895 5277 2012 5334; x_wconf 88' lang='lat' dir='ltr'><strong>tur,</strong></span> <span class='ocrx_word' id='word_1_929' title='bbox 2045 5272 2134 5339; x_wconf 89' lang='lat' dir='ltr'><strong>qui</strong></span> <span class='ocrx_word' id='word_1_930' title='bbox 2162 5273 2287 5326; x_wconf 79' lang='lat' dir='ltr'><strong>olitn</strong></span> <span class='ocrx_word' id='word_1_931' title='bbox 2319 5274 2434 5328; x_wconf 82' lang='lat' dir='ltr'><strong>fuit.</strong></span> <span class='ocrx_word' id='word_1_932' title='bbox 2469 5275 2643 5329; x_wconf 85' lang='lat' dir='ltr'><strong>Aliam</strong></span> <span class='ocrx_word' id='word_1_933' title='bbox 2686 5292 2813 5347; x_wconf 84' lang='lat' dir='ltr'><strong>ergo</strong></span> <span class='ocrx_word' id='word_1_934' title='bbox 2856 5278 3059 5343; x_wconf 86' lang='lat' dir='ltr'><strong>innuit,</strong></span> <span class='ocrx_word' id='word_1_935' title='bbox 3092 5294 3209 5349; x_wconf 74' lang='lat' dir='ltr'><strong>qua:</strong></span> <span class='ocrx_word' id='word_1_936' title='bbox 3240 5296 3365 5336; x_wconf 63' lang='grc' dir='ltr'>γεγε</span> <span class='ocrx_word' id='word_1_937' title='bbox 3396 5294 3478 5337; x_wconf 82' lang='lat' dir='ltr'><strong>est</strong></span> 
     </span>
    </p>
   </div>
   <div class='ocr_carea' id='block_1_114' title="bbox 1895 5361 2125 5428">
    <p class='ocr_par' dir='ltr' id='par_1_114' title="bbox 1895 5361 2125 5428">
     <span class='ocr_line' id='line_1_114' title="bbox 1895 5361 2125 5428; baseline 0.004 -16"><span class='ocrx_word' id='word_1_938' title='bbox 1895 5361 2125 5428; x_wconf 82' lang='lat' dir='ltr'><strong>requies.</strong></span> 
     </span>
    </p>
   </div>
   <div class='ocr_carea' id='block_1_115' title="bbox 1966 5452 3476 5528">
    <p class='ocr_par' dir='ltr' id='par_1_115' title="bbox 1966 5452 3476 5528">
     <span class='ocr_line' id='line_1_115' title="bbox 1966 5452 3476 5528; baseline 0.008 -23"><span class='ocrx_word' id='word_1_939' title='bbox 1966 5453 2013 5506; x_wconf 73' lang='grc'><strong>4.</strong></span> <span class='ocrx_word' id='word_1_940' title='bbox 2053 5452 2211 5524; x_wconf 77' lang='lat' dir='ltr'><strong>Regni</strong></span> <span class='ocrx_word' id='word_1_941' title='bbox 2237 5459 2475 5510; x_wconf 66' lang='lat' dir='ltr'><strong>«elerum</strong></span> <span class='ocrx_word' id='word_1_942' title='bbox 2505 5460 2739 5528; x_wconf 76' lang='lat' dir='ltr'><strong>felicitas.</strong></span> <span class='ocrx_word' id='word_1_943' title='bbox 2761 5490 2831 5500; x_wconf 84' lang='lat'><strong>--</strong></span> <span class='ocrx_word' id='word_1_944' title='bbox 2854 5460 3055 5515; x_wconf 77' lang='lat' dir='ltr'><strong>Revera</strong></span> <span class='ocrx_word' id='word_1_945' title='bbox 3101 5463 3242 5517; x_wconf 88' lang='lat' dir='ltr'><strong>enim</strong></span> <span class='ocrx_word' id='word_1_946' title='bbox 3275 5473 3357 5518; x_wconf 88' lang='lat' dir='ltr'><strong>est</strong></span> <span class='ocrx_word' id='word_1_947' title='bbox 3391 5467 3476 5518; x_wconf 74' lang='lat' dir='ltr'><strong>illa</strong></span> 
     </span>
    </p>
   </div>
   <div class='ocr_carea' id='block_1_116' title="bbox 1895 5544 3474 5621">
    <p class='ocr_par' dir='ltr' id='par_1_116' title="bbox 1895 5544 3474 5621">
     <span class='ocr_line' id='line_1_116' title="bbox 1895 5544 3474 5621; baseline 0.009 -28"><span class='ocrx_word' id='word_1_948' title='bbox 1895 5544 2109 5610; x_wconf 80' lang='lat' dir='ltr'><strong>requies</strong></span> <span class='ocrx_word' id='word_1_949' title='bbox 2131 5585 2144 5608; x_wconf 90' lang='lat'><strong>,</strong></span> <span class='ocrx_word' id='word_1_950' title='bbox 2179 5547 2266 5600; x_wconf 89' lang='lat' dir='ltr'><strong>ubi</strong></span> <span class='ocrx_word' id='word_1_951' title='bbox 2298 5547 2500 5617; x_wconf 79' lang='lat' dir='ltr'><strong>aufugit</strong></span> <span class='ocrx_word' id='word_1_952' title='bbox 2527 5550 2717 5613; x_wconf 85' lang='lat' dir='ltr'><strong>dolor,</strong></span> <span class='ocrx_word' id='word_1_953' title='bbox 2752 5550 2962 5603; x_wconf 79' lang='lat' dir='ltr'><strong>tristitia</strong></span> <span class='ocrx_word' id='word_1_954' title='bbox 2993 5561 3048 5605; x_wconf 88' lang='lat' dir='ltr'><strong>ct</strong></span> <span class='ocrx_word' id='word_1_955' title='bbox 3073 5555 3335 5621; x_wconf 82' lang='lat' dir='ltr'><strong>gemitus;</strong></span> <span class='ocrx_word' id='word_1_956' title='bbox 3391 5558 3474 5609; x_wconf 70' lang='lat' dir='ltr'><strong>uid</strong></span> 
     </span>
    </p>
   </div>
   <div class='ocr_carea' id='block_1_117' title="bbox 1896 5643 3478 5721">
    <p class='ocr_par' dir='ltr' id='par_1_117' title="bbox 1896 5643 3478 5721">
     <span class='ocr_line' id='line_1_117' title="bbox 1896 5643 3478 5721; baseline 0.014 -36"><span class='ocrx_word' id='word_1_957' title='bbox 1896 5648 2068 5703; x_wconf 83' lang='lat' dir='ltr'><strong>neque</strong></span> <span class='ocrx_word' id='word_1_958' title='bbox 2102 5652 2272 5702; x_wconf 69' lang='lat' dir='ltr'><strong>CUl&#39;lL&#39;,</strong></span> <span class='ocrx_word' id='word_1_959' title='bbox 2330 5656 2501 5708; x_wconf 86' lang='lat' dir='ltr'><strong>neque</strong></span> <span class='ocrx_word' id='word_1_960' title='bbox 2553 5643 2796 5706; x_wconf 87' lang='lat' dir='ltr'><strong>labores,</strong></span> <span class='ocrx_word' id='word_1_961' title='bbox 2845 5658 3018 5710; x_wconf 88' lang='lat' dir='ltr'><strong>neque</strong></span> <span class='ocrx_word' id='word_1_962' title='bbox 3060 5662 3260 5715; x_wconf 80' lang='lat' dir='ltr'><strong>angor,</strong></span> <span class='ocrx_word' id='word_1_963' title='bbox 3306 5666 3478 5721; x_wconf 74' lang='lat' dir='ltr'><strong>neque</strong></span> 
     </span>
    </p>
   </div>
   <div class='ocr_carea' id='block_1_118' title="bbox 1897 5727 3477 5801">
    <p class='ocr_par' dir='ltr' id='par_1_118' title="bbox 1897 5727 3477 5801">
     <span class='ocr_line' id='line_1_118' title="bbox 1897 5727 3477 5801; baseline 0.012 -26"><span class='ocrx_word' id='word_1_964' title='bbox 1897 5733 2070 5779; x_wconf 89' lang='lat' dir='ltr'><strong>metus</strong></span> <span class='ocrx_word' id='word_1_965' title='bbox 2099 5727 2331 5782; x_wconf 86' lang='lat' dir='ltr'><strong>animam</strong></span> <span class='ocrx_word' id='word_1_966' title='bbox 2366 5731 2661 5799; x_wconf 89' lang='lat' dir='ltr'><strong>percellcns</strong></span> <span class='ocrx_word' id='word_1_967' title='bbox 2692 5741 2744 5785; x_wconf 87' lang='lat' dir='ltr'><strong>et</strong></span> <span class='ocrx_word' id='word_1_968' title='bbox 2775 5732 3048 5801; x_wconf 75' lang='lat' dir='ltr'><strong>quatiens,</strong></span> <span class='ocrx_word' id='word_1_969' title='bbox 3081 5736 3173 5791; x_wconf 89' lang='lat' dir='ltr'><strong>sed</strong></span> <span class='ocrx_word' id='word_1_970' title='bbox 3204 5739 3357 5793; x_wconf 86' lang='lat' dir='ltr'><strong>solus</strong></span> <span class='ocrx_word' id='word_1_971' title='bbox 3388 5742 3477 5795; x_wconf 69' lang='grc' dir='ltr'><strong>Ιιυί</strong></span> 
     </span>
    </p>
   </div>
   <div class='ocr_carea' id='block_1_119' title="bbox 1897 5816 3479 5894">
    <p class='ocr_par' dir='ltr' id='par_1_119' title="bbox 1897 5816 3479 5894">
     <span class='ocr_line' id='line_1_119' title="bbox 1897 5816 3479 5894; baseline 0.006 -24"><span class='ocrx_word' id='word_1_972' title='bbox 1897 5825 2069 5872; x_wconf 87' lang='lat' dir='ltr'><strong>metus</strong></span> <span class='ocrx_word' id='word_1_973' title='bbox 2097 5816 2285 5889; x_wconf 86' lang='lat' dir='ltr'><strong>plenus</strong></span> <span class='ocrx_word' id='word_1_974' title='bbox 2319 5821 2607 5890; x_wconf 79' lang='lat' dir='ltr'><strong>voluptate.</strong></span> <span class='ocrx_word' id='word_1_975' title='bbox 2632 5821 2744 5877; x_wconf 83' lang='lat' dir='ltr'><strong>Non</strong></span> <span class='ocrx_word' id='word_1_976' title='bbox 2771 5824 2877 5879; x_wconf 87' lang='lat' dir='ltr'><strong>illic</strong></span> <span class='ocrx_word' id='word_1_977' title='bbox 2908 5824 3175 5894; x_wconf 85' lang='lat' dir='ltr'><strong>audietur,</strong></span> <span class='ocrx_word' id='word_1_978' title='bbox 3201 5828 3267 5884; x_wconf 86' lang='lat' dir='ltr'><strong>In</strong></span> <span class='ocrx_word' id='word_1_979' title='bbox 3295 5834 3479 5885; x_wconf 73' lang='lat' dir='ltr'><strong>sudare</strong></span> 
     </span>
    </p>
   </div>
  </div>
