3956 6138
468 425 537 477 πε)
1237 414 1292 467 s.
1333 410 1606 466 JOANNIS
1643 407 2106 463 cnnrsoswtn
2146 407 2455 462 .tllL'llltil’.
2499 407 3025 464 CONSTANTINOP.
3657 420 3722 472 eu

456 516 623 562 initus
644 509 716 561 tui
743 510 948 562 veneris
971 521 1227 579 punctim,
1256 530 1428 583 neque
1450 516 1632 582 spinas
1657 559 1670 581 ,
1715 534 1891 588 neque
1936 522 2033 575 tri—

460 600 614 654 nulos
634 603 954 670 germinahit
988 602 1102 656 tibi.
1137 603 1250 658 Non
1280 615 1363 660 est
1390 608 1619 677 amplius
1642 651 1657 674 ,
1687 609 1753 664 In
1780 613 2036 670 doloribus

460 691 622 752 paries
645 691 780 759 filios
806 704 935 756 tuos,
971 703 1048 757 et,
1079 694 1161 746 Ad
1187 696 1351 748 virum
1375 707 1517 750 tuum
1547 703 1804 756 conversio
1836 714 1920 756 tua
1940 747 1955 771 ,
1989 718 2034 759 et

459 797 562 849 ipse
583 781 670 834 tibi
689 781 1032 835 dominabitur
1060 783 1226 852 (Gen.
1262 787 1314 840 5.
1349 788 1436 841 19.
1474 789 1558 843 l8.
1587 790 1694 861 16)
1719 808 1736 850 ;
1760 808 1935 847 omnia
1964 797 2036 851 ibi

458 883 578 927 sunt
603 889 731 943 pax,
758 877 1035 945 gaudium,
1069 877 1274 940 laetitia,
1306 880 1571 948 voluptas,
1602 882 1813 937 bonitas
1840 928 1853 951 ,
1885 903 2035 940 man-

456 965 707 1030 suetndo,
740 966 988 1036 :cquitas,
1019 968 1237 1020 caritas.
1272 968 1385 1022 Non
1414 979 1495 1024 est
1526 970 1634 1025 illic
1664 975 1934 1031 aemulatio
1982 989 2036 1033 ct

457 1059 676 1125 invidia,
710 1075 814 1113 non
840 1059 1059 1114 morbus
1084 1101 1096 1123 ,
1129 1072 1232 1113 non
1263 1060 1376 1115 iiiL'C
1422 1077 1567 1117 mors
1610 1068 1881 1136 corporis,
1933 1086 2036 1124 non

458 1152 547 1205 illa
598 1165 745 1205 mors
790 1152 1020 1218 animze,
1073 1166 1177 1206 non
1227 1163 1351 1207 sunt
1397 1157 1629 1211 tenebrae
1676 1175 1847 1229 neque
1895 1180 2038 1218 nux:

456 1242 636 1294 munia
666 1250 791 1295 sunt
818 1241 956 1307 dies,
990 1244 1166 1296 omnia
1197 1245 1283 1298 lux
1306 1286 1320 1309 ,
1352 1247 1749 1317 omniaquies.
1792 1250 1908 1306 Non
1958 1270 2042 1316 est

460 1334 568 1388 illis
597 1333 929 1403 defatigatio,
959 1350 1063 1389 non
1095 1336 1348 1393 satietas:
1377 1354 1591 1411 semper
1617 1345 1820 1400 erimus
1847 1346 1901 1400 in
1922 1363 2043 1417 per-

462 1436 625 1496 petuo
656 1426 918 1481 bonorum
951 1427 1246 1485 desiderio.
1280 1430 1525 1488 Vultisne
1573 1434 1693 1489 dem
1742 1437 1899 1491 etiam
1947 1440 2043 1493 ali-

460 1534 621 1587 quam
654 1519 938 1588 imaginem
969 1521 1086 1589 ejus
1112 1524 1200 1591 qui
1239 1523 1347 1578 illic
1389 1536 1470 1579 est
1512 1529 1719 1582 status?
1754 1529 1892 1585 Fieri
1939 1549 2041 1586 non

465 1620 676 1679 potest;
707 1620 1074 1668 verumtamen
1097 1657 1111 1680 ,
1140 1616 1313 1684 quoad
1336 1617 1453 1687 ejus
1481 1619 1593 1673 ﬁeri
1627 1625 1817 1690 poterit
1843 1665 1857 1689 ,
1907 1625 2011 1679 ima

463 1704 643 1773 ginem
671 1704 821 1759 vobis
847 1705 1080 1776 aliquam
1112 1709 1327 1765 tentabo
1357 1712 1662 1768 ostendere.
1684 1715 2045 1786 Suspieiamns

398 1774 407 1789 ’
462 1795 682 1861 emittm,
714 1795 929 1865 quando
961 1797 1106 1851 nulla
1138 1799 1280 1855 nube
1324 1801 1710 1861 interturbante
1756 1825 1904 1862 suam
1953 1825 2044 1864 os-

465 1886 633 1941 tendit
677 1902 931 1942 coronam
959 1906 972 1941 :
1004 1890 1198 1947 deinde
1234 1908 1356 1947 cum
1390 1893 1551 1966 longo
1584 1907 1823 1969 tempore
1853 1902 2046 1958 immo-

463 1978 564 2031 rati
596 1976 856 2034 fuerimus
886 1981 937 2035 in
966 1983 1366 2051 pulchritudine
1395 1988 1512 2058 ejus
1542 2002 1792 2061 aspectus
1819 2035 1832 2059 ,
1867 2001 2045 2051 consi-

464 2069 715 2125 deremus
744 2073 883 2142 quod
912 2075 1088 2130 solum
1121 2092 1333 2149 quoque
1364 2079 1681 2140 habebimus
1702 2129 1715 2151 ,
1750 2103 1855 2142 non
1892 2091 2050 2160 quale

468 2161 750 2225 habemus.
780 2163 873 2218 sed
903 2166 1046 2235 quod
1075 2177 1157 2221 est
1180 2178 1326 2223 tanto
1355 2172 1647 2240 pulchrius,
1679 2188 1875 2245 quanto
1898 2183 2051 2237 tectis

474 2254 631 2307 luteis
659 2263 743 2308 est
772 2270 960 2309 aurum
1000 2258 1274 2325 pulchrius
1299 2301 1313 2325 ,
1364 2271 1419 2316 et
1458 2272 1580 2332 post
1627 2266 1755 2321 illud
1779 2310 1793 2332 ,
1855 2279 2048 2327 tectum

467 2358 657 2397 rursus
689 2345 962 2414 superius.
998 2347 1205 2403 Deinde
1231 2352 1452 2421 angelos
1477 2395 1491 2417 ,
1522 2355 1894 2428 archangelos,
1932 2363 2050 2417 inli-

470 2434 612 2489 nitos
641 2436 869 2505 populos
894 2436 1329 2507 incorporearum
1358 2443 1686 2502 Potestatum
1713 2491 1727 2513 ,
1760 2452 1928 2520 ipsam
1958 2456 2051 2510 Dei

473 2527 669 2593 regiam
695 2566 709 2588 ,
742 2526 991 2581 thronum
1018 2529 1328 2588 Paternum.
1359 2534 1464 2590 Sed
1494 2552 1599 2592 non
1625 2548 1815 2608 potest.
1843 2554 1899 2597 ut
1919 2545 2048 2613 dixi,

477 2625 650 2678 oratio
692 2626 995 2679 universum
1047 2640 1428 2696 repraesentare
1470 2640 1524 2684 ct
1568 2629 1879 2698 explicare:
1914 2646 2047 2700 opus

480 2724 565 2767 est
590 2714 913 2783 experientia
935 2756 950 2781 ,
981 2725 1035 2771 et
1056 2718 1358 2786 cognitione
1384 2735 1500 2789 quae
1531 2730 1614 2775 est
1643 2735 1736 2789 per
1763 2722 2049 2790 experien-

482 2808 632 2858 tiam.
661 2804 961 2871 Quomodo,
986 2806 1073 2861 die
1098 2807 1248 2876 mihi,
1272 2810 1586 2865 existimatis
1603 2810 1865 2865 Adamum
1886 2811 2053 2868 fuisse

480 2895 532 2949 lu
582 2897 872 2966 paradiso?
911 2898 1082 2953 Tanto
1130 2901 1321 2956 melior
1364 2918 1523 2972 quam
1557 2904 1644 2957 illa
1675 2914 1756 2959 est
1785 2904 1898 2960 [nec
1928 2907 2050 2962 vita:

477 2986 732 3056 degenda:
771 2988 924 3053 ratio,
956 2999 1152 3059 quanto
1185 2992 1370 3046 czelum
1388 3002 1469 3047 est
1486 3001 1628 3048 terra
1644 2995 1854 3050 ntelius.
1878 2996 2051 3052 Caete-

488 3093 604 3131 rum
635 3078 791 3131 aliam
821 3095 1030 3151 quoque
1071 3082 1396 3152 inquiramus
1421 3084 1724 3157 imaginem.
1758 3087 1811 3141 Si
1840 3089 2049 3141 contin-

475 3175 629 3235 geret
668 3181 790 3220 eum
811 3169 899 3237 qui
930 3185 1070 3225 nunc
1113 3172 1320 3227 obtinet
1361 3173 1677 3242 imperium,
1707 3177 1869 3231 totius
1895 3178 2043 3233 orbis

479 3267 636 3311 terra:
662 3265 843 3313 tenere
867 3260 1229 3328 dominatum;
1260 3264 1451 3321 deinde
1483 3283 1579 3322 nec
1620 3268 1773 3323 bellis
1821 3271 2040 3337 vexari,

472 3361 571 3401 nec
601 3348 1061 3412 sollicitudinibus,
1095 3352 1188 3407 sed
1219 3354 1392 3410 solum
1437 3356 1687 3412 honorari
1738 3368 1793 3413 et
1841 3359 2046 3430 degere

469 3435 528 3488 in
554 3435 780 3499 deliciis,
812 3447 867 3491 et
895 3440 1088 3496 multos
1117 3443 1333 3511 quidem
1361 3444 1559 3500 habere
1602 3448 1859 3502 satellites
1887 3490 1901 3514 ,
1950 3465 2045 3503 au-

474 3543 592 3581 rum
623 3539 798 3583 autem
829 3531 1059 3601 undique
1085 3534 1150 3587 ad
1177 3550 1297 3588 eum
1325 3535 1573 3603 allluere,
1604 3548 1658 3594 et
1702 3554 1821 3595 esse
1866 3542 2043 3611 suspi-

477 3620 743 3686 ciendum,
777 3622 984 3692 qualem
1012 3625 1125 3693 ejus
1152 3628 1383 3682 animum
1418 3626 1646 3685 futurum
1678 3647 1795 3688 esse
1826 3633 2038 3701 putatis,

467 3710 510 3764 si
544 3710 737 3781 ubique
769 3722 1035 3782 terrarum
1065 3716 1267 3773 videret
1291 3719 1428 3774 bella
1453 3723 1730 3777 cessasse?
1756 3723 1881 3777 Tale
1915 3724 2041 3793 quid

467 3810 591 3855 tunc
615 3802 751 3856 erit:
785 3803 895 3859 imo
920 3821 1046 3861 vero
1073 3809 1300 3863 necdum
1348 3811 1490 3865 illam
1537 3815 1805 3884 assequuti
1854 3831 2040 3871 sumus

464 3888 745 3960 imaginem
779 3910 792 3945 :
821 3897 1169 3964 quamobrem
1202 3911 1413 3969 oportet
1442 3903 1617 3959 adhuc
1659 3906 1816 3959 aliaat
1863 3902 2037 3979 inqui-

465 3998 604 4036 rere.
633 3982 814 4053 Itaque
844 3988 1015 4056 cogita
1044 3991 1171 4044 tnilti
1203 3992 1458 4048 infantem
1489 3997 1829 4064 imperatoris
1848 4041 1861 4063 ,
1894 4000 2034 4069 quod

462 4072 718 4138 quamdiu
761 4074 974 4143 quidem
1008 4076 1165 4131 fuerit
1212 4080 1265 4133 in
1308 4092 1488 4149 utero,
1541 4087 1667 4139 nihil
1712 4089 1904 4153 sentit;
1952 4092 2033 4145 sin

461 4171 639 4216 autem
666 4166 950 4233 contigerit
976 4167 1123 4223 illum
1156 4181 1377 4240 repente
1408 4190 1707 4245 egressum,
1742 4181 2033 4238 ascendere

463 4253 711 4308 thronum
734 4256 1156 4327 imperatorium,
1193 4272 1377 4319 etnon
1404 4268 1693 4337 paulatim,
1737 4274 1830 4327 sed
1877 4276 2032 4331 simul

841 4373 2570 4410 ,Μὴ-...ν

2148 522 2200 568 et
2226 523 2447 583 repente
2477 515 2654 569 omnia
2684 515 2963 584 accipere:
2989 515 3066 570 sic
3089 521 3190 570 erit
3215 516 3298 571 hic
3321 527 3373 572 et
3399 518 3487 573 ille
3515 529 3715 576 status:

2148 615 2238 660 aut
2267 617 2322 660 ut
2348 607 2389 660 si
2422 608 2540 676 quis
2563 608 2651 676 qui
2684 606 2841 662 fuerit
2867 608 2918 662 in
2946 608 3170 663 vinculis
3192 650 3206 674 ,
3239 611 3376 663 mala
3409 626 3597 681 passus
3638 616 3718 668 in-

2150 698 2519 763 numerabilia,
2553 708 2774 767 repente
2801 698 2865 752 ad
2897 698 3079 753 sedem
3109 709 3291 768 raptus
3320 712 3465 756 esset
3496 705 3716 773 regiam.

2147 787 2250 843 Sed
2279 806 2450 860 neque
2479 791 2555 844 sic
2573 791 2854 860 imaginem
2874 807 2990 844 sum
3015 802 3201 848 exacte
3226 803 3565 864 assequutus.
3589 796 3718 851 Nam

2152 879 2240 936 hic
2267 882 2480 951 quidem
2510 883 2770 938 bonorum
2794 900 2913 953 qua:
2947 883 3110 939 fuerit
3131 894 3448 955 assequutus
3469 930 3483 954 ,
3514 889 3721 946 etiamsi

2148 972 2317 1042 ipsum
2341 974 2539 1029 dixeris
2565 991 2806 1042 regnum,
2831 976 3004 1044 primo
3025 977 3114 1032 die
3144 988 3196 1033 et
3218 980 3451 1034 secundo
3478 990 3532 1035 et
3562 983 3720 1037 tertio

2147 1064 2328 1133 vigens
2351 1063 2504 1118 habet
2524 1064 2847 1119 desiderium
2873 1084 2887 1131 ;
2915 1068 3236 1136 procedente
3258 1080 3434 1125 autem
3458 1082 3557 1127 tem
3568 1089 3716 1142 pore,

2144 1164 2325 1209 manet
2349 1155 2560 1224 quidem
2588 1157 2639 1210 in
2665 1157 2936 1227 voluptate
2965 1200 2979 1225 ,
3011 1160 3106 1215 sed
3152 1176 3255 1215 non
3303 1172 3446 1217 tanta
3481 1183 3494 1217 :
3524 1165 3723 1222 desinit

2144 1262 2269 1300 vero
2299 1262 2510 1316 semper
2552 1248 2622 1302 ob
2656 1249 3097 1304 consuetudinem
3146 1253 3551 1322 qualiscumque
3596 1258 3671 1310 sit
3701 1273 3715 1314 :

2145 1338 2254 1394 illic
2279 1350 2454 1394 autem
2488 1358 2592 1396 non
2619 1343 2789 1397 solum
2823 1360 2926 1399 non
2955 1344 3211 1399 minuitur
3230 1387 3244 1411 ,
3291 1345 3384 1399 sed
3414 1348 3570 1401 etiam
3600 1363 3723 1403 crc-

2144 1433 2264 1486 scit.
2297 1432 2482 1503 Cogita
2511 1437 2649 1488 enim
2678 1446 2934 1505 quantum
2984 1437 3055 1491 sit
3100 1438 3330 1492 animam
3354 1482 3367 1505 ,
3423 1454 3544 1494 cum
3591 1441 3720 1496 illuc

2144 1524 2355 1588 abierit,
2389 1540 2494 1578 non
2524 1526 2752 1594 amplius
2782 1536 3095 1596 exspectare
3123 1529 3281 1584 linem
3312 1531 3520 1586 illorum
3551 1532 3722 1587 bono-

2144 1628 2260 1668 rum
2281 1654 2297 1680 ,
2334 1630 2432 1669 nec
2457 1616 2801 1670 mutationem
2828 1658 2843 1684 ,
2875 1617 2968 1671 sed
2999 1618 3383 1677 incrementum
3410 1662 3424 1686 ,
3459 1633 3512 1677 et
3554 1624 3719 1677 vitam

2144 1718 2264 1772 qua:
2294 1718 2399 1758 non
2436 1705 2594 1760 habet
2621 1706 2777 1760 linem
2798 1749 2811 1771 ,
2843 1708 2915 1761 ab
2938 1710 3082 1762 omni
3112 1710 3319 1778 quidem
3364 1713 3603 1781 periculo
3652 1715 3721 1769 li-

2145 1792 2354 1862 beram,
2382 1804 2438 1851 et
2460 1798 2528 1851 ab
2558 1798 2702 1852 omni
2729 1800 2891 1853 animi
2917 1801 3228 1870 aegritudine
3250 1812 3303 1857 et
3331 1804 3719 1872 sollicitudine,

2145 1884 2355 1953 plenam
2382 1887 2542 1941 animi
2569 1888 2761 1958 gaudio
2786 1899 2837 1942 et
2874 1890 3025 1944 bonis
3052 1891 3364 1947 innumeris.
3394 1894 3451 1949 Si
3479 1895 3622 1949 enim
3668 1898 3723 1950 in

2145 1989 2391 2045 campum
2422 1990 2709 2046 exeuntes,
2745 1983 2830 2036 ubi
2855 1982 3093 2037 videmus
3125 1985 3351 2040 militum
3380 1987 3720 2046 tabernacula

2145 2068 2413 2136 tapetibus
2431 2070 2637 2123 conﬁxa
2657 2112 2670 2134 ,
2703 2082 2757 2126 et
2795 2073 3005 2127 lanceas
3031 2084 3086 2128 et
3124 2076 3302 2144 galeas
3329 2087 3382 2132 et
3409 2079 3725 2149 clypeorum

2146 2157 2403 2212 umbones
2423 2160 2844 2229 resplendentes,
2872 2173 3145 2234 stupentes
3187 2177 3242 2221 et
3286 2183 3572 2239 suspensos
3621 2189 3726 2226 nos

2147 2254 2292 2302 tenet
2323 2248 2634 2315 admiratio;
2660 2253 2704 2307 si
2729 2264 2906 2309 autem
2935 2258 3217 2327 contigerit
3245 2260 3426 2316 videre
3453 2278 3633 2332 regem
3668 2266 3719 2317 in

2145 2340 2317 2394 media
2344 2352 2665 2408 currentem,
2695 2354 2785 2399 aut
2814 2348 2970 2400 etiam
2995 2363 3113 2402 cum
3145 2353 3306 2405 armis
3329 2354 3501 2409 aureis
3522 2371 3722 2426 equum

2143 2442 2407 2501 agentem,
2434 2435 2564 2489 nihil
2586 2436 2735 2491 nobis
2755 2437 2942 2494 deesse
2967 2438 3368 2497 existimamus:
3391 2449 3513 2516 quid
3542 2461 3721 2518 putas.

2143 2524 2355 2592 quando
2383 2526 2671 2582 viderimus
2699 2541 2897 2585 aeterna
2920 2542 3224 2589 sanctorum
3253 2536 3589 2594 tabernacula
3617 2545 3724 2597 lixa

2146 2616 2196 2669 in
2224 2617 2410 2670 cmlis?
2437 2616 2729 2688 Suscipient
2758 2623 2923 2688 enim,
2946 2624 3132 2695 inquit,
3160 2643 3246 2682 vos
3273 2630 3324 2684 in
3344 2641 3531 2686 wterna
3557 2635 3729 2690 taber-

2145 2710 2329 2762 nacula
2355 2707 2521 2778 (Luc.
2555 2711 2642 2766 16.
2675 2711 2784 2784 9):
2814 2715 3024 2784 quando
3051 2717 3249 2775 videris
3286 2738 3726 2798 unumquemque

2144 2800 2570 2869 rcSplendentem
2599 2804 2718 2873 plus
2747 2820 2904 2875 quam
2936 2807 3068 2861 radii
3093 2810 3220 2864 solis
3245 2852 3259 2875 ,
3289 2828 3393 2867 non
3421 2830 3486 2869 ex
3516 2832 3628 2873 mre
3674 2831 3727 2875 et

2144 2891 2307 2956 ferro,
2336 2892 2431 2947 sed
2457 2908 2524 2949 ex
2551 2895 2638 2948 illa
2665 2896 2852 2965 gloria,
2876 2897 3027 2966 cujus
3048 2897 3281 2970 fulgores
3305 2918 3415 2958 non
3439 2915 3616 2975 potest
3641 2911 3728 2965 vi-

2142 2980 2272 3036 dere
2299 2982 2562 3039 humanus
2593 2985 2818 3040 oculus?
2844 2987 2909 3041 Et
2930 2988 3044 3042 hcce
3061 2991 3272 3059 quidem
3301 2993 3357 3047 in
3375 2994 3722 3056 hominibus:

2143 3075 2268 3144 quid
2297 3091 2425 3131 vero
2454 3076 2651 3132 dixeris
2680 3076 2842 3132 multa
2884 3080 3191 3150 angelorum
3238 3085 3404 3141 millia
3429 3127 3451 3155 ,
3490 3093 3732 3147 archan-

2143 3167 2402 3236 gelorum,
2425 3168 2729 3234 Cherubim,
2756 3170 3055 3241 Seraphim,
3083 3173 3438 3243 Thronorum,
3468 3180 3731 3236 Domina.

2146 3260 2369 3326 tionum,
2402 3261 2821 3332 Principatuum,
2854 3263 3204 3332 Potestatum,
3232 3284 3456 3338 quorum
3487 3274 3727 3341 pulchri-

2147 3353 2271 3408 tudo
2297 3368 2508 3408 omnem
2534 3363 2750 3423 superat
2772 3354 3177 3425 intelligentiam
3199 3359 3223 3413 ἲ
3243 3360 3351 3415 Sed
3396 3365 3536 3417 enim
3579 3383 3721 3435 qun-

2147 3459 2311 3513 usque
2342 3460 2445 3498 non
2492 3444 2743 3499 desistam
2789 3461 2850 3500 ea
2898 3449 3143 3518 persequi
3184 3466 3304 3520 qua:
3344 3468 3448 3508 non
3498 3468 3729 3523 possunt

2143 3534 2565 3603 comprehendi?
2592 3534 2771 3606 Neque
2799 3537 2940 3591 enim
2966 3540 3139 3593 oculus
3164 3542 3305 3608 ridit,
3343 3543 3531 3614 inquit,
3563 3563 3733 3617 neque

2143 3629 2283 3681 auris
2320 3629 2547 3693 audivit,
2582 3643 2737 3695 neque
2762 3630 2918 3682 iocor
2970 3631 3185 3686 hominis
3231 3636 3560 3691 ascenderunt
3607 3657 3728 3708 qua:

2143 3716 2283 3771 Deus
2306 3718 2606 3788 prwparavit
2627 3719 2688 3773 iis
2712 3721 2797 3790 qui
2822 3720 2989 3789 ipsum
3026 3721 3244 3792 diligunt
3272 3724 3291 3795 (
3314 3726 3362 3779 1.
3391 3726 3508 3782 Cor.
3534 3727 3589 3782 2.
3621 3730 3721 3801 9).

2143 3808 2281 3864 Nihil
2311 3818 2393 3865 cst
2418 3826 2544 3881 ergo
2571 3811 2924 3865 miserabilius
2955 3812 3018 3866 iis
3046 3813 3135 3881 qui
3178 3830 3283 3868 non
3328 3830 3720 3888 assequuntur,

2144 3918 2318 3972 neque
2347 3904 2552 3961 beatius
2574 3907 2639 3961 iis
2658 3906 2749 3977 qui
2774 3916 3150 3977 assequuntur.
3183 3907 3359 3965 Simus
3386 3924 3516 3980 ergo
3535 3926 3632 3964 nos
3659 3927 3731 3967 ex

2144 3992 2333 4059 beatis,
2365 4004 2421 4049 ut
2449 4008 2649 4051 asterna
2679 4012 3067 4067 consequamur
3094 3998 3252 4066 bona,
3280 3999 3334 4053 in
3357 4000 3567 4055 Christo
3596 4000 3733 4056 Jesu

2150 4083 2373 4139 Ποιηὶηο
2401 4096 2593 4141 nostro
2612 4129 2626 4152 ,
2654 4088 2866 4157 quicum
2890 4088 3029 4143 Patri
3052 4105 3153 4144 una
3176 4105 3294 4144 cum
3316 4102 3501 4145 sancto
3522 4092 3729 4160 Spiritu

2146 4196 2334 4267 gloria,
2364 4191 2668 4266 imperium,
2689 4194 2878 4258 honor,
2907 4208 3048 4248 nunc
3071 4201 3125 4248 et
3147 4206 3378 4263 semper,
3401 4202 3455 4248 et
3471 4196 3525 4248 in
3550 4207 3695 4250 sa-cu
3712 4224 3736 4243 .

2144 4289 2193 4343 la
2222 4284 2562 4342 seculorum.
2592 4285 2785 4338 Amen.

2578 4402 3451 4428 Ἢ

3454 4421 3732 4434 ————_

1763 4439 2112 4507 HOMILIA.
2149 4446 2281 4508 Vl].

451 4541 580 4598 Car.
612 4544 663 4597 .1.
704 4560 755 4599 ν.
789 4546 874 4600 11.
932 4546 1249 4606 Festinamus
1293 4570 1410 4625 ergo
1456 4557 1655 4627 ingredi
1692 4559 1743 4614 in
1779 4561 1919 4617 illaut
1955 4578 2037 4619 re-

521 4636 725 4704 quiem,
767 4647 820 4689 ut
866 4655 929 4691 ne
968 4640 1029 4692 in
1066 4642 1284 4711 idipsum
1314 4647 1426 4714 quis
1454 4647 1643 4701 incidat
1669 4653 2036 4709 incredulitatis

520 4726 827 4795 exentplum.
860 4728 946 4783 12.
989 4728 1143 4785 Vivus
1171 4743 1246 4787 est
1276 4736 1408 4788 enim
1434 4754 1598 4791 sermo
1628 4738 1724 4794 Dei
1748 4752 1796 4795 et
1838 4745 2028 4815 efﬁcax,

520 4827 567 4871 et
592 4819 949 4887 penetrabilior
994 4824 1132 4876 omni
1158 4825 1331 4895 gladio
1361 4830 1570 4899 ancipiti
1594 4872 1609 4894 ,
1657 4842 1704 4885 et
1748 4837 2033 4906 pertingens

516 4924 675 4977 usque
697 4912 765 4964 ad
789 4911 1081 4967 divisionem
1103 4917 1287 4971 animi?
1312 4928 1357 4971 et
1377 4920 1604 4989 spiritus,
1628 4939 2031 4997 compagumque

518 5016 578 5053 nc
602 5001 978 5072 medullarum,
1010 5013 1057 5059 et
1088 5006 1333 5062 discretor
1368 5011 1726 5081 cogitationum
1766 5024 1811 5068 et
1862 5015 2030 5070 inten-

519 5096 712 5150 tionum
739 5099 940 5153 cordis:
960 5100 1044 5156 15.
1078 5109 1123 5154 et
1151 5118 1250 5156 non
1273 5113 1343 5157 est
1369 5104 1479 5159 ulla
1506 5118 1740 5162 creatura
1764 5109 2029 5166 invisibilis

514 5187 567 5239 in
596 5186 865 5255 conspectu
888 5191 1038 5259 ejus;
1067 5195 1237 5247 omnia
1266 5206 1433 5249 autem
1461 5198 1598 5252 nuda
1622 5209 1667 5255 et
1694 5212 1871 5273 aperta
1907 5213 2025 5257 sunt

511 5280 669 5334 oculis
690 5281 820 5351 ejus,
843 5282 912 5337 ad
930 5300 1077 5352 quem
1103 5287 1243 5341 nobis
1268 5305 1453 5343 sermo.

512 5478 562 5530 1.
610 5476 767 5531 Fides
815 5495 899 5534 res
942 5492 1026 5537 est
1067 5499 1253 5552 magna
1308 5497 1359 5540 et
1400 5488 1670 5554 salutaris,
1725 5502 1779 5544 et
1822 5493 2023 5563 absque

438 5582 501 5620 ea
544 5567 658 5622 ﬁeri
700 5585 804 5624 non
855 5580 1029 5642 potest
1066 5585 1119 5629 ut
1155 5576 1285 5631 salvi
1335 5577 1521 5634 simus.
1576 5582 1644 5634 At
1693 5598 1797 5635 non
1839 5593 2014 5653 potest

438 5668 536 5726 per
560 5670 619 5711 se
641 5658 754 5714 sola
782 5660 831 5715 id
854 5662 1091 5730 eflicere,
1126 5666 1217 5720 sed
1248 5667 1411 5735 proba
1435 5669 1592 5723 etiam
1640 5670 1744 5725 vita
1789 5674 2017 5742 requiri-

438 5753 545 5801 tur.
580 5745 704 5800 Ideo
734 5749 929 5808 Paulus
956 5769 1166 5826 quoque
1196 5775 1288 5814 eos
1315 5759 1566 5815 admonet
1610 5762 1696 5832 qui
1736 5762 1844 5832 jant
1895 5776 2021 5824 sunt

435 5832 636 5907 dignati
663 5842 949 5913 mysteriis,
978 5845 1157 5903 dicens
1188 5867 1200 5902 :
1231 5848 1543 5906 Festinamus
1571 5852 1766 5923 ingredi
1794 5849 1843 5908 in
1871 5855 2014 5909 illam

2144 4547 2382 4631 requiem.
2402 4563 2736 4630 Festinemus.
2767 4568 2955 4639 inquit,
2987 4585 3048 4625 ac
3071 4573 3378 4627 Studeamus
3405 4584 3585 4643 utpote
3602 4592 3731 4633 cum

2140 4652 2270 4705 lides
2296 4668 2398 4708 non
2436 4655 2681 4721 sufﬁciat,
2701 4659 2794 4713 sed
2826 4660 2982 4715 etiam
3004 4660 3193 4717 debeat
3213 4663 3315 4718 vita
3333 4665 3508 4733 adjici,
3535 4678 3584 4719 et
3603 4685 3727 4722 ma-

2137 4748 2296 4814 gnum
2323 4746 2564 4803 adhiberi
2595 4750 2846 4806 studium.
2880 4751 3085 4807 Revera
3102 4757 3244 4809 enim
3281 4757 3446 4810 ntulto
3476 4772 3612 4826 Opus
3641 4773 3733 4812 est.

2137 4835 2315 4890 studio
2334 4846 2387 4891 ut
2402 4839 2749 4895 ascendamus
2767 4841 2816 4895 itt
2836 4843 3044 4898 ciuium.
3062 4845 3117 4901 Si
3139 4847 3279 4900 enim
3299 4855 3438 4902 terra
3457 4865 3561 4902 non
3590 4862 3723 4904 sunt

2136 4923 2332 4995 dignati
2356 4929 2442 4997 qui
2474 4938 2646 4985 tantas
2662 4932 2903 4987 miserias
2919 4944 2971 4989 et
2990 4935 3316 4992 calamitates
3334 4942 3566 5009 perpessi
3595 4954 3728 4997 sunt

2136 5016 2190 5071 in
2209 5018 2442 5089 deserto,
2473 5031 2527 5076 et
2557 5032 2751 5080 terram
2783 5042 2887 5080 non
2910 5035 3440 5101 potueruntassequi,
3463 5037 3724 5103 quoniam

2138 5123 2603 5170 murnturaruntet
2627 5119 2876 5186 quoniam
2898 5133 3018 5174 sunt
3037 5121 3275 5178 fornicati
3294 5142 3306 5176 :
3328 5130 3595 5195 quomodo
3617 5148 3722 5186 nos

2131 5218 2296 5272 regno
2321 5206 2568 5262 caelorum
2587 5208 2729 5280 digni
2753 5210 3084 5281 habebimur,
3104 5216 3191 5285 qui
3222 5217 3382 5273 vitam
3410 5219 3721 5277 inconside-

2132 5305 2243 5349 rate
2268 5297 2558 5369 ignaveque
2584 5309 2639 5357 et
2679 5304 2912 5373 segniter
2939 5306 3176 5376 agimus?
3198 5309 3360 5365 Multo
3396 5328 3521 5382 ergo
3558 5317 3719 5371 nobis

2129 5403 2263 5457 Opus
2299 5398 2384 5447 est
2409 5392 2602 5448 studio.
2652 5392 2780 5451 Vide
2805 5408 2982 5454 autem
3016 5401 3157 5471 quod
3189 5418 3293 5457 non
3325 5404 3578 5461 danmnm
3623 5428 3722 5463 eo-

2132 5495 2297 5549 u.~que
2318 5484 2670 5552 constituerit,
2699 5488 2842 5557 quod
2872 5506 2975 5544 non
2996 5490 3358 5562 ingrediantur
3388 5515 3404 5551 :
3432 5514 3535 5553 non
3566 5503 3715 5555 etiint

2133 5583 2286 5647 dixit,
2312 5584 2631 5640 Studeamus
2657 5587 2860 5657 ingredi
2892 5589 2941 5642 in
2974 5589 3119 5644 illam
3148 5592 3408 5660 requiem,
3439 5611 3506 5650 ne
3533 5612 3561 5649 a
3592 5606 3721 5652 tan-

2137 5677 2204 5731 tis
2248 5677 2403 5731 honis
2441 5678 2783 5743 excidamus;
2814 5679 2906 5734 sed
2948 5681 3000 5734 id
3044 5682 3249 5737 addidit
3287 5685 3425 5753 quod
3462 5687 3719 5745 homines

2130 5785 2453 5841 magnopere
2493 5773 2715 5826 excitat.
2742 5773 3004 5844 Quidnam
3041 5784 3122 5829 est
3161 5774 3309 5833 hoc?
3345 5779 3413 5832 Ut
3440 5797 3502 5833 ne
3539 5782 3590 5835 in
3621 5783 3714 5835 id-

2129 5864 2293 5934 ipsum
2324 5870 2435 5936 quis
2466 5866 2655 5921 incidat
2698 5867 3063 5923 incredulitatis
3099 5872 3424 5940 exemplum;
3459 5873 3559 5929 hoc
3587 5886 3667 5931 est
3700 5916 3717 5943 ,
