3956 6138
259 331 316 388 ω
1071 299 1138 356 IN
1176 301 1395 369 EPlST.
1435 304 1527 361 AD
1567 305 1934 369 llEBREOS.
1973 311 2129 372 CAP.
2169 316 2269 372 lV.‘
2298 318 2535 380 HOMIL.
2582 324 2690 383 γη.
3437 342 3505 397 62

265 426 320 471 ut
366 415 470 472 illic
510 416 815 481 habeamus
856 428 1122 486 mentem,
1164 438 1337 494 spem,
1361 432 1841 500 exspectationem,

1938 438 2119 493 essent
2146 430 2212 485 ad
2238 433 2379 501 ipsas
2400 442 2614 503 portas,
2645 436 2695 488 in
2725 435 2843 504 ipso
2868 444 3043 506 portu,
3076 446 3200 493 sunt
3224 437 3509 495 submersi.

268 525 333 563 ne
359 509 605 563 similiter
635 510 965 573 excidamus.
997 512 1129 573 Nam
1151 516 1295 583 quod
1320 519 1649 584 excidemus,
1676 523 1844 593 signi-
1925 514 1946 572 Ῐ
2003 536 2048 575 )C
2069 520 2136 575 de
2156 522 2307 579 vobis
2328 538 2546 594 quoque
2570 526 2752 593 timeo,
2772 527 2965 600 inquit.
2996 528 3106 585 lloc
3126 539 3227 594 est,
3259 530 3323 584 In
3348 533 3517 601 ipsum

267 600 382 654 licet
409 601 721 670 exemplum
751 620 766 657 :
802 601 870 657 Ut
896 616 956 657 ne
979 605 1031 658 in
1054 606 1298 675 idipsum,
1334 609 1520 679 inquit.
1553 613 1753 679 Deinde
1774 632 1840 679 ne

268 690 499 757 audiens,
532 689 603 747 In
628 691 878 763 idipsum,
900 695 1175 755 existimes
1196 698 1335 754 idem
1353 716 1475 758 csse
1494 706 1836 775 supplicium,

265 779 380 833 audi
424 781 552 850 quid
608 783 894 853 subjungat
928 804 941 839 :
986 783 1137 845 Vivus
1178 799 1251 847 est
1293 788 1425 851 enim
1465 810 1629 850 sermo
1673 798 1766 851 Dei
1797 808 1843 853 et

267 871 454 940 enicas,
478 875 858 943 penetrabilior
877 877 1015 929 ontni
1032 878 1203 948 gladio
1220 882 1453 952 ancipiti,
1481 899 1529 939 et
1554 891 1842 958 pertingens

264 977 411 1029 usque
447 964 515 1014 ad
550 962 849 1018 divisionem
875 967 1060 1021 anima
1084 979 1129 1021 et
1157 972 1363 1037 spiritus
1390 1015 1403 1035 ,
1445 992 1842 1050 compagumquc

265 1062 309 1105 et
346 1052 723 1123 medullarum,
770 1065 820 1109 et
862 1058 1106 1113 discretor
1131 1064 1493 1133 cogitationum
1520 1071 1708 1129 cordis.
1743 1073 1839 1129 llic

262 1158 469 1219 quoque
494 1146 735 1202 ostendit
768 1150 908 1218 quod
930 1150 1018 1205 illa
1041 1153 1202 1208 etiam
1225 1154 1352 1211 fecit
1379 1158 1491 1230 ipse
1521 1161 1615 1217 Dei
1635 1178 1837 1233 sermo,

186 1305 198 1310 η
263 1244 313 1290 et
339 1236 507 1307 vivit,
539 1252 640 1293 nec
670 1240 969 1297 exstinctus
997 1253 1096 1301 est.
1146 1244 1225 1301 Ne
1249 1262 1381 1319 ergo
1408 1254 1660 1320 quoniam
1690 1257 1840 1312 audi-

264 1326 382 1381 visti
424 1343 766 1400 sermonem,
815 1333 864 1386 id
903 1334 1241 1405 solummodo
1279 1343 1467 1399 audias
1496 1364 1508 1398 :
1536 1357 1618 1400 est
1659 1350 1837 1418 enim,

261 1417 456 1495 inquit,
482 1423 869 1489 penetrabilior
890 1425 1089 1495 gladio.
1115 1426 1248 1485 Vide
1270 1435 1539 1502 quomodo
1567 1452 1625 1492 se
1650 1417 1841 1495 demit-

265 1519 379 1574 tat,
409 1521 463 1566 et
506 1512 627 1568 hinc
665 1516 945 1572 considera
985 1534 1212 1589 quanam
1255 1523 1323 1578 de
1364 1540 1524 1583 causa
1569 1545 1702 1600 opus
1747 1533 1841 1591 fuit

259 1605 427 1660 etiam
475 1606 745 1677 prophetis
785 1620 843 1667 ut
869 1609 1108 1669 dicerent
1143 1614 1412 1686 gladium,
1442 1633 1501 1677 et
1535 1636 1717 1680 arcum
1739 1666 1755 1691 ,
1786 1635 1840 1684 et

260 1696 646 1781 rhomplueam.
682 1699 805 1769 Nisi
830 1704 1073 1772 conversi,
1105 1704 1298 1777 inquit,
1330 1712 1562 1781 fueritis,
1609 1715 1838 1786 gladium

258 1804 405 1861 suum
432 1789 682 1858 ribrabit,
711 1807 887 1849 arcum
910 1810 1060 1853 suum
1101 1798 1347 1865 tetendit,
1378 1811 1429 1857 et
1454 1804 1653 1871 paravit
1690 1807 1838 1869 illum

260 1878 432 1955 (Psal.
464 1881 516 1935 7.
549 1882 665 1952 l3).
695 1882 828 1938 Nam
856 1885 901 1940 si
929 1901 1070 1943 nunc
1094 1929 1110 1955 ,
1158 1899 1278 1963 post
1306 1899 1512 1949 tantum
1553 1904 1761 1968 tempus
1785 1908 1840 1955 et

259 1974 775 2030 consummationem
795 2016 813 2041 ,
849 1991 953 2030 non
981 1988 1156 2047 potest
1181 1981 1396 2038 nomine
1422 1989 1689 2043 sermonis
1717 1999 1838 2049 tan-

260 2075 367 2133 tum
392 2055 623 2132 terrere,
655 2067 753 2122 sed
778 2067 860 2122 his
880 2069 1041 2127 etiam
1067 2072 1245 2128 verbis
1274 2073 1498 2145 indiget,
1532 2086 1591 2135 ut
1613 2094 1836 2151 compa-

255 2158 480 2212 rationis
499 2158 757 2213 Ostendat
776 2161 1239 2228 exsuperationcm
1264 2182 1277 2219 :
1309 2166 1480 2221 multo
1499 2171 1668 2240 magis
1687 2185 1835 2229 tunc.

260 2246 559 2325 Pertingens
579 2265 737 2319 atque
764 2249 830 2304 ad
856 2251 1149 2306 divisionem
1172 2256 1357 2310 anima:
1381 2268 1426 2312 et
1449 2263 1675 2332 spiritus.
1698 2265 1833 2331 Quid

253 2340 356 2396 hoc
397 2343 525 2397 est?
565 2341 899 2414 Significavit
942 2345 1141 2415 aliquid
1190 2348 1478 2405 terribilius
1509 2370 1523 2407 :
1554 2365 1647 2409 aut
1684 2359 1831 2426 quod

251 2443 499 2512 spiritum
524 2440 714 2505 dividit
744 2446 810 2495 ali
830 2444 1009 2499 anima
1038 2461 1051 2498 :
1080 2452 1172 2498 aut
1199 2445 1340 2513 quod
1373 2446 1535 2500 etiam
1562 2447 1681 2519 ipsa.
1705 2460 1828 2515 pcr-

252 2536 396 2599 vadit
426 2536 743 2604 incorporea
766 2576 780 2598 ,
810 2549 915 2591 non
948 2536 1396 2606 quemadmodum
1426 2537 1631 2607 gladius
1656 2537 1835 2605 solum

252 2639 500 2695 corpora.
544 2623 645 2691 Hic
675 2624 907 2687 ostcudit
942 2625 1084 2695 quod
1126 2636 1182 2682 et
1224 2628 1406 2686 anima
1449 2629 1700 2698 puniatur
1729 2669 1745 2695 ,
1777 2638 1832 2684 et

253 2714 392 2783 quod
423 2730 546 2783 qua:
572 2724 697 2769 sunt
725 2715 910 2769 intima
938 2725 1225 2782 scrutetur,
1259 2726 1427 2771 totum
1460 2719 1672 2788 penitus
1702 2735 1826 2790 per-

252 2805 455 2881 vadens
483 2806 779 2861 hominem.
822 2805 888 2861 Et
928 2806 1174 2863 discretor
1202 2811 1559 2880 cegitationum
1589 2822 1634 2865 et
1662 2812 1830 2875 inten-

252 2896 445 2955 tionem
482 2897 677 2950 cordis.
710 2894 777 2949 Et
808 2913 909 2951 non
948 2906 1021 2951 est
1062 2898 1171 2951 ulla
1210 2909 1445 2963 creatura.
1478 2901 1740 2954 invisibilis
1779 2903 1831 2955 in

253 2996 521 3054 conspectu
549 2987 683 3052 eius.
716 2986 813 3041 llic
854 3001 948 3043 eos
988 2987 1219 3042 maxime
1246 2989 1457 3055 terruit.
1502 2990 1618 3051 Non
1651 2991 1792 3046 enim
1814 3033 1828 3056 ,

251 3075 292 3133 si
323 3075 524 3143 adhuc,
554 3064 744 3148 inquit,
785 3077 838 3131 in
871 3076 973 3134 ﬁde
998 3079 1172 3145 statis,
1203 3079 1296 3134 sed
1328 3097 1432 3134 non
1461 3097 1583 3137 cum
1610 3091 1755 3139 certa
1779 3091 1833 3138 et

251 3167 404 3237 plena
458 3168 806 3239 persuasione
830 3209 845 3234 ,
886 3169 1171 3224 confidatis
1201 3190 1213 3223 :
1249 3172 1361 3239 ipse
1404 3171 1667 3241 judicabit
1706 3190 1829 3245 qua:

249 3269 370 3313 sunt
407 3260 461 3313 in
489 3260 655 3317 corde
686 3282 698 3316 :
730 3277 796 3316 eo
822 3261 964 3316 enim
991 3262 1232 3332 pervadit
1265 3274 1318 3318 et
1347 3266 1572 3333 puniens
1602 3275 1659 3321 et
1698 3283 1832 3321 exa-

250 3352 478 3417 nimans.
510 3351 584 3406 Et
627 3352 754 3425 quid
790 3351 932 3418 dico,
967 3354 1173 3423 inquit,
1220 3353 1287 3408 de
1330 3353 1679 3412 hominibus?
1708 3371 1827 3414 nam

250 3442 344 3496 etsi
396 3441 552 3496 dicas
576 3444 797 3517 angelos
839 3451 898 3509 et,
929 3442 1277 3515 archangelos
1303 3486 1319 3512 ,
1359 3456 1413 3501 et
1447 3445 1735 3501 Cherubim
1776 3456 1830 3502 et

250 3532 568 3601 Seraphin],
619 3541 676 3588 et
717 3548 1113 3605 quamcumque
1158 3545 1496 3602 creaturam,
1532 3539 1710 3592 omnia
1752 3539 1825 3592 illi

250 3623 399 3675 oculo
425 3631 555 3691 sunt
582 3631 766 3691 aperta
788 3664 805 3691 ,
840 3624 1018 3687 omnia
1058 3624 1203 3681 clara
1248 3634 1302 3680 et
1343 3626 1661 3695 manifesta,
1693 3628 1825 3682 nihil

248 3722 326 3766 est
371 3713 519 3783 quod
562 3698 740 3782 possit
782 3728 906 3771 eum
954 3714 1166 3771 latere:
1200 3715 1386 3769 Omnia
1432 3726 1548 3771 sunt
1594 3717 1733 3771 nuda
1779 3728 1824 3773 et

247 3815 416 3872 aperta
445 3794 611 3858 oculis
639 3807 774 3876 ejus,
809 3805 876 3871 ad
903 3822 1048 3878 quem
1072 3807 1214 3863 nobis
1239 3824 1401 3862 sermo
1425 3809 1465 3861 ί.
1498 3811 1698 3878 Aperta
1727 3825 1824 3865 au-

248 3878 351 3957 tem
373 3898 564 3973 Gra'ce
595 3897 793 3952 dicitur
814 3907 1240 3974 τετραχηλισμένα,
1274 3898 1327 3953 id
1358 3909 1460 3967 est,
1490 3900 1820 3970 resupinata,

246 3993 273 4042 a
301 3988 625 4061 metaphora
652 3987 872 4057 pellium
897 4004 1015 4061 qua:
1043 3989 1396 4047 extrahuntur
1419 4005 1449 4044 a
1477 3991 1728 4047 victimis.
1756 3992 1825 4047 Ut

248 4081 395 4152 enim.
414 4080 639 4151 quando
662 4062 929 4155 quispiam
960 4081 1067 4153 illis
1092 4081 1345 4153 jugulatis
1374 4083 1569 4153 pellem
1597 4100 1628 4139 a
1657 4100 1822 4141 carne

247 4173 583 4244 sbstrascrit,
633 4158 817 4241 omnia,
857 4188 976 4243 quae
1020 4183 1147 4228 sunt
1191 4174 1337 4229 intus
1385 4177 1596 4246 aperit,
1623 4185 1678 4232 et
1719 4193 1822 4233 no-

250 4266 367 4317 suis
406 4263 579 4319 oculis
619 4263 795 4323 reddit
830 4263 1154 4333 manifesta:
1184 4264 1257 4319 ita
1303 4269 1461 4322 etiam
1513 4269 1624 4324 Deo
1677 4270 1820 4324 clara

249 4362 299 4406 et
356 4354 634 4409 manifesta
722 4354 991 4425 prOposita
1049 4363 1174 4409 sunt
1222 4356 1419 4411 omnia.
1501 4358 1580 4413 Tu
1643 4369 1819 4414 autem

250 4443 369 4496 inihi
392 4445 676 4507 considera
716 4424 987 4514 quomodo
1012 4446 1284 4514 corporeis
1312 4461 1525 4521 semper
1552 4463 1687 4518 Opus
1721 4449 1820 4503 lia-

250 4529 333 4585 bet
370 4533 695 4607 imaginibus
727 4549 741 4586 :
770 4533 913 4604 quod
954 4532 1169 4603 quidem
1218 4543 1333 4589 erat
1366 4536 1669 4591 auditorum
1717 4538 1819 4593 im-

251 4622 569 4679 becillitatis.
611 4622 745 4678 Nam
790 4624 931 4694 quod
973 4635 1151 4680 essent
1197 4626 1490 4692 imbecilli,
1536 4628 1812 4695 ostendit,

253 4715 426 4771 dicens
454 4731 552 4772 eos
582 4731 705 4772 esse
732 4717 974 4782 hebetes,
1007 4726 1063 4772 ut
1094 4719 1178 4787 qui
1218 4733 1353 4787 opus
1382 4719 1614 4775 habeant
1645 4722 1815 4791 lacte,

255 4823 350 4861 non
388 4808 566 4863 solido
606 4809 747 4863 cibo.
793 4806 978 4863 Omnia
1020 4819 1135 4863 sunt
1175 4810 1314 4863 nuda
1355 4820 1403 4865 et
1451 4822 1627 4882 aperta
1655 4815 1816 4870 oculis

252 4898 373 4963 eius,
404 4899 472 4951 ad
498 4914 645 4969 quem
671 4899 819 4967 nobis,
839 4908 909 4954 est
935 4916 1118 4953 sermo.
1148 4900 1283 4966 Quid
1323 4918 1450 4956 vero
1475 4913 1556 4961 est
1577 4946 1591 4969 ,
1640 4903 1706 4958 In
1730 4904 1813 4958 id—

250 4988 406 5056 ipsum
442 4988 811 5066 incredulitatis
852 4989 1185 5059 exemplum?
1228 4990 1295 5047 Ut
1344 4992 1390 5046 si
1431 4994 1550 5062 quis
1593 5009 1809 5049 causam

251 5095 488 5148 qmerens
514 5080 679 5148 dicat,
713 5081 824 5136 Cur
850 5099 952 5135 non
985 5082 1231 5141 viderunt
1270 5085 1345 5139 illi
1377 5088 1617 5141 terram?
1646 5089 1815 5144 Acce-

254 5184 431 5240 perunt
469 5174 686 5229 arrham
718 5172 815 5229 Dei
845 5174 1097 5243 potentia:
1119 5214 1135 5240 ,
1163 5185 1216 5229 et
1243 5192 1362 5229 cum
1401 5189 1675 5247 oporteret
1701 5196 1819 5236 cre—

246 5276 393 5342 dere,
428 5279 617 5333 Ierrori
657 5280 824 5349 magis
855 5280 1129 5346 cedentes,
1160 5292 1213 5335 et
1238 5282 1380 5347 nulla
1402 5282 1467 5335 de
1496 5282 1605 5335 Deo
1627 5299 1809 5351 magna

244 5369 559 5436 apprehensa
582 5370 816 5437 visione,
843 5371 1123 5440 pusillique
1145 5380 1195 5424 et
1220 5372 1409 5441 abjecti
1430 5373 1588 5424 animi
1614 5371 1808 5435 ell'ccti,

245 5459 521 5524 perierunt.
568 5462 768 5531 Potest
796 5463 957 5517 etiam
1003 5461 1201 5532 aliquid
1246 5463 1390 5517 aliud
1435 5463 1576 5528 dici,
1619 5473 1811 5532 nempe

245 5550 375 5619 quod
398 5567 519 5613 cum
561 5552 666 5607 vim
704 5553 967 5624 majorem
1013 5564 1215 5627 partem
1253 5552 1646 5618 confecissent;
1690 5567 1812 5613 cum

315 5698 328 5727 ι
352 5698 467 5756 Quae
489 5694 803 5759 luminat,
822 5692 887 5741 ab
908 5692 1066 5759 initio.
1090 5692 1263 5741 omissa
1287 5701 1398 5744 sunt
1420 5693 1466 5742 in
1488 5691 1721 5753 Colbcrt.,
1748 5695 1828 5756 qui

258 5767 285 5806 ι
300 5754 617 5826 sementibus.
911 5754 1026 5819 inci;
1043 5755 1096 5803 it.

1936 610 2223 682 exeritplum
2245 613 2632 672 incredulitatis.
2662 617 2793 672 Nam
2821 619 2963 688 quod
2989 619 3093 690 ipsi
3118 637 3331 691 quoque
3350 626 3511 677 multa

1937 703 2077 777 passi
2114 704 2239 766 sint,
2270 704 2374 759 illis
2404 717 2586 774 postea
2618 707 2715 762 fert
2749 710 3132 774 testimonium,
3156 712 3340 768 dicens
3370 732 3382 766 :
3414 712 3512 766 lle-

1937 796 2280 853 memorantini
2298 798 2538 866 pristinas
2559 798 2686 866 dies,
2714 800 2766 855 in
2782 802 2962 871 quibus
2982 803 3255 858 illuminati
3275 822 3513 877 magnum

1936 896 2189 943 certamen
2216 889 2528 953 sustinuistis
2553 892 2845 959 passionum
2878 892 3062 965 (Hebr.
3094 896 3181 952 l0.
3206 897 3318 967 52).
3344 898 3513 952 Nemo

1936 992 2065 1046 ergo
2094 980 2163 1035 sit
2193 980 2371 1049 pusilli
2402 992 2458 1036 et
2485 982 2678 1051 abjecti
2710 985 2916 1053 animi,
2947 1002 3122 1057 neque
3167 988 3217 1044 iu
3261 989 3366 1045 fine
3394 992 3512 1053 ani-

1939 1085 2082 1129 mum
2121 1071 2462 1149 despondeas
2487 1073 2755 1130 concidat.
2790 1076 2930 1131 Sunt
2955 1078 3098 1133 enim
3120 1122 3135 1147 ,
3166 1090 3290 1135 sunt
3327 1083 3417 1153 qui
3458 1083 3511 1136 in

1937 1160 2199 1243 principio
2224 1161 2442 1231 quidem
2473 1175 2719 1233 prompto
2740 1174 2793 1220 et
2823 1166 2985 1222 alacri
3013 1171 3194 1225 animo
3219 1173 3511 1229 certamina

1935 1252 2331 1321 aggrediuntur,
2366 1266 2549 1323 postea
2576 1264 2751 1312 autem
2786 1258 2881 1313 toti
2921 1274 3106 1328 parum
3152 1262 3394 1319 nolentes
3417 1264 3513 1321 ad-

1930 1343 2120 1423 jicere,
2152 1352 2320 1398 totum
2351 1345 2716 1414 perdiderunt.
2763 1347 3080 1415 Sufficiunt,
3114 1352 3313 1421 inquit,
3341 1356 3510 1420 majo-

1936 1449 2022 1507 res
2055 1434 2120 1491 ad
2151 1450 2246 1490 vos
2275 1436 2599 1492 erudiendos
2628 1453 2695 1494 ne
2726 1439 2777 1493 in
2804 1438 2990 1496 eadem
3025 1441 3304 1508 incidatis,
3338 1460 3513 1515 neque

1934 1524 2120 1581 eadem
2147 1527 2421 1595 patiamini
2447 1542 2566 1598 qua:
2590 1529 2733 1599 passi
2761 1538 2906 1585 sunt.
2942 1530 3053 1587 lloc
3081 1542 3204 1600 est,
3251 1532 3318 1587 In
3346 1536 3512 1604 ipsum

1933 1616 2301 1673 incredulitatis
2346 1619 2649 1689 exemplum.
2723 1620 2802 1676 Ne
2856 1621 3247 1693 dissolvamur,
3300 1625 3508 1694 inquit,

1934 1718 1987 1766 et
2017 1725 2337 1767 encrvemur
2369 1729 2384 1767 :
2412 1711 2554 1782 quod
2592 1712 2752 1769 etiam
2792 1713 2924 1772 dicit
2964 1714 3018 1769 in
3061 1715 3167 1771 fine
3191 1758 3206 1783 ,
3254 1716 3512 1780 Rantissas

1933 1816 2115 1867 manus
2158 1811 2201 1856 ct
2245 1819 2408 1871 genua
2446 1803 2610 1856 soluta
2651 1804 2868 1874 erigite(
2896 1802 3052 1858 Hebr.
3084 1806 3169 1859 12.
3201 1806 3322 1876 12).
3355 1806 3422 1862 Ut
3449 1825 3511 1862 ne

1933 1892 1993 1947 in
2026 1891 2278 1959 idipsum,
2323 1892 2513 1961 inquit,
2557 1892 2668 1961 quis
2708 1892 2895 1945 incidat
2934 1894 3301 1949 incredulitatis
3339 1912 3507 1950 exent-

1936 1983 2077 2054 plum
2103 1999 2121 2037 :
2152 1982 2254 2037 hoe
2282 1983 2424 2037 enim
2450 1992 2532 2037 est
2556 1998 2743 2038 revera
2772 1984 2982 2039 cadere.
3014 1985 3214 2040 Deinde
3236 2026 3251 2051 ,
3294 2001 3360 2043 ne
3385 2001 3507 2041 eum

1931 2074 2175 2143 audisses
2194 2074 2335 2144 quod
2356 2076 2476 2144 quis
2502 2076 2554 2128 in
2583 2074 2812 2143 idipsum
2834 2076 3137 2145 exemplum
3166 2076 3339 2140 cadat,
3363 2094 3511 2133 eam-

1932 2165 2055 2220 dem
2079 2174 2304 2220 mortem
2335 2166 2610 2225 existimes
2639 2180 2797 2236 quam
2827 2166 2900 2219 illi
2931 2167 3201 2230 obierunt,
3235 2168 3354 2222 vide
3383 2169 3507 2236 quid

1932 2256 2074 2321 dicat
2108 2274 2121 2310 :
2163 2255 2415 2331 Vivus'est
2444 2258 2576 2311 enim
2616 2272 2781 2310 sermo
2807 2255 2905 2310 Dei
2946 2266 2997 2309 et
3033 2258 3232 2326 eﬂicax,
3264 2267 3312 2310 et
3354 2275 3508 2328 pene-

1934 2348 2165 2404 trabilior.
2182 2349 2318 2402 omni
2342 2347 2517 2417 gladio
2542 2347 2770 2417 ancipiti.
2793 2345 2993 2414 Quavis
3018 2347 3159 2400 enim
3191 2346 3366 2419 gladio
3389 2362 3510 2418 gra-

1932 2443 2049 2497 vius
2082 2439 2134 2495 in
2169 2453 2361 2499 eorum,
2394 2436 2599 2491 animas
2634 2435 2788 2490 irruit
2822 2450 3001 2491 sermo
3030 2476 3043 2501 ,
3088 2451 3277 2507 graves
3328 2437 3509 2506 plagas

1935 2531 2174 2599 intuens
2198 2571 2213 2594 ,
2247 2529 2537 2598 letalesque
2569 2528 2661 2585 dat
2696 2527 2985 2582 rectiones.
3015 2526 3198 2597 Neque
3229 2543 3357 2582 vero
3376 2544 3508 2597 Opus

1934 2636 2025 2693 est
2048 2635 2107 2681 ut
2128 2639 2314 2679 eorum
2335 2621 2565 2679 adducat
2595 2620 3130 2685 demonstrationem,
3162 2636 3334 2691 neque
3366 2630 3422 2674 ut
3444 2636 3507 2676 ea

1934 2718 2127 2790 probet
2157 2732 2221 2771 ac
2262 2715 2574 2776 confirmet,
2602 2728 2723 2770 cum
2766 2711 2903 2768 adeo
2943 2713 3274 2769 manifestam
3317 2714 3510 2773 habeat

1938 2807 2305 2863 narrationem
2334 2806 2432 2877 (α).
2461 2804 2589 2859 Nam
2612 2804 2903 2875 quodnam,
2930 2803 3140 2874 inquit,
3169 2805 3364 2860 bellum
3392 2806 3509 2859 illos

1952 2904 2214 2976 perdidit?
2234 2903 2353 2972 quis
2371 2901 2576 2971 gladius
2599 2901 2621 2953 ?
2646 2914 2821 2955 annon
2853 2899 3011 2968 plane
3035 2911 3135 2955 Sua
3158 2909 3348 2964 sponte
3371 2896 3516 2950 ceci-

1947 2995 2180 3057 derunt?
2224 2990 2301 3055 Ne
2330 3007 2494 3060 ergo,
2525 2990 2779 3060 quoniam
2821 3004 2926 3045 non
2958 2986 3155 3046 eadem
3183 3000 3366 3039 smnus
3397 2999 3518 3053 per-

1949 3085 2123 3155 pessi,
2161 3084 2329 3139 simus
2366 3081 2541 3138 securi
2575 3078 2876 3149 :quamdiu
2915 3077 3107 3135 dicitur
3146 3075 3305 3133 hodie
3329 3116 3345 3142 ,
3389 3075 3520 3131 licet

1947 3175 2098 3229 nobis
2140 3172 2370 3228 recreari
2410 3180 2465 3226 et
2503 3169 2675 3225 refici.
2725 3167 2834 3223 Sed
2876 3182 2998 3223 cum
3042 3168 3157 3221 haec
3191 3165 3413 3230 dixerit,
3447 3178 3517 3219 ne

1947 3264 2220 3333 audientes
2249 3278 2369 3333 qua;
2395 3271 2520 3315 sunt
2565 3261 2789 3325 animae,
2827 3258 2999 3330 ignavi
3030 3257 3137 3321 sint
3164 3266 3218 3315 et
3238 3254 3514 3317 socordes,

1943 3356 2095 3421 addit
2128 3355 2290 3413 etiam
2324 3369 2444 3424 quas
2479 3361 2605 3407 sunt
2642 3350 2881 3421 corporis
2906 3391 2921 3416 ,
2964 3350 3077 3404 lucc
3102 3348 3427 3417 declarans:
3460 3356 3517 3399 ut

1943 3462 2063 3513 cum
2103 3461 2198 3501 rex
2223 3444 2413 3513 aliquis
2447 3444 2717 3513 principes
2739 3435 2865 3495 suos
2887 3481 2902 3506 ,
2925 3440 3012 3510 qui
3056 3454 3243 3508 magna
3271 3438 3516 3508 qumdattt

1945 3547 2167 3607 peccata,
2184 3537 2536 3599 admiserunt,
2562 3537 2786 3603 primum
2812 3534 2979 3602 privat
3002 3531 3211 3597 militia,
3231 3531 3516 3600 ablatoque

1942 3630 2153 3698 cingulo
2177 3639 2229 3683 et
2260 3628 2579 3683 auctoritate
2605 3636 2662 3681 ct.
2692 3639 2934 3694 praecone
2959 3622 3191 3683 adducto
3214 3663 3230 3688 ,
3264 3632 3389 3676 tunc
3420 3637 3518 3689 pu-

1944 3720 2019 3773 nit
2052 3738 2065 3773 :
2097 3719 2166 3771 ita
2217 3718 2301 3771 hic
2340 3733 2557 3787 quoque
2597 3716 2722 3768 facit
2764 3714 2971 3783 gladius
3008 3713 3261 3783 Spiritus.
3314 3712 3515 3769 Deinde

1942 3809 2232 3865 terribilius
2256 3807 2488 3878 loquitur
2509 3807 2575 3860 de
2600 3805 2731 3859 Filio
2761 3824 2773 3858 :
2802 3804 2880 3857 Ad
2900 3820 3042 3875 quem
3065 3802 3205 3855 nobis
3227 3811 3298 3855 est
3322 3817 3510 3864 sermo,

1940 3900 2129 3971 inquit.
2164 3897 2218 3957 Id
2245 3907 2346 3964 est,
2381 3897 2481 3966 Ipsi
2506 3896 2763 3950 debemus
2793 3893 3020 3948 reddere
3041 3892 3302 3948 rationem
3325 3906 3516 3947 eorum

1938 4007 2057 4062 qua:
2100 3989 2379 4059 gessimus.
2414 3989 2595 4055 Itaque
2640 4001 2708 4043 ne
2750 3984 3035 4050 cudamus,
3067 3996 3241 4052 neque
3274 3982 3509 4037 animum

1937 4081 2383 4151 despondeamus.
2431 4076 2714 4133 Sufﬁciunt
2760 4074 2975 4145 quidem
3029 4075 3192 4135 etiam
3244 4074 3333 4129 illa
3389 4090 3513 4143 qua:

1937 4175 2075 4227 dicta
2105 4183 2230 4228 sunt
2255 4172 2320 4227 ad
2349 4184 2449 4224 nos
2473 4167 2799 4223 erudiendos
2827 4182 2842 4221 :
2874 4166 2948 4221 illi
2979 4182 3107 4221 vero
3132 4181 3236 4224 non
3259 4167 3390 4227 satis
3422 4166 3509 4220 illa

1936 4273 2079 4329 sunt,
2096 4264 2191 4318 sed
2212 4264 2327 4316 lucc
2348 4260 2556 4332 adjicit:
2575 4259 2663 4314 14.
2688 4256 2948 4313 Habemus
2974 4268 3142 4312 autem
3160 4259 3307 4315 etiam
3331 4262 3473 4326 ponti
3489 4286 3507 4296 -

1936 4359 2079 4425 ﬁcem
2122 4371 2361 4425 magnum
2406 4351 2492 4424 qui
2544 4352 2818 4422 penetravit
2867 4351 3036 4418 cwlos,
3079 4347 3265 4417 Iesum.
3311 4347 3513 4407 Filium

1940 4449 2050 4505 Dei.

2003 4542 2057 4595 2.
2098 4539 2247 4608 Quod
2273 4539 2414 4595 enim
2453 4544 2734 4607 propterea
2775 4533 2825 4590 id
2866 4533 3139 4603 adjecerit,
3185 4531 3458 4600 subiunxit
3492 4551 3511 4585 :t

1937 4634 2024 4688 15.
2058 4631 2178 4685 Non
2209 4632 2339 4685 enim
2369 4629 2607 4683 habemus
2634 4628 2921 4698 pontiﬁcem
2948 4627 3032 4692 qui
3052 4641 3153 4679 non
3183 4625 3339 4693 possit
3363 4639 3504 4676 com-

1931 4725 2039 4794 pati
2083 4723 2464 4792 inﬁrmitatibus
2505 4722 2708 4775 nostris.
2760 4719 3050 4787 Propterea
3095 4717 3303 4771 dicebat
3344 4731 3507 4785 supe-

1932 4819 2042 4871 rius
2070 4833 2082 4864 τ
2116 4814 2191 4881 In,
2211 4832 2289 4880 eo,
2321 4814 2373 4866 in
2400 4829 2495 4883 quo
2526 4828 2702 4884 passus
2729 4819 2799 4864 est
2828 4811 2938 4878 ipse
2963 4816 3019 4862 et.
3050 4815 3289 4873 tentatus,
3331 4817 3506 4875 potens

1931 4917 2004 4965 est
2033 4908 2102 4960 eis
2124 4907 2208 4976 qui
2236 4915 2487 4961 tentantur
2508 4902 2769 4956 auxiliari.
2804 4899 2934 4953 Vide
2961 4911 3088 4968 ergo
3114 4896 3381 4968 quomodo
3406 4897 3509 4952 hoe

1932 4998 2103 5069 ipsum
2135 4997 2218 5050 hic
2243 5008 2452 5064 quoque
2478 4992 2620 5047 facit.
2647 4992 2795 5058 Quod
2826 4999 3003 5044 autem
3030 4987 3160 5042 dicit
3207 4994 3291 5041 est
3323 4986 3508 5055 hujus-

1932 5091 2072 5151 modi
2104 5108 2116 5143 :
2147 5088 2424 5153 Eamdetn,
2458 5086 2646 5154 inquit,
2691 5098 2846 5153 quam
2890 5096 2989 5135 nos
3035 5080 3172 5134 viam
3211 5077 3348 5143 iniit,
3400 5078 3508 5131 imo

1930 5200 2059 5241 vero
2096 5182 2463 5251 asperiorem;
2507 5194 2627 5231 nam
2663 5176 2900 5228 omnium
2933 5188 3111 5227 rerum
3152 5170 3505 5224 humanarum

1931 5276 2131 5343 accepit
2154 5271 2557 5342 experientiam.
2596 5269 2809 5320 Dixerat
2853 5266 2977 5327 illic,
3026 5261 3145 5315 Non
3177 5271 3246 5314 est
3276 5271 3507 5313 creatura

1929 5367 2189 5422 invisibilis
2223 5366 2276 5417 in
2314 5370 2584 5429 conspectu
2615 5361 2743 5429 ejus,
2776 5356 3108 5411 divinitatem
3138 5353 3502 5407 subindicans.

1933 5458 2130 5513 lli-inde
2183 5464 2459 5525 postquam
2512 5452 2685 5521 attigit
2737 5462 2988 5512 carnem,
3040 5445 3274 5513 loquitur
3319 5458 3506 5497 rursus

1931 5548 2245 5604 sobmissius
2291 5556 2345 5600 et
2392 5543 2643 5597 humilius
2692 5559 2704 5594 :
2754 5538 3005 5591 [labentes
3051 5551 3166 5605 ergo
3214 5533 3503 5603 pontificem

1997 5695 2068 5752 (rt)
2092 5693 2218 5741 Hinc
2243 5692 2292 5738 in
2316 5687 2610 5752 Colliertino,
2634 5688 2713 5746 qui
2744 5684 2865 5746 legit
2888 5679 3163 5743 terribilem,
3193 5682 3313 5742 loco,
3354 5683 3503 5735 mani-

1935 5748 2121 5819 festum,
2145 5766 2347 5816 magnus
2367 5758 2443 5800 est
2468 5750 2640 5797 hiatus.
