3956 6138
332 526 347 535 ,
423 490 660 545 magnum
695 476 779 543 qui
819 472 1088 543 penetravit
1129 471 1277 522 cwlos
1314 485 1330 521 :

410 384 478 439 Β
1165 378 1223 433 S.
1263 375 1536 432 JO.\NN!S
1575 365 1990 427 αιιῐιγςοδτοι

2104 364 2387 418 .netnsr.
2429 363 2955 419 coxsraxrtxon
3632 356 3711 430 et

1369 478 1421 522 et
1463 469 1719 535 majorem
1764 467 1996 521 ostendit

422 583 624 627 curam.
660 582 725 620 eo
751 568 890 636 quod
919 581 1011 619 eos
1042 574 1322 632 tamquam.
1352 576 1478 615 suos
1514 561 1765 615 defendat
1791 569 1843 614 et
1876 575 1997 629 pro-

422 669 581 727 tegat,
615 673 710 712 nec
738 658 862 710 velit
901 667 954 709 ut
996 656 1092 726 ipsi
1119 654 1327 708 cadant.
1358 652 1489 706 Nam
1520 652 1730 723 Moyses
1755 650 1989 721 quidem,

418 757 609 828 inquit,
641 772 742 810 non
774 756 1044 823 ingressus
1072 760 1155 806 est
1181 752 1233 803 in
1274 750 1535 818 requiem,
1570 748 1683 817 ipse
1708 756 1885 801 autem
1912 746 1994 798 est

414 850 684 917 ingressus
715 864 728 900 :
759 854 812 900 et
838 843 1127 914 quomodo,
1154 857 1253 911 ego
1282 841 1477 894 dicam.
1502 838 1653 905 Quod
1680 846 1859 891 autem
1891 834 1993 888 hoc.

415 952 669 1006 nusquam
712 934 977 1007 posuerit,
1014 948 1117 986 non
1150 941 1233 985 est
1271 928 1583 983 admirabile
1612 944 1627 981 :
1662 942 1782 981 nam
1811 927 1896 980 vel
1925 940 1993 980 ne

412 1027 692 1082 videantur
721 1025 963 1079 invenire
995 1021 1382 1083 defensionem,
1413 1020 1584 1089 ipsum
1615 1033 1716 1071 una
1745 1030 1991 1085 compre-

415 1115 634 1175 hendit;
669 1114 753 1169 vel
798 1129 866 1168 ne
906 1112 1078 1165 virum
1126 1111 1398 1164 videretur
1435 1122 1709 1172 accusare,
1743 1106 1844 1160 hoc
1885 1120 1991 1159 non

413 1206 548 1261 dixit
575 1213 781 1275 aperte.
823 1204 954 1257 Nam
983 1202 1050 1264 si,
1098 1216 1218 1254 cum
1263 1198 1395 1253 nihil
1440 1198 1626 1251 horum
1659 1196 1856 1249 dictum
1899 1194 1989 1262 sit,

416 1291 529 1350 hae’é
552 1295 899 1365 objiciebant,
932 1292 1191 1357 dicentes,
1233 1290 1349 1359 Ipse
1386 1289 1521 1343 dixit
1550 1287 1809 1341 adversus
1841 1285 1990 1355 Moy-

413 1402 528 1442 sem
569 1395 624 1441 et
666 1386 921 1441 adversus
973 1385 1140 1453 legem
1174 1400 1188 1439 :
1219 1382 1384 1437 multo
1429 1382 1615 1450 magis,
1662 1379 1706 1433 si
1745 1378 1988 1447 dixisset,

415 1480 531 1534 Non
556 1490 637 1535 est
661 1479 945 1533 Palaestina
965 1520 978 1543 ,
1012 1476 1102 1531 sed
1133 1476 1339 1541 cadum,
1376 1475 1457 1528 his
1484 1474 1681 1541 majora
1706 1470 1992 1525 dixissent.

412 1574 516 1630 Sed
546 1589 647 1628 non
679 1573 984 1627 universum
1018 1570 1201 1624 tribuit
1229 1567 1514 1631 sacerdoti,
1548 1564 1640 1620 sed
1684 1565 1839 1618 etiam
1872 1578 1991 1633 qua:

413 1684 443 1722 a
477 1668 626 1721 nobis
671 1673 794 1720 sunt
840 1661 1139 1732 pra-Standa
1187 1658 1430 1727 requirit,
1475 1653 1989 1710 confessionem-iu-

413 1774 592 1829 quam.
653 1755 903 1809 Habentes
958 1753 1122 1811 enim,
1173 1750 1363 1820 inquit,
1408 1748 1697 1818 pontiﬁcem
1729 1761 1985 1815 magnum,

411 1851 498 1917 qui
542 1846 816 1918 penetravit
861 1845 1031 1907 caelos,
1089 1841 1267 1896 Jesum
1319 1838 1511 1892 Filium
1564 1837 1681 1899 Dei,
1735 1848 1989 1890 teneamus

411 1937 795 2009 confessionem.
847 1935 1140 2002 Quamnam
1190 1931 1317 1985 dicit
1363 1926 1794 1984 confessionem?
1836 1925 1988 1994 Quod

411 2028 481 2082 sit
513 2016 1025 2094 resurrectiofquod
1051 2024 1118 2076 sit
1151 2021 1529 2085 remuneratio,
1554 2017 1694 2088 quod
1722 2017 1857 2071 bona
1882 2018 1990 2070 sint

413 2117 833 2180 innumerabilia,
865 2116 1005 2185 quod
1034 2113 1279 2169 Christus
1306 2114 1375 2166 sit
1402 2114 1562 2174 Deus,
1591 2110 1731 2180 quod
1761 2110 1830 2163 sit
1856 2108 1989 2164 ﬁdes

413 2218 555 2264 recta
585 2227 597 2263 :
634 2208 746 2262 haec
774 2207 1145 2267 confiteantur,
1178 2205 1292 2258 haec
1322 2213 1612 2258 teneamus.
1638 2200 1788 2269 Quod
1811 2209 1986 2255 autem

412 2301 527 2355 hare
551 2316 675 2354 vera
715 2298 841 2365 sint,
871 2306 953 2352 est
992 2297 1329 2366 perspicuum
1362 2312 1427 2350 ex
1469 2310 1533 2348 eo
1563 2295 1705 2364 quod
1749 2296 1891 2349 intus
1921 2295 1990 2349 sit

413 2392 669 2463 pontifex.
715 2392 854 2460 Ergo
897 2389 1036 2461 quod
1071 2404 1176 2443 non
1223 2388 1547 2452 excidimus,
1582 2387 1933 2442 confiteantur
1970 2382 1985 2442 ὲ

411 2482 619 2536 etiamsi
652 2497 736 2536 res
766 2494 870 2535 non
911 2478 1116 2543 adsint,
1165 2493 1262 2533 nos
1308 2486 1481 2532 tamen
1519 2476 1865 2531 contiteamur
1892 2495 1906 2530 :
1938 2476 1988 2532 si

413 2571 573 2627 modo
599 2571 863 2635 adessent,
894 2568 1083 2623 falsum
1126 2576 1287 2622 esset.
1332 2567 1687 2634 Quamobrem
1718 2566 1819 2622 hoc
1844 2582 1980 2636 quo-

411 2680 516 2732 qne
564 2677 750 2716 verum
798 2669 881 2715 est
928 2658 1067 2729 quod
1117 2657 1475 2712 differantur:
1510 2657 1704 2711 etenim
1752 2657 1987 2726 pontifex

415 2764 597 2808 noster
635 2762 718 2807 est
755 2765 978 2821 magnus
1008 2769 1022 2804 :
1058 2749 1178 2803 Non
1221 2750 1354 2802 enim
1393 2749 1630 2802 habemus
1666 2749 1987 2818 ponti/item,

411 2847 496 2908 qui
522 2860 622 2899 non
655 2843 808 2910 possit
835 2843 1059 2906 compati
1096 2839 1467 2909 inﬁrmitatibus
1506 2841 1708 2893 nostris.
1739 2839 1854 2893 Non
1884 2849 1983 2904 est,

415 2935 601 3005 inquit,
632 2933 720 3004 qui
750 2948 836 2987 res
866 2940 1077 2987 nostras
1108 2931 1336 3001 ignoret,
1364 2931 1502 2983 sicut
1532 2929 1679 2983 multi
1714 2930 1988 2998 pontifices

410 3030 499 3099 qui
550 3029 793 3082 nesciunt
839 3041 933 3080 eos
971 3026 1059 3093 qui
1104 3025 1211 3078 sint
1258 3024 1308 3077 in
1359 3022 1758 3088 afflictionibus,
1813 3038 1989 3089 neque

411 3118 665 3189 quidnam
708 3118 777 3171 sit
816 3115 1057 3169 afﬂictio.
1106 3114 1237 3169 Nam
1283 3113 1420 3183 apud
1467 3113 1711 3167 homines
1738 3113 1849 3167 fieri
1882 3129 1985 3168 non

415 3220 587 3281 potest
616 3219 674 3264 ut
700 3209 838 3279 ejus,
872 3209 959 3278 qui
1005 3208 1160 3261 malis
1186 3215 1428 3272 vexatur,
1472 3205 1612 3259 norit
1649 3204 1984 3259 vexationem

413 3302 459 3357 is
485 3302 572 3373 qui
604 3316 707 3355 non
738 3297 869 3355 fecit
908 3296 1227 3369 periculum,
1258 3304 1312 3350 et
1339 3311 1442 3349 non
1483 3295 1691 3349 transiit
1730 3310 1825 3363 per
1861 3309 1985 3349 scn-

411 3392 799 3451 sibilia.0mnia
816 3391 958 3446 enim
978 3388 1422 3445 sustinuitnoster
1440 3386 1702 3458 pontifex:
1723 3401 1843 3441 nam
1863 3401 1987 3456 pro-

413 3496 595 3557 pterea
626 3484 853 3554 primum
882 3480 1152 3544 sustinuit,
1183 3489 1236 3535 et
1261 3489 1386 3533 tunc
1414 3479 1674 3544 ascendit,
1711 3485 1769 3531 ut
1809 3485 1989 3546 posset

412 3574 803 3633 commiserari.
855 3573 1119 3628 Tantalum
1150 3582 1315 3626 autem
1348 3588 1437 3640 per
1464 3571 1633 3624 omnia
1680 3586 1769 3640 pro
1812 3569 1992 3623 simili-

412 3669 587 3725 tudine
609 3666 792 3737 absque
816 3674 1043 3737 peccato.
1075 3662 1206 3718 Vide
1226 3662 1495 3734 quomodo
1521 3663 1680 3716 etiam
1708 3676 1865 3731 supra
1893 3675 1988 3731 po—

415 3770 543 3830 suit,
574 3767 773 3831 Simile,
806 3774 861 3821 et
884 3764 991 3831 hic,
1029 3761 1133 3817 Pro
1159 3762 1510 3818 similitudine.
1540 3761 1648 3816 Hoc
1675 3771 1777 3825 est,
1807 3775 1993 3830 passus

415 3869 498 3916 est
527 3858 1018 3928 persequutionem,
1064 3853 1157 3909 fuit
1197 3864 1510 3924 consputus,
1538 3862 1837 3916 accusatus,
1869 3851 1998 3906 irrio

416 3966 530 4015 sus,
582 3948 866 4004 calumniis
914 3949 1201 4017 appetitus,
1256 3947 1480 4015 ejectus,
1531 3954 1806 4015 postremo
1852 3943 1998 4000 cruci

414 4045 630 4097 affixus.
663 4040 768 4094 Pro
813 4039 1143 4093 similitudine
1184 4036 1366 4107 absque
1416 4049 1641 4107 peccato.
1698 4037 1793 4090 llic
1836 4036 1996 4089 etiam

409 4126 560 4187 aliud
592 4131 915 4195 subindicat,
951 4146 1141 4199 nempe
1165 4129 1306 4198 quod
1341 4129 1451 4181 fieri
1480 4137 1674 4197 potest,
1707 4139 1760 4182 ut
1800 4129 1886 4197 qui
1916 4136 1999 4182 est

420 4224 471 4277 in
503 4221 899 4285 afflictionibus,
932 4235 1023 4274 eas
1052 4219 1284 4289 perferat
1307 4220 1505 4288 absque
1536 4230 1768 4287 peccato.
1792 4219 1987 4287 Quam-

418 4311 603 4365 obrem
635 4312 793 4365 etiam
821 4310 1032 4380 quando
1061 4309 1208 4373 dicit,
1239 4308 1300 4363 In
1323 4310 1651 4364 similitudine
1676 4312 1860 4376 carnis,
1892 4326 1995 4364 non

418 4402 524 4456 hoc
548 4402 695 4466 dicit,
726 4401 864 4471 quod
901 4402 1165 4472 acceperit
1210 4401 1385 4455 carnis
1427 4400 1851 4464 simihttnlinetn,
1899 4402 1994 4456 sed

418 4509 657 4547 carnem.
699 4493 805 4547 Cur
832 4508 961 4563 ergo
1002 4493 1153 4559 dixit,
1203 4492 1270 4546 In
1320 4494 1692 4547 similitudine?
1733 4494 1994 4560 Quoniam

418 4584 552 4640 dixit
583 4583 650 4639 de
693 4599 854 4640 carne
898 4584 1195 4653 peccatrice
1230 4602 1242 4637 :
1276 4596 1390 4639 erat
1433 4585 1573 4639 enim
1609 4596 1804 4638 nostra:
1842 4585 1994 4640 simi-

419 4676 502 4731 lis.
552 4674 684 4729 Nam
736 4684 921 4730 natura
976 4675 1188 4745 quidem
1238 4683 1353 4730 erat
1404 4675 1587 4729 eadem
1630 4692 1748 4744 quae
1789 4685 1993 4744 nostra,

417 4776 636 4838 peccato
665 4775 842 4820 autem
872 4781 1201 4835 nequaquam
1234 4766 1438 4818 eadem.
1476 4766 1559 4819 16.
1590 4766 1841 4820 Adeamus
1881 4782 1997 4836 ergo

415 4875 530 4913 cum
559 4858 746 4926 ﬁducia
775 4858 842 4911 ad
870 4858 1108 4911 thronum
1144 4859 1326 4927 gratite
1352 4861 1480 4929 ejus,
1515 4868 1567 4911 ut
1598 4859 1996 4912 misericordiam

412 4964 793 5019 consequantur,
827 4958 875 5003 et
900 4949 1117 5019 gratiam
1143 4949 1452 5002 inveniamus
1492 4949 1542 5002 in
1577 4951 1770 5004 auxilio
1809 4966 1997 5022 appar.

412 5051 556 5095 tuna.
588 5040 882 5108 Quemnam
910 5041 1038 5095 dicit
1066 5040 1317 5095 thronum
1348 5044 1574 5112 gratim?
1601 5044 1874 5099 Tltronum
1905 5060 1994 5100 re-

413 5134 576 5202 gium,
626 5132 691 5187 de
736 5148 843 5202 quo
887 5133 1059 5186 dicit:
1095 5132 1237 5187 Dixit
1278 5134 1525 5189 Dominus
1572 5135 1789 5191 Domino
1840 5154 1947 5192 meo
1977 5155 1996 5193 :

415 5224 604 5278 Sedea
631 5223 823 5277 dextris
853 5224 999 5289 meis,
1040 5224 1197 5277 donec
1241 5241 1427 5294 ponam
1467 5227 1696 5281 inimicos
1737 5237 1845 5282 tuos
1883 5245 1997 5283 sca-

414 5315 601 5368 bellum
630 5316 813 5385 pedum
847 5326 1049 5368 tuorum
1088 5314 1260 5385 (Paul.
1292 5317 1410 5371 109.
1447 5317 1522 5385 1).
1561 5319 1637 5372 Ac
1680 5318 1721 5372 si
1766 5321 1989 5388 diceret,

412 5407 683 5462 Adeamus
708 5423 827 5462 cum
860 5407 1074 5471 fiducia,
1106 5408 1357 5479 quoniam
1392 5409 1647 5464 habemus
1684 5413 1992 5481 pontificem

413 5500 541 5553 nulli
586 5511 807 5569 peccato
837 5500 1088 5567 affinem,
1126 5501 1215 5571 qui
1260 5503 1530 5571 superavit
1558 5504 1740 5559 orbem
1789 5515 1943 5560 terrm
1979 5524 1993 5562 :

411 5590 661 5659 Conﬁdite
690 5592 850 5659 enim,
898 5593 1086 5664 inquit,
1119 5610 1210 5664 ego
1254 5596 1349 5648 vici
1395 5597 1635 5650 mundum
1676 5597 1856 5666 (Joan.
1906 5599 1992 5654 16.

414 5681 528 5743 33).
555 5680 666 5736 Iloc
693 5684 837 5739 enim
861 5693 965 5752 est,
994 5685 1173 5739 omnia
1201 5700 1320 5741 esse
1353 5702 1586 5756 passum,
1616 5690 1868 5744 mundum
1900 5706 1997 5746 au-

416 5782 523 5827 tem
552 5785 671 5827 csse
699 5788 725 5826 a
755 5782 995 5844 peccato.
1023 5774 1158 5844 Etsi,
1194 5775 1384 5846 inquit,
1410 5793 1505 5835 nos
1532 5794 1714 5837 sumus
1738 5781 1847 5847 sub,
1866 5798 1992 5853 pec-

2120 454 2260 510 cato,
2282 454 2335 499 et
2348 449 2458 515 ipse
2473 455 2651 502 tamen
2673 464 2774 503 non
2790 460 2870 504 est
2893 462 3110 521 peccato
3125 456 3410 525 obnoxius,
3432 474 3707 531 quomodo

2107 553 2423 610 accedamus
2472 572 2594 613 cum
2646 559 2885 616 ﬁducia?
2943 562 3094 620 Nunc
3138 574 3221 621 est
3278 567 3434 623 sedes
3485 572 3694 640 gratim,

2117 660 2221 699 non
2244 647 2399 702 sedes
2419 649 2628 718 iudicii.

2180 739 2531 820 Misericordia
2569 744 2663 799 Dei
2689 747 2880 800 denunt
2910 750 3096 818 regale.
3117 750 3324 806 —ldeo
3361 752 3695 820 Accednmns,

2108 824 2297 900 inquit,
2326 848 2443 886 eum
2467 834 2677 902 ﬁducia,
2720 846 2774 889 ut
2800 838 3109 908 accipiamus
3137 842 3536 896 misericordiam
3564 862 3689 912 qua-

2106 919 2203 974 lem
2228 924 2515 988 quterimus.
2559 926 2932 983 Munitieentite
2962 931 3101 985 enim
3132 948 3218 986 res
3244 942 3347 999 est,
3374 934 3571 988 donum
3607 952 3682 989 re-

2105 1013 2238 1083 gale.
2267 1013 2561 1086 Etgratium
2586 1019 2896 1074 inveniamus
2922 1022 2974 1074 in
2995 1022 3186 1076 auxilio
3212 1035 3519 1093 opportuno.
3549 1025 3698 1081 Bene

2104 1105 2250 1169 dicit,
2300 1106 2367 1161 In
2408 1109 2601 1164 auxilio
2629 1123 2934 1180 opportuno.
2963 1114 3017 1170 Si
3050 1132 3207 1180 nunc,
3243 1119 3433 1186 inquit,
3468 1119 3692 1186 adieris,

2103 1197 2332 1265 accipies
2378 1210 2427 1254 et
2482 1202 2706 1270 gratiam
2764 1216 2818 1258 et
2869 1206 3328 1274 misericordium;
3381 1223 3691 1280 opportune

2105 1304 2332 1358 namque
2379 1293 2587 1348 accedis
2631 1311 2644 1346 :
2687 1296 2768 1350 sin
2821 1307 2997 1353 autem
3049 1311 3175 1355 tunc
3213 1301 3432 1364 adieris.
3482 1319 3691 1374 nequa-

2101 1395 2300 1449 quam;
2348 1384 2684 1454 importunus
2724 1390 2865 1444 enim
2911 1400 2989 1445 est
3027 1402 3151 1446 tunc
3194 1393 3409 1457 aditus;
3457 1410 3562 1449 non
3608 1404 3695 1451 est

2102 1472 2244 1525 enim
2275 1481 2398 1529 tunc
2430 1474 2658 1531 thronus
2691 1482 2895 1549 gratia).
2938 1481 3183 1553 Eousque
3229 1485 3370 1538 enim
3413 1499 3492 1541 est
3532 1486 3691 1541 sedes

2099 1564 2303 1632 gratiae,
2334 1581 2610 1637 quousque
2642 1571 2795 1626 sedet
2836 1572 2944 1626 Rex
2988 1573 3122 1628 dans
3164 1578 3389 1645 gratiam
3424 1595 3438 1636 :
3471 1579 3691 1648 quando

2100 1664 2277 1710 autem
2309 1668 2389 1712 est
2415 1663 2826 1729 consummatio,
2855 1674 2978 1720 tunc
3006 1668 3268 1723 excitatur
3295 1669 3638 1740 adjudicium
3670 1689 3685 1727 :

2101 1744 2334 1818 Exsurge
2362 1753 2526 1818 enim,
2563 1753 2754 1823 inquit,
2783 1755 2941 1824 Deus,
2967 1758 3140 1826 iudica
3170 1771 3359 1815 terram
3388 1762 3562 1832 (Psal.
3593 1767 3686 1819 8|.

2101 1837 2197 1907 8).
2233 1840 2386 1894 Aliud
2415 1843 2577 1898 etiam
2608 1845 2891 1901 dicendum
2928 1859 3028 1904 est.
3052 1851 3324 1917 Adeamus,
3356 1855 3688 1925 inquit,cum

2099 1932 2325 2001 ﬁducia;
2355 1934 2404 1987 id
2434 1943 2535 2000 est,
2567 1937 2765 1992 nullius
2796 1941 2870 1995 rei
2916 1942 3072 1998 mala:
3113 1945 3266 2000 nobis
3309 1949 3533 2015 conscii,
3576 1967 3688 2005 non

2098 2023 2404 2080 dubitantes
2437 2042 2450 2080 :
2483 2045 2604 2082 nam
2629 2030 2715 2099 qui
2748 2041 2831 2085 est
2855 2034 3140 2103 ejusmodi,
3176 2054 3278 2091 non
3309 2050 3484 2108 potest
3525 2057 3686 2095 acce-

2096 2116 2223 2171 dere
2253 2133 2374 2171 cnm
2405 2118 2616 2175 fiducia.
2651 2120 2775 2177 Ideo
2814 2125 2937 2179 alibi
2979 2143 3191 2198 quoque
3233 2130 3401 2184 dicit:
3434 2131 3693 2202 Τίιυιροιε

2098 2222 2381 2278 opportuno
2408 2213 2643 2267 exaudiri
2671 2223 2736 2278 te,
2772 2225 2818 2269 et
2847 2217 2899 2270 in
2929 2217 3011 2271 die
3038 2221 3215 2274 salutis
3244 2223 3420 2290 (td/uri
3448 2235 3494 2277 te
3524 2224 3661 2293 (lsa.

2095 2304 2183 2358 49.
2219 2301 2296 2374 8).
2344 2304 2474 2359 Nam
2506 2309 2645 2376 quod
2693 2326 2835 2363 nunc
2876 2328 3085 2381 quoque
3129 2317 3216 2385 qui
3264 2327 3378 2385 post
3410 2319 3685 2374 lavacrum

2098 2406 2340 2463 peccant,
2387 2398 2662 2453 inveniant
2708 2403 3098 2469 paenitentiam,
3130 2417 3210 2460 est
3241 2409 3443 2478 gratim.
3474 2411 3550 2465 Ne
3587 2428 3687 2465 au-

2099 2496 2203 2542 tem
2231 2488 2457 2543 audiens
2486 2492 2813 2559 pontificem,
2849 2496 3122 2551 existimes
3150 2513 3273 2553 eum
3299 2508 3461 2563 stare,
3500 2503 3685 2556 Statim

2095 2577 2241 2635 ducit
2268 2579 2333 2634 ad
2361 2580 2541 2635 sedem
2573 2599 2586 2634 :
2621 2584 2873 2639 sacerdos
2898 2595 3076 2642 autem
3102 2604 3205 2642 non
3236 2590 3406 2658 sedet,
3434 2593 3526 2646 sed
3551 2604 3684 2648 stat.

2099 2668 2259 2727 Vides
2287 2672 2559 2742 quoniam,
2592 2674 2733 2744 quod
2760 2676 2928 2731 factus
2954 2679 3022 2733 sit
3054 2681 3310 2749 pontifex,
3342 2699 3445 2736 non
3478 2695 3557 2737 est
3584 2700 3685 2736 na-

2108 2778 2257 2835 tura),
2308 2774 2400 2826 sed
2445 2777 2629 2840 gratia:
2675 2789 2727 2832 et
2774 2779 3112 2834 dentissiouis
3161 2791 3213 2834 et
3257 2783 3687 2838 exinanitiouis?

2105 2859 2216 2915 Hoc
2242 2863 2395 2919 nobis
2422 2881 2630 2935 quoque
2671 2883 3024 2941 opportunum
3056 2876 3139 2926 est
3169 2874 3368 2941 dicere,
3411 2875 3686 2931 Adeamus

2105 2965 2223 3004 cum
2258 2952 2447 3008 fiducia
2478 2967 2722 3026 petentes
2752 2978 2765 3014 :
2799 2963 2970 3015 solum
3000 2963 3156 3017 fidem
3187 2965 3492 3028 offeramus,
3516 2976 3570 3020 et
3591 2966 3688 3021 dat

2103 3042 2301 3099 omnia.
2331 3043 2483 3100 Nunc
2508 3057 2596 3102 est
2621 3058 2829 3119 tempus
2868 3052 3013 3118 doni,
3045 3070 3201 3109 nemo
3228 3055 3295 3110 de
3324 3072 3382 3109 se
3407 3056 3682 3126 deSperet.

2104 3131 2252 3186 Tunc
2277 3143 2356 3189 est
2386 3144 2592 3206 tempus
2620 3138 3027 3210 desperationis,
3052 3146 3266 3215 quando
3287 3146 3497 3202 clausus
3521 3146 3688 3206 fuerit

2105 3222 2386 3294 thalamus,
2418 3229 2628 3297 quando
2659 3230 2770 3285 Rex
2801 3231 2960 3288 fuerit
3001 3234 3272 3305 ingressus
3309 3237 3375 3291 ad
3422 3238 3686 3294 videndos

2103 3329 2194 3366 cos
2232 3316 2321 3385 qui
2361 3318 2699 3387 accumbunt,
2749 3324 2960 3392 quando
3002 3327 3150 3380 sinus
3191 3328 3509 3396 patriarcha:
3551 3340 3686 3384 sunt

2103 3409 2369 3474 accepturi
2413 3426 2506 3465 eos
2543 3414 2630 3481 qui
2687 3414 2751 3467 iis
2795 3423 2919 3468 sunt
2965 3418 3213 3487 dignandi
3256 3437 3269 3473 :
3314 3436 3457 3474 nunc
3497 3430 3682 3477 autem

2105 3498 2338 3552 nondum
2373 3518 2386 3552 :
2418 3502 2590 3557 adhuc
2616 3506 2756 3558 enim
2800 3507 3042 3560 consistit
3072 3509 3355 3576 theatrum,
3388 3510 3563 3565 adhuc
3592 3513 3681 3565 in-

2101 3600 2204 3644 stat
2233 3604 2522 3659 certamen,
2553 3596 2727 3651 adhuc
2759 3602 2951 3667 pendet
2980 3601 3281 3670 pramtium.

2152 3684 2226 3767 ‘5.
2266 3684 2601 3740 Festinemus
2628 3704 2754 3758 ergo
2786 3707 2797 3741 :
2831 3690 3028 3746 Paulus
3054 3692 3194 3747 enim
3218 3694 3367 3760 dicit,
3394 3694 3483 3749 Sic
3502 3712 3679 3762 curro,

2102 3793 2198 3828 non
2226 3778 2371 3842 quasi
2400 3780 2450 3830 in
2472 3780 2717 3833 incertum
2745 3783 2819 3854 (1.
2853 3781 2971 3836 Cor.
3000 3784 3051 3839 9.
3081 3784 3196 3855 26).
3221 3785 3389 3840 Cursu
3417 3804 3550 3857 opus
3571 3799 3681 3855 est,

2102 3884 2273 3937 coque
2300 3869 2620 3925 vehementi.
2653 3872 2753 3940 Qui
2781 3873 2969 3938 currit,
3001 3875 3205 3930 nullum
3234 3877 3376 3931 videt
3399 3894 3465 3932 ex
3497 3879 3681 3932 omni-

2088 3960 2215 4041 ‘lzus,
2247 3962 2453 4016 etiamsi
2496 3963 2820 4033 ingrediatur
2854 3982 2950 4036 per
2982 3978 3153 4037 prata,
3197 3969 3406 4025 etiamsi
3440 3985 3533 4039 per
3560 3970 3682 4027 loca

2099 4050 2244 4103 arida
2275 4059 2327 4105 et
2357 4068 2545 4121 aspera
2575 4070 2588 4105 :
2621 4055 2708 4123 qui
2757 4058 2946 4121 currit,
2978 4073 3083 4111 non
3127 4059 3318 4128 aspicit
3351 4059 3417 4115 ad
3463 4072 3681 4129 Specta-

2102 4151 2261 4203 tores,
2290 4142 2384 4195 sed
2415 4142 2478 4196 ad
2513 4144 2784 4212 prmtuium
2813 4164 2827 4211 ;
2861 4147 3068 4201 etiamsi
3100 4149 3207 4203 sint
3230 4148 3442 4215 divites,
3483 4151 3679 4205 etiarn-

2099 4232 2141 4284 si
2192 4248 2469 4302 pauperes,
2525 4237 2732 4291 etiamsi
2785 4239 2904 4304 quis
2946 4230 3184 4304 irrideat,
3221 4242 3428 4297 etiamsi
3474 4243 3678 4311 iaudct,

2099 4323 2304 4376 etiamsi
2333 4326 2651 4382 contumelia
2681 4327 2892 4393 afficiat,
2925 4331 3129 4384 etiamsi
3155 4332 3416 4402 lapidibus
3441 4345 3675 4404 appetat,

2099 4415 2306 4469 etiamsi
2331 4416 2547 4472 donnun
2572 4419 2805 4490 diripiat,
2835 4421 3042 4476 etiamsi
3068 4423 3259 4479 viderit
3286 4426 3443 4490 filios,
3467 4428 3681 4482 etiamsi

2099 4522 2343 4574 uxorem,
2376 4511 2583 4565 etiamsi
2615 4513 2909 4582 quodlibet,
2941 4531 3044 4569 non
3068 4518 3357 4584 avertitur;
3380 4518 3432 4572 in
3465 4519 3564 4573 hoc
3590 4535 3684 4575 so-

2100 4598 2206 4653 lum
2235 4610 2398 4654 estut
2433 4613 2632 4668 currat,
2665 4613 2722 4658 ut
2758 4608 3030 4674 pra-mium
3070 4608 3314 4678 accipiat.
3353 4610 3451 4676 Qui
3487 4613 3679 4675 currit,

2099 4706 2356 4759 nusquam
2403 4702 2501 4746 stat
2540 4713 2553 4747 :
2587 4711 2705 4747 nam
2754 4698 2796 4749 si
2845 4698 2928 4750 vel
2978 4715 3159 4766 parum
3214 4701 3392 4770 segnis
3425 4702 3578 4755 fuerit
3624 4713 3681 4757 et

2097 4780 2271 4847 deses,
2301 4792 2466 4837 totum
2498 4785 2698 4853 perdet.
2723 4787 2820 4854 Qui
2847 4790 3031 4852 currit,
3076 4806 3178 4843 non
3206 4792 3378 4843 solum
3416 4792 3544 4844 nihil
3588 4808 3679 4846 re-

2099 4873 2257 4927 tnittit
2293 4885 2417 4928 ante
2459 4875 2640 4942 tinent,
2686 4877 2779 4931 sed
2811 4879 2973 4932 etiam
3005 4888 3131 4935 tunc
3172 4884 3403 4935 maxime
3453 4897 3671 4936 cursum

2099 4965 2338 5020 intendit.
2386 4965 2499 5021 [Ioc
2537 4983 2566 5020 a
2611 4983 2696 5021 me
2718 4968 2912 5022 dictum
2937 4979 3016 5023 est
3045 4971 3110 5023 ad
3139 4986 3230 5025 eos
3254 4972 3340 5041 qui
3374 4971 3576 5036 dicunt,
3621 4974 3676 5027 tu

2092 5058 2365 5127 juvcutttte
2392 5075 2489 5113 uos
2526 5061 2880 5123 cxcrcuintus,
2911 5063 2961 5115 in
2994 5062 3272 5131 juventute
3288 5064 3673 5133 jejunavimus,

2100 5168 2238 5206 nunc
2264 5152 2660 5205 censenuimns.
2705 5151 2857 5206 Nunc
2901 5154 3129 5208 maxime
3172 5165 3384 5223 oportet
3420 5156 3676 5225 pietatem

2099 5243 2392 5297 intendere.
2436 5242 2512 5296 Nc
2553 5244 2679 5296 mihi
2731 5260 3012 5299 enumeres
3058 5261 3176 5314 qua:
3222 5246 3346 5299 olim
3374 5261 3402 5297 a
3434 5256 3486 5300 te
3531 5258 3677 5299 recte

2096 5345 2219 5389 sunt
2247 5346 2392 5405 gesta
2419 5352 2433 5398 ;
2470 5352 2608 5389 nunc
2637 5345 2685 5390 te
2715 5337 2889 5405 praebe
2914 5337 3168 5406 juvenem
3197 5338 3584 5408 florentemque
3623 5348 3679 5393 ct

2098 5438 2363 5492 vegetum.
2395 5426 2523 5480 Nam
2553 5428 2782 5481 maxime
2808 5429 3021 5498 quidem
3048 5430 3135 5498 qui
3166 5429 3501 5498 corporalem
3537 5430 3681 5483 hunc

2097 5521 2263 5573 currit
2299 5536 2536 5585 cursum,
2581 5531 2859 5590 postquam
2908 5538 3030 5578 eum
3073 5523 3487 5593 apprehenderil
3528 5524 3679 5577 cani-

2100 5611 2217 5676 lies,
2258 5628 2361 5665 non
2401 5620 2576 5681 potest
2622 5627 2772 5682 teque
2817 5628 3035 5669 currere
3080 5632 3094 5669 :
3137 5631 3259 5669 nam
3304 5615 3559 5686 quidquid
3589 5625 3679 5673 est

2097 5705 2425 5771 certaminis,
2450 5713 2534 5759 est
2562 5705 2613 5758 in
2641 5719 2885 5774 corpore.

2164 5805 2320 5862 Senes
2351 5818 2402 5862 ut
2422 5808 2632 5878 juvenes
2661 5824 2859 5865 currere
2886 5806 3059 5862 debent
3090 5808 3140 5861 in
3172 5807 3248 5862 via
3276 5804 3472 5860 salutis.
3494 5831 3560 5845 -—-
3594 5803 3673 5858 Tu

3953 3116 3956 3135 l

3954 3188 3956 3218 Ι

3954 3360 3956 3389 |

3954 3522 3956 3557 Ι

3954 3615 3956 3640 |
