3956 6138
302 189 375 242 85
628 220 633 221 ί
1180 204 1244 259 ιΝ
1282 205 1496 264 ENST.
1541 210 1631 264 AD
1671 210 2028 271 IIEBRIEOS.
2068 214 2220 270 CAP.
2261 216 2349 272 IV.
2392 214 2625 276 HOMIL.
2669 220 2774 276 VII.
3158 182 3159 185 Ἴ
3485 242 3555 296 66

302 300 478 344 autem
507 307 746 362 quanam
775 296 842 352 de
866 313 1023 355 causa
1046 316 1259 360 cursum
1281 309 1513 365 minuis?
1537 315 1710 372 animo
1734 322 1875 374 enim

300 378 390 432 hic
420 396 551 450 opus
572 394 676 449 est,
706 387 879 442 anima
901 391 1128 447 excitata
1157 404 1212 450 et
1237 408 1417 455 erecta
1447 418 1462 454 :
1490 405 1666 460 anima
1696 419 1875 465 autem

305 472 584 527 roboratur
602 478 655 529 in
686 491 996 550 senectute;
1024 485 1132 541 imo
1164 496 1291 544 tunc
1319 494 1550 552 maxime
1572 499 1731 568 viget,
1753 511 1875 559 tuo.

302 565 547 620 essultat.
567 567 722 623 Sicut
742 573 883 626 enim
916 590 1129 647 corpus,
1163 582 1410 651 quamdiu
1427 565 1649 656 quidem
1665 601 1875 647 tenetur

300 653 538 712 febribus
585 660 904 734 crebrisque
948 676 1003 721 et
1046 668 1150 724 sibi
1191 670 1421 730 invicem
1443 653 1876 739 succedentibus

298 747 519 814 morbis,
571 751 784 806 etiamsi
830 755 900 809 sit
941 755 1078 813 forte
1124 769 1181 816 et
1229 765 1541 834 robustum,
1579 780 1662 826 est
1696 782 1871 830 tamen

294 835 587 905 amictum;
634 852 916 912 postquam
964 857 1141 904 autem
1182 849 1347 908 fuerit
1378 855 1659 914 liberatum
1686 862 1754 916 ab
1784 864 1869 917 illa

291 926 609 995 obsidione,
657 947 783 986 suas
833 936 973 990 vires
1017 953 1340 1010 recuperat:
1373 945 1444 999 ita
1488 949 1647 1004 etiam
1690 953 1867 1007 anima

296 1017 561 1074 febricitat
609 1023 659 1075 itt
701 1023 1014 1093 jttventute,
1064 1042 1118 1085 et
1145 1049 1261 1088 eam
1288 1037 1520 1095 maxime
1553 1052 1691 1098 tcnel
1717 1060 1870 1098 atttot‘

295 1111 473 1179 gloria:
500 1125 553 1168 et
581 1116 894 1173 deliciarum
924 1129 977 1176 et
1000 1123 1073 1178 rei
1092 1140 1334 1183 venerem
1353 1139 1409 1184 et
1426 1132 1867 1191 aliorummulto-

298 1219 408 1257 rum
447 1204 734 1261 alTectuum
757 1227 773 1272 ;
803 1226 923 1266 cum
951 1213 1230 1271 advenerit
1257 1229 1432 1276 autem
1458 1233 1739 1292 senectus,
1800 1242 1861 1282 ca

294 1293 511 1363 expellit
557 1296 670 1351 hzec
702 1301 878 1355 omnia
910 1318 1030 1372 qua:
1060 1314 1184 1360 sunt
1208 1311 1451 1379 corporis
1472 1353 1487 1377 ,
1518 1316 1709 1382 partim
1752 1317 1869 1385 qui-

298 1383 414 1437 dem
441 1396 560 1439 cum
590 1396 833 1457 tempore
853 1432 869 1457 ,
905 1396 1095 1461 partim
1124 1406 1303 1453 autem
1333 1416 1428 1469 per
1454 1383 1861 1474 philosophiam,

298 1471 570 1533 Intensum
596 1481 737 1535 enim
769 1483 933 1539 robur
962 1489 1203 1556 corporis
1240 1490 1546 1562 deprimens
1570 1479 1817 1558 senectus
1845 1540 1860 1566 ,

298 1581 371 1620 ne
410 1565 496 1622 bis
525 1571 736 1639 quidem
770 1574 1035 1630 volentem
1064 1579 1138 1632 uti
1165 1580 1287 1634 sinit
1316 1585 1546 1638 animant
1569 1602 1583 1651 ;
1608 1588 1699 1641 sed
1731 1601 1864 1643 tam-

289 1676 457 1729 quam
479 1678 636 1719 omne
665 1682 835 1738 genus
862 1668 1107 1727 boetihus
1136 1681 1487 1747 compressis,
1512 1697 1630 1736 eam
1659 1686 1860 1740 consti-

290 1754 392 1805 tuit
432 1755 484 1807 in
526 1755 646 1810 loco
687 1773 825 1827 puro
853 1776 883 1815 a
929 1766 1268 1829 tumultibus,
1316 1780 1369 1823 et
1417 1788 1659 1844 magnam
1699 1776 1863 1832 elticit

292 1844 749 1913 tranquillitatem,
773 1861 828 1904 et
853 1852 1109 1922 majorem
1147 1854 1299 1912 aticrt
1338 1861 1602 1917 timorem.
1634 1866 1687 1919 Si
1715 1867 1856 1921 enim

290 1936 469 1992 nullus
493 1936 632 1993 alius
650 1979 668 2007 ,
698 1951 754 1996 at
781 1958 939 1999 senes
974 1948 1188 2018 quidem
1210 1960 1353 2007 certe
1387 1966 1580 2010 norunt
1604 1972 1662 2013 se
1690 1960 1857 2022 mori-

288 2037 457 2092 turos,
499 2040 553 2083 et
580 2033 741 2087 morti
795 2037 1016 2092 omnino
1069 2055 1189 2096 esse
1246 2043 1589 2115 prOpittqttos.
1638 2050 1860 2115 Qumttlo

287 2119 446 2185 igitur
464 2139 584 2192 qua:
610 2125 676 2179 ad
724 2126 859 2183 hanc
889 2130 1049 2186 vitam
1096 2136 1366 2204 pertinent
1415 2142 1669 2195 recedunt
1708 2145 1858 2214 eopi-

288 2210 484 2267 ditates
526 2228 591 2270 ac
644 2217 914 2286 libidines,
971 2222 1149 2279 subito
1194 2238 1371 2282 autem
1426 2231 1622 2301 ingruit
1666 2210 1857 2303 exspe-

278 2304 449 2357 ctatio
501 2306 734 2373 judieii,
805 2313 1159 2380 pervicaciam
1233 2320 1424 2375 animae
1486 2324 1728 2379 molliens
1797 2337 1852 2381 et

286 2394 735 2465 inobedientiam,
784 2418 959 2458 annon
1004 2404 1060 2459 lit
1110 2411 1361 2465 attentior
1420 2415 1462 2468 si
1512 2416 1670 2469 velit?
1720 2418 1851 2485 Quid

272 2500 409 2540 vero
432 2528 448 2551 ,
481 2488 692 2557 inquit,
723 2492 864 2562 quod
910 2496 1152 2552 videmus
1197 2514 1352 2555 senes
1389 2502 1673 2571 juvenibus
1703 2510 1849 2563 dete-

270 2577 495 2633 riores?
540 2579 816 2638 Summam
859 2587 987 2640 mihi
1032 2588 1166 2643 dicis
1206 2592 1317 2645 vitii
1348 2597 1804 2665 exsuperationem
1838 2617 1852 2653 :

282 2681 401 2721 nam
442 2678 499 2723 et
536 2668 766 2726 furiosos
798 2674 1040 2731 videmus
1093 2680 1239 2735 nullo
1291 2682 1594 2752 impellente
1637 2703 1694 2742 se
1724 2688 1851 2745 dare

280 2759 604 2827 prmeipites.
654 2762 880 2829 Quando
919 2781 1050 2838 ergo
1104 2769 1188 2823 vel
1239 2786 1405 2827 senex
1460 2775 1665 2830 laborat
1712 2794 1848 2833 mor-

280 2847 358 2901 bis
380 2849 640 2917 juvenum
664 2895 677 2917 ,
726 2854 776 2907 id
808 2870 1072 2911 summum
1101 2869 1182 2914 est
1206 2862 1392 2916 vitium
1423 2883 1436 2918 :
1469 2880 1566 2919 nec
1594 2867 1852 2936 injuven-

266 2947 389 2994 tute
423 2941 676 3008 quidem,
728 2947 817 3013 qui
850 2956 934 3000 est
970 2947 1311 3018 httjusmodi,
1341 2957 1734 3011 excusationem
1763 2958 1856 3013 ha-

272 3027 451 3084 buerit
480 3049 495 3085 :
528 3048 635 3086 non
682 3043 860 3102 potest
899 3039 1040 3092 enim
1080 3039 1298 3107 dicere,
1344 3043 1542 3098 Delicta
1575 3048 1853 3116 juventntis

268 3138 402 3177 suae
424 3134 473 3178 et
498 3126 814 3196 ignorantia:
841 3146 975 3186 meas
1000 3149 1065 3187 ne
1089 3136 1375 3191 memineris
1419 3137 1603 3210 (Paul.
1637 3141 1727 3197 2.1.
1761 3143 1849 3213 7).

274 3217 402 3275 Nam
448 3225 539 3290 qui
590 3236 771 3279 manet
808 3226 947 3281 idem
987 3229 1040 3281 in
1085 3239 1388 3294 senectute,
1426 3233 1658 3286 ostendit
1714 3235 1856 3303 quod

271 3313 431 3368 etiam
464 3315 517 3369 in
543 3316 827 3385 juventute
854 3333 958 3373 non
984 3329 1200 3389 prepter
1225 3321 1636 3391 ignorationem,
1671 3339 1847 3394 neque

273 3414 491 3474 propter
548 3407 910 3477 imperitiam,
954 3425 1126 3480 neque
1172 3421 1389 3482 propter
1426 3422 1640 3469 aetatem
1689 3416 1848 3471 fuerit

274 3493 561 3561 ejusmodi,
605 3497 702 3552 sed
744 3508 964 3569 propter
1003 3503 1328 3557 socordiam.
1370 3504 1462 3559 llle
1488 3507 1634 3560 enim
1669 3516 1847 3576 potest

268 3582 469 3647 dicere,
503 3584 704 3640 Delicta
722 3589 1003 3657 juventutt‘s
1044 3607 1167 3644 ntere
1190 3602 1235 3645 ct
1275 3592 1591 3662 ignorantia
1619 3612 1754 3650 meas
1783 3612 1846 3651 ne

264 3677 577 3743 memineris,
613 3679 703 3746 qui
736 3679 995 3751 facitqutc
1024 3685 1138 3737 seni
1168 3688 1513 3752 conveniunt,
1547 3689 1634 3758 qui
1670 3700 1842 3744 muta-

262 3775 350 3820 tur
371 3768 425 3821 in
456 3779 736 3826 senectute
760 3789 773 3827 :
798 3772 841 3826 si
872 3784 1047 3828 autem
1081 3776 1239 3830 etiam
1269 3777 1318 3830 iu
1348 3789 1627 3834 senectute
1652 3781 1838 3835 eadem

265 3855 496 3911 admittit
532 3860 726 3928 probra
754 3873 809 3916 et
829 3861 1089 3918 dedecora
1112 3905 1128 3929 ,
1177 3867 1445 3936 quomodo
1480 3885 1572 3936 par
1601 3879 1681 3923 est
1709 3880 1764 3923 ttt
1796 3872 1839 3926 is

267 3952 574 4006 nominetur
598 3969 789 4017 senex,
818 3957 907 4024 qui
942 3973 1007 4012 ne
1030 3968 1240 4013 :etatcm
1266 3961 1478 4030 quidem
1511 3972 1784 4018 reveretur
1814 3964 1837 4017 ?

268 4039 392 4095 Nam
421 4047 515 4111 qui
544 4043 676 4099 dicit
699 4086 714 4111 ,
763 4045 962 4101 Delicta
978 4049 1261 4118 juventutis
1295 4069 1417 4106 mea:
1448 4064 1492 4107 et
1527 4056 1838 4125 ignorantias

270 4148 403 4187 meas
428 4152 494 4188 ne
512 4137 821 4201 monueris,
849 4139 962 4195 haec
990 4141 1151 4209 dicit,
1181 4152 1449 4214 tamquam
1479 4147 1533 4201 in
1557 4159 1836 4205 senectute

265 4235 324 4276 se
350 4232 499 4279 recte
525 4240 744 4295 gerens.
1282 4240 1287 4245 ‘

340 4312 476 4368 Vitia
500 4332 677 4370 unum
701 4326 923 4389 tempore
962 4319 1328 4393 Chrysostomi.
1357 4357 1428 4367 —
1456 4328 1533 4383 Ne
1558 4343 1685 4399 ergo
1708 4345 1833 4399 pro-

261 4412 382 4471 pter
403 4420 490 4473 ea,
518 4423 641 4478 quae
672 4409 805 4463 ﬁunt
832 4412 883 4466 in
912 4422 1205 4483 senectute,
1227 4419 1453 4487 teipsum
1480 4422 1653 4489 prives
1674 4422 1835 4477 etiam

266 4499 411 4550 venia
441 4508 822 4567 peccatorum,
851 4518 968 4573 quae
993 4505 1255 4562 admisisti
1289 4510 1339 4562 itt
1363 4509 1663 4579 juventote.
1688 4514 1836 4581 Quo-

266 4589 422 4643 modo
450 4591 596 4645 enim
627 4592 681 4646 id
713 4610 816 4647 non
857 4605 940 4650 cst
975 4597 1262 4654 absurdum
1299 4614 1354 4657 et
1397 4604 1549 4672 pejus
1592 4622 1748 4675 quam
1782 4617 1839 4662 ut

269 4689 537 4735 mercatur
578 4682 841 4739 veniam?
877 4701 1042 4742 senex
1085 4689 1266 4745 ebrius
1294 4701 1397 4759 est,
1447 4696 1598 4750 sedet
1623 4697 1676 4751 in
1705 4711 1836 4752 cau-

270 4772 438 4836 ponis,
479 4788 643 4828 senex
681 4787 935 4846 properat
963 4779 1031 4834 ad
1060 4795 1319 4849 equorum
1346 4787 1697 4856 curriculum,
1745 4805 1833 4843 se-

268 4877 362 4915 nes
385 4866 633 4919 ascendit
667 4868 719 4920 in
768 4869 1067 4938 theatrum,
1117 4883 1384 4946 tamquam
1434 4893 1566 4947 puer
1609 4895 1835 4936 currens

259 4965 376 5007 cum
416 4955 600 5025 vulgo.
632 4956 774 5012 Vere
809 4968 891 5014 est
923 4961 1099 5031 pudor
1137 4974 1187 5018 et
1220 4980 1305 5019 res
1338 4966 1590 5035 ridicula,
1629 4972 1833 5026 extrin-

264 5057 413 5098 secus
442 5046 663 5114 quidem
693 5052 877 5104 ornari
907 5052 1124 5120 canitie,
1159 5055 1476 5112 intrinsecus
1497 5068 1672 5114 autem
1704 5075 1831 5116 scn-

260 5150 366 5189 sunt
396 5137 595 5193 habere
625 5140 800 5208 pueri.
834 5143 901 5197 Et
927 5145 975 5198 si
1004 5146 1266 5215 quispiam
1298 5149 1509 5217 juvenis
1548 5167 1669 5207 cum
1701 5169 1832 5209 con-

261 5228 463 5282 tumelia
490 5229 733 5286 aﬂ'eeerit
752 5273 767 5296 ,
801 5234 983 5288 statim
1012 5237 1196 5306 objicit
1223 5254 1407 5295 canos.
1437 5241 1517 5296 Tu
1561 5260 1652 5299 eos
1681 5247 1826 5314 prior

261 5329 492 5374 reverere
544 5338 558 5374 :
608 5321 655 5376 si
705 5329 764 5376 tu
809 5332 987 5380 autem
1017 5335 1133 5381 tuos
1161 5343 1265 5381 non
1296 5333 1592 5386 reverearis
1616 5375 1630 5398 ,
1662 5335 1824 5404 idque

256 5420 365 5459 cum
412 5409 488 5465 sis
533 5426 706 5467 senex
726 5454 742 5478 ,
790 5417 1062 5484 quomodo
1091 5434 1300 5487 :rquum
1324 5436 1510 5475 censes
1540 5425 1826 5493 utjuvcnis

258 5504 367 5551 tuos
392 5504 745 5557 revereatur?
771 5502 888 5557 Non
918 5509 1181 5563 revereris
1222 5524 1383 5563 canos
1404 5553 1418 5576 ,
1457 5513 1548 5565 sed
1575 5530 1668 5568 eos
1702 5531 1822 5582 pro-

257 5585 341 5639 bro
367 5599 420 5645 et
457 5591 728 5649 dedecore
754 5593 946 5651 amcis.
990 5597 1134 5655 Deus
1177 5610 1228 5655 te
1267 5599 1550 5657 honoravit
1592 5605 1823 5661 candore

1976 335 2227 403 pilorum,
2261 350 2504 406 magnam
2531 336 2624 391 tibi
2650 336 2794 392 dedit
2822 337 3226 407 praerogativam
3256 355 3270 393 :
3314 350 3408 393 cur
3429 354 3553 408 pro.

1976 424 2060 478 dis
2080 425 2371 479 honorem?
2391 427 2664 494 Quomodo
2686 437 2741 483 te
2760 427 3093 483 reverebitur
3114 427 3349 497 juvenis,
3375 443 3549 499 quso-

1978 516 2048 570 do
2073 533 2132 572 es
2157 532 2226 573 eo
2252 517 2407 584 longe
2430 519 2735 586 protervior
2758 529 2811 575 et
2840 517 3383 575 lasciviormanities
3404 519 3551 574 enim

1977 615 2107 665 tunc
2129 618 2212 665 est
2235 611 2526 665 reverenda
2550 653 2566 678 ,
2614 612 2829 683 quando
2854 612 2963 682 agit
2987 627 3107 681 quc
3135 620 3261 667 sunt
3285 613 3500 667 canitiei
3532 628 3548 667 :

1978 700 2190 769 quando
2217 711 2396 755 autem
2420 702 2529 771 agit
2546 716 2669 771 quas
2689 710 2817 756 sunt
2842 703 3119 771 juvenem,
3144 706 3313 773 magis
3341 706 3445 758 etlit
3474 704 3550 758 ri-

1978 792 2152 846 dicula
2198 807 2356 863 quam
2397 794 2640 861 juvenes.
2680 794 2965 862 Quomodo
2993 810 3121 865 ergo
3150 797 3395 864 pueritia
3437 797 3555 850 lucc

1978 883 2523 951 suaderejuveuibus,
2552 899 2648 939 vos
2688 898 2847 940 senes
2880 886 3154 941 temulenti
3186 887 3254 941 ob
3286 887 3552 941 immode-

1978 975 2177 1030 stiam?
2201 975 2317 1031 Non
2344 991 2501 1031 senes
2526 990 2787 1033 accusans
2819 977 2933 1032 lucc
2964 978 3088 1033 dico
3109 1019 3124 1043 ,
3154 979 3313 1044 absit,
3346 979 3445 1035 sed
3466 980 3554 1048 ju-

1981 1080 2167 1120 venes.
2196 1064 2327 1119 Nam
2352 1066 2440 1135 qui
2474 1066 2588 1121 haec
2612 1072 2796 1136 agunt,
2822 1067 3031 1122 etiamsi
3056 1067 3123 1122 ad
3148 1083 3344 1122 annum
3372 1078 3555 1124 cente-

1977 1157 2171 1210 simum
2199 1159 2559 1226 pervenerint,
2582 1157 2710 1211 mihi
2734 1166 2854 1212 sunt
2872 1158 3129 1227 juvenes:
3153 1160 3553 1230 sicutjuvenes,

1979 1247 2185 1301 etiamsi
2214 1249 2322 1302 siut
2353 1250 2497 1317 parvi
2526 1249 2698 1317 pueri,
2728 1250 2835 1304 sint
2875 1259 3054 1303 autem
3083 1250 3308 1311 modesti
3335 1261 3390 1306 et
3416 1262 3551 1307 tem-

1980 1346 2252 1405 perantes,
2274 1348 2401 1393 sunt
2429 1339 2681 1393 meliores
2708 1340 2945 1395 senibus.
2974 1339 3083 1394 Nec
3110 1356 3285 1396 meum
3306 1351 3387 1397 est
3413 1344 3551 1410 quod

1983 1427 2195 1493 dicitur,
2244 1428 2338 1484 sed
2381 1429 2518 1483 hanc
2563 1444 2773 1499 quoque
2812 1429 3189 1485 discretionem
3223 1433 3369 1485 novit
3407 1432 3552 1486 Scri-

1983 1528 2134 1588 ptura
2170 1536 2183 1572 :
2216 1516 2459 1573 Senectus
2487 1519 2803 1586 venerabilis,
2836 1520 3023 1587 inquit,
3055 1537 3156 1574 non
3185 1521 3422 1576 diuturna
3442 1562 3458 1590 ,
3507 1534 3555 1576 et

1981 1622 2103 1662 tetas
2130 1609 2393 1663 senectutis
2423 1611 2523 1663 vita
2549 1611 2875 1664 immaculata
2901 1610 3057 1680 (Sap.
3082 1613 3135 1667 ι.
3159 1611 3237 1682 9).

2051 1701 2105 1755 Δ.
2150 1701 2251 1767 Qui
2295 1702 2360 1755 sit
2388 1702 2549 1755 honor
2576 1702 2863 1756 senectutis.
2888 1732 2958 1743 —
2985 1701 3163 1761 Canos
3191 1704 3335 1759 enim
3380 1704 3553 1760 bono-

1981 1805 2191 1855 ramus,
2238 1805 2342 1845 non
2374 1793 2496 1860 quia
2525 1792 2703 1847 album
2734 1792 2969 1848 colorem
3005 1794 3158 1863 nigro
3184 1795 3517 1862 praeferimus
3536 1838 3552 1861 ,

1982 1883 2073 1935 sed
2104 1883 2225 1952 quia
2252 1892 2335 1937 est
2361 1883 2570 1952 signum
2597 1884 2718 1937 vita:
2749 1898 2867 1952 qua:
2896 1898 2960 1938 es
2996 1884 3192 1940 virtute
3237 1886 3412 1955 agitur
3433 1926 3450 1952 ,
3502 1897 3557 1939 et

1981 1988 2101 2026 cum
2135 1973 2395 2033 videmus,
2437 1974 2675 2027 internos
2703 1988 2869 2027 canos
2896 1989 2961 2028 ex
2988 1989 3053 2027 eo
3084 1974 3400 2044 conjicimus
3435 1980 3553 2032 :sin

1980 2072 2156 2116 autem
2185 2078 2246 2116 ea
2267 2074 2455 2133 gerunt
2481 2080 2598 2132 qua:
2627 2064 2837 2118 canitiei
2864 2073 2988 2118 sunt
3011 2067 3299 2133 contraria,
3322 2076 3555 2137 propter-

1979 2169 2044 2210 ea
2090 2155 2256 2224 magis
2298 2154 2433 2208 tittnt
2457 2155 2689 2209 ridiculi.
2733 2153 2864 2210 Nam
2894 2165 2949 2211 et
2980 2172 3160 2227 regem
3191 2158 3514 2215 honorantes
3535 2203 3554 2228 ,

1978 2252 2034 2300 et
2061 2259 2370 2314 purpuram,
2403 2253 2457 2298 et
2486 2244 2751 2310 diadema,
2781 2246 3033 2314 quoniam
3063 2257 3187 2301 sunt
3211 2248 3361 2317 signa
3385 2250 3553 2319 impe-

1983 2336 2047 2391 rii
2083 2354 2096 2390 :
2126 2336 2218 2390 sed
2258 2336 2301 2389 si
2336 2352 2455 2390 eum
2487 2336 2777 2390 viderimus
2805 2352 2926 2391 cum
2959 2354 3189 2407 purpura
3215 2343 3474 2411 conspui,
3525 2361 3554 2395 :t

1979 2428 2296 2485 satellitibus
2324 2427 2648 2493 conculcari,
2671 2427 2941 2493 suffocari,
2970 2429 3021 2481 itt
3046 2444 3316 2485 carcerem
3339 2434 3551 2501 conjici,

1979 2520 2207 2590 discerpi
2230 2534 2292 2573 ac
2308 2519 2555 2589 convelli,
2588 2518 2845 2589 numquid
2872 2521 3237 2576 mverebimur
3262 2536 3556 2593 purpuram

1979 2617 2072 2662 aut
2098 2607 2373 2672 diadema,
2424 2623 2523 2662 nec
2566 2608 2725 2663 etiam
2778 2608 2950 2675 ipsum
2981 2608 3218 2663 habitum
3246 2612 3555 2682 deplorahi-

1981 2699 2139 2753 mus?
2175 2698 2253 2755 Ne
2277 2700 2412 2754 velis
2438 2714 2565 2768 ergo
2592 2699 2844 2753 honorari
2871 2710 3089 2769 propter
3111 2687 3360 2756 canitiem
3384 2745 3399 2767 ,
3434 2720 3553 2757 cum

1980 2807 2037 2854 tu
2064 2801 2176 2869 ipse
2221 2800 2271 2854 ei
2312 2798 2476 2853 facias
2518 2798 2763 2866 injuriatn
2811 2812 2824 2848 :
2875 2812 2995 2850 nam
3021 2802 3131 2865 ipsa
3158 2813 3369 2866 quoqttc
3398 2797 3464 2850 de
3500 2807 3551 2850 te

1975 2890 2132 2944 debet
2154 2903 2339 2958 ptenas
2357 2904 2594 2955 sumere,
2620 2887 2760 2958 quod
2786 2887 3025 2941 habitum
3051 2887 3185 2941 adeo
3214 2886 3548 2955 splendidum

1972 2988 2022 3033 et
2047 2981 2336 3049 pretiosum
2372 2980 2566 3047 probro
2595 2977 2815 3032 allicias.
2852 2976 2966 3031 Non
2998 2975 3113 3031 lucc
3147 2986 3329 3029 contra
3362 2991 3551 3029 omnes

1971 3070 2199 3125 dicimus
2220 3112 2236 3137 ,
2274 3086 2373 3124 ttec
2402 3070 2645 3124 absolute
2670 3084 2700 3122 a
2727 3084 2812 3123 tne
2843 3067 3002 3122 verba
3032 3066 3166 3121 ﬁunt
3186 3065 3441 3121 adversus
3464 3081 3551 3121 se-

1970 3169 2268 3221 nectutem;
2299 3176 2406 3214 non
2433 3176 2550 3215 sum
2581 3160 2715 3214 adeo
2737 3161 2985 3223 insanus;
3009 3157 3101 3212 scd
3123 3156 3381 3212 adversus
3396 3157 3548 3226 juve-

1971 3252 2129 3305 uilcut
2184 3252 2438 3317 animam,
2493 3267 2611 3322 qua:
2654 3249 2920 3305 dedecore
2963 3248 3129 3304 al‘licit
3169 3257 3544 3305 senectutem:

1968 3359 2141 3412 neque
2167 3342 2233 3397 de
2261 3343 2326 3398 iis
2354 3344 2441 3412 qui
2464 3352 2858 3397 consenuerunt
2884 3340 3000 3396 iure
3025 3340 3267 3395 dolentes
3293 3340 3543 3401 dicimus,

1967 3433 2061 3488 sed
2087 3433 2155 3488 de
2189 3433 2251 3489 iis
2276 3433 2363 3502 qui
2395 3433 2645 3488 canitiem
2672 3431 3021 3487 dedecorant.
3073 3431 3247 3487 Senes
3279 3432 3423 3486 enim
3461 3439 3546 3486 est

1967 3539 2077 3588 rex,
2110 3524 2152 3576 si
2182 3524 2338 3587 velit,
2362 3530 2416 3577 ct
2446 3539 2511 3578 eo
2537 3524 2625 3592 qui
2654 3531 2737 3576 est
2761 3521 2977 3576 indutus
3002 3536 3231 3592 purpura
3261 3522 3429 3591 magis
3452 3536 3539 3576 re-

1963 3615 2116 3685 galis,
2137 3615 2179 3669 si
2211 3614 2434 3684 imperet
2454 3614 2612 3666 animi
2639 3612 3144 3682 perturbationibus,
3169 3621 3223 3666 et
3247 3613 3372 3666 vitia
3401 3621 3539 3665 tam-

1962 3719 2121 3774 quam
2156 3703 2414 3757 satellitcs
2443 3703 2541 3756 sibi
2573 3702 2824 3770 subjiciat
2855 3719 2868 3754 :
2900 3701 2980 3755 sin
3005 3713 3184 3754 autem
3219 3701 3456 3754 trahatur
3485 3711 3541 3755 et

1960 3809 1990 3847 a
2019 3792 2145 3847 sede
2173 3792 2470 3859 dejiciatur,
2503 3802 2557 3847 et
2588 3792 2848 3861 peconim,
2880 3792 3099 3857 amoris,
3129 3791 3312 3860 gloriae
3341 3793 3533 3857 inanis,

1959 3894 2014 3940 et
2056 3886 2241 3941 fucata:
2284 3885 2562 3959 elegantia:
2609 3883 3030 3952 deliciarumque
3069 3891 3123 3937 ct
3164 3883 3437 3938 ebrietatis
3482 3893 3538 3938 ct

1959 3978 2053 4032 ira!
2079 3986 2132 4032 et
2156 3977 2233 4032 rei
2260 3992 2505 4031 venerea:
2537 3975 2625 4029 (lat
2655 3987 2844 4029 servus
2865 4015 2879 4035 ,
2904 3980 2960 4028 et
2988 3974 3125 4042 pilos
3153 3972 3351 4028 iufucet
3380 3974 3531 4038 oleo,

1959 4076 2014 4122 et
2036 4069 2287 4123 ostendat
2316 4076 2528 4121 tctatem
2553 4082 2580 4117 a
2612 4065 2783 4119 libero
2814 4065 2977 4119 animi
3010 4064 3233 4118 arbitrio
3255 4070 3531 4117 contume-

1958 4157 2028 4212 lia
2055 4158 2297 4213 ati‘ectam
2317 4200 2330 4223 ,
2366 4171 2472 4225 quo
2502 4170 2606 4211 non
2638 4155 2794 4211 fuerit
2824 4155 2869 4209 is
2897 4153 3090 4224 dignus
3128 4154 3390 4229 supplicio
3411 4154 3488 4224 (ιι)
3508 4155 3533 4207 ?

1956 4247 2059 4303 Sed
2089 4263 2201 4312 vos,
2241 4249 2493 4317 juvenes,
2526 4262 2591 4301 ne
2626 4246 2743 4301 sitis
2774 4246 2905 4300 tales
2940 4263 2953 4300 :
2986 4258 3158 4316 neque
3203 4246 3345 4300 enim
3382 4246 3532 4299 vobis

1956 4339 2246 4409 ignoscitur
2295 4339 2338 4392 si
2386 4338 2637 4406 peccatis.
2683 4335 3076 4404 Quamobrem?
3115 4335 3376 4404 Quoniam
3404 4336 3530 4390 licet

1954 4444 2075 4486 esse
2105 4447 2286 4485 senem
2322 4432 2370 4483 in
2398 4431 2719 4498 juvctttute;
2770 4440 2833 4483 ac
2876 4430 3014 4483 sicut
3059 4439 3179 4482 sunt
3210 4429 3435 4498 juvenes
3473 4430 3526 4483 in

1952 4531 2225 4577 senectute
2247 4561 2260 4585 ,
2296 4521 2362 4574 ita
2392 4529 2444 4575 et
2473 4532 2680 4574 contra.
2714 4520 2863 4575 Sicut
2897 4521 3038 4573 enim
3069 4520 3173 4572 illic
3215 4520 3349 4587 pilos
3375 4520 3526 4573 deal-

1954 4614 2106 4667 batus
2138 4615 2400 4667 nemiuem
2431 4623 2645 4679 servat,
2690 4614 2767 4666 sic
2811 4627 2909 4667 nec
2947 4611 3034 4666 hic
3062 4612 3211 4681 niger
3258 4612 3525 4667 neminem

1952 4704 2187 4773 impedit.
2234 4703 2363 4758 Nam
2402 4704 2502 4758 etsi
2537 4705 2651 4757 lnec
2677 4719 2796 4773 quae
2827 4703 2935 4757 dixi
2964 4718 3149 4757 scncm
3180 4703 3413 4756 reddunt
3443 4703 3525 4756 in-

1950 4796 2308 4851 honestiorem
2338 4797 2504 4851 multo
2531 4798 2697 4865 magis
2724 4811 2879 4865 quam
2902 4795 3149 4863 juvenem
3175 4811 3188 4859 ;
3222 4795 3313 4849 sed
3349 4806 3523 4850 tamen

1948 4904 2047 4943 nec
2088 4888 2298 4958 juvenis
2343 4889 2478 4943 liber
2520 4898 2600 4942 est
2636 4904 2663 4940 a
2712 4886 3152 4957 reprehensimtc.
3185 4886 3315 4940 Nam
3340 4888 3522 4956 juveni

1948 4991 2072 5036 tunc
2108 4981 2281 5034 solum
2326 4980 2499 5034 danda
2534 4990 2615 5034 est
2647 4982 2822 5045 venia,
2853 4979 3068 5048 quando
3099 4991 3319 5034 vocatur
3346 4982 3410 5034 ad
3442 4998 3525 5035 rc-

1945 5089 2063 5126 rutn
2086 5073 2623 5136 administrationem,
2656 5087 2774 5126 cum
2805 5073 2873 5125 sit
2900 5073 3196 5142 imperitus,
3229 5087 3348 5127 cum
3390 5085 3524 5129 tetu-

1944 5178 2076 5232 pore
2123 5180 2254 5234 opus
2318 5164 2512 5219 habeat
2557 5172 2612 5217 et
2659 5163 2987 5231 experientia
3036 5181 3050 5218 :
3089 5163 3300 5233 quando
3344 5175 3522 5219 autem

1942 5264 2154 5322 oportet
2200 5254 2482 5307 ostendere
2533 5253 2833 5305 virilitatem
2882 5252 3284 5320 temperantize‘,
3322 5269 3522 5322 nequa-

1942 5362 2101 5416 quam
2120 5389 2134 5410 ,
2168 5364 2339 5417 neque
2366 5346 2577 5415 quando
2600 5355 2813 5414 oportet
2840 5344 3076 5413 pecuniis
3105 5346 3386 5413 imperare.
3426 5347 3521 5401 Est

1940 5440 2081 5493 enim
2112 5439 2195 5492 ubi
2222 5439 2431 5509 juvenis
2463 5437 2630 5505 magis
2677 5436 3085 5505 reprehenditur
3127 5452 3284 5504 quam
3327 5452 3513 5492 senex.

1943 5532 2070 5585 Nam
2099 5548 2257 5586 senex
2285 5531 2499 5599 quidem
2533 5530 2695 5583 multa
2728 5545 2862 5598 opus
2895 5528 3051 5581 habet
3078 5529 3371 5595 curatione,
3396 5545 3516 5586 cum

1988 5643 2059 5704 (α)
2086 5643 2138 5689 ῐ;ι
2166 5646 2266 5689 iure
2293 5643 2437 5690 turba
2462 5641 2640 5689 desinit
2664 5641 2767 5689 ittec
2802 5641 2995 5691 ltontilia
3020 5642 3065 5691 in
3089 5641 3224 5693 Colb.
