3956 6138
425 243 492 297 57
1120 234 1174 285 S.
1215 228 1489 285 .lOANNlS
1526 227 1991 285 CHRYSOS’TOMI
2032 225 2345 283 ARCHIEP.
2386 226 2916 283 CONSTANTINOP.
3632 221 3700 292 (is

452 349 575 387 cum
628 331 953 387 imbecillum
1002 329 1191 385 reddat
1235 339 1483 383 senectus
1534 347 1546 382 :
1587 327 1798 398 juvenis
1842 340 2005 384 auten

440 440 562 479 cum
590 424 773 494 possit,
806 424 850 477 si
883 423 1026 477 velit.
1074 422 1170 477 sibi
1207 419 1477 484 sufﬁcere,
1526 436 1811 489 quamnam
1867 436 2006 475 asse-

2108 329 2187 384 bis
2211 338 2386 394 terrze,
2418 337 2470 384 ct
2500 345 2877 385 accusaremus
2901 331 3068 385 Deum
3096 330 3451 386 crudelitatis.
3484 330 3543 387 Si
3580 347 3682 388 auo

2107 431 2211 475 tem
2240 421 2592 478 beatitudines
2609 422 2763 476 dictae
2780 423 3043 477 suntsolis
3065 423 3358 489 monachis,
3378 432 3432 479 et
3448 423 3560 478 ﬁeri
3580 440 3686 479 non

439 539 633 607 qnetur
673 528 914 589 veniant,
969 524 1183 594 quando
1209 525 1376 594 magis
1405 524 1544 593 rapit
1590 536 1749 590 quam
1801 533 1963 574 senex
1999 525 2063 543 ’ν
2108 523 2283 582 potest
2327 525 2385 568 ut
2410 530 2501 568 cas
2542 525 2899 585 consequatur
2949 515 3284 579 mundanus;
3341 515 3455 586 ipse
3504 525 3685 572 autem

433 620 644 689 quando
684 628 917 686 acceptre
964 616 1133 686 magis
1174 624 1256 670 est
1300 630 1505 669 memor
1533 612 1764 682 injuriae,
1793 607 2005 679 quando

430 711 675 779 despicit,
724 707 938 778 quando
984 722 1088 760 non
1139 706 1307 774 magis
1353 704 1771 773 defenditquam
1799 714 2000 755 senex;

430 802 643 870 quando
673 801 838 855 multa
872 800 1109 869 loquitur
1140 798 1457 867 importune,
1492 795 1702 865 quando
1728 802 2004 847 contume-

430 892 500 947 lia
524 892 709 955 afﬁcit,
740 889 951 960 quando
981 889 1265 945 maledicto
1290 888 1509 957 appetit,
1538 884 1751 956 quando
1773 880 2003 936 inebria-

431 985 560 1039 tur?
594 984 647 1039 Si
683 995 864 1038 autem
894 982 945 1035 in
988 980 1338 1049 temperantia
1381 989 1429 1032 et
1460 977 1784 1032 continentia
1813 972 2000 1028 existi-

428 1086 538 1130 mat
566 1092 623 1129 sc
655 1091 757 1129 non
791 1089 949 1142 posse
979 1072 1332 1142 reprehendi,
1380 1070 1499 1126 vide
1528 1085 1647 1124 eum
1680 1068 1765 1122 hic
1792 1079 2003 1136 quoque

426 1168 590 1222 multa
621 1167 817 1222 habere
844 1165 1171 1235 adiumenta,
1200 1166 1244 1218 si
1272 1165 1418 1219 velit.
1450 1163 1579 1218 Nam
1611 1161 1710 1216 etsi
1738 1159 2003 1229 cupiditas

425 1272 481 1313 ct
509 1259 674 1312 libido
696 1259 745 1312 ei
769 1258 935 1328 magis
960 1267 1042 1312 est
1071 1257 1294 1311 molesta
1321 1273 1480 1327 quant
1507 1256 1643 1320 seni,
1674 1263 1798 1308 sunt
1825 1263 2003 1307 tamen

429 1352 594 1404 multa
626 1366 744 1419 quae
772 1351 1007 1419 potuerit
1040 1350 1207 1419 magis
1236 1348 1412 1403 facere
1437 1365 1594 1419 quam
1627 1364 1785 1401 senex
1808 1388 1823 1410 ,
1858 1356 1911 1400 et
1942 1347 2003 1401 il-

429 1441 532 1492 lam
566 1441 834 1493 ineantare
879 1439 1122 1493 bestiam.
1164 1439 1418 1505 Quanam
1447 1455 1508 1493 ea
1540 1438 1695 1492 sunt?
1731 1436 2001 1503 Laborcs,

428 1533 704 1597 lectiones,
736 1532 1035 1601 pervigilia,
1067 1532 1289 1600 jejuaia.

504 1624 576 1677 De
602 1624 951 1677 monac/n's.—-
970 1621 1078 1678 Cur
1102 1633 1276 1677 autem
1305 1624 1417 1677 hzec
1438 1623 1592 1677 nobis
1617 1622 1751 1676 dicis
1777 1621 1865 1692 qui
1890 1636 1995 1674 non

428 1728 613 1767 sumus
648 1712 939 1766 monachi?
972 1713 1095 1767 Haec
1117 1714 1243 1767 mihi
1271 1714 1447 1767 dicis?
1477 1714 1562 1767 dic
1590 1714 1754 1767 Paulo
1780 1754 1793 1776 ,
1826 1728 2000 1782 quatt-

427 1804 496 1856 do
516 1803 646 1857 dicit
673 1821 688 1858 :
733 1802 1008 1874 Vigilantes
1029 1804 1080 1856 in
1110 1804 1247 1857 omni
1275 1804 1514 1872 patientia
1544 1810 1589 1856 et
1627 1802 1852 1855 oratione
1878 1799 2001 1873 (Co-

424 1900 545 1951 loss.
570 1898 618 1950 4.
648 1894 705 1966 2)
737 1912 749 1948 :
776 1895 991 1966 quando
1018 1895 1168 1961 dicit,
1195 1895 1374 1948 Carnis
1405 1908 1580 1948 curam
1609 1909 1672 1947 ne
1705 1893 1921 1963 feceritis
1946 1893 2003 1946 in

423 1988 840 2056 concupiscentiis
871 1986 1046 2058 (Rom.
1076 1987 1157 2042 1⁸5.
1191 1987 1300 2055 Μ).
1350 1986 1465 2039 Νυη
1496 1986 1637 2040 enim
1669 1984 1785 2037 lucc
1826 1983 1998 2037 solum

425 2081 639 2149 scripsit
672 2079 969 2145 monachis,
995 2079 1086 2134 sed
1110 2080 1357 2133 omnibus
1386 2079 1473 2148 qui
1506 2087 1630 2131 sunt
1670 2078 1721 2130 in
1751 2076 1997 2130 urbibus.

425 2171 537 2224 Non
559 2170 719 2225 debet
741 2171 884 2226 enim
925 2170 1229 2224 mundanus
1260 2187 1353 2224 seu
1376 2169 1647 2224 smcularis
1668 2168 1787 2239 plus
1807 2169 2002 2221 habere

422 2276 581 2328 quam
620 2261 937 2324 monachus,
986 2261 1086 2313 nisi
1114 2261 1165 2313 in
1196 2261 1295 2314 hoc
1324 2261 1519 2323 solum,
1568 2259 1707 2328 quod
1732 2258 2004 2312 cobabitat

420 2368 546 2407 cum
566 2369 764 2406 uxore:
790 2352 875 2405 hic
900 2351 1057 2405 datur
1074 2352 1121 2404 ei
1146 2353 1319 2415 venia,
1346 2353 1396 2405 in
1420 2352 1538 2406 aliis
1558 2360 1736 2405 autem
1760 2350 1999 2415 minime,

425 2443 518 2497 sed
550 2443 725 2497 omnia
744 2458 864 2497 eum
882 2451 1092 2511 oportet
1112 2442 1287 2497 facere
1317 2458 1466 2510 aeque
1482 2455 1640 2510 atque
1661 2443 2001 2496 monaclmm.

426 2533 543 2588 Jam
559 2549 689 2589 vero
704 2544 756 2587 ct
778 2533 1133 2588 beatitudines
1151 2550 1268 2602 qua:
1285 2549 1312 2587 a
1330 2533 1709 2588 Christodictzn
1726 2542 1870 2599 sunt,
1897 2547 2000 2588 non

428 2623 586 2679 dicta:
612 2632 732 2678 sunt
774 2625 945 2679 solum
976 2624 1293 2689 monachis;
1325 2639 1445 2678 nam
1479 2624 1721 2693 periisset
1752 2632 1893 2678 totus
1916 2639 2005 2676 or-

622 2724 795 2732 —-———_—

1019 2729 1242 2736 —_._.——

1244 2728 1456 2736 m

1461 2730 1465 2734 .
1483 2730 1751 2738 ——.—.—.———.

427 2927 553 2983 Cur.
709 2945 758 2981 ν.
813 2932 860 2985 l.
905 2929 1087 2985 Omnis
1129 2932 1259 2985 enim
1331 2933 1561 3002 pontifex
1612 2947 1675 2985 ea:
1722 2930 2011 2984 hominibus

502 3033 808 3090 assumptus,
838 3039 928 3091 pro
959 3023 1246 3076 hominibus
1268 3024 1587 3077 constituitur
1614 3023 1665 3074 in
1689 3022 1749 3074 iis
1768 3037 1876 3091 quia
1896 3031 2011 3074 sunt

500 3115 569 3166 ad
603 3114 760 3167 Deum
786 3156 801 3179 ,
834 3127 886 3168 ut
910 3114 1089 3181 o/ferat
1120 3116 1255 3170 dona
1282 3126 1326 3169 et
1352 3116 1601 3185 sacriﬁcia
1632 3131 1723 3185 pro
1751 3114 1968 3185 peccatis
1995 3130 2013 3167 :

503 3206 555 3260 2.
590 3208 674 3277 qui
704 3209 969 3261 eondolere
985 3209 1138 3278 possit
1159 3210 1220 3261 iis
1238 3209 1326 3283 qui
1353 3210 1589 3276 ignorant
1612 3215 1657 3260 et
1680 3216 1868 3273 errant,
1891 3220 2018 3275 quo-
2043 3195 2051 3208 ’

505 3299 642 3351 niam
671 3309 716 3352 ct
745 3299 852 3368 ipse
891 3300 1229 3352 circumdatus
1258 3309 1328 3352 est
1358 3298 1651 3366 inﬁrmitate
1681 3313 1700 3351 .'
1730 3298 1782 3352 5.
1812 3307 1858 3350 et
1897 3312 2018 3367 pra-

508 3401 676 3460 ptcrca
703 3391 864 3457 debet,
913 3390 1337 3461 quemadmodum
1368 3407 1460 3459 pro
1492 3390 1713 3460 populo,
1743 3389 1815 3442 ita
1867 3389 2018 3443 etiam

507 3492 553 3535 ct
595 3499 687 3553 pro
714 3483 980 3553 semetipso
1004 3481 1189 3548 o/Terre
1217 3498 1309 3553 pro
1341 3482 1581 3552 peccatis.

514 3575 565 3627 l.
594 3573 718 3628 Vult
736 3572 992 3642 deinceps
1007 3573 1293 3629 ostendere
1320 3573 1507 3627 beatus
1526 3565 1738 3634 Paulus,
1760 3586 1899 3640 quou
1919 3572 2020 3625 hoc

439 3665 842 3721 Testamentum
872 3677 951 3721 est
971 3665 1129 3735 longe
1153 3665 1344 3719 melius
1369 3676 1422 3721 et
1444 3664 1972 3736 priestantiuchtcri
2000 3679 2016 3730 ;

440 3757 624 3825 procul
652 3757 884 3812 rationes
908 3757 1056 3827 prius
1072 3757 1282 3825 jaeiens
1306 3764 1572 3826 tamquam
1595 3755 2019 3810 fundamentum.

439 3848 572 3904 Nam
601 3850 851 3919 quoniam
880 3849 1013 3903 nihil
1042 3857 1159 3903 erat
1179 3847 1482 3918 corporale,
1504 3862 1676 3916 neque
1719 3846 2021 3916 imaginale,

442 3955 631 4008 nempe
666 3956 771 3994 non
806 3939 1095 4010 templum,
1150 3954 1256 3993 non
1292 3947 1476 3992 sancta
1527 3949 1858 4002 sanctorum,
1917 3952 2022 3991 non

442 4032 695 4086 sacerdos
727 4040 931 4086 tantum
959 4031 1163 4085 habens
1193 4041 1505 4100 apparatum
1529 4072 1543 4095 ,
1575 4046 1678 4083 non
1710 4030 1904 4098 legales
1930 4030 2027 4084 ob-

445 4123 796 4183 scrvationes,
847 4120 939 4175 sed
986 4120 1290 4175 excelsiora
1318 4122 1492 4173 omnia
1525 4128 1578 4173 et
1607 4120 1941 4188 perfectiora,
1973 4128 2029 4173 et

447 4212 575 4264 nihil
606 4226 671 4266 ex
695 4214 853 4265 rebus
883 4211 1282 4281 corporalibus:
1306 4220 1606 4264 eratantem
1637 4210 1942 4265 universum
1963 4212 2015 4263 in

445 4304 606 4358 rebus
633 4303 1025 4371 spiritualibus;
1058 4302 1347 4370 spiritualia
1376 4311 1552 4356 autem
1577 4301 1898 4355 inﬁrmiores
1923 4318 2025 4355 non

447 4412 599 4465 teque
626 4394 879 4449 inducunt
906 4404 1065 4465 atque
1089 4396 1385 4464 corporalia
1421 4412 1433 4446 :
1462 4394 1582 4449 ideo
1611 4404 1777 4447 totum
1824 4394 1922 4447 hoc
1945 4394 2028 4447 tli-

447 4489 601 4541 eeadi
634 4499 1004 4556 argumentum
1032 4495 1209 4542 versat
1248 4496 1300 4542 et
1326 4488 1509 4555 agitat.
1534 4486 1667 4541 Vide
1692 4497 1869 4541 autem
1914 4487 2030 4558 ejus

454 4582 769 4653 sapientiam
806 4599 818 4633 :
849 4581 1053 4635 initium
1090 4581 1233 4635 ducit
1271 4597 1300 4635 a
1333 4582 1632 4648 sacerdote,
1663 4595 1716 4638 et
1757 4588 2028 4639 continen-

456 4688 535 4730 ter
566 4690 688 4730 eum
718 4672 952 4743 appellat
980 4673 1306 4744 pontiﬁcem,
1337 4684 1389 4729 ct
1417 4675 1484 4729 ab
1516 4676 1631 4744 ipso
1656 4677 1826 4744 primo
1848 4686 2032 4743 osten-

454 4771 529 4823 dit
559 4767 938 4824 diﬁcrcutiam.
981 4767 1272 4837 Pr0ptcrea
1312 4768 1537 4838 primum
1585 4768 1770 4823 deﬁnit
1797 4770 1922 4839 quid
1968 4771 2033 4824 sit

418 4860 425 4865 ’
455 4861 707 4917 sacerdos
728 4902 742 4925 ,
772 4869 826 4915 et.
850 4859 1086 4915 o~tendit
1127 4861 1170 4913 si
1199 4876 1299 4929 qua
1333 4860 1530 4916 habeat
1556 4862 1873 4927 sacerdotis,
1905 4873 1960 4917 et
1990 4864 2031 4917 si

455 4970 555 5023 qua
580 4949 695 5008 ‘sint
721 4951 961 5023 symbola
1003 4951 1309 5006 sacerdotii.
1340 4952 1399 5006 lii
1428 4962 1603 5007 autem
1635 4954 1945 5009 occurrebat
1985 4967 2037 5007 et

456 5043 728 5110 obsmbat,
758 5042 901 5113 quod
924 5057 1095 5112 neque
1113 5054 1250 5097 esset
1268 5060 1330 5097 ex
1349 5059 1547 5113 genere
1566 5046 1751 5110 nobili,
1769 5062 1941 5115 neque
1973 5061 2034 5098 ex

460 5135 597 5188 tribu
628 5133 969 5197 sacerdotali,
1004 5146 1177 5202 neque
1205 5136 1451 5189 sacerdos
1475 5150 1634 5205 super
1657 5148 1882 5201 terrain;
1918 5136 2038 5190 hinc

461 5232 641 5277 autem
662 5224 877 5293 quidam
898 5224 1088 5278 dicturi
1112 5239 1232 5279 esse
1250 5224 1586 5291 videbantur,
1614 5228 1894 5295 Quomodo
1911 5245 2039 5295 ergo

458 5314 750 5370 sacerdos?
780 5314 921 5386 quod
952 5317 1002 5369 in
1031 5316 1270 5383 Epistula
1300 5317 1365 5370 ad
1394 5317 1664 5372 Romanos
1698 5320 1820 5373 l'eeit
1856 5319 2034 5385 (Rom.

469 5409 551 5474 4).
578 5405 627 5459 id
660 5417 711 5459 et
741 5422 881 5460 nunc
923 5407 1063 5461 facit.
1095 5406 1224 5461 Nam
1255 5422 1377 5462 cum
1410 5410 1728 5479 suscepisset
1754 5427 2047 5481 argumen-

463 5512 573 5555 tum
629 5516 735 5555 non
798 5501 1109 5571 probabile,
1156 5503 1199 5557 si
1257 5501 1359 5556 hoc
1413 5513 1662 5572 operetur
1711 5504 1840 5559 ﬁdes
1894 5504 2035 5574 quod

460 5609 565 5650 nan
596 5596 756 5649 valuit
790 5594 937 5650 labor
965 5595 1093 5665 legis
1114 5603 1167 5649 ct
1196 5595 1248 5648 in
1274 5596 1377 5650 vita
1411 5596 1728 5650 ittstilucnda
1759 5598 1952 5659 sutor;
1990 5605 2045 5651 ut

462 5688 709 5743 Ostendat
738 5688 785 5739 id
829 5697 876 5742 et
927 5688 1039 5743 fieri
1073 5689 1307 5758 potuisse
1346 5699 1397 5744 et
1436 5688 1627 5742 factum
1673 5706 1809 5755 ese,
1854 5707 1881 5741 e
1922 5689 2044 5744 nﬁto

1754 2785 2097 2846 HOMILIA
2138 2787 2308 2847 VIII.

2108 606 2352 673 permisit
2378 608 2592 675 nuptias
2623 625 2637 660 :
2664 608 2778 677 ipse
2808 623 2932 679 ergo
2960 623 3148 662 omnes
3175 607 3428 677 perdidit.
3457 608 3513 664 Si
3541 610 3687 664 enim

2107 698 2220 752 ﬁeri
2251 714 2355 753 non
2384 709 2559 768 potest
2586 710 2643 753 ut
2667 715 2787 754 cum
2835 701 3176 756 matrimonio
3206 702 3364 757 faciat
3389 716 3506 772 qua:
3562 713 3691 757 sunt

2107 789 2514 853 monachorum,
2546 792 2817 859 perierunt
2844 798 2898 845 et
2918 792 2983 845 ad
3012 791 3284 846 interitum
3314 791 3528 847 redacta
3559 802 3689 847 sunt

2105 882 2306 945 omnia,
2347 890 2398 936 et
2441 892 2625 936 coacta
2652 892 2735 936 est
2773 883 2940 936 virtus
2972 885 3026 937 in
3062 884 3355 953 angustias.
3406 883 3690 952 Quomodo

2106 982 2284 1026 autem
2316 983 2438 1027 sunt
2469 973 2810 1027 honorabiles
2860 974 3057 1043 nuptiae
3091 972 3274 1046 (Hebr.
3314 974 3398 1028 15.
3428 974 3541 1044 Η),
3566 989 3689 1044 qua:

2106 1064 2259 1118 nobis
2286 1073 2486 1118 tantum
2519 1064 2750 1119 afferunt
2781 1065 3218 1134 impedimentum
3245 1065 3427 1132 iQuid
3455 1081 3586 1136 ergo
3608 1066 3689 1119 di-

2108 1155 2333 1209 cendum
2364 1156 2482 1208 est?
2512 1154 2652 1209 Fieri
2687 1165 2881 1225 potest,
2919 1165 3080 1226 atque
3118 1154 3253 1210 adeo
3275 1155 3428 1210 valde
3458 1156 3596 1222 ﬁeri,
3629 1162 3688 1209 ut

2108 1262 2196 1316 qui
2224 1245 2482 1303 habemus
2508 1265 2700 1306 uxores
2722 1293 2737 1319 ,
2766 1253 3017 1308 virtutem
3058 1264 3328 1310 sectemur
3355 1264 3412 1311 et
3436 1269 3694 1311 exercea-

2110 1354 2250 1402 mus,
2275 1340 2320 1393 si
2365 1342 2610 1398 velimus.
2642 1343 2966 1412 Quomodo?
2991 1346 3047 1404 Si
3086 1347 3347 1405 habentes
3375 1364 3571 1404 uxores
3619 1350 3694 1404 si-

2110 1443 2228 1483 mus
2252 1439 2517 1500 tamquam
2544 1448 2650 1489 non
2682 1435 2957 1504 habentes,
2991 1439 3037 1493 si
3068 1455 3173 1494 non
3195 1439 3437 1495 laetemur
3463 1440 3534 1496 ob
3563 1454 3693 1511 pos-

2112 1520 2403 1605 sessiones,
2429 1525 2476 1578 si
2522 1526 2722 1582 mundo
2771 1538 2983 1584 utamur
3020 1541 3290 1605 tamquam
3324 1548 3428 1587 non
3482 1542 3695 1589 utentes

2109 1612 2189 1682 (1.
2214 1594 2334 1668 σϐν.
2367 1615 2420 1669 7.
2451 1617 2562 1685 51).
2589 1617 2645 1673 Si
2672 1620 2763 1690 qui
2785 1633 2963 1676 autem
3010 1594 3251 1694 impediti
3281 1624 3496 1679 fuerunt
3522 1640 3552 1678 a
3586 1641 3695 1678 nu-

2113 1702 2259 1769 ptiis,
2281 1704 2452 1759 sciant
2479 1708 2619 1776 quod
2642 1711 2840 1778 nuptiae
2865 1728 2971 1766 non
2998 1712 3145 1768 fuere
3173 1714 3578 1786 impedimento,
3598 1713 3695 1768 sed

2111 1789 2338 1847 liberum
2364 1795 2641 1851 arbitrium
2674 1800 2817 1868 quod
2844 1802 2985 1857 male
3011 1814 3166 1858 usum
3188 1814 3271 1859 est
3299 1805 3496 1875 nuptiis
3525 1816 3538 1852 :
3569 1820 3694 1858 nam

2109 1897 2282 1953 neque
2307 1886 2489 1941 vinum
2514 1886 2643 1943 facit
2672 1891 3008 1958 ebrietatem,
3038 1894 3134 1949 sed
3176 1894 3375 1949 malum
3405 1893 3571 1949 animi
3603 1895 3695 1949 in-

2105 1989 2369 2052 stitutum,
2401 2000 2454 2043 et
2482 1989 2598 2058 ejus
2623 2002 2750 2042 usus
2777 2003 2938 2057 supra
2972 1987 3212 2043 modum.
3242 1989 3513 2047 Moderate
3541 2000 3701 2050 utere

2107 2077 2326 2147 nuptiis,
2369 2087 2422 2132 et
2450 2079 2559 2132 eris
2586 2078 2791 2147 primus
2818 2077 2871 2131 in
2907 2093 3076 2149 regno
3103 2081 3357 2136 caelorum
3379 2121 3396 2143 ,
3419 2090 3474 2136 et
3497 2080 3697 2144 frueris

2107 2170 2262 2225 bonis
2288 2171 2536 2227 omnibus
2565 2190 2576 2224 :
2612 2186 2730 2243 quae
2764 2171 2920 2226 detur
2948 2173 3103 2228 nobis
3132 2174 3383 2229 omnibus
3412 2182 3697 2248 consequi,

2106 2262 2277 2331 gratia
2299 2273 2350 2318 et
2377 2262 2706 2332 benignitate
2733 2262 2944 2317 Domini
2977 2264 3144 2319 nostri
3168 2264 3296 2319 Jcsu
3325 2263 3544 2331 Christi,
3570 2282 3697 2322 cum

2108 2368 2214 2423 quo
2258 2354 2401 2409 Patri
2454 2355 2719 2424 simulque
2748 2365 2936 2411 sancto
2966 2354 3189 2426 Spiritui
3215 2359 3405 2428 gloria,
3433 2368 3700 2430 potestas,

2111 2445 2304 2509 honor,
2354 2459 2495 2499 nunc
2537 2454 2591 2500 et
2631 2460 2872 2516 semper,
2926 2448 3062 2502 etin
3110 2449 3305 2504 saecula
3352 2450 3700 2507 smculorum.

2112 2538 2302 2591 Amen.

2287 2726 3622 2742 —-.—"—-————.————‘—_——————4——-—-_m
3640 2737 3681 2746 -ο

2120 2934 2197 3004 git
2238 2933 2303 2987 ad
2352 2931 2729 3000 patriareham,
2777 2945 2831 2989 et
2869 2936 3173 2992 universum
3225 2937 3435 2994 reduxit
3461 2938 3530 2993 ad
3572 2939 3707 2994 illud

2123 3033 2351 3094 tempus.
2378 3024 2451 3078 Ita
2482 3024 2569 3080 hic
2606 3040 2819 3095 quoque
2853 3027 3073 3082 alteram
3121 3029 3403 3085 sacerdotii
3442 3031 3577 3084 viam
3624 3032 3711 3086 in-

2123 3113 2383 3182 greditur,
2414 3128 2719 3182 proponens
2761 3129 2827 3168 cx
2859 3114 2923 3169 iis
2951 3131 3070 3186 qua:
3098 3129 3506 3186 prmcesserunt.
3537 3120 3605 3174 Et
3633 3122 3711 3175 si-

2123 3212 2213 3257 cut
2260 3204 2312 3257 in
2352 3204 2626 3272 punitione
2672 3220 2777 3259 non
2808 3206 2983 3261 solum
3014 3208 3231 3264 adducit
3255 3211 3578 3281 gehennam,
3611 3214 3713 3269 sed

2124 3308 2186 3348 ea
2213 3294 2371 3348 etiam
2400 3310 2520 3365 quae
2554 3297 2896 3366 contigerunt
2924 3307 3167 3368 tempore
3211 3312 3421 3370 patrum
3459 3322 3471 3357 :
3499 3306 3570 3357 ita
3620 3304 3715 3360 hic

2128 3415 2336 3470 quoque
2365 3399 2592 3469 primum
2614 3399 2898 3453 conﬁrmat
2922 3415 2949 3452 a
2974 3398 3350 3468 prmsentibus.
3379 3395 3510 3449 Nam
3538 3408 3708 3462 opor-

2127 3494 2269 3548 tebat
2298 3492 2511 3564 quidem
2542 3493 2873 3547 terrestrium
2920 3492 3075 3546 ﬁdem
3124 3490 3239 3545 ﬁeri
3272 3505 3336 3544 ex
3366 3487 3712 3550 cmlcstibus;

2127 3585 2217 3638 sed
2244 3582 2460 3655 quando
2503 3584 2751 3638 imbecilli
2795 3592 2917 3638 sunt
2942 3582 3235 3647 auditores,
3270 3583 3326 3635 ﬁt
3355 3580 3713 3636 contrarium.

2131 3677 2302 3744 Atque
2330 3676 2540 3729 interim
2562 3673 2774 3741 quidem
2808 3673 2974 3741 prima
3001 3673 3146 3742 ponit
3178 3688 3240 3727 ea
3267 3688 3387 3740 quae
3411 3679 3534 3723 sunt
3561 3684 3717 3722 com.

2131 3765 2307 3820 munia
2332 3782 2347 3832 ;
2370 3775 2425 3820 et
2453 3776 2576 3820 tunc
2604 3764 2837 3819 ostendit
2867 3763 2916 3817 id
2949 3762 3087 3831 quod
3112 3770 3414 3831 exsuperet.
3446 3759 3535 3815 Sic
3565 3760 3713 3812 enim

2131 3859 2186 3911 ﬁt
2212 3859 2556 3927 exsuperatio
2588 3872 2681 3925 per
2721 3855 3200 3923 comparationem,
3230 3852 3442 3921 quando
3490 3850 3542 3905 in
3590 3850 3716 3903 aliis

2128 3949 2341 4019 quidem
2374 3958 2454 4002 est
2485 3949 2623 4001 inter
2644 3962 2737 4000 eos
2765 3947 3070 3999 communio
3091 3954 3145 3998 et
3171 3945 3401 3997 societas
3422 3984 3436 4006 ,
3492 3943 3543 3995 in
3589 3939 3717 3994 aliis

2132 4054 2256 4093 vero
2283 4048 2567 4106 exsuperat
2593 4053 2605 4088 :
2631 4037 2711 4089 sin
2741 4037 2936 4099 minus,
2962 4050 3066 4087 non
3095 4034 3151 4087 ﬁt
3176 4033 3404 4103 amplius
3436 4047 3528 4100 per
3558 4045 3717 4083 cont-

2133 4128 2483 4196 parationem.
2517 4126 2693 4180 Omnis
2729 4127 2956 4196 pontifex
2985 4141 3048 4179 ea:
3080 4124 3370 4178 hominibus
3399 4131 3715 4190 assumptus,

2136 4218 2245 4271 lloc
2275 4228 2356 4271 est
2380 4217 2591 4271 Christo
2616 4233 2921 4270 commune.
2947 4214 3053 4269 Pro
3080 4214 3366 4268 hominibus
3393 4212 3721 4266 constituitur

2132 4313 2183 4365 in
2211 4313 2273 4365 iis
2301 4327 2411 4381 qua:
2443 4311 2509 4364 ad
2553 4311 2715 4364 Deum
2748 4311 3018 4379 pertinent.
3055 4310 3117 4362 lit
3146 4307 3275 4363 illud
3300 4321 3607 4361 commune.
3645 4302 3720 4358 Ut

2134 4402 2312 4470 o/Ierat
2340 4405 2472 4456 dona
2501 4413 2544 4456 et
2586 4402 2839 4470 sacrificia
2863 4418 2952 4471 pro
2979 4402 3186 4472 populo.
3219 4400 3287 4454 Et
3333 4401 3433 4454 hoc
3461 4413 3675 4469 quoque
3701 4440 3717 4462 ,

2136 4498 2229 4553 sed
2272 4513 2378 4552 non
2413 4507 2579 4551 totum
2618 4511 2779 4564 :qua:
2824 4503 3032 4549 restant
3084 4503 3303 4557 autem,
3355 4504 3718 4560 nequaquam.

2139 4589 2237 4657 Qui
2264 4589 2530 4643 condolere
2557 4588 2711 4657 possit
2735 4587 2796 4639 iis
2821 4588 2905 4656 qui
2932 4586 3165 4657 ignorant
3192 4594 3238 4637 et
3261 4588 3450 4637 errant.
3488 4583 3582 4636 llic
3605 4582 3721 4650 jam

2135 4690 2215 4735 est
2229 4696 2357 4735 ex~u
2366 4680 2584 4747 pet-alio.
2609 4678 2858 4742 Quoniam
2872 4679 2977 4747 ipse
2991 4676 3332 4729 circumdatus
3357 4684 3428 4727 est
3446 4674 3723 4743 infirmitao

2136 4780 2203 4837 te,
2227 4782 2272 4824 et
2301 4780 2504 4840 propter
2524 4786 2634 4822 eam
2658 4768 2821 4830 debet,
2840 4766 3262 4837 quemadmodum
3295 4783 3386 4835 pro
3403 4764 3614 4835 populo,
3647 4765 3724 4818 ita

2136 4863 2283 4915 etiam
2311 4878 2401 4931 pro
2415 4862 2575 4929 seipse
2592 4858 2773 4925 οπερ·ιέ
2795 4876 2887 4929 pro
2905 4860 3138 4925 peccatis.
3165 4859 3366 4911 Deinde
3381 4856 3525 4910 aliud
3541 4856 3720 4912 addit:

2136 4953 2242 5019 Fit,
2274 4952 2462 5022 inquit,
2495 4952 2562 5005 ab
2592 4952 2720 5012 alio,
2754 4959 2809 5005 et
2840 4954 2952 5019 ipse
2982 4964 3086 5004 non
3116 4948 3334 5002 invadit.
3362 4947 3475 5002 lloc
3505 4962 3724 5017 quoque

2137 5058 2214 5099 es:
2239 5059 2541 5098 commune.
2571 5043 2623 5096 lt.
2658 5040 2766 5095 Nec
2781 5042 3043 5110 quisquam
3065 5040 3160 5094 sibi
3178 5040 3328 5094 sumit
3347 5039 3612 5103 batwrem,
3632 5039 3725 5091 sed

2138 5136 2223 5206 qui
2251 5146 2453 5188 vocatur
2478 5152 2507 5186 a
2535 5133 2660 5199 Deo,
2692 5144 2945 5203 tamquam
2991 5134 3184 5185 Aaron.
3214 5132 3309 5186 llic
3347 5131 3490 5184 aliud
3525 5142 3678 5184 curat
3703 5173 3721 5197 ,

2138 5226 2425 5279 ostendens
2452 5225 2590 5293 quod
2623 5240 2652 5278 a
2685 5224 2791 5277 Deo
2817 5224 2887 5276 sit
2922 5224 3137 5276 missus.
3167 5221 3317 5288 Quod
3348 5222 3563 5290 quidem
3596 5236 3722 5275 cmn

2137 5320 2333 5375 ludatis
2356 5318 2627 5373 disserens
2653 5316 2866 5372 assidue
2896 5316 3109 5371 diccbat
3138 5316 3382 5371 Christus
3414 5332 3427 5367 :
3461 5314 3561 5381 Qui
3585 5315 3723 5367 misit

2137 5429 2235 5472 me,
2269 5414 2433 5476 maior
2463 5429 2539 5464 nte
2567 5421 2638 5463 est
2690 5409 2869 5479 (Joan.
2913 5409 2967 5465 8.
2997 5409 3126 5479 42);
3159 5417 3232 5473 et,
3282 5408 3326 5460 Α
3357 5424 3434 5460 me
3479 5410 3592 5477 ipso
3619 5423 3723 5458 non

2138 5506 2268 5559 ecni.
2301 5504 2394 5556 llic
2413 5503 2537 5556 mihi
2563 5501 2769 5557 videtur
2794 5502 2954 5556 etiam
2979 5503 3138 5555 tacite
3164 5499 3471 5554 Judzeorum
3499 5499 3726 5552 iunuere

2138 5597 2463 5656 sacerdotes,
2485 5596 2570 5665 qui
2606 5595 2947 5661 invadebant,
2967 5603 3021 5649 et
3044 5594 3214 5664 legem
3238 5591 3508 5646 violabant
3535 5606 3723 5644 sacer-

2138 5689 2287 5742 dotii.
2324 5689 2372 5743 ii.
2407 5688 2492 5740 Sir
2515 5698 2557 5741 et
2587 5686 2817 5741 Christus
2848 5702 2948 5740 non
2979 5686 3299 5753 semetipsum
3325 5683 3627 5751 glori/ienuit
3668 5693 3725 5735 ut
