  <div class='ocr_page' id='page_1' title='image "/cluster/home/n/w/nwhite01/storage/ocr_20150623/63/mdp.39015008641394/075.png"; bbox 0 0 3956 6138; ppageno 0'>
   <div class='ocr_carea' id='block_1_1' title="bbox 410 321 491 378">
    <p class='ocr_par' dir='ltr' id='par_1_1' title="bbox 410 321 491 378">
     <span class='ocr_line' id='line_1_1' title="bbox 410 321 491 378; baseline 0.049 -4"><span class='ocrx_word' id='word_1_1' title='bbox 410 321 491 378; x_wconf 68' lang='grc' dir='ltr'><strong>ἹΙ</strong></span> 
     </span>
    </p>
   </div>
   <div class='ocr_carea' id='block_1_2' title="bbox 408 417 1992 506">
    <p class='ocr_par' dir='ltr' id='par_1_2' title="bbox 408 417 1992 506">
     <span class='ocr_line' id='line_1_2' title="bbox 408 417 1992 506; baseline 0 -17"><span class='ocrx_word' id='word_1_2' title='bbox 408 438 470 489; x_wconf 76' lang='lat' dir='ltr'><strong>is</strong></span> <span class='ocrx_word' id='word_1_3' title='bbox 500 450 604 490; x_wconf 89' lang='lat' dir='ltr'><strong>non</strong></span> <span class='ocrx_word' id='word_1_4' title='bbox 651 442 827 506; x_wconf 84' lang='lat' dir='ltr'><strong>potest</strong></span> <span class='ocrx_word' id='word_1_5' title='bbox 853 435 933 490; x_wconf 85' lang='lat' dir='ltr'><strong>eis</strong></span> <span class='ocrx_word' id='word_1_6' title='bbox 957 417 1128 489; x_wconf 27' lang='lat' dir='ltr'><strong>recte.</strong></span> <span class='ocrx_word' id='word_1_7' title='bbox 1152 433 1506 501; x_wconf 88' lang='lat' dir='ltr'><strong>interpretari.</strong></span> <span class='ocrx_word' id='word_1_8' title='bbox 1538 431 1642 487; x_wconf 71' lang='lat' dir='ltr'><strong>Sed</strong></span> <span class='ocrx_word' id='word_1_9' title='bbox 1689 432 1821 487; x_wconf 86' lang='lat' dir='ltr'><strong>forte</strong></span> <span class='ocrx_word' id='word_1_10' title='bbox 1844 437 1992 504; x_wconf 85' lang='lat' dir='ltr'><strong>quis-</strong></span> 
     </span>
    </p>
   </div>
   <div class='ocr_carea' id='block_1_3' title="bbox 423 522 1991 593">
    <p class='ocr_par' dir='ltr' id='par_1_3' title="bbox 423 522 1991 593">
     <span class='ocr_line' id='line_1_3' title="bbox 423 522 1991 593; baseline 0.001 -17"><span class='ocrx_word' id='word_1_11' title='bbox 423 526 562 593; x_wconf 80' lang='lat' dir='ltr'><strong>piam</strong></span> <span class='ocrx_word' id='word_1_12' title='bbox 600 542 680 581; x_wconf 74' lang='grc' dir='ltr'>»ει</span> <span class='ocrx_word' id='word_1_13' title='bbox 726 525 897 591; x_wconf 80' lang='lat' dir='ltr'><strong>vobis,</strong></span> <span class='ocrx_word' id='word_1_14' title='bbox 949 525 1036 593; x_wconf 87' lang='lat' dir='ltr'><strong>qui</strong></span> <span class='ocrx_word' id='word_1_15' title='bbox 1067 522 1154 578; x_wconf 89' lang='lat' dir='ltr'><strong>hic</strong></span> <span class='ocrx_word' id='word_1_16' title='bbox 1193 523 1365 586; x_wconf 87' lang='lat' dir='ltr'><strong>statis,</strong></span> <span class='ocrx_word' id='word_1_17' title='bbox 1394 523 1608 592; x_wconf 82' lang='lat' dir='ltr'><strong>caligat,</strong></span> <span class='ocrx_word' id='word_1_18' title='bbox 1658 533 1712 576; x_wconf 88' lang='lat' dir='ltr'><strong>et</strong></span> <span class='ocrx_word' id='word_1_19' title='bbox 1739 523 1991 577; x_wconf 79' lang='lat' dir='ltr'><strong>damnum</strong></span> 
     </span>
    </p>
   </div>
   <div class='ocr_carea' id='block_1_4' title="bbox 421 612 1995 685">
    <p class='ocr_par' dir='ltr' id='par_1_4' title="bbox 421 612 1995 685">
     <span class='ocr_line' id='line_1_4' title="bbox 421 612 1995 685; baseline -0.001 -14"><span class='ocrx_word' id='word_1_20' title='bbox 421 635 531 674; x_wconf 88' lang='lat' dir='ltr'><strong>rem</strong></span> <span class='ocrx_word' id='word_1_21' title='bbox 578 634 697 674; x_wconf 89' lang='lat' dir='ltr'><strong>esse</strong></span> <span class='ocrx_word' id='word_1_22' title='bbox 724 617 1016 682; x_wconf 74' lang='lat' dir='ltr'><strong>existimat,</strong></span> <span class='ocrx_word' id='word_1_23' title='bbox 1044 616 1087 670; x_wconf 88' lang='lat' dir='ltr'><strong>si</strong></span> <span class='ocrx_word' id='word_1_24' title='bbox 1131 616 1244 685; x_wconf 89' lang='lat' dir='ltr'><strong>ipse</strong></span> <span class='ocrx_word' id='word_1_25' title='bbox 1291 622 1512 684; x_wconf 78' lang='lat' dir='ltr'><strong>propter</strong></span> <span class='ocrx_word' id='word_1_26' title='bbox 1539 614 1792 667; x_wconf 75' lang='lat' dir='ltr'><strong>llchrteos</strong></span> <span class='ocrx_word' id='word_1_27' title='bbox 1834 612 1995 669; x_wconf 86' lang='lat' dir='ltr'><strong>fuerit</strong></span> 
     </span>
    </p>
   </div>
   <div class='ocr_carea' id='block_1_5' title="bbox 420 704 1990 780">
    <p class='ocr_par' dir='ltr' id='par_1_5' title="bbox 420 704 1990 780">
     <span class='ocr_line' id='line_1_5' title="bbox 420 704 1990 780; baseline -0.002 -17"><span class='ocrx_word' id='word_1_28' title='bbox 420 710 707 780; x_wconf 82' lang='lat' dir='ltr'><strong>impeditus</strong></span> <span class='ocrx_word' id='word_1_29' title='bbox 752 724 819 763; x_wconf 85' lang='lat' dir='ltr'><strong>ne</strong></span> <span class='ocrx_word' id='word_1_30' title='bbox 876 721 1180 762; x_wconf 86' lang='lat' dir='ltr'><strong>sermonem</strong></span> <span class='ocrx_word' id='word_1_31' title='bbox 1231 706 1540 774; x_wconf 84' lang='lat' dir='ltr'><strong>loqueretur</strong></span> <span class='ocrx_word' id='word_1_32' title='bbox 1595 704 1990 773; x_wconf 89' lang='lat' dir='ltr'><strong>perfectiorcm.</strong></span> 
     </span>
    </p>
   </div>
   <div class='ocr_carea' id='block_1_6' title="bbox 417 797 1992 871">
    <p class='ocr_par' dir='ltr' id='par_1_6' title="bbox 417 797 1992 871">
     <span class='ocr_line' id='line_1_6' title="bbox 417 797 1992 871; baseline -0.001 -17"><span class='ocrx_word' id='word_1_33' title='bbox 417 808 591 871; x_wconf 77' lang='lat' dir='ltr'><strong>Atque</strong></span> <span class='ocrx_word' id='word_1_34' title='bbox 611 802 744 854; x_wconf 90' lang='lat' dir='ltr'><strong>forte</strong></span> <span class='ocrx_word' id='word_1_35' title='bbox 755 800 968 870; x_wconf 89' lang='lat' dir='ltr'><strong>quidem</strong></span> <span class='ocrx_word' id='word_1_36' title='bbox 989 799 1074 853; x_wconf 81' lang='lat' dir='ltr'><strong>hic</strong></span> <span class='ocrx_word' id='word_1_37' title='bbox 1088 812 1322 869; x_wconf 89' lang='lat' dir='ltr'><strong>quoque,</strong></span> <span class='ocrx_word' id='word_1_38' title='bbox 1343 803 1537 865; x_wconf 71' lang='lat' dir='ltr'><strong>prmuzr</strong></span> <span class='ocrx_word' id='word_1_39' title='bbox 1556 809 1773 864; x_wconf 87' lang='lat' dir='ltr'><strong>paucos,</strong></span> <span class='ocrx_word' id='word_1_40' title='bbox 1798 797 1992 852; x_wconf 88' lang='lat' dir='ltr'><strong>multos</strong></span> 
     </span>
    </p>
   </div>
   <div class='ocr_carea' id='block_1_7' title="bbox 417 885 1993 962">
    <p class='ocr_par' dir='ltr' id='par_1_7' title="bbox 417 885 1993 962">
     <span class='ocr_line' id='line_1_7' title="bbox 417 885 1993 962; baseline -0.004 -17"><span class='ocrx_word' id='word_1_41' title='bbox 417 893 608 962; x_wconf 80' lang='lat' dir='ltr'><strong>opinor</strong></span> <span class='ocrx_word' id='word_1_42' title='bbox 629 906 747 946; x_wconf 86' lang='lat' dir='ltr'><strong>esse</strong></span> <span class='ocrx_word' id='word_1_43' title='bbox 776 892 929 955; x_wconf 84' lang='lat' dir='ltr'><strong>tales,</strong></span> <span class='ocrx_word' id='word_1_44' title='bbox 952 900 1009 944; x_wconf 88' lang='lat' dir='ltr'><strong>ut</strong></span> <span class='ocrx_word' id='word_1_45' title='bbox 1028 889 1129 943; x_wconf 90' lang='lat' dir='ltr'><strong>hoc</strong></span> <span class='ocrx_word' id='word_1_46' title='bbox 1152 888 1311 943; x_wconf 87' lang='lat' dir='ltr'><strong>etiam</strong></span> <span class='ocrx_word' id='word_1_47' title='bbox 1342 885 1411 940; x_wconf 90' lang='lat' dir='ltr'><strong>de</strong></span> <span class='ocrx_word' id='word_1_48' title='bbox 1430 886 1579 939; x_wconf 77' lang='lat' dir='ltr'><strong>vobis</strong></span> <span class='ocrx_word' id='word_1_49' title='bbox 1604 885 1843 940; x_wconf 90' lang='lat' dir='ltr'><strong>dicatur:</strong></span> <span class='ocrx_word' id='word_1_50' title='bbox 1864 900 1993 955; x_wconf 86' lang='lat' dir='ltr'><strong>pro-</strong></span> 
     </span>
    </p>
   </div>
   <div class='ocr_carea' id='block_1_8' title="bbox 417 976 1992 1053">
    <p class='ocr_par' dir='ltr' id='par_1_8' title="bbox 417 976 1992 1053">
     <span class='ocr_line' id='line_1_8' title="bbox 417 976 1992 1053; baseline -0.003 -17"><span class='ocrx_word' id='word_1_51' title='bbox 417 993 532 1053; x_wconf 82' lang='lat' dir='ltr'><strong>pter</strong></span> <span class='ocrx_word' id='word_1_52' title='bbox 559 996 755 1053; x_wconf 86' lang='lat' dir='ltr'><strong>paucos</strong></span> <span class='ocrx_word' id='word_1_53' title='bbox 784 992 962 1036; x_wconf 88' lang='lat' dir='ltr'><strong>autem</strong></span> <span class='ocrx_word' id='word_1_54' title='bbox 993 980 1189 1035; x_wconf 76' lang='lat' dir='ltr'><strong>dicam.</strong></span> <span class='ocrx_word' id='word_1_55' title='bbox 1226 976 1493 1046; x_wconf 84' lang='lat' dir='ltr'><strong>Numquid</strong></span> <span class='ocrx_word' id='word_1_56' title='bbox 1531 990 1659 1046; x_wconf 78' lang='lat' dir='ltr'><strong>ergo</strong></span> <span class='ocrx_word' id='word_1_57' title='bbox 1688 990 1992 1032; x_wconf 86' lang='lat' dir='ltr'><strong>sermonem</strong></span> 
     </span>
    </p>
   </div>
   <div class='ocr_carea' id='block_1_9' title="bbox 412 1067 1989 1142">
    <p class='ocr_par' dir='ltr' id='par_1_9' title="bbox 412 1067 1989 1142">
     <span class='ocr_line' id='line_1_9' title="bbox 412 1067 1989 1142; baseline -0.001 -17"><span class='ocrx_word' id='word_1_58' title='bbox 412 1073 628 1128; x_wconf 81' lang='lat' dir='ltr'><strong>silentio</strong></span> <span class='ocrx_word' id='word_1_59' title='bbox 659 1071 935 1142; x_wconf 67' lang='lat' dir='ltr'><strong>praeteriit,</strong></span> <span class='ocrx_word' id='word_1_60' title='bbox 961 1078 1054 1125; x_wconf 87' lang='lat' dir='ltr'><strong>aut</strong></span> <span class='ocrx_word' id='word_1_61' title='bbox 1082 1084 1204 1124; x_wconf 90' lang='lat' dir='ltr'><strong>eum</strong></span> <span class='ocrx_word' id='word_1_62' title='bbox 1234 1083 1422 1123; x_wconf 86' lang='lat' dir='ltr'><strong>rursus</strong></span> <span class='ocrx_word' id='word_1_63' title='bbox 1443 1067 1671 1136; x_wconf 85' lang='lat' dir='ltr'><strong>sumpsit</strong></span> <span class='ocrx_word' id='word_1_64' title='bbox 1697 1067 1749 1121; x_wconf 87' lang='lat' dir='ltr'><strong>in</strong></span> <span class='ocrx_word' id='word_1_65' title='bbox 1775 1067 1841 1122; x_wconf 90' lang='lat' dir='ltr'><strong>iis</strong></span> <span class='ocrx_word' id='word_1_66' title='bbox 1867 1084 1989 1138; x_wconf 72' lang='grc' dir='ltr'>(ιιιςε</span> 
     </span>
    </p>
   </div>
   <div class='ocr_carea' id='block_1_10' title="bbox 418 1162 1995 1234">
    <p class='ocr_par' dir='ltr' id='par_1_10' title="bbox 418 1162 1995 1234">
     <span class='ocr_line' id='line_1_10' title="bbox 418 1162 1995 1234; baseline 0.002 -19"><span class='ocrx_word' id='word_1_67' title='bbox 418 1162 669 1228; x_wconf 79' lang='lat' dir='ltr'><strong>deinceps</strong></span> <span class='ocrx_word' id='word_1_68' title='bbox 694 1172 1010 1232; x_wconf 89' lang='lat' dir='ltr'><strong>sequuntur,</strong></span> <span class='ocrx_word' id='word_1_69' title='bbox 1030 1171 1086 1218; x_wconf 90' lang='lat' dir='ltr'><strong>et</strong></span> <span class='ocrx_word' id='word_1_70' title='bbox 1111 1162 1250 1217; x_wconf 87' lang='lat' dir='ltr'><strong>idem</strong></span> <span class='ocrx_word' id='word_1_71' title='bbox 1282 1162 1410 1219; x_wconf 86' lang='lat' dir='ltr'><strong>fecit</strong></span> <span class='ocrx_word' id='word_1_72' title='bbox 1428 1163 1569 1234; x_wconf 89' lang='lat' dir='ltr'><strong>quod</strong></span> <span class='ocrx_word' id='word_1_73' title='bbox 1590 1163 1643 1217; x_wconf 91' lang='lat' dir='ltr'><strong>in</strong></span> <span class='ocrx_word' id='word_1_74' title='bbox 1672 1164 1909 1234; x_wconf 82' lang='lat' dir='ltr'><strong>Epistola</strong></span> <span class='ocrx_word' id='word_1_75' title='bbox 1926 1162 1995 1218; x_wconf 88' lang='lat' dir='ltr'><strong>ad</strong></span> 
     </span>
    </p>
   </div>
   <div class='ocr_carea' id='block_1_11' title="bbox 422 1251 2000 1323">
    <p class='ocr_par' dir='ltr' id='par_1_11' title="bbox 422 1251 2000 1323">
     <span class='ocr_line' id='line_1_11' title="bbox 422 1251 2000 1323; baseline 0.001 -16"><span class='ocrx_word' id='word_1_76' title='bbox 422 1253 737 1310; x_wconf 74' lang='lat' dir='ltr'><strong>Romanos?</strong></span> <span class='ocrx_word' id='word_1_77' title='bbox 763 1269 885 1307; x_wconf 86' lang='lat' dir='ltr'><strong>nam</strong></span> <span class='ocrx_word' id='word_1_78' title='bbox 917 1254 1028 1308; x_wconf 90' lang='lat' dir='ltr'><strong>illic</strong></span> <span class='ocrx_word' id='word_1_79' title='bbox 1071 1267 1304 1323; x_wconf 88' lang='lat' dir='ltr'><strong>quoque,</strong></span> <span class='ocrx_word' id='word_1_80' title='bbox 1350 1268 1471 1308; x_wconf 92' lang='lat' dir='ltr'><strong>cum</strong></span> <span class='ocrx_word' id='word_1_81' title='bbox 1503 1267 1564 1308; x_wconf 90' lang='lat' dir='ltr'><strong>os</strong></span> <span class='ocrx_word' id='word_1_82' title='bbox 1608 1251 1755 1323; x_wconf 85' lang='lat' dir='ltr'><strong>prius</strong></span> <span class='ocrx_word' id='word_1_83' title='bbox 1777 1252 2000 1308; x_wconf 83' lang='lat' dir='ltr'><strong>obstru-</strong></span> 
     </span>
    </p>
   </div>
   <div class='ocr_carea' id='block_1_12' title="bbox 418 1341 2002 1413">
    <p class='ocr_par' dir='ltr' id='par_1_12' title="bbox 418 1341 2002 1413">
     <span class='ocr_line' id='line_1_12' title="bbox 418 1341 2002 1413; baseline -0.004 -11"><span class='ocrx_word' id='word_1_84' title='bbox 418 1347 588 1402; x_wconf 79' lang='lat' dir='ltr'><strong>xisset</strong></span> <span class='ocrx_word' id='word_1_85' title='bbox 615 1345 1126 1410; x_wconf 77' lang='lat' dir='ltr'><strong>contradicentibus,</strong></span> <span class='ocrx_word' id='word_1_86' title='bbox 1160 1353 1215 1398; x_wconf 90' lang='lat' dir='ltr'><strong>et</strong></span> <span class='ocrx_word' id='word_1_87' title='bbox 1257 1344 1507 1410; x_wconf 80' lang='lat' dir='ltr'><strong>dixisset,</strong></span> <span class='ocrx_word' id='word_1_88' title='bbox 1543 1341 1588 1396; x_wconf 94' lang='grc' dir='ltr'><strong><em>Ο</em></strong></span> <span class='ocrx_word' id='word_1_89' title='bbox 1609 1347 1777 1406; x_wconf 85' lang='lat' dir='ltr'><strong>homo,</strong></span> <span class='ocrx_word' id='word_1_90' title='bbox 1808 1352 1860 1395; x_wconf 87' lang='lat' dir='ltr'><strong>tu</strong></span> <span class='ocrx_word' id='word_1_91' title='bbox 1885 1357 2002 1413; x_wconf 78' lang='lat' dir='ltr'><strong>quis</strong></span> 
     </span>
    </p>
   </div>
   <div class='ocr_carea' id='block_1_13' title="bbox 420 1432 2003 1507">
    <p class='ocr_par' dir='ltr' id='par_1_13' title="bbox 420 1432 2003 1507">
     <span class='ocr_line' id='line_1_13' title="bbox 420 1432 2003 1507; baseline -0.001 -17"><span class='ocrx_word' id='word_1_92' title='bbox 420 1453 472 1490; x_wconf 85' lang='lat' dir='ltr'><strong>es</strong></span> <span class='ocrx_word' id='word_1_93' title='bbox 497 1436 583 1507; x_wconf 86' lang='lat' dir='ltr'><strong>qui</strong></span> <span class='ocrx_word' id='word_1_94' title='bbox 623 1436 929 1505; x_wconf 74' lang='lat' dir='ltr'><strong>respondeas</strong></span> <span class='ocrx_word' id='word_1_95' title='bbox 963 1434 1072 1488; x_wconf 88' lang='lat' dir='ltr'><strong>Deo</strong></span> <span class='ocrx_word' id='word_1_96' title='bbox 1104 1433 1278 1506; x_wconf 87' lang='lat' dir='ltr'><strong>(Rom.</strong></span> <span class='ocrx_word' id='word_1_97' title='bbox 1309 1434 1364 1489; x_wconf 87' lang='lat'><strong>9.</strong></span> <span class='ocrx_word' id='word_1_98' title='bbox 1406 1433 1544 1504; x_wconf 67' lang='lat'><strong>20)?</strong></span> <span class='ocrx_word' id='word_1_99' title='bbox 1572 1442 1698 1488; x_wconf 87' lang='lat' dir='ltr'><strong>tunc</strong></span> <span class='ocrx_word' id='word_1_100' title='bbox 1727 1432 2003 1503; x_wconf 79' lang='lat' dir='ltr'><strong>subjungit</strong></span> 
     </span>
    </p>
   </div>
   <div class='ocr_carea' id='block_1_14' title="bbox 421 1524 2001 1598">
    <p class='ocr_par' dir='ltr' id='par_1_14' title="bbox 421 1524 2001 1598">
     <span class='ocr_line' id='line_1_14' title="bbox 421 1524 2001 1598; baseline -0.003 -17"><span class='ocrx_word' id='word_1_101' title='bbox 421 1527 767 1583; x_wconf 79' lang='lat' dir='ltr'><strong>solutionem.</strong></span> <span class='ocrx_word' id='word_1_102' title='bbox 804 1527 914 1598; x_wconf 77' lang='lat' dir='ltr'><strong>Ego</strong></span> <span class='ocrx_word' id='word_1_103' title='bbox 955 1537 1132 1582; x_wconf 85' lang='lat' dir='ltr'><strong>autem</strong></span> <span class='ocrx_word' id='word_1_104' title='bbox 1174 1535 1302 1596; x_wconf 90' lang='lat' dir='ltr'><strong>puto</strong></span> <span class='ocrx_word' id='word_1_105' title='bbox 1348 1540 1520 1596; x_wconf 89' lang='lat' dir='ltr'><strong>neque</strong></span> <span class='ocrx_word' id='word_1_106' title='bbox 1565 1525 1738 1595; x_wconf 91' lang='lat' dir='ltr'><strong>ipsum</strong></span> <span class='ocrx_word' id='word_1_107' title='bbox 1779 1524 2001 1579; x_wconf 85' lang='lat' dir='ltr'><strong>omnino</strong></span> 
     </span>
    </p>
   </div>
   <div class='ocr_carea' id='block_1_15' title="bbox 423 1615 2002 1688">
    <p class='ocr_par' dir='ltr' id='par_1_15' title="bbox 423 1615 2002 1688">
     <span class='ocr_line' id='line_1_15' title="bbox 423 1615 2002 1688; baseline -0.003 -15"><span class='ocrx_word' id='word_1_108' title='bbox 423 1618 638 1674; x_wconf 89' lang='lat' dir='ltr'><strong>silentio</strong></span> <span class='ocrx_word' id='word_1_109' title='bbox 657 1619 1000 1687; x_wconf 75' lang='lat' dir='ltr'><strong>przeteriisse,</strong></span> <span class='ocrx_word' id='word_1_110' title='bbox 1024 1632 1196 1688; x_wconf 89' lang='lat' dir='ltr'><strong>neque</strong></span> <span class='ocrx_word' id='word_1_111' title='bbox 1216 1617 1434 1683; x_wconf 78' lang='lat' dir='ltr'><strong>dixisse,</strong></span> <span class='ocrx_word' id='word_1_112' title='bbox 1465 1626 1523 1671; x_wconf 92' lang='lat' dir='ltr'><strong>ut</strong></span> <span class='ocrx_word' id='word_1_113' title='bbox 1545 1616 1816 1671; x_wconf 86' lang='lat' dir='ltr'><strong>auditores</strong></span> <span class='ocrx_word' id='word_1_114' title='bbox 1844 1615 2002 1670; x_wconf 88' lang='lat' dir='ltr'><strong>indu-</strong></span> 
     </span>
    </p>
   </div>
   <div class='ocr_carea' id='block_1_16' title="bbox 423 1706 2000 1773">
    <p class='ocr_par' dir='ltr' id='par_1_16' title="bbox 423 1706 2000 1773">
     <span class='ocr_line' id='line_1_16' title="bbox 423 1706 2000 1773; baseline -0.001 -9"><span class='ocrx_word' id='word_1_115' title='bbox 423 1718 511 1764; x_wconf 85' lang='lat' dir='ltr'><strong>cat</strong></span> <span class='ocrx_word' id='word_1_116' title='bbox 538 1709 590 1763; x_wconf 90' lang='lat' dir='ltr'><strong>in</strong></span> <span class='ocrx_word' id='word_1_117' title='bbox 620 1708 962 1764; x_wconf 83' lang='lat' dir='ltr'><strong>desiderium.</strong></span> <span class='ocrx_word' id='word_1_118' title='bbox 991 1708 1121 1763; x_wconf 90' lang='lat' dir='ltr'><strong>Nam</strong></span> <span class='ocrx_word' id='word_1_119' title='bbox 1144 1724 1263 1763; x_wconf 90' lang='lat' dir='ltr'><strong>cum</strong></span> <span class='ocrx_word' id='word_1_120' title='bbox 1292 1707 1677 1773; x_wconf 89' lang='lat' dir='ltr'><strong>admonuisset,</strong></span> <span class='ocrx_word' id='word_1_121' title='bbox 1703 1717 1757 1763; x_wconf 86' lang='lat' dir='ltr'><strong>et</strong></span> <span class='ocrx_word' id='word_1_122' title='bbox 1776 1706 2000 1763; x_wconf 74' lang='lat' dir='ltr'><strong>dixisset</strong></span> 
     </span>
    </p>
   </div>
   <div class='ocr_carea' id='block_1_17' title="bbox 424 1799 1997 1872">
    <p class='ocr_par' dir='ltr' id='par_1_17' title="bbox 424 1799 1997 1872">
     <span class='ocr_line' id='line_1_17' title="bbox 424 1799 1997 1872; baseline 0.001 -17"><span class='ocrx_word' id='word_1_123' title='bbox 424 1817 614 1872; x_wconf 79' lang='lat' dir='ltr'><strong>magna</strong></span> <span class='ocrx_word' id='word_1_124' title='bbox 644 1802 886 1869; x_wconf 62' lang='lat' dir='ltr'><strong>quedam</strong></span> <span class='ocrx_word' id='word_1_125' title='bbox 913 1815 1033 1856; x_wconf 88' lang='lat' dir='ltr'><strong>esse</strong></span> <span class='ocrx_word' id='word_1_126' title='bbox 1062 1802 1162 1855; x_wconf 83' lang='lat' dir='ltr'><strong>sita</strong></span> <span class='ocrx_word' id='word_1_127' title='bbox 1192 1801 1246 1855; x_wconf 91' lang='lat' dir='ltr'><strong>in</strong></span> <span class='ocrx_word' id='word_1_128' title='bbox 1274 1814 1542 1864; x_wconf 88' lang='lat' dir='ltr'><strong>sermone,</strong></span> <span class='ocrx_word' id='word_1_129' title='bbox 1575 1799 1696 1854; x_wconf 88' lang='lat' dir='ltr'><strong>vide</strong></span> <span class='ocrx_word' id='word_1_130' title='bbox 1724 1800 1997 1870; x_wconf 86' lang='lat' dir='ltr'><strong>quomodo</strong></span> 
     </span>
    </p>
   </div>
   <div class='ocr_carea' id='block_1_18' title="bbox 422 1891 1999 1963">
    <p class='ocr_par' dir='ltr' id='par_1_18' title="bbox 422 1891 1999 1963">
     <span class='ocr_line' id='line_1_18' title="bbox 422 1891 1999 1963; baseline -0.001 -17"><span class='ocrx_word' id='word_1_131' title='bbox 422 1908 543 1947; x_wconf 90' lang='lat' dir='ltr'><strong>cum</strong></span> <span class='ocrx_word' id='word_1_132' title='bbox 571 1894 727 1948; x_wconf 83' lang='lat' dir='ltr'><strong>laude</strong></span> <span class='ocrx_word' id='word_1_133' title='bbox 764 1908 858 1949; x_wconf 91' lang='lat' dir='ltr'><strong>eos</strong></span> <span class='ocrx_word' id='word_1_134' title='bbox 886 1893 1143 1963; x_wconf 85' lang='lat' dir='ltr'><strong>increpet.</strong></span> <span class='ocrx_word' id='word_1_135' title='bbox 1174 1892 1287 1946; x_wconf 86' lang='lat' dir='ltr'><strong>lloc</strong></span> <span class='ocrx_word' id='word_1_136' title='bbox 1326 1892 1467 1946; x_wconf 91' lang='lat' dir='ltr'><strong>enim</strong></span> <span class='ocrx_word' id='word_1_137' title='bbox 1490 1906 1703 1960; x_wconf 89' lang='lat' dir='ltr'><strong>semper</strong></span> <span class='ocrx_word' id='word_1_138' title='bbox 1727 1898 1810 1945; x_wconf 86' lang='lat' dir='ltr'><strong>est</strong></span> <span class='ocrx_word' id='word_1_139' title='bbox 1850 1891 1999 1946; x_wconf 84' lang='lat' dir='ltr'><strong>Pauli</strong></span> 
     </span>
    </p>
   </div>
   <div class='ocr_carea' id='block_1_19' title="bbox 422 1982 1995 2057">
    <p class='ocr_par' dir='ltr' id='par_1_19' title="bbox 422 1982 1995 2057">
     <span class='ocr_line' id='line_1_19' title="bbox 422 1982 1995 2057; baseline -0.002 -16"><span class='ocrx_word' id='word_1_140' title='bbox 422 1988 718 2057; x_wconf 73' lang='lat' dir='ltr'><strong>Sapientize,</strong></span> <span class='ocrx_word' id='word_1_141' title='bbox 741 1986 980 2041; x_wconf 89' lang='lat' dir='ltr'><strong>difficilia</strong></span> <span class='ocrx_word' id='word_1_142' title='bbox 1002 2001 1063 2040; x_wconf 89' lang='lat' dir='ltr'><strong>ac</strong></span> <span class='ocrx_word' id='word_1_143' title='bbox 1083 1986 1309 2039; x_wconf 89' lang='lat' dir='ltr'><strong>molesta</strong></span> <span class='ocrx_word' id='word_1_144' title='bbox 1329 1985 1554 2038; x_wconf 85' lang='lat' dir='ltr'><strong>miscere</strong></span> <span class='ocrx_word' id='word_1_145' title='bbox 1572 1998 1696 2037; x_wconf 90' lang='lat' dir='ltr'><strong>cum</strong></span> <span class='ocrx_word' id='word_1_146' title='bbox 1719 1982 1995 2051; x_wconf 80' lang='lat' dir='ltr'><strong>benignis:</strong></span> 
     </span>
    </p>
   </div>
   <div class='ocr_carea' id='block_1_20' title="bbox 424 2070 2003 2145">
    <p class='ocr_par' dir='ltr' id='par_1_20' title="bbox 424 2070 2003 2145">
     <span class='ocr_line' id='line_1_20' title="bbox 424 2070 2003 2145; baseline -0.001 -18"><span class='ocrx_word' id='word_1_147' title='bbox 424 2079 563 2145; x_wconf 84' lang='lat' dir='ltr'><strong>quod</strong></span> <span class='ocrx_word' id='word_1_148' title='bbox 582 2078 742 2132; x_wconf 89' lang='lat' dir='ltr'><strong>etiam</strong></span> <span class='ocrx_word' id='word_1_149' title='bbox 768 2076 954 2133; x_wconf 90' lang='lat' dir='ltr'><strong>facitin</strong></span> <span class='ocrx_word' id='word_1_150' title='bbox 977 2074 1208 2145; x_wconf 82' lang='lat' dir='ltr'><strong>Epistola</strong></span> <span class='ocrx_word' id='word_1_151' title='bbox 1227 2074 1292 2128; x_wconf 85' lang='lat' dir='ltr'><strong>ad</strong></span> <span class='ocrx_word' id='word_1_152' title='bbox 1308 2074 1539 2137; x_wconf 85' lang='lat' dir='ltr'><strong>Galatas,</strong></span> <span class='ocrx_word' id='word_1_153' title='bbox 1564 2073 1748 2127; x_wconf 88' lang='lat' dir='ltr'><strong>dicens</strong></span> <span class='ocrx_word' id='word_1_154' title='bbox 1775 2089 1789 2124; x_wconf 90' lang='lat'><strong>:</strong></span> <span class='ocrx_word' id='word_1_155' title='bbox 1818 2070 2003 2127; x_wconf 86' lang='lat' dir='ltr'><strong>Curre-</strong></span> 
     </span>
    </p>
   </div>
   <div class='ocr_carea' id='block_1_21' title="bbox 422 2161 2002 2236">
    <p class='ocr_par' dir='ltr' id='par_1_21' title="bbox 422 2161 2002 2236">
     <span class='ocr_line' id='line_1_21' title="bbox 422 2161 2002 2236; baseline -0.004 -15"><span class='ocrx_word' id='word_1_156' title='bbox 422 2166 551 2221; x_wconf 80' lang='lat' dir='ltr'><strong>batis</strong></span> <span class='ocrx_word' id='word_1_157' title='bbox 576 2167 697 2221; x_wconf 87' lang='lat' dir='ltr'><strong>bene</strong></span> <span class='ocrx_word' id='word_1_158' title='bbox 723 2181 741 2219; x_wconf 89' lang='lat'><strong>:</strong></span> <span class='ocrx_word' id='word_1_159' title='bbox 768 2166 879 2236; x_wconf 89' lang='lat' dir='ltr'><strong>quis</strong></span> <span class='ocrx_word' id='word_1_160' title='bbox 911 2181 996 2219; x_wconf 78' lang='lat' dir='ltr'><strong>vos</strong></span> <span class='ocrx_word' id='word_1_161' title='bbox 1026 2163 1284 2233; x_wconf 82' lang='lat' dir='ltr'><strong>impedivit</strong></span> <span class='ocrx_word' id='word_1_162' title='bbox 1306 2162 1501 2232; x_wconf 80' lang='lat' dir='ltr'><strong>(Galat.</strong></span> <span class='ocrx_word' id='word_1_163' title='bbox 1524 2162 1579 2217; x_wconf 81' lang='lat'><strong>5.</strong></span> <span class='ocrx_word' id='word_1_164' title='bbox 1615 2161 1706 2230; x_wconf 84' lang='lat'><strong>7)?</strong></span> <span class='ocrx_word' id='word_1_165' title='bbox 1733 2170 1805 2225; x_wconf 87' lang='lat' dir='ltr'><strong>et,</strong></span> <span class='ocrx_word' id='word_1_166' title='bbox 1834 2162 2002 2215; x_wconf 82' lang='lat' dir='ltr'><strong>Tanta</strong></span> 
     </span>
    </p>
   </div>
   <div class='ocr_carea' id='block_1_22' title="bbox 423 2252 1998 2327">
    <p class='ocr_par' dir='ltr' id='par_1_22' title="bbox 423 2252 1998 2327">
     <span class='ocr_line' id='line_1_22' title="bbox 423 2252 1998 2327; baseline -0.003 -16"><span class='ocrx_word' id='word_1_167' title='bbox 423 2260 559 2327; x_wconf 83' lang='lat' dir='ltr'><strong>passi</strong></span> <span class='ocrx_word' id='word_1_168' title='bbox 587 2259 708 2313; x_wconf 92' lang='lat' dir='ltr'><strong>estis</strong></span> <span class='ocrx_word' id='word_1_169' title='bbox 746 2259 853 2312; x_wconf 89' lang='lat' dir='ltr'><strong>sine</strong></span> <span class='ocrx_word' id='word_1_170' title='bbox 875 2273 1030 2311; x_wconf 87' lang='lat' dir='ltr'><strong>causa</strong></span> <span class='ocrx_word' id='word_1_171' title='bbox 1049 2257 1074 2309; x_wconf 71' lang='lat'><strong>.9</strong></span> <span class='ocrx_word' id='word_1_172' title='bbox 1092 2256 1136 2309; x_wconf 92' lang='lat' dir='ltr'><strong>si</strong></span> <span class='ocrx_word' id='word_1_173' title='bbox 1161 2263 1329 2309; x_wconf 84' lang='lat' dir='ltr'><strong>tamen</strong></span> <span class='ocrx_word' id='word_1_174' title='bbox 1370 2254 1477 2307; x_wconf 84' lang='lat' dir='ltr'><strong>sine</strong></span> <span class='ocrx_word' id='word_1_175' title='bbox 1518 2268 1674 2307; x_wconf 84' lang='lat' dir='ltr'><strong>causa</strong></span> <span class='ocrx_word' id='word_1_176' title='bbox 1708 2252 1727 2323; x_wconf 93' lang='lat'><strong>(</strong></span> <span class='ocrx_word' id='word_1_177' title='bbox 1747 2252 1918 2306; x_wconf 82' lang='lat' dir='ltr'><strong>Galat.</strong></span> <span class='ocrx_word' id='word_1_178' title='bbox 1944 2254 1998 2308; x_wconf 81' lang='lat'><strong>&#39;5.</strong></span> 
     </span>
    </p>
   </div>
   <div class='ocr_carea' id='block_1_23' title="bbox 421 2341 1999 2418">
    <p class='ocr_par' dir='ltr' id='par_1_23' title="bbox 421 2341 1999 2418">
     <span class='ocr_line' id='line_1_23' title="bbox 421 2341 1999 2418; baseline -0.004 -14"><span class='ocrx_word' id='word_1_179' title='bbox 421 2349 480 2418; x_wconf 67' lang='grc' dir='ltr'><strong>Δ)</strong></span> <span class='ocrx_word' id='word_1_180' title='bbox 505 2366 521 2415; x_wconf 89' lang='grc'><strong>;</strong></span> <span class='ocrx_word' id='word_1_181' title='bbox 551 2358 626 2412; x_wconf 89' lang='lat' dir='ltr'><strong>et,</strong></span> <span class='ocrx_word' id='word_1_182' title='bbox 674 2349 785 2418; x_wconf 85' lang='lat' dir='ltr'><strong>Ego</strong></span> <span class='ocrx_word' id='word_1_183' title='bbox 835 2348 899 2401; x_wconf 91' lang='lat' dir='ltr'><strong>de</strong></span> <span class='ocrx_word' id='word_1_184' title='bbox 949 2345 1085 2400; x_wconf 75' lang='lat' dir='ltr'><strong>vobis</strong></span> <span class='ocrx_word' id='word_1_185' title='bbox 1126 2343 1328 2413; x_wconf 81' lang='lat' dir='ltr'><strong>conﬁdo</strong></span> <span class='ocrx_word' id='word_1_186' title='bbox 1354 2344 1408 2397; x_wconf 91' lang='lat' dir='ltr'><strong>in</strong></span> <span class='ocrx_word' id='word_1_187' title='bbox 1454 2341 1673 2396; x_wconf 88' lang='lat' dir='ltr'><strong>Domino</strong></span> <span class='ocrx_word' id='word_1_188' title='bbox 1714 2342 1915 2412; x_wconf 84' lang='lat' dir='ltr'><strong>(Galat.</strong></span> <span class='ocrx_word' id='word_1_189' title='bbox 1943 2343 1999 2398; x_wconf 83' lang='lat'><strong>5.</strong></span> 
     </span>
    </p>
   </div>
   <div class='ocr_carea' id='block_1_24' title="bbox 424 2432 2003 2509">
    <p class='ocr_par' dir='ltr' id='par_1_24' title="bbox 424 2432 2003 2509">
     <span class='ocr_line' id='line_1_24' title="bbox 424 2432 2003 2509; baseline -0.003 -17"><span class='ocrx_word' id='word_1_190' title='bbox 424 2439 537 2509; x_wconf 81' lang='grc'><strong>10).</strong></span> <span class='ocrx_word' id='word_1_191' title='bbox 590 2438 744 2506; x_wconf 83' lang='lat' dir='ltr'><strong>Quod</strong></span> <span class='ocrx_word' id='word_1_192' title='bbox 800 2437 885 2491; x_wconf 90' lang='lat' dir='ltr'><strong>his</strong></span> <span class='ocrx_word' id='word_1_193' title='bbox 929 2450 1143 2507; x_wconf 87' lang='lat' dir='ltr'><strong>quoque</strong></span> <span class='ocrx_word' id='word_1_194' title='bbox 1196 2433 1324 2489; x_wconf 90' lang='lat' dir='ltr'><strong>dicit</strong></span> <span class='ocrx_word' id='word_1_195' title='bbox 1357 2451 1369 2486; x_wconf 89' lang='lat'><strong>:</strong></span> <span class='ocrx_word' id='word_1_196' title='bbox 1400 2432 1712 2501; x_wconf 78' lang='lat' dir='ltr'><strong>Conﬁdimus</strong></span> <span class='ocrx_word' id='word_1_197' title='bbox 1757 2432 2003 2488; x_wconf 68' lang='lat' dir='ltr'><strong>de&#39;vobis</strong></span> 
     </span>
    </p>
   </div>
   <div class='ocr_carea' id='block_1_25' title="bbox 422 2522 2003 2594">
    <p class='ocr_par' dir='ltr' id='par_1_25' title="bbox 422 2522 2003 2594">
     <span class='ocr_line' id='line_1_25' title="bbox 422 2522 2003 2594; baseline -0.003 -10"><span class='ocrx_word' id='word_1_198' title='bbox 422 2530 672 2591; x_wconf 79' lang='lat' dir='ltr'><strong>meliora,</strong></span> <span class='ocrx_word' id='word_1_199' title='bbox 729 2537 775 2582; x_wconf 92' lang='lat' dir='ltr'><strong>et</strong></span> <span class='ocrx_word' id='word_1_200' title='bbox 842 2527 1086 2581; x_wconf 82' lang='lat' dir='ltr'><strong>viciniora</strong></span> <span class='ocrx_word' id='word_1_201' title='bbox 1150 2525 1306 2579; x_wconf 76' lang='lat' dir='ltr'><strong>soluti</strong></span> <span class='ocrx_word' id='word_1_202' title='bbox 1367 2522 1569 2594; x_wconf 81' lang='lat' dir='ltr'><strong>(Hebr.</strong></span> <span class='ocrx_word' id='word_1_203' title='bbox 1623 2523 1676 2578; x_wconf 85' lang='lat'><strong>6.</strong></span> <span class='ocrx_word' id='word_1_204' title='bbox 1732 2522 1830 2593; x_wconf 87' lang='lat'><strong>9).</strong></span> <span class='ocrx_word' id='word_1_205' title='bbox 1888 2524 2003 2579; x_wconf 91' lang='lat' dir='ltr'><strong>Duo</strong></span> 
     </span>
    </p>
   </div>
   <div class='ocr_carea' id='block_1_26' title="bbox 421 2613 2003 2690">
    <p class='ocr_par' dir='ltr' id='par_1_26' title="bbox 421 2613 2003 2690">
     <span class='ocr_line' id='line_1_26' title="bbox 421 2613 2003 2690; baseline -0.004 -15"><span class='ocrx_word' id='word_1_206' title='bbox 421 2635 552 2690; x_wconf 76' lang='lat' dir='ltr'><strong>ergo</strong></span> <span class='ocrx_word' id='word_1_207' title='bbox 598 2619 714 2674; x_wconf 66' lang='lat' dir='ltr'><strong>haec</strong></span> <span class='ocrx_word' id='word_1_208' title='bbox 769 2616 1135 2686; x_wconf 77' lang='lat' dir='ltr'><strong>facit:neque</strong></span> <span class='ocrx_word' id='word_1_209' title='bbox 1186 2615 1345 2669; x_wconf 91' lang='lat' dir='ltr'><strong>nimis</strong></span> <span class='ocrx_word' id='word_1_210' title='bbox 1390 2613 1651 2679; x_wconf 70' lang='lat' dir='ltr'><strong>intendit,</strong></span> <span class='ocrx_word' id='word_1_211' title='bbox 1696 2629 1870 2684; x_wconf 90' lang='lat' dir='ltr'><strong>neque</strong></span> <span class='ocrx_word' id='word_1_212' title='bbox 1923 2614 2003 2670; x_wconf 87' lang='lat' dir='ltr'><strong>si-</strong></span> 
     </span>
    </p>
   </div>
   <div class='ocr_carea' id='block_1_27' title="bbox 423 2706 2003 2777">
    <p class='ocr_par' dir='ltr' id='par_1_27' title="bbox 423 2706 2003 2777">
     <span class='ocr_line' id='line_1_27' title="bbox 423 2706 2003 2777; baseline -0.003 -12"><span class='ocrx_word' id='word_1_213' title='bbox 423 2713 503 2767; x_wconf 89' lang='lat' dir='ltr'><strong>nit</strong></span> <span class='ocrx_word' id='word_1_214' title='bbox 544 2726 640 2767; x_wconf 90' lang='lat' dir='ltr'><strong>eos</strong></span> <span class='ocrx_word' id='word_1_215' title='bbox 684 2709 987 2765; x_wconf 75' lang='lat' dir='ltr'><strong>concidere.</strong></span> <span class='ocrx_word' id='word_1_216' title='bbox 1033 2708 1215 2763; x_wconf 81' lang='lat' dir='ltr'><strong>Recte.</strong></span> <span class='ocrx_word' id='word_1_217' title='bbox 1248 2706 1380 2762; x_wconf 87' lang='lat' dir='ltr'><strong>Nam</strong></span> <span class='ocrx_word' id='word_1_218' title='bbox 1411 2707 1455 2761; x_wconf 87' lang='lat' dir='ltr'><strong>si</strong></span> <span class='ocrx_word' id='word_1_219' title='bbox 1492 2707 1716 2763; x_wconf 90' lang='lat' dir='ltr'><strong>aliorum</strong></span> <span class='ocrx_word' id='word_1_220' title='bbox 1761 2707 2003 2777; x_wconf 81' lang='lat' dir='ltr'><strong>exempla</strong></span> 
     </span>
    </p>
   </div>
   <div class='ocr_carea' id='block_1_28' title="bbox 421 2799 2000 2865">
    <p class='ocr_par' dir='ltr' id='par_1_28' title="bbox 421 2799 2000 2865">
     <span class='ocr_line' id='line_1_28' title="bbox 421 2799 2000 2865; baseline -0.003 -8"><span class='ocrx_word' id='word_1_221' title='bbox 421 2804 695 2858; x_wconf 82' lang='lat' dir='ltr'><strong>sufficiunt</strong></span> <span class='ocrx_word' id='word_1_222' title='bbox 723 2801 789 2857; x_wconf 87' lang='lat' dir='ltr'><strong>ad</strong></span> <span class='ocrx_word' id='word_1_223' title='bbox 827 2800 1165 2857; x_wconf 89' lang='lat' dir='ltr'><strong>excitandum</strong></span> <span class='ocrx_word' id='word_1_224' title='bbox 1207 2799 1526 2865; x_wconf 87' lang='lat' dir='ltr'><strong>auditorem,</strong></span> <span class='ocrx_word' id='word_1_225' title='bbox 1555 2808 1608 2855; x_wconf 89' lang='lat' dir='ltr'><strong>et</strong></span> <span class='ocrx_word' id='word_1_226' title='bbox 1632 2799 1700 2854; x_wconf 89' lang='lat' dir='ltr'><strong>ad</strong></span> <span class='ocrx_word' id='word_1_227' title='bbox 1725 2799 2000 2855; x_wconf 87' lang='lat' dir='ltr'><strong>adducen-</strong></span> 
     </span>
    </p>
   </div>
   <div class='ocr_carea' id='block_1_29' title="bbox 421 2888 2004 2960">
    <p class='ocr_par' dir='ltr' id='par_1_29' title="bbox 421 2888 2004 2960">
     <span class='ocr_line' id='line_1_29' title="bbox 421 2888 2004 2960; baseline -0.002 -13"><span class='ocrx_word' id='word_1_228' title='bbox 421 2894 547 2947; x_wconf 91' lang='lat' dir='ltr'><strong>dum</strong></span> <span class='ocrx_word' id='word_1_229' title='bbox 592 2893 660 2947; x_wconf 87' lang='lat' dir='ltr'><strong>ad</strong></span> <span class='ocrx_word' id='word_1_230' title='bbox 690 2892 1085 2946; x_wconf 72' lang='lat' dir='ltr'><strong>:umulationcm</strong></span> <span class='ocrx_word' id='word_1_231' title='bbox 1122 2908 1135 2945; x_wconf 91' lang='lat'><strong>:</strong></span> <span class='ocrx_word' id='word_1_232' title='bbox 1167 2888 1380 2960; x_wconf 88' lang='lat' dir='ltr'><strong>quando</strong></span> <span class='ocrx_word' id='word_1_233' title='bbox 1419 2890 1538 2958; x_wconf 89' lang='lat' dir='ltr'><strong>quis</strong></span> <span class='ocrx_word' id='word_1_234' title='bbox 1578 2888 1739 2944; x_wconf 86' lang='lat' dir='ltr'><strong>habet</strong></span> <span class='ocrx_word' id='word_1_235' title='bbox 1766 2903 1796 2943; x_wconf 89' lang='lat' dir='ltr'><strong>a</strong></span> <span class='ocrx_word' id='word_1_236' title='bbox 1825 2889 2004 2959; x_wconf 83' lang='lat' dir='ltr'><strong>seipse</strong></span> 
     </span>
    </p>
   </div>
   <div class='ocr_carea' id='block_1_30' title="bbox 421 2981 2005 3056">
    <p class='ocr_par' dir='ltr' id='par_1_30' title="bbox 421 2981 2005 3056">
     <span class='ocr_line' id='line_1_30' title="bbox 421 2981 2005 3056; baseline 0.001 -21"><span class='ocrx_word' id='word_1_237' title='bbox 421 2985 748 3056; x_wconf 67' lang='lat' dir='ltr'><strong>exemplum,</strong></span> <span class='ocrx_word' id='word_1_238' title='bbox 781 2992 836 3039; x_wconf 90' lang='lat' dir='ltr'><strong>et</strong></span> <span class='ocrx_word' id='word_1_239' title='bbox 860 2984 1078 3053; x_wconf 86' lang='lat' dir='ltr'><strong>jubelur</strong></span> <span class='ocrx_word' id='word_1_240' title='bbox 1122 2982 1356 3053; x_wconf 85' lang='lat' dir='ltr'><strong>seipsum</strong></span> <span class='ocrx_word' id='word_1_241' title='bbox 1395 2981 1657 3047; x_wconf 74' lang='lat' dir='ltr'><strong>mmolari,</strong></span> <span class='ocrx_word' id='word_1_242' title='bbox 1695 2981 1862 3036; x_wconf 92' lang='lat' dir='ltr'><strong>multo</strong></span> <span class='ocrx_word' id='word_1_243' title='bbox 1893 2997 2005 3036; x_wconf 87' lang='lat' dir='ltr'><strong>ma-</strong></span> 
     </span>
    </p>
   </div>
   <div class='ocr_carea' id='block_1_31' title="bbox 420 3069 1998 3145">
    <p class='ocr_par' dir='ltr' id='par_1_31' title="bbox 420 3069 1998 3145">
     <span class='ocr_line' id='line_1_31' title="bbox 420 3069 1998 3145; baseline -0.002 -15"><span class='ocrx_word' id='word_1_244' title='bbox 420 3076 502 3145; x_wconf 77' lang='lat' dir='ltr'><strong>gis</strong></span> <span class='ocrx_word' id='word_1_245' title='bbox 530 3074 797 3129; x_wconf 89' lang='lat' dir='ltr'><strong>inducitur</strong></span> <span class='ocrx_word' id='word_1_246' title='bbox 844 3072 1109 3138; x_wconf 87' lang='lat' dir='ltr'><strong>doctrina,</strong></span> <span class='ocrx_word' id='word_1_247' title='bbox 1153 3081 1212 3126; x_wconf 88' lang='lat' dir='ltr'><strong>ut</strong></span> <span class='ocrx_word' id='word_1_248' title='bbox 1255 3069 1370 3125; x_wconf 87' lang='lat' dir='ltr'><strong>fieri</strong></span> <span class='ocrx_word' id='word_1_249' title='bbox 1413 3079 1609 3140; x_wconf 87' lang='lat' dir='ltr'><strong>potest.</strong></span> <span class='ocrx_word' id='word_1_250' title='bbox 1645 3071 1710 3126; x_wconf 88' lang='lat' dir='ltr'><strong>Et</strong></span> <span class='ocrx_word' id='word_1_251' title='bbox 1739 3071 1841 3127; x_wconf 90' lang='lat' dir='ltr'><strong>hoc</strong></span> <span class='ocrx_word' id='word_1_252' title='bbox 1870 3087 1998 3142; x_wconf 81' lang='lat' dir='ltr'><strong>ergo</strong></span> 
     </span>
    </p>
   </div>
   <div class='ocr_carea' id='block_1_32' title="bbox 421 3160 2000 3233">
    <p class='ocr_par' dir='ltr' id='par_1_32' title="bbox 421 3160 2000 3233">
     <span class='ocr_line' id='line_1_32' title="bbox 421 3160 2000 3233; baseline -0.003 -12"><span class='ocrx_word' id='word_1_253' title='bbox 421 3165 674 3228; x_wconf 87' lang='lat' dir='ltr'><strong>ostendit,</strong></span> <span class='ocrx_word' id='word_1_254' title='bbox 722 3178 893 3233; x_wconf 86' lang='lat' dir='ltr'><strong>neque</strong></span> <span class='ocrx_word' id='word_1_255' title='bbox 922 3162 1049 3216; x_wconf 90' lang='lat' dir='ltr'><strong>sinit</strong></span> <span class='ocrx_word' id='word_1_256' title='bbox 1076 3175 1171 3217; x_wconf 90' lang='lat' dir='ltr'><strong>eos</strong></span> <span class='ocrx_word' id='word_1_257' title='bbox 1210 3168 1481 3231; x_wconf 82' lang='lat' dir='ltr'><strong>tamquam</strong></span> <span class='ocrx_word' id='word_1_258' title='bbox 1520 3161 1673 3215; x_wconf 80' lang='lat' dir='ltr'><strong>valde</strong></span> <span class='ocrx_word' id='word_1_259' title='bbox 1718 3160 2000 3217; x_wconf 88' lang='lat' dir='ltr'><strong>damnatos</strong></span> 
     </span>
    </p>
   </div>
   <div class='ocr_carea' id='block_1_33' title="bbox 421 3250 1999 3323">
    <p class='ocr_par' dir='ltr' id='par_1_33' title="bbox 421 3250 1999 3323">
     <span class='ocr_line' id='line_1_33' title="bbox 421 3250 1999 3323; baseline -0.001 -13"><span class='ocrx_word' id='word_1_260' title='bbox 421 3255 726 3321; x_wconf 78' lang='lat' dir='ltr'><strong>concidere,</strong></span> <span class='ocrx_word' id='word_1_261' title='bbox 760 3269 860 3309; x_wconf 90' lang='lat' dir='ltr'><strong>nec</strong></span> <span class='ocrx_word' id='word_1_262' title='bbox 901 3261 957 3306; x_wconf 91' lang='lat' dir='ltr'><strong>ut</strong></span> <span class='ocrx_word' id='word_1_263' title='bbox 994 3252 1088 3322; x_wconf 88' lang='lat' dir='ltr'><strong>qui</strong></span> <span class='ocrx_word' id='word_1_264' title='bbox 1125 3266 1339 3322; x_wconf 85' lang='lat' dir='ltr'><strong>semper</strong></span> <span class='ocrx_word' id='word_1_265' title='bbox 1385 3250 1494 3307; x_wconf 92' lang='lat' dir='ltr'><strong>sint</strong></span> <span class='ocrx_word' id='word_1_266' title='bbox 1538 3251 1685 3319; x_wconf 89' lang='lat' dir='ltr'><strong>mali,</strong></span> <span class='ocrx_word' id='word_1_267' title='bbox 1736 3252 1828 3307; x_wconf 90' lang='lat' dir='ltr'><strong>sed</strong></span> <span class='ocrx_word' id='word_1_268' title='bbox 1857 3252 1999 3323; x_wconf 84' lang='lat' dir='ltr'><strong>quod</strong></span> 
     </span>
    </p>
   </div>
   <div class='ocr_carea' id='block_1_34' title="bbox 422 3343 2003 3417">
    <p class='ocr_par' dir='ltr' id='par_1_34' title="bbox 422 3343 2003 3417">
     <span class='ocr_line' id='line_1_34' title="bbox 422 3343 2003 3417; baseline -0.004 -12"><span class='ocrx_word' id='word_1_269' title='bbox 422 3351 581 3405; x_wconf 87' lang='lat' dir='ltr'><strong>etiam</strong></span> <span class='ocrx_word' id='word_1_270' title='bbox 608 3347 890 3417; x_wconf 81' lang='lat' dir='ltr'><strong>aliquando</strong></span> <span class='ocrx_word' id='word_1_271' title='bbox 921 3346 1119 3401; x_wconf 87' lang='lat' dir='ltr'><strong>fuerint</strong></span> <span class='ocrx_word' id='word_1_272' title='bbox 1139 3344 1283 3400; x_wconf 89' lang='lat' dir='ltr'><strong>boni.</strong></span> <span class='ocrx_word' id='word_1_273' title='bbox 1315 3344 1399 3399; x_wconf 79' lang='lat' dir='ltr'><strong>l2.</strong></span> <span class='ocrx_word' id='word_1_274' title='bbox 1433 3343 1635 3398; x_wconf 80' lang='lat' dir='ltr'><strong>Etenim</strong></span> <span class='ocrx_word' id='word_1_275' title='bbox 1663 3361 1775 3398; x_wconf 84' lang='lat' dir='ltr'><strong>cum</strong></span> <span class='ocrx_word' id='word_1_276' title='bbox 1794 3344 2003 3400; x_wconf 80' lang='lat' dir='ltr'><strong>debere-</strong></span> 
     </span>
    </p>
   </div>
   <div class='ocr_carea' id='block_1_35' title="bbox 421 3433 2005 3511">
    <p class='ocr_par' dir='ltr' id='par_1_35' title="bbox 421 3433 2005 3511">
     <span class='ocr_line' id='line_1_35' title="bbox 421 3433 2005 3511; baseline -0.004 -14"><span class='ocrx_word' id='word_1_277' title='bbox 421 3445 484 3496; x_wconf 87' lang='lat' dir='ltr'><strong>tis</strong></span> <span class='ocrx_word' id='word_1_278' title='bbox 496 3457 603 3496; x_wconf 84' lang='lat' dir='ltr'><strong>esse</strong></span> <span class='ocrx_word' id='word_1_279' title='bbox 620 3438 851 3511; x_wconf 84' lang='lat' dir='ltr'><strong>magistri</strong></span> <span class='ocrx_word' id='word_1_280' title='bbox 868 3448 1075 3509; x_wconf 78' lang='lat' dir='ltr'><strong>propter</strong></span> <span class='ocrx_word' id='word_1_281' title='bbox 1101 3445 1316 3505; x_wconf 77' lang='lat' dir='ltr'><strong>tempus,</strong></span> <span class='ocrx_word' id='word_1_282' title='bbox 1339 3434 1527 3506; x_wconf 90' lang='lat' dir='ltr'><strong>inquit.</strong></span> <span class='ocrx_word' id='word_1_283' title='bbox 1548 3433 1790 3490; x_wconf 84' lang='lat' dir='ltr'><strong>Ostendit</strong></span> <span class='ocrx_word' id='word_1_284' title='bbox 1807 3436 1891 3490; x_wconf 89' lang='lat' dir='ltr'><strong>hic</strong></span> <span class='ocrx_word' id='word_1_285' title='bbox 1911 3450 2005 3491; x_wconf 91' lang='lat' dir='ltr'><strong>eos</strong></span> 
     </span>
    </p>
   </div>
   <div class='ocr_carea' id='block_1_36' title="bbox 424 3525 2004 3602">
    <p class='ocr_par' dir='ltr' id='par_1_36' title="bbox 424 3525 2004 3602">
     <span class='ocr_line' id='line_1_36' title="bbox 424 3525 2004 3602; baseline -0.004 -14"><span class='ocrx_word' id='word_1_286' title='bbox 424 3533 583 3602; x_wconf 81' lang='lat' dir='ltr'><strong>longo</strong></span> <span class='ocrx_word' id='word_1_287' title='bbox 609 3538 733 3584; x_wconf 88' lang='lat' dir='ltr'><strong>ante</strong></span> <span class='ocrx_word' id='word_1_288' title='bbox 765 3539 1008 3599; x_wconf 82' lang='lat' dir='ltr'><strong>tempore</strong></span> <span class='ocrx_word' id='word_1_289' title='bbox 1035 3527 1327 3582; x_wconf 89' lang='lat' dir='ltr'><strong>credidisse</strong></span> <span class='ocrx_word' id='word_1_290' title='bbox 1359 3544 1372 3580; x_wconf 90' lang='lat'><strong>:</strong></span> <span class='ocrx_word' id='word_1_291' title='bbox 1404 3525 1637 3580; x_wconf 89' lang='lat' dir='ltr'><strong>ostendit</strong></span> <span class='ocrx_word' id='word_1_292' title='bbox 1676 3526 1836 3580; x_wconf 87' lang='lat' dir='ltr'><strong>etiam</strong></span> <span class='ocrx_word' id='word_1_293' title='bbox 1863 3526 2004 3595; x_wconf 90' lang='lat' dir='ltr'><strong>quod</strong></span> 
     </span>
    </p>
   </div>
   <div class='ocr_carea' id='block_1_37' title="bbox 422 3617 2004 3686">
    <p class='ocr_par' dir='ltr' id='par_1_37' title="bbox 422 3617 2004 3686">
     <span class='ocr_line' id='line_1_37' title="bbox 422 3617 2004 3686; baseline -0.004 -7"><span class='ocrx_word' id='word_1_294' title='bbox 422 3627 580 3680; x_wconf 83' lang='lat' dir='ltr'><strong>etiam</strong></span> <span class='ocrx_word' id='word_1_295' title='bbox 610 3623 745 3678; x_wconf 89' lang='lat' dir='ltr'><strong>alios</strong></span> <span class='ocrx_word' id='word_1_296' title='bbox 772 3622 1004 3677; x_wconf 81' lang='lat' dir='ltr'><strong>debeant</strong></span> <span class='ocrx_word' id='word_1_297' title='bbox 1033 3617 1476 3675; x_wconf 83' lang='lat' dir='ltr'><strong>instituere.Vide</strong></span> <span class='ocrx_word' id='word_1_298' title='bbox 1502 3630 1630 3686; x_wconf 79' lang='lat' dir='ltr'><strong>ergo</strong></span> <span class='ocrx_word' id='word_1_299' title='bbox 1646 3631 1769 3672; x_wconf 91' lang='lat' dir='ltr'><strong>eum</strong></span> <span class='ocrx_word' id='word_1_300' title='bbox 1794 3618 2004 3673; x_wconf 85' lang='lat' dir='ltr'><strong>assidue</strong></span> 
     </span>
    </p>
   </div>
   <div class='ocr_carea' id='block_1_38' title="bbox 442 3708 2016 3778">
    <p class='ocr_par' dir='ltr' id='par_1_38' title="bbox 442 3708 2016 3778">
     <span class='ocr_line' id='line_1_38' title="bbox 442 3708 2016 3778; baseline -0.001 -16"><span class='ocrx_word' id='word_1_301' title='bbox 442 3708 724 3776; x_wconf 80' lang='lat' dir='ltr'><strong>parturire,</strong></span> <span class='ocrx_word' id='word_1_302' title='bbox 776 3719 833 3763; x_wconf 91' lang='lat' dir='ltr'><strong>ut</strong></span> <span class='ocrx_word' id='word_1_303' title='bbox 875 3709 1177 3763; x_wconf 90' lang='lat' dir='ltr'><strong>introducat</strong></span> <span class='ocrx_word' id='word_1_304' title='bbox 1204 3723 1507 3764; x_wconf 85' lang='lat' dir='ltr'><strong>sermonem</strong></span> <span class='ocrx_word' id='word_1_305' title='bbox 1548 3711 1617 3763; x_wconf 90' lang='lat' dir='ltr'><strong>de</strong></span> <span class='ocrx_word' id='word_1_306' title='bbox 1646 3712 1916 3778; x_wconf 79' lang='lat' dir='ltr'><strong>pontiﬁce,</strong></span> <span class='ocrx_word' id='word_1_307' title='bbox 1963 3717 2016 3762; x_wconf 90' lang='lat' dir='ltr'><strong>et</strong></span> 
     </span>
    </p>
   </div>
   <div class='ocr_carea' id='block_1_39' title="bbox 439 3798 2013 3869">
    <p class='ocr_par' dir='ltr' id='par_1_39' title="bbox 439 3798 2013 3869">
     <span class='ocr_line' id='line_1_39' title="bbox 439 3798 2013 3869; baseline 0 -18"><span class='ocrx_word' id='word_1_308' title='bbox 439 3814 652 3853; x_wconf 73' lang='lat' dir='ltr'><strong>semper</strong></span> <span class='ocrx_word' id='word_1_309' title='bbox 696 3798 931 3854; x_wconf 89' lang='lat' dir='ltr'><strong>differre.</strong></span> <span class='ocrx_word' id='word_1_310' title='bbox 989 3799 1127 3854; x_wconf 84' lang='lat' dir='ltr'><strong>Audi</strong></span> <span class='ocrx_word' id='word_1_311' title='bbox 1177 3801 1320 3855; x_wconf 90' lang='lat' dir='ltr'><strong>enim</strong></span> <span class='ocrx_word' id='word_1_312' title='bbox 1373 3800 1642 3869; x_wconf 89' lang='lat' dir='ltr'><strong>quomodo</strong></span> <span class='ocrx_word' id='word_1_313' title='bbox 1706 3799 2013 3869; x_wconf 84' lang='lat' dir='ltr'><strong>inceperit:</strong></span> 
     </span>
    </p>
   </div>
   <div class='ocr_carea' id='block_1_40' title="bbox 443 3885 2018 3959">
    <p class='ocr_par' dir='ltr' id='par_1_40' title="bbox 443 3885 2018 3959">
     <span class='ocr_line' id='line_1_40' title="bbox 443 3885 2018 3959; baseline 0.003 -21"><span class='ocrx_word' id='word_1_314' title='bbox 443 3885 691 3942; x_wconf 77' lang='lat' dir='ltr'><strong>[labentes</strong></span> <span class='ocrx_word' id='word_1_315' title='bbox 717 3890 1004 3958; x_wconf 82' lang='lat' dir='ltr'><strong>pontiﬁcem</strong></span> <span class='ocrx_word' id='word_1_316' title='bbox 1033 3905 1295 3959; x_wconf 87' lang='lat' dir='ltr'><strong>magnum,</strong></span> <span class='ocrx_word' id='word_1_317' title='bbox 1324 3890 1411 3957; x_wconf 88' lang='lat' dir='ltr'><strong>qui</strong></span> <span class='ocrx_word' id='word_1_318' title='bbox 1447 3889 1720 3959; x_wconf 82' lang='lat' dir='ltr'><strong>penetravit</strong></span> <span class='ocrx_word' id='word_1_319' title='bbox 1747 3890 1895 3943; x_wconf 67' lang='lat' dir='ltr'><strong>cados</strong></span> <span class='ocrx_word' id='word_1_320' title='bbox 1916 3905 1935 3954; x_wconf 88' lang='lat'><strong><em>;</em></strong></span> <span class='ocrx_word' id='word_1_321' title='bbox 1962 3896 2018 3943; x_wconf 91' lang='lat' dir='ltr'><strong>et</strong></span> 
     </span>
    </p>
   </div>
   <div class='ocr_carea' id='block_1_41' title="bbox 438 3979 2015 4050">
    <p class='ocr_par' dir='ltr' id='par_1_41' title="bbox 438 3979 2015 4050">
     <span class='ocr_line' id='line_1_41' title="bbox 438 3979 2015 4050; baseline 0.003 -19"><span class='ocrx_word' id='word_1_322' title='bbox 438 3994 555 4033; x_wconf 81' lang='lat' dir='ltr'><strong>cum</strong></span> <span class='ocrx_word' id='word_1_323' title='bbox 603 3979 1037 4049; x_wconf 74' lang='lat' dir='ltr'><strong>prmtermisisset</strong></span> <span class='ocrx_word' id='word_1_324' title='bbox 1074 3980 1256 4035; x_wconf 88' lang='lat' dir='ltr'><strong>dicere</strong></span> <span class='ocrx_word' id='word_1_325' title='bbox 1285 3980 1557 4050; x_wconf 88' lang='lat' dir='ltr'><strong>quomodo</strong></span> <span class='ocrx_word' id='word_1_326' title='bbox 1586 3996 1860 4050; x_wconf 81' lang='lat' dir='ltr'><strong>magnum,</strong></span> <span class='ocrx_word' id='word_1_327' title='bbox 1892 3994 2015 4035; x_wconf 87' lang='lat' dir='ltr'><strong>rur-</strong></span> 
     </span>
    </p>
   </div>
   <div class='ocr_carea' id='block_1_42' title="bbox 438 4067 2017 4136">
    <p class='ocr_par' dir='ltr' id='par_1_42' title="bbox 438 4067 2017 4136">
     <span class='ocr_line' id='line_1_42' title="bbox 438 4067 2017 4136; baseline 0.003 -16"><span class='ocrx_word' id='word_1_328' title='bbox 438 4082 528 4121; x_wconf 77' lang='lat' dir='ltr'><strong>sus</strong></span> <span class='ocrx_word' id='word_1_329' title='bbox 550 4069 677 4123; x_wconf 83' lang='lat' dir='ltr'><strong>dicit</strong></span> <span class='ocrx_word' id='word_1_330' title='bbox 704 4089 718 4121; x_wconf 91' lang='lat'><strong>:</strong></span> <span class='ocrx_word' id='word_1_331' title='bbox 752 4067 930 4122; x_wconf 84' lang='lat' dir='ltr'><strong>Omnis</strong></span> <span class='ocrx_word' id='word_1_332' title='bbox 956 4069 1089 4121; x_wconf 87' lang='lat' dir='ltr'><strong>enim</strong></span> <span class='ocrx_word' id='word_1_333' title='bbox 1132 4070 1360 4136; x_wconf 76' lang='lat' dir='ltr'><strong>pontifex</strong></span> <span class='ocrx_word' id='word_1_334' title='bbox 1401 4086 1464 4123; x_wconf 77' lang='lat' dir='ltr'><strong>ea:</strong></span> <span class='ocrx_word' id='word_1_335' title='bbox 1492 4070 1775 4124; x_wconf 85' lang='lat' dir='ltr'><strong>hominibus</strong></span> <span class='ocrx_word' id='word_1_336' title='bbox 1816 4087 2017 4124; x_wconf 66' lang='lat' dir='ltr'><strong>assumo</strong></span> 
     </span>
    </p>
   </div>
   <div class='ocr_carea' id='block_1_43' title="bbox 439 4158 2016 4229">
    <p class='ocr_par' dir='ltr' id='par_1_43' title="bbox 439 4158 2016 4229">
     <span class='ocr_line' id='line_1_43' title="bbox 439 4158 2016 4229; baseline 0.004 -20"><span class='ocrx_word' id='word_1_337' title='bbox 439 4169 571 4225; x_wconf 67' lang='lat' dir='ltr'><strong>ptas,</strong></span> <span class='ocrx_word' id='word_1_338' title='bbox 597 4174 685 4226; x_wconf 90' lang='lat' dir='ltr'><strong>pro</strong></span> <span class='ocrx_word' id='word_1_339' title='bbox 702 4158 983 4212; x_wconf 70' lang='lat' dir='ltr'><strong>hominibus</strong></span> <span class='ocrx_word' id='word_1_340' title='bbox 1000 4159 1317 4211; x_wconf 91' lang='lat' dir='ltr'><strong>constituitur</strong></span> <span class='ocrx_word' id='word_1_341' title='bbox 1333 4159 1384 4210; x_wconf 90' lang='lat' dir='ltr'><strong>in</strong></span> <span class='ocrx_word' id='word_1_342' title='bbox 1400 4160 1462 4212; x_wconf 87' lang='lat' dir='ltr'><strong>iis</strong></span> <span class='ocrx_word' id='word_1_343' title='bbox 1479 4176 1591 4227; x_wconf 68' lang='lat' dir='ltr'><strong>quia</strong></span> <span class='ocrx_word' id='word_1_344' title='bbox 1608 4171 1723 4213; x_wconf 84' lang='lat' dir='ltr'><strong>sunt</strong></span> <span class='ocrx_word' id='word_1_345' title='bbox 1741 4162 1809 4213; x_wconf 90' lang='lat' dir='ltr'><strong>ad</strong></span> <span class='ocrx_word' id='word_1_346' title='bbox 1832 4162 2016 4229; x_wconf 84' lang='lat' dir='ltr'><strong>Deum;</strong></span> 
     </span>
    </p>
   </div>
   <div class='ocr_carea' id='block_1_44' title="bbox 438 4247 2017 4322">
    <p class='ocr_par' dir='ltr' id='par_1_44' title="bbox 438 4247 2017 4322">
     <span class='ocr_line' id='line_1_44' title="bbox 438 4247 2017 4322; baseline 0.001 -19"><span class='ocrx_word' id='word_1_347' title='bbox 438 4257 494 4303; x_wconf 83' lang='lat' dir='ltr'><strong>et</strong></span> <span class='ocrx_word' id='word_1_348' title='bbox 520 4262 729 4313; x_wconf 87' lang='lat' dir='ltr'><strong>rursus,</strong></span> <span class='ocrx_word' id='word_1_349' title='bbox 760 4248 849 4302; x_wconf 87' lang='lat' dir='ltr'><strong>Sic</strong></span> <span class='ocrx_word' id='word_1_350' title='bbox 879 4249 1029 4302; x_wconf 85' lang='lat' dir='ltr'><strong>etiam</strong></span> <span class='ocrx_word' id='word_1_351' title='bbox 1075 4247 1308 4303; x_wconf 77' lang='lat' dir='ltr'><strong>Christus</strong></span> <span class='ocrx_word' id='word_1_352' title='bbox 1338 4265 1438 4303; x_wconf 86' lang='lat' dir='ltr'><strong>non</strong></span> <span class='ocrx_word' id='word_1_353' title='bbox 1461 4250 1680 4320; x_wconf 82' lang='lat' dir='ltr'><strong>seipsum</strong></span> <span class='ocrx_word' id='word_1_354' title='bbox 1712 4252 2017 4322; x_wconf 82' lang='lat' dir='ltr'><strong>gloriﬁcavit</strong></span> 
     </span>
    </p>
   </div>
   <div class='ocr_carea' id='block_1_45' title="bbox 439 4337 2019 4407">
    <p class='ocr_par' dir='ltr' id='par_1_45' title="bbox 439 4337 2019 4407">
     <span class='ocr_line' id='line_1_45' title="bbox 439 4337 2019 4407; baseline 0.006 -18"><span class='ocrx_word' id='word_1_355' title='bbox 439 4346 494 4389; x_wconf 75' lang='lat' dir='ltr'><strong>ut</strong></span> <span class='ocrx_word' id='word_1_356' title='bbox 522 4337 663 4404; x_wconf 75' lang='lat' dir='ltr'><strong>ﬁeret</strong></span> <span class='ocrx_word' id='word_1_357' title='bbox 693 4338 939 4407; x_wconf 72' lang='lat' dir='ltr'><strong>pontifex.</strong></span> <span class='ocrx_word' id='word_1_358' title='bbox 970 4338 1036 4392; x_wconf 86' lang='lat' dir='ltr'><strong>Et</strong></span> <span class='ocrx_word' id='word_1_359' title='bbox 1075 4339 1263 4393; x_wconf 90' lang='lat' dir='ltr'><strong>iterum</strong></span> <span class='ocrx_word' id='word_1_360' title='bbox 1295 4355 1415 4394; x_wconf 90' lang='lat' dir='ltr'><strong>cum</strong></span> <span class='ocrx_word' id='word_1_361' title='bbox 1462 4339 1703 4405; x_wconf 80' lang='lat' dir='ltr'><strong>dixisset,</strong></span> <span class='ocrx_word' id='word_1_362' title='bbox 1742 4342 1783 4395; x_wconf 86' lang='grc' dir='ltr'><em>Τ</em></span> <span class='ocrx_word' id='word_1_363' title='bbox 1785 4361 1818 4396; x_wconf 92' lang='lat' dir='ltr'><strong>u</strong></span> <span class='ocrx_word' id='word_1_364' title='bbox 1855 4360 1906 4398; x_wconf 86' lang='lat' dir='ltr'><strong>es</strong></span> <span class='ocrx_word' id='word_1_365' title='bbox 1931 4360 2019 4398; x_wconf 85' lang='lat' dir='ltr'><strong>sa-</strong></span> 
     </span>
    </p>
   </div>
   <div class='ocr_carea' id='block_1_46' title="bbox 437 4428 2016 4497">
    <p class='ocr_par' dir='ltr' id='par_1_46' title="bbox 437 4428 2016 4497">
     <span class='ocr_line' id='line_1_46' title="bbox 437 4428 2016 4497; baseline 0.004 -16"><span class='ocrx_word' id='word_1_366' title='bbox 437 4428 615 4481; x_wconf 81' lang='lat' dir='ltr'><strong>cerdos</strong></span> <span class='ocrx_word' id='word_1_367' title='bbox 655 4428 709 4481; x_wconf 88' lang='lat' dir='ltr'><strong>in</strong></span> <span class='ocrx_word' id='word_1_368' title='bbox 746 4437 986 4481; x_wconf 70' lang='lat' dir='ltr'><strong>tuter-num</strong></span> <span class='ocrx_word' id='word_1_369' title='bbox 1028 4432 1300 4483; x_wconf 86' lang='lat' dir='ltr'><strong>secundum</strong></span> <span class='ocrx_word' id='word_1_370' title='bbox 1327 4430 1554 4483; x_wconf 86' lang='lat' dir='ltr'><strong>ordinent</strong></span> <span class='ocrx_word' id='word_1_371' title='bbox 1595 4430 2016 4497; x_wconf 75' lang='lat' dir='ltr'><strong>Melchisedech;</strong></span> 
     </span>
    </p>
   </div>
   <div class='ocr_carea' id='block_1_47' title="bbox 438 4515 2015 4595">
    <p class='ocr_par' dir='ltr' id='par_1_47' title="bbox 438 4515 2015 4595">
     <span class='ocr_line' id='line_1_47' title="bbox 438 4515 2015 4595; baseline 0.005 -25"><span class='ocrx_word' id='word_1_372' title='bbox 438 4531 624 4572; x_wconf 85' lang='lat' dir='ltr'><strong>rursus</strong></span> <span class='ocrx_word' id='word_1_373' title='bbox 648 4515 846 4582; x_wconf 81' lang='lat' dir='ltr'><strong>diﬂ&#39;ert,</strong></span> <span class='ocrx_word' id='word_1_374' title='bbox 870 4517 1054 4573; x_wconf 89' lang='lat' dir='ltr'><strong>dicens</strong></span> <span class='ocrx_word' id='word_1_375' title='bbox 1086 4537 1099 4572; x_wconf 89' lang='lat'><strong>:</strong></span> <span class='ocrx_word' id='word_1_376' title='bbox 1133 4518 1233 4586; x_wconf 84' lang='lat' dir='ltr'><strong>Qui</strong></span> <span class='ocrx_word' id='word_1_377' title='bbox 1259 4520 1312 4574; x_wconf 88' lang='lat' dir='ltr'><strong>in</strong></span> <span class='ocrx_word' id='word_1_378' title='bbox 1333 4521 1507 4575; x_wconf 87' lang='lat' dir='ltr'><strong>diebus</strong></span> <span class='ocrx_word' id='word_1_379' title='bbox 1525 4523 1693 4576; x_wconf 83' lang='lat' dir='ltr'><strong>carnis</strong></span> <span class='ocrx_word' id='word_1_380' title='bbox 1716 4540 1822 4577; x_wconf 75' lang='lat' dir='ltr'><strong>sua:</strong></span> <span class='ocrx_word' id='word_1_381' title='bbox 1845 4539 2015 4595; x_wconf 85' lang='lat' dir='ltr'><strong>preces</strong></span> 
     </span>
    </p>
   </div>
   <div class='ocr_carea' id='block_1_48' title="bbox 437 4608 1152 4679">
    <p class='ocr_par' dir='ltr' id='par_1_48' title="bbox 437 4608 1152 4679">
     <span class='ocr_line' id='line_1_48' title="bbox 437 4608 1152 4679; baseline 0.001 -17"><span class='ocrx_word' id='word_1_382' title='bbox 437 4608 927 4679; x_wconf 76' lang='lat' dir='ltr'><strong>supplicationesque</strong></span> <span class='ocrx_word' id='word_1_383' title='bbox 954 4609 1152 4663; x_wconf 86' lang='lat' dir='ltr'><strong>obtulit.</strong></span> 
     </span>
    </p>
   </div>
   <div class='ocr_carea' id='block_1_49' title="bbox 509 4699 2016 4773">
    <p class='ocr_par' dir='ltr' id='par_1_49' title="bbox 509 4699 2016 4773">
     <span class='ocr_line' id='line_1_49' title="bbox 509 4699 2016 4773; baseline 0.002 -20"><span class='ocrx_word' id='word_1_384' title='bbox 509 4701 563 4754; x_wconf 82' lang='grc'><strong>5.</strong></span> <span class='ocrx_word' id='word_1_385' title='bbox 604 4699 865 4768; x_wconf 82' lang='lat' dir='ltr'><strong>Quoniam</strong></span> <span class='ocrx_word' id='word_1_386' title='bbox 912 4715 1041 4769; x_wconf 75' lang='lat' dir='ltr'><strong>ergo</strong></span> <span class='ocrx_word' id='word_1_387' title='bbox 1085 4700 1241 4755; x_wconf 89' lang='lat' dir='ltr'><strong>totics</strong></span> <span class='ocrx_word' id='word_1_388' title='bbox 1272 4701 1367 4755; x_wconf 94' lang='lat' dir='ltr'><strong>fuit</strong></span> <span class='ocrx_word' id='word_1_389' title='bbox 1402 4700 1684 4773; x_wconf 85' lang='lat' dir='ltr'><strong>depulsus,</strong></span> <span class='ocrx_word' id='word_1_390' title='bbox 1713 4703 1875 4758; x_wconf 89' lang='lat' dir='ltr'><strong>veluti</strong></span> <span class='ocrx_word' id='word_1_391' title='bbox 1926 4714 2016 4764; x_wconf 59' lang='grc' dir='ltr'><strong>ι»-</strong></span> 
     </span>
    </p>
   </div>
   <div class='ocr_carea' id='block_1_50' title="bbox 438 4792 2016 4861">
    <p class='ocr_par' dir='ltr' id='par_1_50' title="bbox 438 4792 2016 4861">
     <span class='ocr_line' id='line_1_50' title="bbox 438 4792 2016 4861; baseline 0.003 -14"><span class='ocrx_word' id='word_1_392' title='bbox 438 4792 708 4861; x_wconf 80' lang='lat' dir='ltr'><strong>spontlcns</strong></span> <span class='ocrx_word' id='word_1_393' title='bbox 751 4801 805 4848; x_wconf 92' lang='lat' dir='ltr'><strong>et</strong></span> <span class='ocrx_word' id='word_1_394' title='bbox 847 4807 906 4847; x_wconf 86' lang='lat' dir='ltr'><strong>se</strong></span> <span class='ocrx_word' id='word_1_395' title='bbox 948 4807 1233 4855; x_wconf 87' lang='lat' dir='ltr'><strong>excusans,</strong></span> <span class='ocrx_word' id='word_1_396' title='bbox 1280 4794 1451 4848; x_wconf 86' lang='lat' dir='ltr'><strong>dicit:</strong></span> <span class='ocrx_word' id='word_1_397' title='bbox 1488 4795 1544 4849; x_wconf 89' lang='lat' dir='ltr'><strong>In</strong></span> <span class='ocrx_word' id='word_1_398' title='bbox 1590 4811 1685 4850; x_wconf 88' lang='lat' dir='ltr'><strong>vos</strong></span> <span class='ocrx_word' id='word_1_399' title='bbox 1732 4810 1889 4850; x_wconf 87' lang='lat' dir='ltr'><strong>causa</strong></span> <span class='ocrx_word' id='word_1_400' title='bbox 1931 4806 2016 4852; x_wconf 92' lang='lat' dir='ltr'><strong>est</strong></span> 
     </span>
    </p>
   </div>
   <div class='ocr_carea' id='block_1_51' title="bbox 437 4882 2017 4955">
    <p class='ocr_par' dir='ltr' id='par_1_51' title="bbox 437 4882 2017 4955">
     <span class='ocr_line' id='line_1_51' title="bbox 437 4882 2017 4955; baseline 0.004 -17"><span class='ocrx_word' id='word_1_401' title='bbox 437 4882 736 4939; x_wconf 86' lang='lat' dir='ltr'><strong>referenda.</strong></span> <span class='ocrx_word' id='word_1_402' title='bbox 779 4882 960 4955; x_wconf 70' lang='lat' dir='ltr'><strong>Papze,</strong></span> <span class='ocrx_word' id='word_1_403' title='bbox 989 4895 1184 4955; x_wconf 82' lang='lat' dir='ltr'><strong>quanta</strong></span> <span class='ocrx_word' id='word_1_404' title='bbox 1209 4885 1548 4941; x_wconf 84' lang='lat' dir='ltr'><strong>differentia!</strong></span> <span class='ocrx_word' id='word_1_405' title='bbox 1592 4903 1712 4942; x_wconf 90' lang='lat' dir='ltr'><strong>cum</strong></span> <span class='ocrx_word' id='word_1_406' title='bbox 1757 4890 2017 4945; x_wconf 85' lang='lat' dir='ltr'><strong>deberent</strong></span> 
     </span>
    </p>
   </div>
   <div class='ocr_carea' id='block_1_52' title="bbox 437 4973 2016 5049">
    <p class='ocr_par' dir='ltr' id='par_1_52' title="bbox 437 4973 2016 5049">
     <span class='ocr_line' id='line_1_52' title="bbox 437 4973 2016 5049; baseline 0.004 -20"><span class='ocrx_word' id='word_1_407' title='bbox 437 4976 572 5030; x_wconf 88' lang='lat' dir='ltr'><strong>alios</strong></span> <span class='ocrx_word' id='word_1_408' title='bbox 601 4973 815 5040; x_wconf 89' lang='lat' dir='ltr'><strong>docere,</strong></span> <span class='ocrx_word' id='word_1_409' title='bbox 846 4986 975 5030; x_wconf 87' lang='lat' dir='ltr'><strong>sunt</strong></span> <span class='ocrx_word' id='word_1_410' title='bbox 1001 4975 1215 5045; x_wconf 80' lang='lat' dir='ltr'><strong>quidem</strong></span> <span class='ocrx_word' id='word_1_411' title='bbox 1261 4993 1368 5031; x_wconf 87' lang='lat' dir='ltr'><strong>non</strong></span> <span class='ocrx_word' id='word_1_412' title='bbox 1396 4977 1570 5032; x_wconf 90' lang='lat' dir='ltr'><strong>solum</strong></span> <span class='ocrx_word' id='word_1_413' title='bbox 1602 4978 1872 5049; x_wconf 89' lang='lat' dir='ltr'><strong>discipuli,</strong></span> <span class='ocrx_word' id='word_1_414' title='bbox 1920 4979 2016 5035; x_wconf 87' lang='lat' dir='ltr'><strong>sed</strong></span> 
     </span>
    </p>
   </div>
   <div class='ocr_carea' id='block_1_53' title="bbox 436 5064 2017 5135">
    <p class='ocr_par' dir='ltr' id='par_1_53' title="bbox 436 5064 2017 5135">
     <span class='ocr_line' id='line_1_53' title="bbox 436 5064 2017 5135; baseline 0.004 -17"><span class='ocrx_word' id='word_1_415' title='bbox 436 5064 599 5121; x_wconf 82' lang='lat' dir='ltr'><strong>etiam</strong></span> <span class='ocrx_word' id='word_1_416' title='bbox 626 5064 806 5119; x_wconf 89' lang='lat' dir='ltr'><strong>ultimi</strong></span> <span class='ocrx_word' id='word_1_417' title='bbox 834 5065 1108 5135; x_wconf 87' lang='lat' dir='ltr'><strong>discipuli.</strong></span> <span class='ocrx_word' id='word_1_418' title='bbox 1137 5064 1339 5120; x_wconf 82' lang='lat' dir='ltr'><strong>Etenim</strong></span> <span class='ocrx_word' id='word_1_419' title='bbox 1370 5084 1481 5121; x_wconf 84' lang='lat' dir='ltr'><strong>eum</strong></span> <span class='ocrx_word' id='word_1_420' title='bbox 1506 5069 1748 5123; x_wconf 75' lang='lat' dir='ltr'><strong>deberetis</strong></span> <span class='ocrx_word' id='word_1_421' title='bbox 1773 5087 1882 5124; x_wconf 87' lang='lat' dir='ltr'><strong>esse</strong></span> <span class='ocrx_word' id='word_1_422' title='bbox 1908 5087 2017 5125; x_wconf 85' lang='lat' dir='ltr'><strong>ma-</strong></span> 
     </span>
    </p>
   </div>
   <div class='ocr_carea' id='block_1_54' title="bbox 436 5156 2016 5229">
    <p class='ocr_par' dir='ltr' id='par_1_54' title="bbox 436 5156 2016 5229">
     <span class='ocr_line' id='line_1_54' title="bbox 436 5156 2016 5229; baseline 0.006 -22"><span class='ocrx_word' id='word_1_423' title='bbox 436 5156 582 5225; x_wconf 78' lang='lat' dir='ltr'><strong>gistri</strong></span> <span class='ocrx_word' id='word_1_424' title='bbox 622 5165 827 5227; x_wconf 80' lang='lat' dir='ltr'><strong>propter</strong></span> <span class='ocrx_word' id='word_1_425' title='bbox 865 5167 1081 5225; x_wconf 81' lang='lat' dir='ltr'><strong>tempus,</strong></span> <span class='ocrx_word' id='word_1_426' title='bbox 1127 5173 1299 5211; x_wconf 87' lang='lat' dir='ltr'><strong>rursus</strong></span> <span class='ocrx_word' id='word_1_427' title='bbox 1340 5160 1578 5229; x_wconf 80' lang='lat' dir='ltr'><strong>indigetis</strong></span> <span class='ocrx_word' id='word_1_428' title='bbox 1621 5170 1673 5213; x_wconf 90' lang='lat' dir='ltr'><strong>ut</strong></span> <span class='ocrx_word' id='word_1_429' title='bbox 1712 5176 1795 5215; x_wconf 83' lang='lat' dir='ltr'><strong>vos</strong></span> <span class='ocrx_word' id='word_1_430' title='bbox 1825 5162 2016 5216; x_wconf 81' lang='lat' dir='ltr'><strong>docea-</strong></span> 
     </span>
    </p>
   </div>
   <div class='ocr_carea' id='block_1_55' title="bbox 439 5247 2016 5317">
    <p class='ocr_par' dir='ltr' id='par_1_55' title="bbox 439 5247 2016 5317">
     <span class='ocr_line' id='line_1_55' title="bbox 439 5247 2016 5317; baseline 0.006 -19"><span class='ocrx_word' id='word_1_431' title='bbox 439 5247 562 5300; x_wconf 88' lang='lat' dir='ltr'><strong>mini</strong></span> <span class='ocrx_word' id='word_1_432' title='bbox 602 5262 715 5317; x_wconf 79' lang='lat' dir='ltr'><strong>qua:</strong></span> <span class='ocrx_word' id='word_1_433' title='bbox 757 5257 873 5303; x_wconf 78' lang='lat' dir='ltr'><strong>sunt</strong></span> <span class='ocrx_word' id='word_1_434' title='bbox 909 5247 1153 5301; x_wconf 83' lang='lat' dir='ltr'><strong>elementa</strong></span> <span class='ocrx_word' id='word_1_435' title='bbox 1181 5250 1371 5301; x_wconf 73' lang='lat' dir='ltr'><strong>exordii</strong></span> <span class='ocrx_word' id='word_1_436' title='bbox 1416 5266 1702 5303; x_wconf 83' lang='lat' dir='ltr'><strong>sermonum</strong></span> <span class='ocrx_word' id='word_1_437' title='bbox 1749 5251 1870 5306; x_wconf 69' lang='lat' dir='ltr'><strong>Da&#39;.</strong></span> <span class='ocrx_word' id='word_1_438' title='bbox 1919 5253 2016 5309; x_wconf 85' lang='lat' dir='ltr'><strong>llic</strong></span> 
     </span>
    </p>
   </div>
   <div class='ocr_carea' id='block_1_56' title="bbox 440 5337 2017 5400">
    <p class='ocr_par' dir='ltr' id='par_1_56' title="bbox 440 5337 2017 5400">
     <span class='ocr_line' id='line_1_56' title="bbox 440 5337 2017 5400; baseline 0.007 -11"><span class='ocrx_word' id='word_1_439' title='bbox 440 5337 704 5391; x_wconf 82' lang='lat' dir='ltr'><strong>elementa</strong></span> <span class='ocrx_word' id='word_1_440' title='bbox 733 5337 936 5393; x_wconf 81' lang='lat' dir='ltr'><strong>exordii</strong></span> <span class='ocrx_word' id='word_1_441' title='bbox 965 5338 1092 5392; x_wconf 88' lang='lat' dir='ltr'><strong>dicit</strong></span> <span class='ocrx_word' id='word_1_442' title='bbox 1127 5338 1527 5396; x_wconf 83' lang='lat' dir='ltr'><strong>humanitatem.</strong></span> <span class='ocrx_word' id='word_1_443' title='bbox 1560 5340 1629 5397; x_wconf 90' lang='lat' dir='ltr'><strong>Ut</strong></span> <span class='ocrx_word' id='word_1_444' title='bbox 1657 5345 1804 5396; x_wconf 79' lang='lat' dir='ltr'><strong>cnim</strong></span> <span class='ocrx_word' id='word_1_445' title='bbox 1835 5344 1884 5398; x_wconf 90' lang='lat' dir='ltr'><strong>in</strong></span> <span class='ocrx_word' id='word_1_446' title='bbox 1914 5359 2017 5400; x_wconf 87' lang='lat' dir='ltr'><strong>ex-</strong></span> 
     </span>
    </p>
   </div>
   <div class='ocr_carea' id='block_1_57' title="bbox 443 5427 2018 5499">
    <p class='ocr_par' dir='ltr' id='par_1_57' title="bbox 443 5427 2018 5499">
     <span class='ocr_line' id='line_1_57' title="bbox 443 5427 2018 5499; baseline 0.008 -21"><span class='ocrx_word' id='word_1_447' title='bbox 443 5429 607 5481; x_wconf 86' lang='lat' dir='ltr'><strong>ternis</strong></span> <span class='ocrx_word' id='word_1_448' title='bbox 629 5427 795 5482; x_wconf 90' lang='lat' dir='ltr'><strong>literis</strong></span> <span class='ocrx_word' id='word_1_449' title='bbox 811 5429 1040 5499; x_wconf 90' lang='lat' dir='ltr'><strong>primum</strong></span> <span class='ocrx_word' id='word_1_450' title='bbox 1065 5438 1274 5498; x_wconf 87' lang='lat' dir='ltr'><strong>oportet</strong></span> <span class='ocrx_word' id='word_1_451' title='bbox 1294 5429 1505 5485; x_wconf 57' lang='grc' dir='ltr'>ἀίμερνε</span> <span class='ocrx_word' id='word_1_452' title='bbox 1525 5434 1811 5497; x_wconf 77' lang='lat' dir='ltr'><strong>elementa,</strong></span> <span class='ocrx_word' id='word_1_453' title='bbox 1840 5436 1909 5489; x_wconf 90' lang='lat' dir='ltr'><strong>ita</strong></span> <span class='ocrx_word' id='word_1_454' title='bbox 1930 5435 2018 5490; x_wconf 85' lang='lat' dir='ltr'><strong>hic</strong></span> 
     </span>
    </p>
   </div>
   <div class='ocr_carea' id='block_1_58' title="bbox 443 5520 2013 5591">
    <p class='ocr_par' dir='ltr' id='par_1_58' title="bbox 443 5520 2013 5591">
     <span class='ocr_line' id='line_1_58' title="bbox 443 5520 2013 5591; baseline 0.006 -19"><span class='ocrx_word' id='word_1_455' title='bbox 443 5536 656 5589; x_wconf 83' lang='lat' dir='ltr'><strong>quoque</strong></span> <span class='ocrx_word' id='word_1_456' title='bbox 700 5521 930 5589; x_wconf 90' lang='lat' dir='ltr'><strong>primum</strong></span> <span class='ocrx_word' id='word_1_457' title='bbox 983 5520 1164 5576; x_wconf 87' lang='lat' dir='ltr'><strong>doceri</strong></span> <span class='ocrx_word' id='word_1_458' title='bbox 1210 5523 1493 5591; x_wconf 85' lang='lat' dir='ltr'><strong>oportebat</strong></span> <span class='ocrx_word' id='word_1_459' title='bbox 1536 5523 1606 5578; x_wconf 86' lang='lat' dir='ltr'><strong>de</strong></span> <span class='ocrx_word' id='word_1_460' title='bbox 1661 5525 2013 5582; x_wconf 81' lang='lat' dir='ltr'><strong>humanitate.</strong></span> 
     </span>
    </p>
   </div>
   <div class='ocr_carea' id='block_1_59' title="bbox 440 5610 2017 5683">
    <p class='ocr_par' dir='ltr' id='par_1_59' title="bbox 440 5610 2017 5683">
     <span class='ocr_line' id='line_1_59' title="bbox 440 5610 2017 5683; baseline 0.006 -20"><span class='ocrx_word' id='word_1_461' title='bbox 440 5610 603 5665; x_wconf 68' lang='lat' dir='ltr'><strong>Vides</strong></span> <span class='ocrx_word' id='word_1_462' title='bbox 641 5626 884 5681; x_wconf 70' lang='lat' dir='ltr'><strong>quaenam</strong></span> <span class='ocrx_word' id='word_1_463' title='bbox 934 5613 1004 5667; x_wconf 88' lang='lat' dir='ltr'><strong>sit</strong></span> <span class='ocrx_word' id='word_1_464' title='bbox 1042 5628 1200 5667; x_wconf 90' lang='lat' dir='ltr'><strong>causa</strong></span> <span class='ocrx_word' id='word_1_465' title='bbox 1232 5628 1328 5667; x_wconf 90' lang='lat' dir='ltr'><strong>cur</strong></span> <span class='ocrx_word' id='word_1_466' title='bbox 1371 5613 1617 5683; x_wconf 86' lang='lat' dir='ltr'><strong>loquatur</strong></span> <span class='ocrx_word' id='word_1_467' title='bbox 1649 5615 1911 5672; x_wconf 81' lang='lat' dir='ltr'><strong>humilia?</strong></span> <span class='ocrx_word' id='word_1_468' title='bbox 1941 5617 2017 5672; x_wconf 84' lang='lat' dir='ltr'><strong>lta</strong></span> 
     </span>
    </p>
   </div>
   <div class='ocr_carea' id='block_1_60' title="bbox 440 5700 2018 5774">
    <p class='ocr_par' dir='ltr' id='par_1_60' title="bbox 440 5700 2018 5774">
     <span class='ocr_line' id='line_1_60' title="bbox 440 5700 2018 5774; baseline 0.009 -23"><span class='ocrx_word' id='word_1_469' title='bbox 440 5702 596 5753; x_wconf 80' lang='lat' dir='ltr'><strong>etiam</strong></span> <span class='ocrx_word' id='word_1_470' title='bbox 628 5700 750 5757; x_wconf 67' lang='lat' dir='ltr'><strong>fecit</strong></span> <span class='ocrx_word' id='word_1_471' title='bbox 779 5702 972 5757; x_wconf 76' lang='lat' dir='ltr'><strong>Paulus</strong></span> <span class='ocrx_word' id='word_1_472' title='bbox 1008 5702 1280 5761; x_wconf 87' lang='lat' dir='ltr'><strong>disserens</strong></span> <span class='ocrx_word' id='word_1_473' title='bbox 1322 5717 1443 5759; x_wconf 90' lang='lat' dir='ltr'><strong>cum</strong></span> <span class='ocrx_word' id='word_1_474' title='bbox 1473 5704 1913 5774; x_wconf 81' lang='lat' dir='ltr'><strong>Atheniensibus,</strong></span> <span class='ocrx_word' id='word_1_475' title='bbox 1960 5715 2018 5765; x_wconf 86' lang='lat' dir='ltr'><strong>et</strong></span> 
     </span>
    </p>
   </div>
   <div class='ocr_carea' id='block_1_61' title="bbox 1120 310 3663 383">
    <p class='ocr_par' dir='ltr' id='par_1_61' title="bbox 1120 310 3663 383">
     <span class='ocr_line' id='line_1_61' title="bbox 1120 310 3663 383; baseline -0.003 -3"><span class='ocrx_word' id='word_1_476' title='bbox 1120 325 1178 380; x_wconf 88' lang='lat' dir='ltr'><strong>S.</strong></span> <span class='ocrx_word' id='word_1_477' title='bbox 1215 321 1488 379; x_wconf 79' lang='lat' dir='ltr'><strong>JOANNIS</strong></span> <span class='ocrx_word' id='word_1_478' title='bbox 1523 320 1996 378; x_wconf 74' lang='lat' dir='ltr'><strong>CIIRYSOSTOMI</strong></span> <span class='ocrx_word' id='word_1_479' title='bbox 2036 310 2350 381; x_wconf 69' lang='lat' dir='ltr'><strong>ARClliEP.</strong></span> <span class='ocrx_word' id='word_1_480' title='bbox 2380 322 2904 383; x_wconf 69' lang='lat' dir='ltr'><strong>CONSI&#39;ANTINOP.</strong></span> <span class='ocrx_word' id='word_1_481' title='bbox 3597 320 3663 375; x_wconf 74' lang='lat'><strong>72</strong></span> 
     </span>
    </p>
   </div>
   <div class='ocr_carea' id='block_1_62' title="bbox 2088 418 3661 502">
    <p class='ocr_par' dir='ltr' id='par_1_62' title="bbox 2088 418 3661 502">
     <span class='ocr_line' id='line_1_62' title="bbox 2088 418 3661 502; baseline -0.003 -15"><span class='ocrx_word' id='word_1_482' title='bbox 2088 434 2270 489; x_wconf 84' lang='lat' dir='ltr'><strong>dicens</strong></span> <span class='ocrx_word' id='word_1_483' title='bbox 2303 451 2314 485; x_wconf 92' lang='lat'><strong>:</strong></span> <span class='ocrx_word' id='word_1_484' title='bbox 2344 430 2412 485; x_wconf 86' lang='lat' dir='ltr'><strong>Et</strong></span> <span class='ocrx_word' id='word_1_485' title='bbox 2454 440 2681 501; x_wconf 86' lang='lat' dir='ltr'><strong>tempora</strong></span> <span class='ocrx_word' id='word_1_486' title='bbox 2706 430 2909 499; x_wconf 86' lang='lat' dir='ltr'><strong>quidem</strong></span> <span class='ocrx_word' id='word_1_487' title='bbox 2944 429 3097 502; x_wconf 82' lang='lat' dir='ltr'><strong>hujus</strong></span> <span class='ocrx_word' id='word_1_488' title='bbox 3139 428 3445 499; x_wconf 69' lang='lat' dir='ltr'><strong>ignorantia:</strong></span> <span class='ocrx_word' id='word_1_489' title='bbox 3486 418 3661 499; x_wconf 80' lang='lat' dir='ltr'><strong>despi-</strong></span> 
     </span>
    </p>
   </div>
   <div class='ocr_carea' id='block_1_63' title="bbox 2087 519 3664 590">
    <p class='ocr_par' dir='ltr' id='par_1_63' title="bbox 2087 519 3664 590">
     <span class='ocr_line' id='line_1_63' title="bbox 2087 519 3664 590; baseline -0.001 -14"><span class='ocrx_word' id='word_1_490' title='bbox 2087 526 2219 577; x_wconf 80' lang='lat' dir='ltr'><strong>ciens</strong></span> <span class='ocrx_word' id='word_1_491' title='bbox 2247 522 2401 589; x_wconf 85' lang='lat' dir='ltr'><strong>Deus,</strong></span> <span class='ocrx_word' id='word_1_492' title='bbox 2430 538 2562 575; x_wconf 89' lang='lat' dir='ltr'><strong>nunc</strong></span> <span class='ocrx_word' id='word_1_493' title='bbox 2586 522 2856 575; x_wconf 84' lang='lat' dir='ltr'><strong>annuntiat</strong></span> <span class='ocrx_word' id='word_1_494' title='bbox 2890 519 3177 575; x_wconf 82' lang='lat' dir='ltr'><strong>hominibus</strong></span> <span class='ocrx_word' id='word_1_495' title='bbox 3204 528 3257 572; x_wconf 90' lang='lat' dir='ltr'><strong>ut</strong></span> <span class='ocrx_word' id='word_1_496' title='bbox 3283 535 3458 574; x_wconf 88' lang='lat' dir='ltr'><strong>omnes</strong></span> <span class='ocrx_word' id='word_1_497' title='bbox 3479 521 3664 590; x_wconf 82' lang='lat' dir='ltr'><strong>ubique</strong></span> 
     </span>
    </p>
   </div>
   <div class='ocr_carea' id='block_1_64' title="bbox 2088 613 3664 685">
    <p class='ocr_par' dir='ltr' id='par_1_64' title="bbox 2088 613 3664 685">
     <span class='ocr_line' id='line_1_64' title="bbox 2088 613 3664 685; baseline -0.003 -15"><span class='ocrx_word' id='word_1_498' title='bbox 2088 617 2424 684; x_wconf 71' lang='lat' dir='ltr'><strong>paenitentiam</strong></span> <span class='ocrx_word' id='word_1_499' title='bbox 2439 625 2612 685; x_wconf 86' lang='lat' dir='ltr'><strong>agant,</strong></span> <span class='ocrx_word' id='word_1_500' title='bbox 2635 630 2692 668; x_wconf 90' lang='lat' dir='ltr'><strong>eo</strong></span> <span class='ocrx_word' id='word_1_501' title='bbox 2712 614 2847 684; x_wconf 89' lang='lat' dir='ltr'><strong>quod</strong></span> <span class='ocrx_word' id='word_1_502' title='bbox 2866 614 3044 669; x_wconf 86' lang='lat' dir='ltr'><strong>statuit</strong></span> <span class='ocrx_word' id='word_1_503' title='bbox 3072 613 3228 676; x_wconf 86' lang='lat' dir='ltr'><strong>diem,</strong></span> <span class='ocrx_word' id='word_1_504' title='bbox 3256 614 3310 666; x_wconf 87' lang='lat' dir='ltr'><strong>in</strong></span> <span class='ocrx_word' id='word_1_505' title='bbox 3335 629 3434 682; x_wconf 83' lang='lat' dir='ltr'><strong>quo</strong></span> <span class='ocrx_word' id='word_1_506' title='bbox 3453 614 3664 682; x_wconf 82' lang='lat' dir='ltr'><strong>judica-</strong></span> 
     </span>
    </p>
   </div>
   <div class='ocr_carea' id='block_1_65' title="bbox 2088 704 3667 775">
    <p class='ocr_par' dir='ltr' id='par_1_65' title="bbox 2088 704 3667 775">
     <span class='ocr_line' id='line_1_65' title="bbox 2088 704 3667 775; baseline -0.003 -15"><span class='ocrx_word' id='word_1_507' title='bbox 2088 717 2229 761; x_wconf 87' lang='lat' dir='ltr'><strong>turus</strong></span> <span class='ocrx_word' id='word_1_508' title='bbox 2252 715 2322 761; x_wconf 88' lang='lat' dir='ltr'><strong>est</strong></span> <span class='ocrx_word' id='word_1_509' title='bbox 2344 705 2512 759; x_wconf 85' lang='lat' dir='ltr'><strong>orbem</strong></span> <span class='ocrx_word' id='word_1_510' title='bbox 2534 706 2585 758; x_wconf 90' lang='lat' dir='ltr'><strong>in</strong></span> <span class='ocrx_word' id='word_1_511' title='bbox 2613 706 2867 775; x_wconf 69' lang='lat' dir='ltr'><strong>(equitate,</strong></span> <span class='ocrx_word' id='word_1_512' title='bbox 2896 706 2950 757; x_wconf 88' lang='lat' dir='ltr'><strong>in</strong></span> <span class='ocrx_word' id='word_1_513' title='bbox 2970 705 3075 758; x_wconf 83' lang='lat' dir='ltr'><strong>viro</strong></span> <span class='ocrx_word' id='word_1_514' title='bbox 3099 705 3151 756; x_wconf 88' lang='lat' dir='ltr'><strong>in</strong></span> <span class='ocrx_word' id='word_1_515' title='bbox 3180 704 3482 774; x_wconf 88' lang='lat' dir='ltr'><strong>quostatuit,</strong></span> <span class='ocrx_word' id='word_1_516' title='bbox 3510 706 3667 772; x_wconf 81' lang='lat' dir='ltr'><strong>ﬁdem</strong></span> 
     </span>
    </p>
   </div>
   <div class='ocr_carea' id='block_1_66' title="bbox 2088 790 3662 868">
    <p class='ocr_par' dir='ltr' id='par_1_66' title="bbox 2088 790 3662 868">
     <span class='ocr_line' id='line_1_66' title="bbox 2088 790 3662 868; baseline -0.002 -18"><span class='ocrx_word' id='word_1_517' title='bbox 2088 797 2311 868; x_wconf 67' lang='lat' dir='ltr'><strong>praebens</strong></span> <span class='ocrx_word' id='word_1_518' title='bbox 2335 797 2584 861; x_wconf 89' lang='lat' dir='ltr'><strong>omnibus,</strong></span> <span class='ocrx_word' id='word_1_519' title='bbox 2606 797 2856 850; x_wconf 86' lang='lat' dir='ltr'><strong>suscitans</strong></span> <span class='ocrx_word' id='word_1_520' title='bbox 2875 812 2989 850; x_wconf 88' lang='lat' dir='ltr'><strong>eum</strong></span> <span class='ocrx_word' id='word_1_521' title='bbox 3011 812 3043 848; x_wconf 93' lang='lat' dir='ltr'><strong>a</strong></span> <span class='ocrx_word' id='word_1_522' title='bbox 3059 790 3270 850; x_wconf 78' lang='lat' dir='ltr'><strong>mortuis</strong></span> <span class='ocrx_word' id='word_1_523' title='bbox 3297 794 3432 865; x_wconf 86' lang='lat' dir='ltr'><strong>(Act.</strong></span> <span class='ocrx_word' id='word_1_524' title='bbox 3462 797 3546 849; x_wconf 83' lang='lat' dir='ltr'><strong>l7.</strong></span> <span class='ocrx_word' id='word_1_525' title='bbox 3569 797 3662 850; x_wconf 78' lang='lat'><strong>50.</strong></span> 
     </span>
    </p>
   </div>
   <div class='ocr_carea' id='block_1_67' title="bbox 2086 888 3670 960">
    <p class='ocr_par' dir='ltr' id='par_1_67' title="bbox 2086 888 3670 960">
     <span class='ocr_line' id='line_1_67' title="bbox 2086 888 3670 960; baseline -0.004 -14"><span class='ocrx_word' id='word_1_526' title='bbox 2086 894 2199 960; x_wconf 82' lang='grc'><strong>51).</strong></span> <span class='ocrx_word' id='word_1_527' title='bbox 2234 892 2518 960; x_wconf 79' lang='lat' dir='ltr'><strong>Propterea</strong></span> <span class='ocrx_word' id='word_1_528' title='bbox 2542 890 2587 945; x_wconf 88' lang='lat' dir='ltr'><strong>si</strong></span> <span class='ocrx_word' id='word_1_529' title='bbox 2616 889 2883 958; x_wconf 86' lang='lat' dir='ltr'><strong>quidpiam</strong></span> <span class='ocrx_word' id='word_1_530' title='bbox 2919 889 3132 959; x_wconf 89' lang='lat' dir='ltr'><strong>quidem</strong></span> <span class='ocrx_word' id='word_1_531' title='bbox 3163 888 3287 943; x_wconf 91' lang='lat' dir='ltr'><strong>dicit</strong></span> <span class='ocrx_word' id='word_1_532' title='bbox 3311 889 3583 943; x_wconf 86' lang='lat' dir='ltr'><strong>excelsum</strong></span> <span class='ocrx_word' id='word_1_533' title='bbox 3612 898 3670 941; x_wconf 86' lang='lat' dir='ltr'><strong>et</strong></span> 
     </span>
    </p>
   </div>
   <div class='ocr_carea' id='block_1_68' title="bbox 2089 978 3665 1045">
    <p class='ocr_par' dir='ltr' id='par_1_68' title="bbox 2089 978 3665 1045">
     <span class='ocr_line' id='line_1_68' title="bbox 2089 978 3665 1045; baseline -0.005 -8"><span class='ocrx_word' id='word_1_534' title='bbox 2089 983 2336 1045; x_wconf 82' lang='lat' dir='ltr'><strong>sublime,</strong></span> <span class='ocrx_word' id='word_1_535' title='bbox 2367 981 2468 1035; x_wconf 87' lang='lat' dir='ltr'><strong>hoc</strong></span> <span class='ocrx_word' id='word_1_536' title='bbox 2498 980 2627 1035; x_wconf 91' lang='lat' dir='ltr'><strong>dicit</strong></span> <span class='ocrx_word' id='word_1_537' title='bbox 2655 980 2887 1034; x_wconf 85' lang='lat' dir='ltr'><strong>breviter</strong></span> <span class='ocrx_word' id='word_1_538' title='bbox 2913 997 2926 1033; x_wconf 90' lang='lat'><strong>:</strong></span> <span class='ocrx_word' id='word_1_539' title='bbox 2959 978 3176 1032; x_wconf 88' lang='lat' dir='ltr'><strong>humilia</strong></span> <span class='ocrx_word' id='word_1_540' title='bbox 3203 987 3380 1032; x_wconf 89' lang='lat' dir='ltr'><strong>autem</strong></span> <span class='ocrx_word' id='word_1_541' title='bbox 3419 979 3665 1043; x_wconf 79' lang='lat' dir='ltr'><strong>dispersa</strong></span> 
     </span>
    </p>
   </div>
   <div class='ocr_carea' id='block_1_69' title="bbox 2098 1070 3679 1142">
    <p class='ocr_par' dir='ltr' id='par_1_69' title="bbox 2098 1070 3679 1142">
     <span class='ocr_line' id='line_1_69' title="bbox 2098 1070 3679 1142; baseline 0.005 -19"><span class='ocrx_word' id='word_1_542' title='bbox 2098 1079 2223 1123; x_wconf 90' lang='lat' dir='ltr'><strong>sunt</strong></span> <span class='ocrx_word' id='word_1_543' title='bbox 2264 1070 2317 1124; x_wconf 88' lang='lat' dir='ltr'><strong>in</strong></span> <span class='ocrx_word' id='word_1_544' title='bbox 2364 1072 2544 1126; x_wconf 89' lang='lat' dir='ltr'><strong>multis</strong></span> <span class='ocrx_word' id='word_1_545' title='bbox 2575 1073 2704 1128; x_wconf 88' lang='lat' dir='ltr'><strong>locis</strong></span> <span class='ocrx_word' id='word_1_546' title='bbox 2740 1071 3014 1142; x_wconf 75' lang='lat' dir='ltr'><strong>Epistolas.</strong></span> <span class='ocrx_word' id='word_1_547' title='bbox 3059 1073 3125 1127; x_wconf 88' lang='lat' dir='ltr'><strong>Et</strong></span> <span class='ocrx_word' id='word_1_548' title='bbox 3164 1073 3244 1129; x_wconf 93' lang='lat' dir='ltr'><strong>sic</strong></span> <span class='ocrx_word' id='word_1_549' title='bbox 3286 1075 3592 1129; x_wconf 83' lang='lat' dir='ltr'><strong>OSIenditur</strong></span> <span class='ocrx_word' id='word_1_550' title='bbox 3623 1077 3679 1132; x_wconf 87' lang='lat' dir='ltr'><strong>id</strong></span> 
     </span>
    </p>
   </div>
   <div class='ocr_carea' id='block_1_70' title="bbox 2098 1160 3681 1234">
    <p class='ocr_par' dir='ltr' id='par_1_70' title="bbox 2098 1160 3681 1234">
     <span class='ocr_line' id='line_1_70' title="bbox 2098 1160 3681 1234; baseline 0.007 -23"><span class='ocrx_word' id='word_1_551' title='bbox 2098 1160 2239 1227; x_wconf 90' lang='lat' dir='ltr'><strong>quod</strong></span> <span class='ocrx_word' id='word_1_552' title='bbox 2271 1169 2354 1214; x_wconf 89' lang='lat' dir='ltr'><strong>est</strong></span> <span class='ocrx_word' id='word_1_553' title='bbox 2383 1161 2650 1216; x_wconf 84' lang='lat' dir='ltr'><strong>excelsum</strong></span> <span class='ocrx_word' id='word_1_554' title='bbox 2693 1170 2746 1215; x_wconf 91' lang='lat' dir='ltr'><strong>et</strong></span> <span class='ocrx_word' id='word_1_555' title='bbox 2775 1162 3040 1218; x_wconf 88' lang='lat' dir='ltr'><strong>sublime:</strong></span> <span class='ocrx_word' id='word_1_556' title='bbox 3073 1178 3196 1218; x_wconf 89' lang='lat' dir='ltr'><strong>nam</strong></span> <span class='ocrx_word' id='word_1_557' title='bbox 3227 1164 3372 1234; x_wconf 90' lang='lat' dir='ltr'><strong>quod</strong></span> <span class='ocrx_word' id='word_1_558' title='bbox 3413 1175 3491 1223; x_wconf 87' lang='lat' dir='ltr'><strong>est</strong></span> <span class='ocrx_word' id='word_1_559' title='bbox 3520 1167 3681 1222; x_wconf 87' lang='lat' dir='ltr'><strong>valde</strong></span> 
     </span>
    </p>
   </div>
   <div class='ocr_carea' id='block_1_71' title="bbox 2100 1245 3681 1325">
    <p class='ocr_par' dir='ltr' id='par_1_71' title="bbox 2100 1245 3681 1325">
     <span class='ocr_line' id='line_1_71' title="bbox 2100 1245 3681 1325; baseline 0.009 -25"><span class='ocrx_word' id='word_1_560' title='bbox 2100 1245 2319 1315; x_wconf 88' lang='lat' dir='ltr'><strong>humile,</strong></span> <span class='ocrx_word' id='word_1_561' title='bbox 2370 1266 2475 1305; x_wconf 91' lang='lat' dir='ltr'><strong>non</strong></span> <span class='ocrx_word' id='word_1_562' title='bbox 2508 1251 2636 1305; x_wconf 88' lang='lat' dir='ltr'><strong>sinit</strong></span> <span class='ocrx_word' id='word_1_563' title='bbox 2665 1261 2722 1305; x_wconf 91' lang='lat' dir='ltr'><strong>ut</strong></span> <span class='ocrx_word' id='word_1_564' title='bbox 2771 1251 2839 1306; x_wconf 90' lang='lat' dir='ltr'><strong>de</strong></span> <span class='ocrx_word' id='word_1_565' title='bbox 2883 1252 3162 1308; x_wconf 88' lang='lat' dir='ltr'><strong>divinitate</strong></span> <span class='ocrx_word' id='word_1_566' title='bbox 3208 1257 3557 1325; x_wconf 87' lang='lat' dir='ltr'><strong>suspicemur.</strong></span> <span class='ocrx_word' id='word_1_567' title='bbox 3602 1259 3681 1314; x_wconf 77' lang='lat' dir='ltr'><strong>Ita</strong></span> 
     </span>
    </p>
   </div>
   <div class='ocr_carea' id='block_1_72' title="bbox 2101 1338 3682 1411">
    <p class='ocr_par' dir='ltr' id='par_1_72' title="bbox 2101 1338 3682 1411">
     <span class='ocr_line' id='line_1_72' title="bbox 2101 1338 3682 1411; baseline 0.006 -18"><span class='ocrx_word' id='word_1_568' title='bbox 2101 1338 2187 1394; x_wconf 89' lang='lat' dir='ltr'><strong>hic</strong></span> <span class='ocrx_word' id='word_1_569' title='bbox 2217 1356 2427 1410; x_wconf 91' lang='lat' dir='ltr'><strong>quoque</strong></span> <span class='ocrx_word' id='word_1_570' title='bbox 2450 1341 2590 1411; x_wconf 89' lang='lat' dir='ltr'><strong>quod</strong></span> <span class='ocrx_word' id='word_1_571' title='bbox 2623 1350 2791 1396; x_wconf 91' lang='lat' dir='ltr'><strong>tutum</strong></span> <span class='ocrx_word' id='word_1_572' title='bbox 2831 1351 2915 1398; x_wconf 90' lang='lat' dir='ltr'><strong>est</strong></span> <span class='ocrx_word' id='word_1_573' title='bbox 2950 1359 3191 1409; x_wconf 85' lang='lat' dir='ltr'><strong>servans,</strong></span> <span class='ocrx_word' id='word_1_574' title='bbox 3228 1344 3449 1401; x_wconf 85' lang='lat' dir='ltr'><strong>humilia</strong></span> <span class='ocrx_word' id='word_1_575' title='bbox 3482 1349 3682 1401; x_wconf 83' lang='lat' dir='ltr'><strong>burna-</strong></span> 
     </span>
    </p>
   </div>
   <div class='ocr_carea' id='block_1_73' title="bbox 2100 1430 3679 1504">
    <p class='ocr_par' dir='ltr' id='par_1_73' title="bbox 2100 1430 3679 1504">
     <span class='ocr_line' id='line_1_73' title="bbox 2100 1430 3679 1504; baseline 0.005 -21"><span class='ocrx_word' id='word_1_576' title='bbox 2100 1430 2255 1484; x_wconf 89' lang='lat' dir='ltr'><strong>nitati</strong></span> <span class='ocrx_word' id='word_1_577' title='bbox 2299 1430 2542 1501; x_wconf 78' lang='lat' dir='ltr'><strong>adjungit</strong></span> <span class='ocrx_word' id='word_1_578' title='bbox 2570 1450 2583 1485; x_wconf 75' lang='grc' dir='ltr'>ε</span> <span class='ocrx_word' id='word_1_579' title='bbox 2616 1433 2668 1486; x_wconf 92' lang='lat' dir='ltr'><strong>in</strong></span> <span class='ocrx_word' id='word_1_580' title='bbox 2707 1446 2870 1486; x_wconf 86' lang='lat' dir='ltr'><strong>causa</strong></span> <span class='ocrx_word' id='word_1_581' title='bbox 2900 1442 3078 1487; x_wconf 85' lang='lat' dir='ltr'><strong>autem</strong></span> <span class='ocrx_word' id='word_1_582' title='bbox 3115 1442 3251 1499; x_wconf 86' lang='lat' dir='ltr'><strong>erat,</strong></span> <span class='ocrx_word' id='word_1_583' title='bbox 3283 1435 3423 1504; x_wconf 90' lang='lat' dir='ltr'><strong>quod</strong></span> <span class='ocrx_word' id='word_1_584' title='bbox 3453 1437 3526 1490; x_wconf 91' lang='lat' dir='ltr'><strong>illi</strong></span> <span class='ocrx_word' id='word_1_585' title='bbox 3572 1454 3679 1493; x_wconf 82' lang='lat' dir='ltr'><strong>non</strong></span> 
     </span>
    </p>
   </div>
   <div class='ocr_carea' id='block_1_74' title="bbox 2104 1522 3686 1596">
    <p class='ocr_par' dir='ltr' id='par_1_74' title="bbox 2104 1522 3686 1596">
     <span class='ocr_line' id='line_1_74' title="bbox 2104 1522 3686 1596; baseline 0.004 -20"><span class='ocrx_word' id='word_1_586' title='bbox 2104 1532 2322 1592; x_wconf 88' lang='lat' dir='ltr'><strong>possent</strong></span> <span class='ocrx_word' id='word_1_587' title='bbox 2354 1522 2667 1592; x_wconf 77' lang='lat' dir='ltr'><strong>pcrfcctiora</strong></span> <span class='ocrx_word' id='word_1_588' title='bbox 2695 1523 2907 1579; x_wconf 90' lang='lat' dir='ltr'><strong>audire.</strong></span> <span class='ocrx_word' id='word_1_589' title='bbox 2936 1524 3050 1580; x_wconf 87' lang='lat' dir='ltr'><strong>Hoc</strong></span> <span class='ocrx_word' id='word_1_590' title='bbox 3088 1527 3320 1580; x_wconf 78' lang='lat' dir='ltr'><strong>maxime</strong></span> <span class='ocrx_word' id='word_1_591' title='bbox 3346 1527 3686 1596; x_wconf 78' lang='lat' dir='ltr'><strong>significabat</strong></span> 
     </span>
    </p>
   </div>
   <div class='ocr_carea' id='block_1_75' title="bbox 2104 1613 3683 1686">
    <p class='ocr_par' dir='ltr' id='par_1_75' title="bbox 2104 1613 3683 1686">
     <span class='ocr_line' id='line_1_75' title="bbox 2104 1613 3683 1686; baseline 0.003 -20"><span class='ocrx_word' id='word_1_592' title='bbox 2104 1613 2155 1666; x_wconf 91' lang='lat' dir='ltr'><strong>in</strong></span> <span class='ocrx_word' id='word_1_593' title='bbox 2188 1613 2427 1683; x_wconf 88' lang='lat' dir='ltr'><strong>Epistola</strong></span> <span class='ocrx_word' id='word_1_594' title='bbox 2458 1614 2523 1668; x_wconf 90' lang='lat' dir='ltr'><strong>ad</strong></span> <span class='ocrx_word' id='word_1_595' title='bbox 2572 1613 2900 1682; x_wconf 89' lang='lat' dir='ltr'><strong>Corinthios,</strong></span> <span class='ocrx_word' id='word_1_596' title='bbox 2943 1614 3167 1670; x_wconf 89' lang='lat' dir='ltr'><strong>dicens:</strong></span> <span class='ocrx_word' id='word_1_597' title='bbox 3196 1615 3322 1669; x_wconf 83' lang='lat' dir='ltr'><strong>Cum</strong></span> <span class='ocrx_word' id='word_1_598' title='bbox 3363 1617 3495 1669; x_wconf 85' lang='lat' dir='ltr'><strong>enim</strong></span> <span class='ocrx_word' id='word_1_599' title='bbox 3522 1618 3683 1686; x_wconf 74' lang='lat' dir='ltr'><strong>fuerit</strong></span> 
     </span>
    </p>
   </div>
   <div class='ocr_carea' id='block_1_76' title="bbox 2103 1704 3684 1772">
    <p class='ocr_par' dir='ltr' id='par_1_76' title="bbox 2103 1704 3684 1772">
     <span class='ocr_line' id='line_1_76' title="bbox 2103 1704 3684 1772; baseline 0.004 -15"><span class='ocrx_word' id='word_1_600' title='bbox 2103 1704 2234 1758; x_wconf 81' lang='lat' dir='ltr'><strong>inter</strong></span> <span class='ocrx_word' id='word_1_601' title='bbox 2293 1720 2380 1760; x_wconf 73' lang='lat' dir='ltr'><strong>eos</strong></span> <span class='ocrx_word' id='word_1_602' title='bbox 2429 1705 2568 1760; x_wconf 72' lang='lat' dir='ltr'><strong>zelus</strong></span> <span class='ocrx_word' id='word_1_603' title='bbox 2616 1715 2662 1760; x_wconf 87' lang='lat' dir='ltr'><strong>et</strong></span> <span class='ocrx_word' id='word_1_604' title='bbox 2725 1707 3011 1772; x_wconf 87' lang='lat' dir='ltr'><strong>contentio,</strong></span> <span class='ocrx_word' id='word_1_605' title='bbox 3057 1724 3224 1761; x_wconf 89' lang='lat' dir='ltr'><strong>nonne</strong></span> <span class='ocrx_word' id='word_1_606' title='bbox 3277 1709 3507 1762; x_wconf 84' lang='lat' dir='ltr'><strong>carnales</strong></span> <span class='ocrx_word' id='word_1_607' title='bbox 3565 1709 3684 1764; x_wconf 74' lang='lat' dir='ltr'><strong>estis</strong></span> 
     </span>
    </p>
   </div>
   <div class='ocr_carea' id='block_1_77' title="bbox 2110 1794 3685 1869">
    <p class='ocr_par' dir='ltr' id='par_1_77' title="bbox 2110 1794 3685 1869">
     <span class='ocr_line' id='line_1_77' title="bbox 2110 1794 3685 1869; baseline 0.003 -19"><span class='ocrx_word' id='word_1_608' title='bbox 2110 1794 2184 1866; x_wconf 84' lang='grc' dir='ltr'><strong>(ι.</strong></span> <span class='ocrx_word' id='word_1_609' title='bbox 2218 1794 2335 1853; x_wconf 84' lang='lat' dir='ltr'><strong>Cor.</strong></span> <span class='ocrx_word' id='word_1_610' title='bbox 2364 1796 2418 1851; x_wconf 79' lang='grc'><strong>5.</strong></span> <span class='ocrx_word' id='word_1_611' title='bbox 2447 1797 2546 1866; x_wconf 75' lang='lat'><strong>5)?</strong></span> <span class='ocrx_word' id='word_1_612' title='bbox 2587 1796 2721 1852; x_wconf 82' lang='lat' dir='ltr'><strong>Vide</strong></span> <span class='ocrx_word' id='word_1_613' title='bbox 2768 1807 2947 1853; x_wconf 89' lang='lat' dir='ltr'><strong>autem</strong></span> <span class='ocrx_word' id='word_1_614' title='bbox 3002 1799 3223 1852; x_wconf 89' lang='lat' dir='ltr'><strong>multam</strong></span> <span class='ocrx_word' id='word_1_615' title='bbox 3278 1800 3397 1869; x_wconf 89' lang='lat' dir='ltr'><strong>ejus</strong></span> <span class='ocrx_word' id='word_1_616' title='bbox 3452 1803 3685 1869; x_wconf 69' lang='lat' dir='ltr'><strong>pruden-</strong></span> 
     </span>
    </p>
   </div>
   <div class='ocr_carea' id='block_1_78' title="bbox 2106 1886 3686 1958">
    <p class='ocr_par' dir='ltr' id='par_1_78' title="bbox 2106 1886 3686 1958">
     <span class='ocr_line' id='line_1_78' title="bbox 2106 1886 3686 1958; baseline 0.004 -19"><span class='ocrx_word' id='word_1_617' title='bbox 2106 1886 2234 1940; x_wconf 87' lang='lat' dir='ltr'><strong>tiam</strong></span> <span class='ocrx_word' id='word_1_618' title='bbox 2266 1903 2279 1940; x_wconf 89' lang='lat'><strong>:</strong></span> <span class='ocrx_word' id='word_1_619' title='bbox 2311 1891 2503 1957; x_wconf 86' lang='lat' dir='ltr'><strong>nempe</strong></span> <span class='ocrx_word' id='word_1_620' title='bbox 2532 1902 2690 1957; x_wconf 85' lang='lat' dir='ltr'><strong>quam</strong></span> <span class='ocrx_word' id='word_1_621' title='bbox 2723 1896 3080 1958; x_wconf 81' lang='lat' dir='ltr'><strong>congruenter</strong></span> <span class='ocrx_word' id='word_1_622' title='bbox 3122 1900 3176 1944; x_wconf 91' lang='lat' dir='ltr'><strong>et</strong></span> <span class='ocrx_word' id='word_1_623' title='bbox 3204 1891 3585 1945; x_wconf 83' lang='lat' dir='ltr'><strong>convenienter</strong></span> <span class='ocrx_word' id='word_1_624' title='bbox 3625 1907 3686 1946; x_wconf 86' lang='lat' dir='ltr'><strong>se</strong></span> 
     </span>
    </p>
   </div>
   <div class='ocr_carea' id='block_1_79' title="bbox 2104 1977 3684 2052">
    <p class='ocr_par' dir='ltr' id='par_1_79' title="bbox 2104 1977 3684 2052">
     <span class='ocr_line' id='line_1_79' title="bbox 2104 1977 3684 2052; baseline 0.003 -21"><span class='ocrx_word' id='word_1_625' title='bbox 2104 1987 2252 2047; x_wconf 73' lang='lat' dir='ltr'><strong>gerat</strong></span> <span class='ocrx_word' id='word_1_626' title='bbox 2280 1977 2334 2031; x_wconf 91' lang='lat' dir='ltr'><strong>in</strong></span> <span class='ocrx_word' id='word_1_627' title='bbox 2357 1977 2627 2047; x_wconf 77' lang='lat' dir='ltr'><strong>subjectos</strong></span> <span class='ocrx_word' id='word_1_628' title='bbox 2651 1979 3013 2048; x_wconf 73' lang='lat' dir='ltr'><strong>mgritudines.</strong></span> <span class='ocrx_word' id='word_1_629' title='bbox 3035 1979 3167 2034; x_wconf 87' lang='lat' dir='ltr'><strong>Nam</strong></span> <span class='ocrx_word' id='word_1_630' title='bbox 3200 1981 3310 2035; x_wconf 89' lang='lat' dir='ltr'><strong>illic</strong></span> <span class='ocrx_word' id='word_1_631' title='bbox 3334 1981 3548 2052; x_wconf 88' lang='lat' dir='ltr'><strong>quidem</strong></span> <span class='ocrx_word' id='word_1_632' title='bbox 3581 1984 3684 2035; x_wconf 84' lang='lat' dir='ltr'><strong>im-</strong></span> 
     </span>
    </p>
   </div>
   <div class='ocr_carea' id='block_1_80' title="bbox 2107 2066 3684 2142">
    <p class='ocr_par' dir='ltr' id='par_1_80' title="bbox 2107 2066 3684 2142">
     <span class='ocr_line' id='line_1_80' title="bbox 2107 2066 3684 2142; baseline 0.001 -21"><span class='ocrx_word' id='word_1_633' title='bbox 2107 2066 2369 2121; x_wconf 87' lang='lat' dir='ltr'><strong>becillitas</strong></span> <span class='ocrx_word' id='word_1_634' title='bbox 2411 2082 2600 2138; x_wconf 83' lang='lat' dir='ltr'><strong>magna</strong></span> <span class='ocrx_word' id='word_1_635' title='bbox 2645 2082 2711 2123; x_wconf 76' lang='lat' dir='ltr'><strong>ex</strong></span> <span class='ocrx_word' id='word_1_636' title='bbox 2759 2077 2909 2138; x_wconf 84' lang='lat' dir='ltr'><strong>parte</strong></span> <span class='ocrx_word' id='word_1_637' title='bbox 2946 2070 3209 2125; x_wconf 76' lang='lat' dir='ltr'><strong>existebat</strong></span> <span class='ocrx_word' id='word_1_638' title='bbox 3251 2087 3316 2125; x_wconf 91' lang='lat' dir='ltr'><strong>ex</strong></span> <span class='ocrx_word' id='word_1_639' title='bbox 3361 2074 3684 2142; x_wconf 79' lang='lat' dir='ltr'><strong>ignorantia,</strong></span> 
     </span>
    </p>
   </div>
   <div class='ocr_carea' id='block_1_81' title="bbox 2104 2159 3684 2235">
    <p class='ocr_par' dir='ltr' id='par_1_81' title="bbox 2104 2159 3684 2235">
     <span class='ocr_line' id='line_1_81' title="bbox 2104 2159 3684 2235; baseline 0.001 -22"><span class='ocrx_word' id='word_1_640' title='bbox 2104 2159 2191 2213; x_wconf 84' lang='lat' dir='ltr'><strong>vel</strong></span> <span class='ocrx_word' id='word_1_641' title='bbox 2218 2159 2399 2229; x_wconf 90' lang='lat' dir='ltr'><strong>potius</strong></span> <span class='ocrx_word' id='word_1_642' title='bbox 2435 2175 2502 2216; x_wconf 87' lang='lat' dir='ltr'><strong>ex</strong></span> <span class='ocrx_word' id='word_1_643' title='bbox 2543 2162 2818 2230; x_wconf 87' lang='lat' dir='ltr'><strong>peccatis;</strong></span> <span class='ocrx_word' id='word_1_644' title='bbox 2854 2162 2942 2217; x_wconf 90' lang='lat' dir='ltr'><strong>hic</strong></span> <span class='ocrx_word' id='word_1_645' title='bbox 2970 2172 3146 2218; x_wconf 92' lang='lat' dir='ltr'><strong>autem</strong></span> <span class='ocrx_word' id='word_1_646' title='bbox 3181 2178 3286 2218; x_wconf 91' lang='lat' dir='ltr'><strong>non</strong></span> <span class='ocrx_word' id='word_1_647' title='bbox 3331 2180 3397 2219; x_wconf 82' lang='lat' dir='ltr'><strong>ex</strong></span> <span class='ocrx_word' id='word_1_648' title='bbox 3425 2169 3684 2235; x_wconf 62' lang='lat' dir='ltr'><strong>peccatis,</strong></span> 
     </span>
    </p>
   </div>
   <div class='ocr_carea' id='block_1_82' title="bbox 2111 2250 3690 2312">
    <p class='ocr_par' dir='ltr' id='par_1_82' title="bbox 2111 2250 3690 2312">
     <span class='ocr_line' id='line_1_82' title="bbox 2111 2250 3690 2312; baseline 0.005 -8"><span class='ocrx_word' id='word_1_649' title='bbox 2111 2250 2203 2305; x_wconf 90' lang='lat' dir='ltr'><strong>sed</strong></span> <span class='ocrx_word' id='word_1_650' title='bbox 2232 2264 2296 2304; x_wconf 88' lang='lat' dir='ltr'><strong>ex</strong></span> <span class='ocrx_word' id='word_1_651' title='bbox 2327 2251 2725 2307; x_wconf 88' lang='lat' dir='ltr'><strong>continentibus</strong></span> <span class='ocrx_word' id='word_1_652' title='bbox 2752 2252 3147 2309; x_wconf 84' lang='lat' dir='ltr'><strong>afﬂictionibus.</strong></span> <span class='ocrx_word' id='word_1_653' title='bbox 3178 2255 3247 2309; x_wconf 87' lang='lat' dir='ltr'><strong>Et</strong></span> <span class='ocrx_word' id='word_1_654' title='bbox 3289 2255 3409 2310; x_wconf 91' lang='lat' dir='ltr'><strong>ideo</strong></span> <span class='ocrx_word' id='word_1_655' title='bbox 3436 2273 3563 2311; x_wconf 78' lang='lat' dir='ltr'><strong>usus</strong></span> <span class='ocrx_word' id='word_1_656' title='bbox 3603 2267 3690 2312; x_wconf 64' lang='lat' dir='ltr'><strong>est</strong></span> 
     </span>
    </p>
   </div>
   <div class='ocr_carea' id='block_1_83' title="bbox 2111 2342 3691 2415">
    <p class='ocr_par' dir='ltr' id='par_1_83' title="bbox 2111 2342 3691 2415">
     <span class='ocr_line' id='line_1_83' title="bbox 2111 2342 3691 2415; baseline 0.003 -18"><span class='ocrx_word' id='word_1_657' title='bbox 2111 2343 2272 2398; x_wconf 84' lang='lat' dir='ltr'><strong>etiam</strong></span> <span class='ocrx_word' id='word_1_658' title='bbox 2315 2342 2640 2398; x_wconf 88' lang='lat' dir='ltr'><strong>dictionibus</strong></span> <span class='ocrx_word' id='word_1_659' title='bbox 2682 2360 2803 2414; x_wconf 62' lang='lat' dir='ltr'><strong>quae</strong></span> <span class='ocrx_word' id='word_1_660' title='bbox 2847 2346 3057 2415; x_wconf 88' lang='lat' dir='ltr'><strong>possint</strong></span> <span class='ocrx_word' id='word_1_661' title='bbox 3102 2347 3392 2402; x_wconf 86' lang='lat' dir='ltr'><strong>ostendere</strong></span> <span class='ocrx_word' id='word_1_662' title='bbox 3433 2348 3691 2402; x_wconf 68' lang='lat' dir='ltr'><strong>differen-</strong></span> 
     </span>
    </p>
   </div>
   <div class='ocr_carea' id='block_1_84' title="bbox 2113 2431 3691 2507">
    <p class='ocr_par' dir='ltr' id='par_1_84' title="bbox 2113 2431 3691 2507">
     <span class='ocr_line' id='line_1_84' title="bbox 2113 2431 3691 2507; baseline 0.004 -21"><span class='ocrx_word' id='word_1_663' title='bbox 2113 2433 2258 2496; x_wconf 90' lang='lat' dir='ltr'><strong>tiam,</strong></span> <span class='ocrx_word' id='word_1_664' title='bbox 2289 2431 2401 2487; x_wconf 89' lang='lat' dir='ltr'><strong>illic</strong></span> <span class='ocrx_word' id='word_1_665' title='bbox 2420 2432 2627 2501; x_wconf 87' lang='lat' dir='ltr'><strong>dicens,</strong></span> <span class='ocrx_word' id='word_1_666' title='bbox 2656 2433 2903 2489; x_wconf 79' lang='lat' dir='ltr'><strong>Carnutes</strong></span> <span class='ocrx_word' id='word_1_667' title='bbox 2933 2437 3058 2507; x_wconf 79' lang='lat' dir='ltr'><strong>facti</strong></span> <span class='ocrx_word' id='word_1_668' title='bbox 3086 2438 3235 2503; x_wconf 86' lang='lat' dir='ltr'><strong>estis;</strong></span> <span class='ocrx_word' id='word_1_669' title='bbox 3256 2436 3344 2492; x_wconf 90' lang='lat' dir='ltr'><strong>hic</strong></span> <span class='ocrx_word' id='word_1_670' title='bbox 3375 2453 3521 2503; x_wconf 87' lang='lat' dir='ltr'><strong>vero,</strong></span> <span class='ocrx_word' id='word_1_671' title='bbox 3553 2438 3691 2506; x_wconf 63' lang='lat' dir='ltr'><strong>Quia</strong></span> 
     </span>
    </p>
   </div>
   <div class='ocr_carea' id='block_1_85' title="bbox 2113 2526 3691 2595">
    <p class='ocr_par' dir='ltr' id='par_1_85' title="bbox 2113 2526 3691 2595">
     <span class='ocr_line' id='line_1_85' title="bbox 2113 2526 3691 2595; baseline 0.003 -15"><span class='ocrx_word' id='word_1_672' title='bbox 2113 2526 2286 2595; x_wconf 88' lang='lat' dir='ltr'><strong>major</strong></span> <span class='ocrx_word' id='word_1_673' title='bbox 2323 2535 2440 2581; x_wconf 88' lang='lat' dir='ltr'><strong>erat</strong></span> <span class='ocrx_word' id='word_1_674' title='bbox 2476 2527 2652 2593; x_wconf 92' lang='lat' dir='ltr'><strong>dolor,</strong></span> <span class='ocrx_word' id='word_1_675' title='bbox 2687 2528 2910 2585; x_wconf 87' lang='lat' dir='ltr'><strong>hebetes</strong></span> <span class='ocrx_word' id='word_1_676' title='bbox 2946 2529 3072 2585; x_wconf 89' lang='lat' dir='ltr'><strong>facti</strong></span> <span class='ocrx_word' id='word_1_677' title='bbox 3119 2532 3271 2586; x_wconf 75' lang='lat' dir='ltr'><strong>esus.</strong></span> <span class='ocrx_word' id='word_1_678' title='bbox 3307 2532 3385 2585; x_wconf 85' lang='lat' dir='ltr'><strong>llli</strong></span> <span class='ocrx_word' id='word_1_679' title='bbox 3413 2547 3516 2585; x_wconf 87' lang='lat' dir='ltr'><strong>non</strong></span> <span class='ocrx_word' id='word_1_680' title='bbox 3546 2533 3691 2585; x_wconf 90' lang='lat' dir='ltr'><strong>enim</strong></span> 
     </span>
    </p>
   </div>
   <div class='ocr_carea' id='block_1_86' title="bbox 2112 2616 3696 2689">
    <p class='ocr_par' dir='ltr' id='par_1_86' title="bbox 2112 2616 3696 2689">
     <span class='ocr_line' id='line_1_86' title="bbox 2112 2616 3696 2689; baseline 0.003 -20"><span class='ocrx_word' id='word_1_681' title='bbox 2112 2630 2219 2670; x_wconf 88' lang='lat' dir='ltr'><strong>non</strong></span> <span class='ocrx_word' id='word_1_682' title='bbox 2248 2623 2539 2687; x_wconf 89' lang='lat' dir='ltr'><strong>potuerunt</strong></span> <span class='ocrx_word' id='word_1_683' title='bbox 2564 2616 2725 2684; x_wconf 88' lang='lat' dir='ltr'><strong>ferre,</strong></span> <span class='ocrx_word' id='word_1_684' title='bbox 2758 2627 2818 2673; x_wconf 84' lang='lat' dir='ltr'><strong>ut</strong></span> <span class='ocrx_word' id='word_1_685' title='bbox 2836 2619 2925 2689; x_wconf 91' lang='lat' dir='ltr'><strong>qui</strong></span> <span class='ocrx_word' id='word_1_686' title='bbox 2957 2628 3140 2675; x_wconf 89' lang='lat' dir='ltr'><strong>essent</strong></span> <span class='ocrx_word' id='word_1_687' title='bbox 3162 2621 3441 2685; x_wconf 82' lang='lat' dir='ltr'><strong>carnales;</strong></span> <span class='ocrx_word' id='word_1_688' title='bbox 3473 2621 3559 2674; x_wconf 92' lang='lat' dir='ltr'><strong>isti</strong></span> <span class='ocrx_word' id='word_1_689' title='bbox 3588 2637 3658 2674; x_wconf 90' lang='lat' dir='ltr'><strong>an</strong></span> <span class='ocrx_word' id='word_1_690' title='bbox 3683 2650 3696 2664; x_wconf 77' lang='grc' dir='ltr'><strong><em>ο</em></strong></span> 
     </span>
    </p>
   </div>
   <div class='ocr_carea' id='block_1_87' title="bbox 2113 2708 3691 2781">
    <p class='ocr_par' dir='ltr' id='par_1_87' title="bbox 2113 2708 3691 2781">
     <span class='ocr_line' id='line_1_87' title="bbox 2113 2708 3691 2781; baseline 0.003 -21"><span class='ocrx_word' id='word_1_691' title='bbox 2113 2714 2223 2762; x_wconf 87' lang='lat' dir='ltr'><strong>tem</strong></span> <span class='ocrx_word' id='word_1_692' title='bbox 2254 2715 2562 2775; x_wconf 83' lang='lat' dir='ltr'><strong>potuerunt.</strong></span> <span class='ocrx_word' id='word_1_693' title='bbox 2595 2708 2786 2764; x_wconf 88' lang='lat' dir='ltr'><strong>Dicere</strong></span> <span class='ocrx_word' id='word_1_694' title='bbox 2807 2709 2975 2777; x_wconf 80' lang='lat' dir='ltr'><strong>enim,</strong></span> <span class='ocrx_word' id='word_1_695' title='bbox 3021 2710 3273 2777; x_wconf 82' lang='lat' dir='ltr'><strong>Quoniam</strong></span> <span class='ocrx_word' id='word_1_696' title='bbox 3300 2712 3574 2765; x_wconf 79' lang='lat' dir='ltr'><strong>imbecilles</strong></span> <span class='ocrx_word' id='word_1_697' title='bbox 3605 2716 3691 2781; x_wconf 82' lang='lat' dir='ltr'><strong>fa-</strong></span> 
     </span>
    </p>
   </div>
   <div class='ocr_carea' id='block_1_88' title="bbox 2113 2795 3696 2871">
    <p class='ocr_par' dir='ltr' id='par_1_88' title="bbox 2113 2795 3696 2871">
     <span class='ocr_line' id='line_1_88' title="bbox 2113 2795 3696 2871; baseline 0.004 -22"><span class='ocrx_word' id='word_1_698' title='bbox 2113 2796 2181 2850; x_wconf 89' lang='lat' dir='ltr'><strong>cti</strong></span> <span class='ocrx_word' id='word_1_699' title='bbox 2220 2795 2345 2850; x_wconf 82' lang='lat' dir='ltr'><strong>estis</strong></span> <span class='ocrx_word' id='word_1_700' title='bbox 2384 2797 2451 2850; x_wconf 90' lang='lat' dir='ltr'><strong>ad</strong></span> <span class='ocrx_word' id='word_1_701' title='bbox 2481 2796 2814 2863; x_wconf 83' lang='lat' dir='ltr'><strong>audiendum,</strong></span> <span class='ocrx_word' id='word_1_702' title='bbox 2866 2807 2949 2853; x_wconf 85' lang='lat' dir='ltr'><strong>est</strong></span> <span class='ocrx_word' id='word_1_703' title='bbox 2988 2799 3335 2870; x_wconf 79' lang='lat' dir='ltr'><strong>signiﬁcantis</strong></span> <span class='ocrx_word' id='word_1_704' title='bbox 3376 2801 3515 2871; x_wconf 89' lang='lat' dir='ltr'><strong>quod</strong></span> <span class='ocrx_word' id='word_1_705' title='bbox 3562 2802 3696 2856; x_wconf 88' lang='lat' dir='ltr'><strong>olim</strong></span> 
     </span>
    </p>
   </div>
   <div class='ocr_carea' id='block_1_89' title="bbox 2118 2884 3694 2959">
    <p class='ocr_par' dir='ltr' id='par_1_89' title="bbox 2118 2884 3694 2959">
     <span class='ocr_line' id='line_1_89' title="bbox 2118 2884 3694 2959; baseline 0.004 -19"><span class='ocrx_word' id='word_1_706' title='bbox 2118 2884 2315 2942; x_wconf 91' lang='lat' dir='ltr'><strong>fuerint</strong></span> <span class='ocrx_word' id='word_1_707' title='bbox 2355 2886 2470 2941; x_wconf 87' lang='lat' dir='ltr'><strong>sani</strong></span> <span class='ocrx_word' id='word_1_708' title='bbox 2497 2898 2553 2942; x_wconf 90' lang='lat' dir='ltr'><strong>et</strong></span> <span class='ocrx_word' id='word_1_709' title='bbox 2580 2886 2747 2943; x_wconf 89' lang='lat' dir='ltr'><strong>fortes</strong></span> <span class='ocrx_word' id='word_1_710' title='bbox 2775 2890 3044 2959; x_wconf 89' lang='lat' dir='ltr'><strong>animique</strong></span> <span class='ocrx_word' id='word_1_711' title='bbox 3086 2891 3360 2947; x_wconf 86' lang='lat' dir='ltr'><strong>alacritate</strong></span> <span class='ocrx_word' id='word_1_712' title='bbox 3402 2892 3694 2959; x_wconf 81' lang='lat' dir='ltr'><strong>ferventes,</strong></span> 
     </span>
    </p>
   </div>
   <div class='ocr_carea' id='block_1_90' title="bbox 2117 2976 3699 3052">
    <p class='ocr_par' dir='ltr' id='par_1_90' title="bbox 2117 2976 3699 3052">
     <span class='ocr_line' id='line_1_90' title="bbox 2117 2976 3699 3052; baseline 0.003 -20"><span class='ocrx_word' id='word_1_713' title='bbox 2117 2985 2172 3032; x_wconf 89' lang='lat' dir='ltr'><strong>et</strong></span> <span class='ocrx_word' id='word_1_714' title='bbox 2195 2986 2395 3046; x_wconf 73' lang='lat' dir='ltr'><strong>postea</strong></span> <span class='ocrx_word' id='word_1_715' title='bbox 2448 2976 2550 3032; x_wconf 88' lang='lat' dir='ltr'><strong>hoc</strong></span> <span class='ocrx_word' id='word_1_716' title='bbox 2588 2977 2656 3032; x_wconf 89' lang='lat' dir='ltr'><strong>de</strong></span> <span class='ocrx_word' id='word_1_717' title='bbox 2699 2980 2778 3033; x_wconf 91' lang='lat' dir='ltr'><strong>eis</strong></span> <span class='ocrx_word' id='word_1_718' title='bbox 2806 2988 3051 3035; x_wconf 87' lang='lat' dir='ltr'><strong>testatur.</strong></span> <span class='ocrx_word' id='word_1_719' title='bbox 3094 2981 3161 3034; x_wconf 85' lang='lat' dir='ltr'><strong>Et</strong></span> <span class='ocrx_word' id='word_1_720' title='bbox 3187 2983 3311 3052; x_wconf 81' lang='lat' dir='ltr'><strong>[acti</strong></span> <span class='ocrx_word' id='word_1_721' title='bbox 3352 2983 3472 3037; x_wconf 84' lang='lat' dir='ltr'><strong>estis</strong></span> <span class='ocrx_word' id='word_1_722' title='bbox 3513 2984 3699 3051; x_wconf 81' lang='lat' dir='ltr'><strong>quibus</strong></span> 
     </span>
    </p>
   </div>
   <div class='ocr_carea' id='block_1_91' title="bbox 2118 3069 3702 3143">
    <p class='ocr_par' dir='ltr' id='par_1_91' title="bbox 2118 3069 3702 3143">
     <span class='ocr_line' id='line_1_91' title="bbox 2118 3069 3702 3143; baseline 0.003 -21"><span class='ocrx_word' id='word_1_723' title='bbox 2118 3069 2246 3122; x_wconf 84' lang='lat' dir='ltr'><strong>lacte</strong></span> <span class='ocrx_word' id='word_1_724' title='bbox 2262 3085 2389 3138; x_wconf 86' lang='lat' dir='ltr'><strong>opus</strong></span> <span class='ocrx_word' id='word_1_725' title='bbox 2415 3069 2501 3136; x_wconf 85' lang='lat' dir='ltr'><strong>sit,</strong></span> <span class='ocrx_word' id='word_1_726' title='bbox 2530 3087 2632 3124; x_wconf 88' lang='lat' dir='ltr'><strong>non</strong></span> <span class='ocrx_word' id='word_1_727' title='bbox 2671 3071 2835 3125; x_wconf 86' lang='lat' dir='ltr'><strong>solido</strong></span> <span class='ocrx_word' id='word_1_728' title='bbox 2873 3071 3002 3127; x_wconf 90' lang='lat' dir='ltr'><strong>cibo.</strong></span> <span class='ocrx_word' id='word_1_729' title='bbox 3046 3072 3272 3143; x_wconf 85' lang='lat' dir='ltr'><strong>Semper</strong></span> <span class='ocrx_word' id='word_1_730' title='bbox 3301 3074 3384 3129; x_wconf 89' lang='lat' dir='ltr'><strong>lac</strong></span> <span class='ocrx_word' id='word_1_731' title='bbox 3409 3085 3565 3129; x_wconf 86' lang='lat' dir='ltr'><strong>vocat</strong></span> <span class='ocrx_word' id='word_1_732' title='bbox 3595 3074 3702 3128; x_wconf 73' lang='lat' dir='ltr'><strong>hu-</strong></span> 
     </span>
    </p>
   </div>
   <div class='ocr_carea' id='block_1_92' title="bbox 2120 3158 3702 3232">
    <p class='ocr_par' dir='ltr' id='par_1_92' title="bbox 2120 3158 3702 3232">
     <span class='ocr_line' id='line_1_92' title="bbox 2120 3158 3702 3232; baseline 0.005 -20"><span class='ocrx_word' id='word_1_733' title='bbox 2120 3158 2299 3215; x_wconf 91' lang='lat' dir='ltr'><strong>milem</strong></span> <span class='ocrx_word' id='word_1_734' title='bbox 2327 3174 2652 3228; x_wconf 90' lang='lat' dir='ltr'><strong>sermonem,</strong></span> <span class='ocrx_word' id='word_1_735' title='bbox 2685 3172 2740 3217; x_wconf 89' lang='lat' dir='ltr'><strong>et</strong></span> <span class='ocrx_word' id='word_1_736' title='bbox 2783 3162 2871 3217; x_wconf 88' lang='lat' dir='ltr'><strong>hic</strong></span> <span class='ocrx_word' id='word_1_737' title='bbox 2915 3172 2971 3218; x_wconf 83' lang='lat' dir='ltr'><strong>et</strong></span> <span class='ocrx_word' id='word_1_738' title='bbox 2997 3164 3127 3218; x_wconf 85' lang='lat' dir='ltr'><strong>illic.</strong></span> <span class='ocrx_word' id='word_1_739' title='bbox 3158 3164 3284 3219; x_wconf 87' lang='lat' dir='ltr'><strong>Cum</strong></span> <span class='ocrx_word' id='word_1_740' title='bbox 3325 3166 3588 3232; x_wconf 81' lang='lat' dir='ltr'><strong>deberetis,</strong></span> <span class='ocrx_word' id='word_1_741' title='bbox 3622 3167 3702 3220; x_wconf 85' lang='lat' dir='ltr'><strong>in-</strong></span> 
     </span>
    </p>
   </div>
   <div class='ocr_carea' id='block_1_93' title="bbox 2120 3253 3702 3329">
    <p class='ocr_par' dir='ltr' id='par_1_93' title="bbox 2120 3253 3702 3329">
     <span class='ocr_line' id='line_1_93' title="bbox 2120 3253 3702 3329; baseline 0.008 -24"><span class='ocrx_word' id='word_1_742' title='bbox 2120 3253 2253 3322; x_wconf 84' lang='lat' dir='ltr'><strong>quit,</strong></span> <span class='ocrx_word' id='word_1_743' title='bbox 2272 3268 2384 3308; x_wconf 83' lang='lat' dir='ltr'><strong>esse</strong></span> <span class='ocrx_word' id='word_1_744' title='bbox 2404 3254 2631 3325; x_wconf 72' lang='lat' dir='ltr'><strong>magistri</strong></span> <span class='ocrx_word' id='word_1_745' title='bbox 2652 3266 2858 3326; x_wconf 80' lang='lat' dir='ltr'><strong>propter</strong></span> <span class='ocrx_word' id='word_1_746' title='bbox 2885 3266 3083 3329; x_wconf 83' lang='lat' dir='ltr'><strong>tempus</strong></span> <span class='ocrx_word' id='word_1_747' title='bbox 3113 3274 3132 3313; x_wconf 89' lang='lat'><strong>:</strong></span> <span class='ocrx_word' id='word_1_748' title='bbox 3150 3273 3213 3314; x_wconf 84' lang='lat' dir='ltr'><strong>ac</strong></span> <span class='ocrx_word' id='word_1_749' title='bbox 3240 3261 3284 3315; x_wconf 90' lang='lat' dir='ltr'><strong>si</strong></span> <span class='ocrx_word' id='word_1_750' title='bbox 3314 3260 3536 3327; x_wconf 88' lang='lat' dir='ltr'><strong>diceret,</strong></span> <span class='ocrx_word' id='word_1_751' title='bbox 3559 3262 3702 3318; x_wconf 80' lang='lat' dir='ltr'><strong>Pro-</strong></span> 
     </span>
    </p>
   </div>
   <div class='ocr_carea' id='block_1_94' title="bbox 2122 3343 3705 3422">
    <p class='ocr_par' dir='ltr' id='par_1_94' title="bbox 2122 3343 3705 3422">
     <span class='ocr_line' id='line_1_94' title="bbox 2122 3343 3705 3422; baseline 0.008 -26"><span class='ocrx_word' id='word_1_752' title='bbox 2122 3351 2239 3412; x_wconf 89' lang='lat' dir='ltr'><strong>pter</strong></span> <span class='ocrx_word' id='word_1_753' title='bbox 2271 3343 2411 3412; x_wconf 89' lang='lat' dir='ltr'><strong>quod</strong></span> <span class='ocrx_word' id='word_1_754' title='bbox 2442 3345 2671 3398; x_wconf 83' lang='lat' dir='ltr'><strong>maxime</strong></span> <span class='ocrx_word' id='word_1_755' title='bbox 2690 3345 2943 3401; x_wconf 82' lang='lat' dir='ltr'><strong>dissoluti</strong></span> <span class='ocrx_word' id='word_1_756' title='bbox 2973 3358 3029 3402; x_wconf 90' lang='lat' dir='ltr'><strong>et</strong></span> <span class='ocrx_word' id='word_1_757' title='bbox 3054 3351 3229 3418; x_wconf 89' lang='lat' dir='ltr'><strong>supini</strong></span> <span class='ocrx_word' id='word_1_758' title='bbox 3256 3349 3381 3406; x_wconf 89' lang='lat' dir='ltr'><strong>facti</strong></span> <span class='ocrx_word' id='word_1_759' title='bbox 3403 3353 3552 3415; x_wconf 88' lang='lat' dir='ltr'><strong>estis,</strong></span> <span class='ocrx_word' id='word_1_760' title='bbox 3576 3369 3705 3422; x_wconf 84' lang='lat' dir='ltr'><strong>pro-</strong></span> 
     </span>
    </p>
   </div>
   <div class='ocr_carea' id='block_1_95' title="bbox 2123 3434 3704 3517">
    <p class='ocr_par' dir='ltr' id='par_1_95' title="bbox 2123 3434 3704 3517">
     <span class='ocr_line' id='line_1_95' title="bbox 2123 3434 3704 3517; baseline 0.009 -30"><span class='ocrx_word' id='word_1_761' title='bbox 2123 3442 2241 3504; x_wconf 89' lang='lat' dir='ltr'><strong>pter</strong></span> <span class='ocrx_word' id='word_1_762' title='bbox 2271 3434 2323 3489; x_wconf 88' lang='lat' dir='ltr'><strong>id</strong></span> <span class='ocrx_word' id='word_1_763' title='bbox 2354 3436 2584 3489; x_wconf 74' lang='lat' dir='ltr'><strong>maxime</strong></span> <span class='ocrx_word' id='word_1_764' title='bbox 2610 3436 2818 3493; x_wconf 89' lang='lat' dir='ltr'><strong>debetis</strong></span> <span class='ocrx_word' id='word_1_765' title='bbox 2863 3454 2983 3495; x_wconf 89' lang='lat' dir='ltr'><strong>esse</strong></span> <span class='ocrx_word' id='word_1_766' title='bbox 3023 3438 3211 3508; x_wconf 84' lang='lat' dir='ltr'><strong>fortes,</strong></span> <span class='ocrx_word' id='word_1_767' title='bbox 3258 3457 3451 3513; x_wconf 84' lang='lat' dir='ltr'><strong>nempe</strong></span> <span class='ocrx_word' id='word_1_768' title='bbox 3483 3457 3704 3517; x_wconf 77' lang='lat' dir='ltr'><strong>propzcr</strong></span> 
     </span>
    </p>
   </div>
   <div class='ocr_carea' id='block_1_96' title="bbox 2124 3525 3706 3603">
    <p class='ocr_par' dir='ltr' id='par_1_96' title="bbox 2124 3525 3706 3603">
     <span class='ocr_line' id='line_1_96' title="bbox 2124 3525 3706 3603; baseline 0.007 -24"><span class='ocrx_word' id='word_1_769' title='bbox 2124 3533 2352 3595; x_wconf 87' lang='lat' dir='ltr'><strong>tempus.</strong></span> <span class='ocrx_word' id='word_1_770' title='bbox 2395 3525 2501 3581; x_wconf 90' lang='lat' dir='ltr'><strong>Lac</strong></span> <span class='ocrx_word' id='word_1_771' title='bbox 2526 3538 2678 3583; x_wconf 88' lang='lat' dir='ltr'><strong>vocat</strong></span> <span class='ocrx_word' id='word_1_772' title='bbox 2702 3527 2955 3584; x_wconf 90' lang='lat' dir='ltr'><strong>humilem</strong></span> <span class='ocrx_word' id='word_1_773' title='bbox 2989 3546 3293 3587; x_wconf 90' lang='lat' dir='ltr'><strong>sermonem</strong></span> <span class='ocrx_word' id='word_1_774' title='bbox 3319 3534 3461 3603; x_wconf 90' lang='lat' dir='ltr'><strong>quod</strong></span> <span class='ocrx_word' id='word_1_775' title='bbox 3492 3552 3706 3591; x_wconf 80' lang='lat' dir='ltr'><strong>convc-</strong></span> 
     </span>
    </p>
   </div>
   <div class='ocr_carea' id='block_1_97' title="bbox 2125 3616 3704 3695">
    <p class='ocr_par' dir='ltr' id='par_1_97' title="bbox 2125 3616 3704 3695">
     <span class='ocr_line' id='line_1_97' title="bbox 2125 3616 3704 3695; baseline 0.008 -27"><span class='ocrx_word' id='word_1_776' title='bbox 2125 3616 2238 3670; x_wconf 87' lang='lat' dir='ltr'><strong>niat</strong></span> <span class='ocrx_word' id='word_1_777' title='bbox 2262 3616 2675 3685; x_wconf 87' lang='lat' dir='ltr'><strong>simplicioribus</strong></span> <span class='ocrx_word' id='word_1_778' title='bbox 2706 3619 2845 3674; x_wconf 88' lang='lat' dir='ltr'><strong>:hoc</strong></span> <span class='ocrx_word' id='word_1_779' title='bbox 2872 3631 3048 3676; x_wconf 90' lang='lat' dir='ltr'><strong>autem</strong></span> <span class='ocrx_word' id='word_1_780' title='bbox 3084 3631 3168 3678; x_wconf 89' lang='lat' dir='ltr'><strong>est</strong></span> <span class='ocrx_word' id='word_1_781' title='bbox 3210 3625 3534 3679; x_wconf 88' lang='lat' dir='ltr'><strong>contrarium</strong></span> <span class='ocrx_word' id='word_1_782' title='bbox 3574 3642 3704 3695; x_wconf 81' lang='lat' dir='ltr'><strong>per-</strong></span> 
     </span>
    </p>
   </div>
   <div class='ocr_carea' id='block_1_98' title="bbox 2126 3702 3704 3779">
    <p class='ocr_par' dir='ltr' id='par_1_98' title="bbox 2126 3702 3704 3779">
     <span class='ocr_line' id='line_1_98' title="bbox 2126 3702 3704 3779; baseline 0.005 -19"><span class='ocrx_word' id='word_1_783' title='bbox 2126 3702 2456 3773; x_wconf 80' lang='lat' dir='ltr'><strong>fectioribus,</strong></span> <span class='ocrx_word' id='word_1_784' title='bbox 2489 3716 2543 3761; x_wconf 80' lang='lat' dir='ltr'><strong>et</strong></span> <span class='ocrx_word' id='word_1_785' title='bbox 2586 3718 2664 3762; x_wconf 92' lang='lat' dir='ltr'><strong>est</strong></span> <span class='ocrx_word' id='word_1_786' title='bbox 2698 3710 2920 3764; x_wconf 92' lang='lat' dir='ltr'><strong>noxium</strong></span> <span class='ocrx_word' id='word_1_787' title='bbox 2954 3712 3003 3765; x_wconf 94' lang='lat' dir='ltr'><strong>in</strong></span> <span class='ocrx_word' id='word_1_788' title='bbox 3053 3711 3118 3766; x_wconf 90' lang='lat' dir='ltr'><strong>iis</strong></span> <span class='ocrx_word' id='word_1_789' title='bbox 3160 3713 3456 3767; x_wconf 91' lang='lat' dir='ltr'><strong>immorari.</strong></span> <span class='ocrx_word' id='word_1_790' title='bbox 3498 3718 3704 3779; x_wconf 60' lang='lat' dir='ltr'><strong>Quanto</strong></span> 
     </span>
    </p>
   </div>
   <div class='ocr_carea' id='block_1_99' title="bbox 2120 3799 3690 3873">
    <p class='ocr_par' dir='ltr' id='par_1_99' title="bbox 2120 3799 3690 3873">
     <span class='ocr_line' id='line_1_99' title="bbox 2120 3799 3690 3873; baseline 0.003 -18"><span class='ocrx_word' id='word_1_791' title='bbox 2120 3800 2303 3856; x_wconf 87' lang='lat' dir='ltr'><strong>obrem</strong></span> <span class='ocrx_word' id='word_1_792' title='bbox 2331 3814 2438 3855; x_wconf 82' lang='lat' dir='ltr'><strong>non</strong></span> <span class='ocrx_word' id='word_1_793' title='bbox 2471 3799 2753 3869; x_wconf 85' lang='lat' dir='ltr'><strong>oportebat</strong></span> <span class='ocrx_word' id='word_1_794' title='bbox 2789 3814 2929 3855; x_wconf 90' lang='lat' dir='ltr'><strong>nunc</strong></span> <span class='ocrx_word' id='word_1_795' title='bbox 2960 3800 3143 3856; x_wconf 89' lang='lat' dir='ltr'><strong>inferri</strong></span> <span class='ocrx_word' id='word_1_796' title='bbox 3172 3802 3381 3872; x_wconf 73' lang='lat' dir='ltr'><strong>legalis,</strong></span> <span class='ocrx_word' id='word_1_797' title='bbox 3415 3819 3589 3873; x_wconf 85' lang='lat' dir='ltr'><strong>neque</strong></span> <span class='ocrx_word' id='word_1_798' title='bbox 3612 3820 3690 3859; x_wconf 74' lang='lat' dir='ltr'><strong>ex</strong></span> 
     </span>
    </p>
   </div>
   <div class='ocr_carea' id='block_1_100' title="bbox 2120 3891 3701 3964">
    <p class='ocr_par' dir='ltr' id='par_1_100' title="bbox 2120 3891 3701 3964">
     <span class='ocr_line' id='line_1_100' title="bbox 2120 3891 3701 3964; baseline 0.002 -19"><span class='ocrx_word' id='word_1_799' title='bbox 2120 3891 2201 3945; x_wconf 88' lang='lat' dir='ltr'><strong>his</strong></span> <span class='ocrx_word' id='word_1_800' title='bbox 2226 3891 2340 3946; x_wconf 83' lang='lat' dir='ltr'><strong>fieri</strong></span> <span class='ocrx_word' id='word_1_801' title='bbox 2390 3891 3027 3961; x_wconf 85' lang='lat' dir='ltr'><strong>comparationem:quia</strong></span> <span class='ocrx_word' id='word_1_802' title='bbox 3053 3894 3316 3963; x_wconf 79' lang='lat' dir='ltr'><strong>pontifex,</strong></span> <span class='ocrx_word' id='word_1_803' title='bbox 3358 3904 3413 3949; x_wconf 86' lang='lat' dir='ltr'><strong>et</strong></span> <span class='ocrx_word' id='word_1_804' title='bbox 3440 3897 3564 3964; x_wconf 88' lang='lat' dir='ltr'><strong>quia</strong></span> <span class='ocrx_word' id='word_1_805' title='bbox 3608 3912 3701 3950; x_wconf 84' lang='lat' dir='ltr'><strong>sa-</strong></span> 
     </span>
    </p>
   </div>
   <div class='ocr_carea' id='block_1_101' title="bbox 2119 3982 3693 4055">
    <p class='ocr_par' dir='ltr' id='par_1_101' title="bbox 2119 3982 3693 4055">
     <span class='ocr_line' id='line_1_101' title="bbox 2119 3982 3693 4055; baseline 0.002 -18"><span class='ocrx_word' id='word_1_806' title='bbox 2119 3982 2392 4048; x_wconf 81' lang='lat' dir='ltr'><strong>criﬁcavit,</strong></span> <span class='ocrx_word' id='word_1_807' title='bbox 2433 3992 2488 4038; x_wconf 89' lang='lat' dir='ltr'><strong>et</strong></span> <span class='ocrx_word' id='word_1_808' title='bbox 2532 3984 2704 4036; x_wconf 84' lang='lat' dir='ltr'><strong>oravit</strong></span> <span class='ocrx_word' id='word_1_809' title='bbox 2744 3996 2864 4038; x_wconf 91' lang='lat' dir='ltr'><strong>cum</strong></span> <span class='ocrx_word' id='word_1_810' title='bbox 2912 3984 3147 4038; x_wconf 89' lang='lat' dir='ltr'><strong>clamore</strong></span> <span class='ocrx_word' id='word_1_811' title='bbox 3180 3993 3229 4039; x_wconf 89' lang='lat' dir='ltr'><strong>et</strong></span> <span class='ocrx_word' id='word_1_812' title='bbox 3274 3986 3693 4055; x_wconf 80' lang='lat' dir='ltr'><strong>supplicatione.</strong></span> 
     </span>
    </p>
   </div>
   <div class='ocr_carea' id='block_1_102' title="bbox 2119 4071 3694 4142">
    <p class='ocr_par' dir='ltr' id='par_1_102' title="bbox 2119 4071 3694 4142">
     <span class='ocr_line' id='line_1_102' title="bbox 2119 4071 3694 4142; baseline 0.004 -17"><span class='ocrx_word' id='word_1_813' title='bbox 2119 4071 2250 4127; x_wconf 82' lang='lat' dir='ltr'><strong>Vide</strong></span> <span class='ocrx_word' id='word_1_814' title='bbox 2277 4087 2404 4142; x_wconf 80' lang='lat' dir='ltr'><strong>ergo</strong></span> <span class='ocrx_word' id='word_1_815' title='bbox 2430 4073 2697 4141; x_wconf 88' lang='lat' dir='ltr'><strong>quomodo</strong></span> <span class='ocrx_word' id='word_1_816' title='bbox 2741 4072 2854 4128; x_wconf 72' lang='lat' dir='ltr'><strong>hmc</strong></span> <span class='ocrx_word' id='word_1_817' title='bbox 2885 4074 3038 4128; x_wconf 89' lang='lat' dir='ltr'><strong>nobis</strong></span> <span class='ocrx_word' id='word_1_818' title='bbox 3063 4074 3278 4128; x_wconf 76' lang='lat' dir='ltr'><strong>fastidio</strong></span> <span class='ocrx_word' id='word_1_819' title='bbox 3323 4076 3468 4139; x_wconf 85' lang='lat' dir='ltr'><strong>sint;</strong></span> <span class='ocrx_word' id='word_1_820' title='bbox 3501 4076 3594 4130; x_wconf 83' lang='lat' dir='ltr'><strong>sed</strong></span> <span class='ocrx_word' id='word_1_821' title='bbox 3626 4093 3694 4132; x_wconf 85' lang='lat' dir='ltr'><strong>ea</strong></span> 
     </span>
    </p>
   </div>
   <div class='ocr_carea' id='block_1_103' title="bbox 2118 4163 3692 4236">
    <p class='ocr_par' dir='ltr' id='par_1_103' title="bbox 2118 4163 3692 4236">
     <span class='ocr_line' id='line_1_103' title="bbox 2118 4163 3692 4236; baseline 0.006 -21"><span class='ocrx_word' id='word_1_822' title='bbox 2118 4163 2237 4217; x_wconf 90' lang='lat' dir='ltr'><strong>illos</strong></span> <span class='ocrx_word' id='word_1_823' title='bbox 2273 4171 2396 4218; x_wconf 90' lang='lat' dir='ltr'><strong>tunc</strong></span> <span class='ocrx_word' id='word_1_824' title='bbox 2427 4164 2751 4231; x_wconf 83' lang='lat' dir='ltr'><strong>nutriebant,</strong></span> <span class='ocrx_word' id='word_1_825' title='bbox 2782 4180 2954 4234; x_wconf 87' lang='lat' dir='ltr'><strong>neque</strong></span> <span class='ocrx_word' id='word_1_826' title='bbox 2978 4179 3200 4236; x_wconf 90' lang='lat' dir='ltr'><strong>usquam</strong></span> <span class='ocrx_word' id='word_1_827' title='bbox 3227 4182 3287 4221; x_wconf 89' lang='lat' dir='ltr'><strong>ea</strong></span> <span class='ocrx_word' id='word_1_828' title='bbox 3314 4166 3692 4224; x_wconf 82' lang='lat' dir='ltr'><strong>fastidiebam.</strong></span> 
     </span>
    </p>
   </div>
   <div class='ocr_carea' id='block_1_104' title="bbox 2119 4252 3693 4326">
    <p class='ocr_par' dir='ltr' id='par_1_104' title="bbox 2119 4252 3693 4326">
     <span class='ocr_line' id='line_1_104' title="bbox 2119 4252 3693 4326; baseline 0.003 -21"><span class='ocrx_word' id='word_1_829' title='bbox 2119 4252 2285 4307; x_wconf 71' lang='lat' dir='ltr'><strong>Verus</strong></span> <span class='ocrx_word' id='word_1_830' title='bbox 2306 4268 2436 4322; x_wconf 81' lang='lat' dir='ltr'><strong>ergo</strong></span> <span class='ocrx_word' id='word_1_831' title='bbox 2464 4253 2616 4308; x_wconf 90' lang='lat' dir='ltr'><strong>cibus</strong></span> <span class='ocrx_word' id='word_1_832' title='bbox 2639 4266 2762 4308; x_wconf 91' lang='lat' dir='ltr'><strong>sunt</strong></span> <span class='ocrx_word' id='word_1_833' title='bbox 2792 4255 2882 4308; x_wconf 88' lang='lat' dir='ltr'><strong>Dei</strong></span> <span class='ocrx_word' id='word_1_834' title='bbox 2909 4256 3140 4325; x_wconf 82' lang='lat' dir='ltr'><strong>eloquia,</strong></span> <span class='ocrx_word' id='word_1_835' title='bbox 3173 4271 3292 4326; x_wconf 67' lang='lat' dir='ltr'><strong>quae</strong></span> <span class='ocrx_word' id='word_1_836' title='bbox 3316 4259 3551 4311; x_wconf 84' lang='lat' dir='ltr'><strong>animant</strong></span> <span class='ocrx_word' id='word_1_837' title='bbox 3587 4275 3693 4311; x_wconf 88' lang='lat' dir='ltr'><strong>nu-</strong></span> 
     </span>
    </p>
   </div>
   <div class='ocr_carea' id='block_1_105' title="bbox 2115 4344 3692 4418">
    <p class='ocr_par' dir='ltr' id='par_1_105' title="bbox 2115 4344 3692 4418">
     <span class='ocr_line' id='line_1_105' title="bbox 2115 4344 3692 4418; baseline 0.006 -23"><span class='ocrx_word' id='word_1_838' title='bbox 2115 4344 2296 4397; x_wconf 86' lang='lat' dir='ltr'><strong>triunt.</strong></span> <span class='ocrx_word' id='word_1_839' title='bbox 2326 4344 2478 4409; x_wconf 89' lang='lat' dir='ltr'><strong>Quod</strong></span> <span class='ocrx_word' id='word_1_840' title='bbox 2500 4354 2676 4399; x_wconf 87' lang='lat' dir='ltr'><strong>autem</strong></span> <span class='ocrx_word' id='word_1_841' title='bbox 2703 4346 2921 4400; x_wconf 77' lang='lat' dir='ltr'><strong>verbum</strong></span> <span class='ocrx_word' id='word_1_842' title='bbox 2950 4345 3019 4400; x_wconf 90' lang='lat' dir='ltr'><strong>sit</strong></span> <span class='ocrx_word' id='word_1_843' title='bbox 3048 4362 3190 4413; x_wconf 89' lang='lat' dir='ltr'><strong>esca,</strong></span> <span class='ocrx_word' id='word_1_844' title='bbox 3219 4347 3342 4403; x_wconf 91' lang='lat' dir='ltr'><strong>hinc</strong></span> <span class='ocrx_word' id='word_1_845' title='bbox 3360 4348 3534 4418; x_wconf 89' lang='lat' dir='ltr'><strong>palam</strong></span> <span class='ocrx_word' id='word_1_846' title='bbox 3565 4359 3647 4404; x_wconf 88' lang='lat' dir='ltr'><strong>est</strong></span> <span class='ocrx_word' id='word_1_847' title='bbox 3670 4366 3692 4404; x_wconf 89' lang='lat'><strong>:</strong></span> 
     </span>
    </p>
   </div>
   <div class='ocr_carea' id='block_1_106' title="bbox 2119 4433 3690 4508">
    <p class='ocr_par' dir='ltr' id='par_1_106' title="bbox 2119 4433 3690 4508">
     <span class='ocr_line' id='line_1_106' title="bbox 2119 4433 3690 4508; baseline 0.006 -25"><span class='ocrx_word' id='word_1_848' title='bbox 2119 4433 2257 4488; x_wconf 84' lang='lat' dir='ltr'><strong>Dabo</strong></span> <span class='ocrx_word' id='word_1_849' title='bbox 2292 4436 2457 4497; x_wconf 87' lang='lat' dir='ltr'><strong>enim,</strong></span> <span class='ocrx_word' id='word_1_850' title='bbox 2497 4435 2684 4504; x_wconf 87' lang='lat' dir='ltr'><strong>inquit,</strong></span> <span class='ocrx_word' id='word_1_851' title='bbox 2727 4437 2797 4489; x_wconf 88' lang='lat' dir='ltr'><strong>eis</strong></span> <span class='ocrx_word' id='word_1_852' title='bbox 2839 4454 2939 4489; x_wconf 90' lang='lat' dir='ltr'><strong>non</strong></span> <span class='ocrx_word' id='word_1_853' title='bbox 2979 4440 3162 4506; x_wconf 77' lang='lat' dir='ltr'><strong>famem</strong></span> <span class='ocrx_word' id='word_1_854' title='bbox 3205 4440 3372 4508; x_wconf 83' lang='lat' dir='ltr'><strong>panis,</strong></span> <span class='ocrx_word' id='word_1_855' title='bbox 3412 4455 3503 4493; x_wconf 87' lang='lat' dir='ltr'><strong>nec</strong></span> <span class='ocrx_word' id='word_1_856' title='bbox 3550 4441 3690 4493; x_wconf 82' lang='lat' dir='ltr'><strong>sitim</strong></span> 
     </span>
    </p>
   </div>
   <div class='ocr_carea' id='block_1_107' title="bbox 2110 4524 3688 4598">
    <p class='ocr_par' dir='ltr' id='par_1_107' title="bbox 2110 4524 3688 4598">
     <span class='ocr_line' id='line_1_107' title="bbox 2110 4524 3688 4598; baseline 0.005 -22"><span class='ocrx_word' id='word_1_857' title='bbox 2110 4540 2273 4589; x_wconf 63' lang='lat' dir='ltr'><strong>aqua},</strong></span> <span class='ocrx_word' id='word_1_858' title='bbox 2301 4527 2389 4576; x_wconf 86' lang='lat' dir='ltr'><strong>sed</strong></span> <span class='ocrx_word' id='word_1_859' title='bbox 2410 4526 2593 4591; x_wconf 83' lang='lat' dir='ltr'><strong>famem</strong></span> <span class='ocrx_word' id='word_1_860' title='bbox 2615 4525 2855 4577; x_wconf 86' lang='lat' dir='ltr'><strong>audiendi</strong></span> <span class='ocrx_word' id='word_1_861' title='bbox 2887 4526 3017 4579; x_wconf 79' lang='lat' dir='ltr'><strong>verbi</strong></span> <span class='ocrx_word' id='word_1_862' title='bbox 3046 4524 3253 4580; x_wconf 89' lang='lat' dir='ltr'><strong>Domini</strong></span> <span class='ocrx_word' id='word_1_863' title='bbox 3276 4528 3454 4598; x_wconf 78' lang='lat' dir='ltr'><strong>(Amos</strong></span> <span class='ocrx_word' id='word_1_864' title='bbox 3479 4529 3533 4581; x_wconf 87' lang='lat'><strong>8.</strong></span> <span class='ocrx_word' id='word_1_865' title='bbox 3571 4531 3688 4598; x_wconf 79' lang='lat' dir='ltr'><strong>il).</strong></span> 
     </span>
    </p>
   </div>
   <div class='ocr_carea' id='block_1_108' title="bbox 2110 4614 3687 4690">
    <p class='ocr_par' dir='ltr' id='par_1_108' title="bbox 2110 4614 3687 4690">
     <span class='ocr_line' id='line_1_108' title="bbox 2110 4614 3687 4690; baseline 0.005 -24"><span class='ocrx_word' id='word_1_866' title='bbox 2110 4614 2215 4666; x_wconf 80' lang='lat' dir='ltr'><strong>Lac</strong></span> <span class='ocrx_word' id='word_1_867' title='bbox 2241 4615 2377 4668; x_wconf 76' lang='lat' dir='ltr'><strong>vobis</strong></span> <span class='ocrx_word' id='word_1_868' title='bbox 2407 4625 2578 4684; x_wconf 78' lang='lat' dir='ltr'><strong>potant</strong></span> <span class='ocrx_word' id='word_1_869' title='bbox 2607 4615 2744 4682; x_wconf 82' lang='lat' dir='ltr'><strong>dedi,</strong></span> <span class='ocrx_word' id='word_1_870' title='bbox 2778 4633 2878 4670; x_wconf 90' lang='lat' dir='ltr'><strong>non</strong></span> <span class='ocrx_word' id='word_1_871' title='bbox 2921 4633 3083 4670; x_wconf 84' lang='lat' dir='ltr'><strong>escam</strong></span> <span class='ocrx_word' id='word_1_872' title='bbox 3105 4618 3180 4690; x_wconf 86' lang='grc'><strong>(1.</strong></span> <span class='ocrx_word' id='word_1_873' title='bbox 3214 4617 3333 4672; x_wconf 82' lang='lat' dir='ltr'><strong>Cor.</strong></span> <span class='ocrx_word' id='word_1_874' title='bbox 3363 4621 3416 4673; x_wconf 85' lang='lat'><strong>&#39;5.</strong></span> <span class='ocrx_word' id='word_1_875' title='bbox 3449 4619 3525 4688; x_wconf 80' lang='grc'><strong>9.).</strong></span> <span class='ocrx_word' id='word_1_876' title='bbox 3558 4619 3687 4674; x_wconf 79' lang='lat' dir='ltr'><strong>Non</strong></span> 
     </span>
    </p>
   </div>
   <div class='ocr_carea' id='block_1_109' title="bbox 2110 4705 3683 4775">
    <p class='ocr_par' dir='ltr' id='par_1_109' title="bbox 2110 4705 3683 4775">
     <span class='ocr_line' id='line_1_109' title="bbox 2110 4705 3683 4775; baseline 0.003 -16"><span class='ocrx_word' id='word_1_877' title='bbox 2110 4706 2266 4767; x_wconf 68' lang='lat' dir='ltr'><strong>dixit,</strong></span> <span class='ocrx_word' id='word_1_878' title='bbox 2311 4705 2503 4769; x_wconf 85' lang='lat' dir='ltr'><strong>Nutrii,</strong></span> <span class='ocrx_word' id='word_1_879' title='bbox 2546 4707 2836 4761; x_wconf 84' lang='lat' dir='ltr'><strong>ostendens</strong></span> <span class='ocrx_word' id='word_1_880' title='bbox 2873 4708 2921 4760; x_wconf 88' lang='lat' dir='ltr'><strong>id</strong></span> <span class='ocrx_word' id='word_1_881' title='bbox 2968 4723 3071 4761; x_wconf 91' lang='lat' dir='ltr'><strong>non</strong></span> <span class='ocrx_word' id='word_1_882' title='bbox 3102 4723 3222 4763; x_wconf 90' lang='lat' dir='ltr'><strong>esse</strong></span> <span class='ocrx_word' id='word_1_883' title='bbox 3272 4710 3683 4775; x_wconf 87' lang='lat' dir='ltr'><strong>nutrimentum,</strong></span> 
     </span>
    </p>
   </div>
   <div class='ocr_carea' id='block_1_110' title="bbox 2110 4797 3684 4870">
    <p class='ocr_par' dir='ltr' id='par_1_110' title="bbox 2110 4797 3684 4870">
     <span class='ocr_line' id='line_1_110' title="bbox 2110 4797 3684 4870; baseline 0.003 -20"><span class='ocrx_word' id='word_1_884' title='bbox 2110 4797 2202 4851; x_wconf 86' lang='lat' dir='ltr'><strong>sed</strong></span> <span class='ocrx_word' id='word_1_885' title='bbox 2232 4797 2282 4851; x_wconf 89' lang='lat' dir='ltr'><strong>id</strong></span> <span class='ocrx_word' id='word_1_886' title='bbox 2312 4810 2431 4853; x_wconf 85' lang='lat' dir='ltr'><strong>esse</strong></span> <span class='ocrx_word' id='word_1_887' title='bbox 2466 4798 2604 4852; x_wconf 86' lang='lat' dir='ltr'><strong>sicut</strong></span> <span class='ocrx_word' id='word_1_888' title='bbox 2635 4798 2942 4864; x_wconf 83' lang='lat' dir='ltr'><strong>infantibus,</strong></span> <span class='ocrx_word' id='word_1_889' title='bbox 2971 4799 3061 4868; x_wconf 91' lang='lat' dir='ltr'><strong>qui</strong></span> <span class='ocrx_word' id='word_1_890' title='bbox 3092 4816 3195 4854; x_wconf 89' lang='lat' dir='ltr'><strong>non</strong></span> <span class='ocrx_word' id='word_1_891' title='bbox 3225 4810 3447 4870; x_wconf 87' lang='lat' dir='ltr'><strong>possunt</strong></span> <span class='ocrx_word' id='word_1_892' title='bbox 3491 4802 3684 4856; x_wconf 86' lang='lat' dir='ltr'><strong>nutriri</strong></span> 
     </span>
    </p>
   </div>
   <div class='ocr_carea' id='block_1_111' title="bbox 2111 4888 3687 4958">
    <p class='ocr_par' dir='ltr' id='par_1_111' title="bbox 2111 4888 3687 4958">
     <span class='ocr_line' id='line_1_111' title="bbox 2111 4888 3687 4958; baseline 0.004 -18"><span class='ocrx_word' id='word_1_893' title='bbox 2111 4903 2245 4956; x_wconf 85' lang='lat' dir='ltr'><strong>pane</strong></span> <span class='ocrx_word' id='word_1_894' title='bbox 2276 4906 2289 4941; x_wconf 89' lang='lat'><strong>:</strong></span> <span class='ocrx_word' id='word_1_895' title='bbox 2318 4888 2379 4941; x_wconf 87' lang='lat' dir='ltr'><strong>iis</strong></span> <span class='ocrx_word' id='word_1_896' title='bbox 2409 4888 2550 4941; x_wconf 88' lang='lat' dir='ltr'><strong>enim</strong></span> <span class='ocrx_word' id='word_1_897' title='bbox 2583 4904 2687 4942; x_wconf 90' lang='lat' dir='ltr'><strong>non</strong></span> <span class='ocrx_word' id='word_1_898' title='bbox 2731 4890 2889 4942; x_wconf 85' lang='lat' dir='ltr'><strong>datur</strong></span> <span class='ocrx_word' id='word_1_899' title='bbox 2917 4899 3090 4958; x_wconf 87' lang='lat' dir='ltr'><strong>potus,</strong></span> <span class='ocrx_word' id='word_1_900' title='bbox 3139 4890 3234 4945; x_wconf 90' lang='lat' dir='ltr'><strong>sed</strong></span> <span class='ocrx_word' id='word_1_901' title='bbox 3276 4902 3358 4945; x_wconf 90' lang='lat' dir='ltr'><strong>est</strong></span> <span class='ocrx_word' id='word_1_902' title='bbox 3401 4893 3482 4946; x_wconf 87' lang='lat' dir='ltr'><strong>eis</strong></span> <span class='ocrx_word' id='word_1_903' title='bbox 3513 4894 3687 4946; x_wconf 83' lang='lat' dir='ltr'><strong>nutri—</strong></span> 
     </span>
    </p>
   </div>
   <div class='ocr_carea' id='block_1_112' title="bbox 2109 4979 3682 5051">
    <p class='ocr_par' dir='ltr' id='par_1_112' title="bbox 2109 4979 3682 5051">
     <span class='ocr_line' id='line_1_112' title="bbox 2109 4979 3682 5051; baseline 0.003 -19"><span class='ocrx_word' id='word_1_904' title='bbox 2109 4992 2342 5034; x_wconf 88' lang='lat' dir='ltr'><strong>mentum</strong></span> <span class='ocrx_word' id='word_1_905' title='bbox 2374 4995 2471 5048; x_wconf 85' lang='lat' dir='ltr'><strong>pro</strong></span> <span class='ocrx_word' id='word_1_906' title='bbox 2494 4990 2643 5050; x_wconf 87' lang='lat' dir='ltr'><strong>potu.</strong></span> <span class='ocrx_word' id='word_1_907' title='bbox 2679 4979 2862 5049; x_wconf 77' lang='lat' dir='ltr'><strong>Neque</strong></span> <span class='ocrx_word' id='word_1_908' title='bbox 2900 4981 3058 5047; x_wconf 85' lang='lat' dir='ltr'><strong>dixit,</strong></span> <span class='ocrx_word' id='word_1_909' title='bbox 3109 4980 3255 5051; x_wconf 90' lang='lat' dir='ltr'><strong>Opus</strong></span> <span class='ocrx_word' id='word_1_910' title='bbox 3283 4980 3513 5046; x_wconf 81' lang='lat' dir='ltr'><strong>habetis,</strong></span> <span class='ocrx_word' id='word_1_911' title='bbox 3561 4983 3682 5044; x_wconf 86' lang='lat' dir='ltr'><strong>sed,</strong></span> 
     </span>
    </p>
   </div>
   <div class='ocr_carea' id='block_1_113' title="bbox 2110 5072 3686 5142">
    <p class='ocr_par' dir='ltr' id='par_1_113' title="bbox 2110 5072 3686 5142">
     <span class='ocr_line' id='line_1_113' title="bbox 2110 5072 3686 5142; baseline 0.001 -15"><span class='ocrx_word' id='word_1_912' title='bbox 2110 5074 2255 5127; x_wconf 80' lang='lat' dir='ltr'><strong>Facti</strong></span> <span class='ocrx_word' id='word_1_913' title='bbox 2284 5075 2399 5127; x_wconf 79' lang='lat' dir='ltr'><strong>estis</strong></span> <span class='ocrx_word' id='word_1_914' title='bbox 2426 5074 2603 5142; x_wconf 87' lang='lat' dir='ltr'><strong>quibus</strong></span> <span class='ocrx_word' id='word_1_915' title='bbox 2642 5072 2771 5126; x_wconf 81' lang='lat' dir='ltr'><strong>laete</strong></span> <span class='ocrx_word' id='word_1_916' title='bbox 2793 5088 2922 5142; x_wconf 89' lang='lat' dir='ltr'><strong>opus</strong></span> <span class='ocrx_word' id='word_1_917' title='bbox 2947 5074 3031 5137; x_wconf 88' lang='lat' dir='ltr'><strong>sit,</strong></span> <span class='ocrx_word' id='word_1_918' title='bbox 3066 5090 3165 5126; x_wconf 88' lang='lat' dir='ltr'><strong>non</strong></span> <span class='ocrx_word' id='word_1_919' title='bbox 3199 5074 3365 5127; x_wconf 82' lang='lat' dir='ltr'><strong>solido</strong></span> <span class='ocrx_word' id='word_1_920' title='bbox 3407 5076 3552 5138; x_wconf 85' lang='lat' dir='ltr'><strong>cibo;</strong></span> <span class='ocrx_word' id='word_1_921' title='bbox 3583 5076 3686 5129; x_wconf 84' lang='lat' dir='ltr'><strong>hoc</strong></span> 
     </span>
    </p>
   </div>
   <div class='ocr_carea' id='block_1_114' title="bbox 2106 5165 3686 5234">
    <p class='ocr_par' dir='ltr' id='par_1_114' title="bbox 2106 5165 3686 5234">
     <span class='ocr_line' id='line_1_114' title="bbox 2106 5165 3686 5234; baseline -0.001 -13"><span class='ocrx_word' id='word_1_922' title='bbox 2106 5179 2205 5231; x_wconf 85' lang='lat' dir='ltr'><strong>est,</strong></span> <span class='ocrx_word' id='word_1_923' title='bbox 2237 5165 2344 5219; x_wconf 71' lang='lat' dir='ltr'><strong>Vos</strong></span> <span class='ocrx_word' id='word_1_924' title='bbox 2364 5166 2628 5225; x_wconf 85' lang='lat' dir='ltr'><strong>voluistis,</strong></span> <span class='ocrx_word' id='word_1_925' title='bbox 2660 5180 2755 5219; x_wconf 86' lang='lat' dir='ltr'><strong>vos</strong></span> <span class='ocrx_word' id='word_1_926' title='bbox 2786 5167 2929 5234; x_wconf 87' lang='lat' dir='ltr'><strong>ipsos</strong></span> <span class='ocrx_word' id='word_1_927' title='bbox 2954 5180 3020 5219; x_wconf 91' lang='lat' dir='ltr'><strong>eo</strong></span> <span class='ocrx_word' id='word_1_928' title='bbox 3039 5165 3343 5234; x_wconf 77' lang='lat' dir='ltr'><strong>redegistis,</strong></span> <span class='ocrx_word' id='word_1_929' title='bbox 3370 5176 3425 5219; x_wconf 93' lang='lat' dir='ltr'><strong>ct</strong></span> <span class='ocrx_word' id='word_1_930' title='bbox 3451 5165 3517 5217; x_wconf 85' lang='lat' dir='ltr'><strong>ad</strong></span> <span class='ocrx_word' id='word_1_931' title='bbox 3546 5165 3686 5219; x_wconf 85' lang='lat' dir='ltr'><strong>hanc</strong></span> 
     </span>
    </p>
   </div>
   <div class='ocr_carea' id='block_1_115' title="bbox 2104 5254 3684 5327">
    <p class='ocr_par' dir='ltr' id='par_1_115' title="bbox 2104 5254 3684 5327">
     <span class='ocr_line' id='line_1_115' title="bbox 2104 5254 3684 5327; baseline -0.003 -16"><span class='ocrx_word' id='word_1_932' title='bbox 2104 5257 2429 5327; x_wconf 85' lang='lat' dir='ltr'><strong>compnlistis</strong></span> <span class='ocrx_word' id='word_1_933' title='bbox 2470 5256 2867 5310; x_wconf 81' lang='lat' dir='ltr'><strong>necessitatem.</strong></span> <span class='ocrx_word' id='word_1_934' title='bbox 2906 5256 2996 5311; x_wconf 77' lang='lat' dir='ltr'><strong>t5.</strong></span> <span class='ocrx_word' id='word_1_935' title='bbox 3033 5255 3211 5309; x_wconf 84' lang='lat' dir='ltr'><strong>Omnis</strong></span> <span class='ocrx_word' id='word_1_936' title='bbox 3242 5256 3375 5308; x_wconf 78' lang='lat' dir='ltr'><strong>enim</strong></span> <span class='ocrx_word' id='word_1_937' title='bbox 3420 5256 3505 5323; x_wconf 87' lang='lat' dir='ltr'><strong>qui</strong></span> <span class='ocrx_word' id='word_1_938' title='bbox 3534 5254 3684 5308; x_wconf 82' lang='lat' dir='ltr'><strong>lactis</strong></span> 
     </span>
    </p>
   </div>
   <div class='ocr_carea' id='block_1_116' title="bbox 2103 5346 3682 5416">
    <p class='ocr_par' dir='ltr' id='par_1_116' title="bbox 2103 5346 3682 5416">
     <span class='ocr_line' id='line_1_116' title="bbox 2103 5346 3682 5416; baseline 0.001 -16"><span class='ocrx_word' id='word_1_939' title='bbox 2103 5358 2174 5400; x_wconf 78' lang='lat' dir='ltr'><strong>est</strong></span> <span class='ocrx_word' id='word_1_940' title='bbox 2221 5347 2491 5414; x_wconf 81' lang='lat' dir='ltr'><strong>particeps,</strong></span> <span class='ocrx_word' id='word_1_941' title='bbox 2538 5362 2720 5415; x_wconf 72' lang='lat' dir='ltr'><strong>expers</strong></span> <span class='ocrx_word' id='word_1_942' title='bbox 2757 5356 2828 5399; x_wconf 84' lang='lat' dir='ltr'><strong>est</strong></span> <span class='ocrx_word' id='word_1_943' title='bbox 2870 5348 3117 5400; x_wconf 85' lang='lat' dir='ltr'><strong>sermonis</strong></span> <span class='ocrx_word' id='word_1_944' title='bbox 3139 5346 3355 5416; x_wconf 79' lang='lat' dir='ltr'><strong>justitia:</strong></span> <span class='ocrx_word' id='word_1_945' title='bbox 3386 5362 3404 5399; x_wconf 86' lang='lat'><strong>:</strong></span> <span class='ocrx_word' id='word_1_946' title='bbox 3435 5347 3682 5414; x_wconf 82' lang='lat' dir='ltr'><strong>paruulus</strong></span> 
     </span>
    </p>
   </div>
   <div class='ocr_carea' id='block_1_117' title="bbox 2105 5436 3682 5504">
    <p class='ocr_par' dir='ltr' id='par_1_117' title="bbox 2105 5436 3682 5504">
     <span class='ocr_line' id='line_1_117' title="bbox 2105 5436 3682 5504; baseline -0.002 -14"><span class='ocrx_word' id='word_1_947' title='bbox 2105 5439 2232 5490; x_wconf 88' lang='lat' dir='ltr'><strong>enim</strong></span> <span class='ocrx_word' id='word_1_948' title='bbox 2261 5446 2349 5492; x_wconf 82' lang='lat' dir='ltr'><strong>est.</strong></span> <span class='ocrx_word' id='word_1_949' title='bbox 2386 5436 2521 5503; x_wconf 82' lang='lat' dir='ltr'><strong>Quid</strong></span> <span class='ocrx_word' id='word_1_950' title='bbox 2550 5448 2633 5490; x_wconf 80' lang='lat' dir='ltr'><strong>est</strong></span> <span class='ocrx_word' id='word_1_951' title='bbox 2677 5451 2855 5490; x_wconf 86' lang='lat' dir='ltr'><strong>sermo</strong></span> <span class='ocrx_word' id='word_1_952' title='bbox 2883 5437 3147 5504; x_wconf 75' lang='lat' dir='ltr'><strong>justitize?</strong></span> <span class='ocrx_word' id='word_1_953' title='bbox 3175 5436 3269 5488; x_wconf 89' lang='lat' dir='ltr'><strong>llic</strong></span> <span class='ocrx_word' id='word_1_954' title='bbox 3313 5436 3438 5487; x_wconf 87' lang='lat' dir='ltr'><strong>mihi</strong></span> <span class='ocrx_word' id='word_1_955' title='bbox 3470 5436 3682 5489; x_wconf 80' lang='lat' dir='ltr'><strong>videtur</strong></span> 
     </span>
    </p>
   </div>
   <div class='ocr_carea' id='block_1_118' title="bbox 2103 5525 3681 5593">
    <p class='ocr_par' dir='ltr' id='par_1_118' title="bbox 2103 5525 3681 5593">
     <span class='ocr_line' id='line_1_118' title="bbox 2103 5525 3681 5593; baseline -0.001 -14"><span class='ocrx_word' id='word_1_956' title='bbox 2103 5529 2259 5580; x_wconf 86' lang='lat' dir='ltr'><strong>etiam</strong></span> <span class='ocrx_word' id='word_1_957' title='bbox 2291 5527 2411 5580; x_wconf 80' lang='lat' dir='ltr'><strong>vita:</strong></span> <span class='ocrx_word' id='word_1_958' title='bbox 2446 5527 2703 5580; x_wconf 86' lang='lat' dir='ltr'><strong>rationem</strong></span> <span class='ocrx_word' id='word_1_959' title='bbox 2725 5526 3059 5579; x_wconf 82' lang='lat' dir='ltr'><strong>subiudicare</strong></span> <span class='ocrx_word' id='word_1_960' title='bbox 3083 5545 3093 5577; x_wconf 91' lang='lat'><strong>:</strong></span> <span class='ocrx_word' id='word_1_961' title='bbox 3117 5525 3255 5592; x_wconf 84' lang='lat' dir='ltr'><strong>quod</strong></span> <span class='ocrx_word' id='word_1_962' title='bbox 3274 5525 3487 5593; x_wconf 86' lang='lat' dir='ltr'><strong>quidem</strong></span> <span class='ocrx_word' id='word_1_963' title='bbox 3519 5525 3681 5577; x_wconf 86' lang='lat' dir='ltr'><strong>Chri-</strong></span> 
     </span>
    </p>
   </div>
   <div class='ocr_carea' id='block_1_119' title="bbox 2101 5614 3681 5686">
    <p class='ocr_par' dir='ltr' id='par_1_119' title="bbox 2101 5614 3681 5686">
     <span class='ocr_line' id='line_1_119' title="bbox 2101 5614 3681 5686; baseline -0.002 -16"><span class='ocrx_word' id='word_1_964' title='bbox 2101 5627 2214 5671; x_wconf 88' lang='lat' dir='ltr'><strong>stus</strong></span> <span class='ocrx_word' id='word_1_965' title='bbox 2228 5632 2437 5686; x_wconf 84' lang='lat' dir='ltr'><strong>quoque</strong></span> <span class='ocrx_word' id='word_1_966' title='bbox 2456 5615 2812 5679; x_wconf 73' lang='lat' dir='ltr'><strong>diccbat,t\&#39;isi</strong></span> <span class='ocrx_word' id='word_1_967' title='bbox 2828 5616 3154 5668; x_wconf 74' lang='lat' dir='ltr'><strong>abundaverit</strong></span> <span class='ocrx_word' id='word_1_968' title='bbox 3170 5615 3362 5673; x_wconf 84' lang='lat' dir='ltr'><strong>iustitia</strong></span> <span class='ocrx_word' id='word_1_969' title='bbox 3380 5625 3542 5667; x_wconf 82' lang='lat' dir='ltr'><strong>vestra</strong></span> <span class='ocrx_word' id='word_1_970' title='bbox 3561 5614 3681 5685; x_wconf 86' lang='lat' dir='ltr'><strong>plus</strong></span> 
     </span>
    </p>
   </div>
   <div class='ocr_carea' id='block_1_120' title="bbox 2101 5704 3679 5776">
    <p class='ocr_par' dir='ltr' id='par_1_120' title="bbox 2101 5704 3679 5776">
     <span class='ocr_line' id='line_1_120' title="bbox 2101 5704 3679 5776; baseline -0.001 -16"><span class='ocrx_word' id='word_1_971' title='bbox 2101 5725 2248 5772; x_wconf 80' lang='lat' dir='ltr'><strong>quam</strong></span> <span class='ocrx_word' id='word_1_972' title='bbox 2275 5709 2551 5762; x_wconf 73' lang='lat' dir='ltr'><strong>scribarum</strong></span> <span class='ocrx_word' id='word_1_973' title='bbox 2580 5717 2624 5761; x_wconf 86' lang='lat' dir='ltr'><strong>et</strong></span> <span class='ocrx_word' id='word_1_974' title='bbox 2671 5706 3046 5761; x_wconf 74' lang='lat' dir='ltr'><strong>l’ltaristcorum</strong></span> <span class='ocrx_word' id='word_1_975' title='bbox 3090 5704 3300 5776; x_wconf 76' lang='lat' dir='ltr'><strong>(Matth.</strong></span> <span class='ocrx_word' id='word_1_976' title='bbox 3335 5704 3388 5761; x_wconf 81' lang='lat'><strong>5.</strong></span> <span class='ocrx_word' id='word_1_977' title='bbox 3416 5704 3533 5773; x_wconf 75' lang='lat'><strong>20).</strong></span> <span class='ocrx_word' id='word_1_978' title='bbox 3567 5705 3679 5759; x_wconf 83' lang='lat' dir='ltr'><strong>Hoc</strong></span> 
     </span>
    </p>
   </div>
  </div>
