3956 6138
239 309 289 366 τί
1018 307 1079 361 IN
1123 305 1337 365 EPIST.
1377 310 1468 363 AD
1503 307 1866 365 "EBMOS.

246 427 349 494 μετ’
386 422 667 493 ἐγκωμῖου
708 423 940 475 ποιεῖται
964 422 1059 491 τὴν
1103 423 1441 492 ἐπιτίμησιν.
1484 424 1656 477 Τοῦτο
1685 423 1791 493 γὰρ

240 516 317 568 ἀεὶ
348 515 441 582 τῆς
487 513 686 582 σοφίας
716 510 951 575 Παύλου,
1002 511 1068 564 τὰ
1130 512 1364 583 δυσχερῆ
1398 515 1511 576 τοῖς
1540 514 1796 583 χρηστοῖς

241 600 587 671 ἁναμιγνύναι
614 617 626 630 ·
658 599 688 652 δ
718 602 810 652 καὶ
838 601 895 651 ἐν
922 601 989 668 τῇ
1022 599 1158 669 πρὸς
1213 601 1457 664 Γαλάτας
1498 602 1662 663 ποιεῖ,
1711 599 1768 651 λέ

240 708 353 760 γων,
393 688 702 756 Ἐτρέχετε
738 685 966 750 καλῶς·
1010 686 1102 750 τίς
1148 684 1303 756 ὑμᾶς
1349 686 1637 754 ἐνέκοψε;
1681 690 1793 751 καὶ,

244 777 497 833 Τοσαῦτα
537 773 790 827 ἐπάθετε
852 772 1028 840 είκῆ;
1092 773 1148 825 ει
1206 789 1273 841 γε
1312 772 1410 826 καὶ
1451 771 1621 841 είκῆο
1676 772 1796 835 καὶ,

238 866 480 921 Πέποιθα
527 864 614 926 είς
645 859 801 929 ὑμᾶς
820 860 895 913 ἐν
920 859 1134 927 Κυρίῳ.
1175 861 1241 911 "U
1268 860 1362 913 καὶ
1386 858 1598 921 τούτοις
1620 859 1753 928 φησί
1778 875 1792 888 ·

239 952 605 1012 Πεπείσμεθα
632 948 708 1000 δὲ
725 946 859 1014 περὶ
887 945 1055 1015 ὑμῶν
1075 945 1149 998 τὰ
1175 946 1504 1013 κρείττονα,
1525 946 1625 1000 καί
1661 945 1796 1014 ἐχό-

236 1054 373 1106 μενα
395 1036 720 1103 σωτηρίας.
756 1033 861 1086 Δύο
914 1032 1023 1102 γὰρ
1071 1032 1244 1085 ταῦτα
1277 1035 1456 1085 ποιεῖ·
1507 1031 1633 1085 οὔτε
1679 1034 1799 1085 ἐπι-

236 1123 406 1185 τείνει,
441 1120 568 1174 οὔτε
606 1120 836 1190 ἀφίησιν
867 1119 1062 1183 αὐτοὺς
1093 1121 1388 1173 ἀναπεσεῖν
1414 1136 1427 1149 ο
1459 1119 1683 1182 εἰκότως
1704 1136 1717 1148 ’
1749 1118 1797 1170 εί

235 1212 334 1282 γὰρ
380 1211 450 1263 τά
498 1208 704 1278 ἐτέρων
734 1205 1152 1277 παραδείγματα
1189 1206 1354 1260 ἱκανὰ
1407 1207 1501 1260 τὸν
1530 1206 1797 1261 ἀκούοντα

236 1298 550 1366 ἀναστῆσαι,
585 1294 685 1347 καὶ
729 1296 809 1356 είς
841 1293 1002 1362 ζῆλον
1031 1294 1262 1360 ἀγαγεῖν
1289 1311 1302 1325 ·
1363 1294 1491 1348 ὅταν
1530 1312 1616 1358 τις
1666 1296 1797 1365 παρ’

237 1383 421 1439 ἑαυτοῦ
448 1382 510 1436 τὸ
532 1381 841 1450 ὑπόδειγμα
869 1380 989 1451 ἔχῃ,
1024 1382 1116 1433 καὶ
1140 1380 1331 1433 ἑαυτὸν
1355 1381 1798 1451 παρακελεύηται

237 1471 447 1541 ζηλοῦν,
460 1468 638 1538 πολλῷ
670 1467 875 1535 μᾶλλον
902 1467 1150 1520 ἐντεῦθεν
1177 1468 1276 1538 ήδη
1293 1468 1354 1520 τὸ
1369 1468 1593 1523 δυνατὸν
1604 1468 1703 1538 τῆς
1717 1468 1796 1520 δι-

235 1557 522 1619 δασκαλίας
547 1555 850 1622 εἰσάγεται.
884 1554 992 1607 Καὶ
1006 1553 1163 1608 τοῦτο
1178 1551 1268 1608 οὖν
1285 1555 1543 1619 δείκνυσι,
1564 1553 1678 1627 [86]
1704 1554 1800 1608 καὶ

237 1645 331 1698 οὐκ
364 1642 586 1711 ἀφίησιν
616 1641 694 1704 ὡς
724 1640 931 1711 σφόδρα
964 1642 1450 1712 κατεγνωσμένους
1480 1642 1795 1704 ἀναπεσεῖν,

234 1732 345 1787 οὐδέ
370 1734 448 1795 ὠς
472 1733 557 1786 ἀεὶ
577 1732 736 1795 δντας
766 1731 995 1797 κακοὺς,
1024 1731 1140 1785 ἀλλ’
1158 1731 1241 1783 ὅτι
1276 1732 1404 1785 ποτέ
1436 1732 1684 1800 ἐγένοντο
1704 1731 1798 1785 καλ⁵

235 1823 471 1892 χρηστοὶ,
502 1822 653 1890 λέγει
675 1835 688 1849 ⁸
708 1821 820 1874 Καὶ
837 1818 946 1891 ⁸γὰρ
967 1820 1313 1888 ὀφείλοντες
1330 1820 1482 1877 εἶναι
1512 1819 1799 1874 διδάσκα-

234 1912 325 1962 λοι
369 1908 468 1961 διὰ
502 1909 612 1962 τόν
643 1909 893 1978 χρόνον.
938 1908 1223 1962 Δείκνυσιν
1265 1907 1501 1962 ἐνταῦθα
1526 1908 1633 1979 πρὸ
1671 1909 1800 1961 πολ-

233 1995 319 2049 λοῦ
349 1996 545 2065 χρόνον
595 1995 1035 2059 πεπιστευκότας
1080 1995 1279 2059 αύτούς
1301 2010 1315 2026 ο
1366 1995 1607 2049 δείκνυσι
1635 1995 1693 2049 δέ
1717 1996 1799 2048 ὅτι

234 2084 320 2137 καὶ
340 2082 819 2150 ἃλλουςόφείλουσι
846 2085 1128 2153 κατηχεῖν.
1158 2083 1303 2152 Ὅρα
1318 2081 1449 2150 γοῦν
1472 2081 1638 2134 αὐτὸν
1672 2099 1801 2135 συν-

232 2168 365 2238 εχῶς
401 2166 660 2220 ὠδίνοντα
683 2167 777 2219 τὸν
822 2168 949 2237 περὶ
1004 2165 1096 2219 τοῦ
1132 2168 1435 2238 ἀρχιερέως
1486 2169 1801 2237 εἰσαγαγεῖν

232 2256 408 2323 λόγον,
462 2255 556 2308 καὶ
624 2255 713 2309 ἀεὶ
776 2255 1229 2326 ἀναϐαλλόμενον.
1276 2257 1473 2309 Ἀκουε
1523 2258 1632 2327 γὰρ
1684 2255 1802 2319 πῶς

232 2344 431 2415 ἥρξατο
455 2360 469 2373 ‘
516 2342 808 2411 Ἔχοντες
849 2342 1125 2410 ἀρχιερέα
1159 2341 1356 2412 μέγαν
1404 2343 1803 2409 διεληλυθότα

230 2432 369 2497 τοὺς
415 2432 742 2499 οὐρανούς·
801 2431 897 2482 καὶ
956 2430 1150 2499 παρεὶς
1210 2430 1386 2482 εἰπεῖν
1438 2429 1556 2492 πῶς
1604 2431 1799 2499 μέγαν,

230 2519 392 2571 πάλιν
440 2518 611 2587 φησί·
675 2516 800 2583 Πᾶς
844 2518 951 2585 γὰρ
998 2517 1309 2584 ἀρχιερεὺς
1351 2517 1420 2580 ἐξ
1475 2518 1801 2585 ἀνθρώπων

230 2606 703 2675 λαμϐανόμενος,
750 2604 900 2671 ὑπὲρ
935 2603 1259 2670 ἀνθρώπων
1322 2604 1680 2659 καθίσταται
1733 2608 1806 2659 τὰ

232 2694 380 2760 πρὸς
407 2692 510 2746 τὸν
545 2696 727 2748 Θεόν·
764 2693 860 2745 καὶ
887 2692 1047 2745 πάλιν
1077 2708 1089 2720 ·
1131 2692 1294 2745 Οὕτω
1348 2692 1449 2745 καὶ
1488 2696 1520 2748 ό
1551 2693 1805 2759 Χριστὸς

230 2781 572 2848 οὐχὲαυτὸν
600 2779 859 2843 ἐδόξασε
878 2778 1201 2848 γενηθῆναι
1224 2778 1520 2848 ἀρχιερέα.
1554 2782 1664 2834 Καὶ
1698 2781 1803 2834 πά-

229 2864 311 2919 λιν
338 2867 507 2920 εἰπών
528 2882 542 2895 ·
562 2866 645 2918 Σὺ
677 2862 737 2918 εἴ
780 2866 970 2933 ἱερεὺς
999 2870 1087 2930 εις
1134 2865 1240 2918 τὸν
1268 2866 1453 2920 αίῶνα
1484 2867 1635 2920 κατὰ
1690 2866 1806 2934 τὴν

230 2955 402 3015 τάξιν
471 2951 848 3021 Μελχισεδὲκ
874 2993 888 3017 ,
944 2952 1104 3005 πάλιν
1154 2951 1516 3007 ἀναϐάλλεται
1581 2953 1753 3020 λέγων
1788 2969 1801 2982 ·

235 3042 340 3106 Ὃς
371 3042 439 3093 ὲν
477 3040 608 3104 ταῖς
645 3037 891 3106 ἡμέραις
923 3037 1033 3105 τῆς
1060 3037 1283 3106 σαρκὸς
1322 3039 1510 3094 αὐτοῦ
1562 3039 1806 3106 δεήσεις

230 3128 327 3181 καὶ
352 3129 651 3194 ἱκετηρίας
697 3129 1133 3195 προσήνεγκεν.

297 3300 369 3372 Υ.
426 3304 582 3356 Ἐπεὶ⁸
639 3298 733 3356 οῦν
795 3304 1123 3367 τοσαυτάκις
1175 3302 1541 3374 ἐξεκρούσθη,
1607 3302 1807 3356 ὡσανεὶ

233 3390 863 3460 ἀπολογούμενόςιξησιν,
881 3388 945 3441 Ἤ
962 3389 1107 3441 αἰτία
1125 3390 1252 3458 παρ’
1270 3391 1433 3459 ὑμᾶς.
1449 3389 1641 3453 Βαϐαὶ,
1665 3389 1805 3459 πόση

232 3476 480 3547 διαφορεῖ;
503 3476 814 3544 ὀφείλοντες
832 3475 1020 3540 ἄλλους
1034 3476 1329 3536 διδάσκειν,
1349 3477 1469 3529 οὐδὲ
1490 3476 1674 3540 ἁπλῶς
1700 3493 1807 3546 μα-

234 3562 389 3634 θηταί
412 3561 725 3622 εἰσιν,ἀλλέι
756 3561 1249 3631 μαθηταὶέσχατοι.
1281 3563 1387 3617 Καὶ
1412 3564 1519 3632 γὰρ
1536 3564 1810 3632 ὀφείλον-

235 3665 330 3715 τες
354 3646 501 3702 εἶναι
524 3647 882 3701 διδάσκαλοι
911 3648 1005 3701 διὰ
1027 3649 1136 3701 τὸν
1162 3650 1406 3716 χρόνον,
1439 3650 1590 3718 φησὶ,
1626 3649 1810 3703 πάλιν

238 3736 435 3804 χρείαν
457 3736 626 3804 ἔχετε
646 3732 751 3788 τοῦ
776 3732 1089 3788 διδάσκειν
1114 3734 1269 3804 ὑμᾶς
1284 3736 1419 3789 τίνα
1449 3738 1520 3789 τὰ
1542 3735 1810 3803 στοιχεῖα

238 3822 340 3889 τῆς
379 3821 573 3890 ἀρχῆς
617 3820 736 3874 τῶν
760 3823 982 3889 λογίων
1022 3822 1126 3875 τοῦ
1156 3822 1325 3877 Θεοῦ.
1370 3823 1635 3875 Ἐνταῦθα
1667 3840 1808 3877 στοι-

237 3912 351 3977 χεῖα
398 3910 576 3979 ἀρχῆς
624 3909 725 3979 τὴν
770 3908 1167 3979 ἁνθρωπότητά
1219 3926 1407 3981 φησιν.
1447 3910 1658 3980 Ὠσπερ
1702 3910 1811 3982 γὰρ

237 3998 326 4050 ἐπὶ
354 3998 459 4051 τῶν
486 3997 687 4063 ἔξωθεν
717 4000 1065 4067 γραμμάτων
1104 3999 1318 4068 πρῶτον
1351 4000 1421 4052 τὰ
1451 4004 1685 4070 στοιχεῖα
1732 4001 1813 4054 δεῖ

240 4085 421 4153 μαθεῖν
444 4126 460 4149 ,
512 4084 657 4138 οὔτω
712 4085 807 4138 καὶ
859 4085 950 4139 ἐπὶ
999 4085 1108 4138 τῶν
1153 4086 1314 4138 θείων
1347 4087 1544 4155 λογίων
1591 4087 1810 4158 πρῶτον

238 4172 361 4241 περὶ
403 4172 505 4242 τῆς
540 4172 966 4241 ἀνθρωπότητος
996 4171 1107 4224 ἐδει
1132 4172 1499 4227 διδάσκεσθαι.
1536 4176 1697 4245 Ὁρᾷς
1727 4175 1811 4239 τίς

238 4258 271 4326 ἠ
317 4261 463 4312 αἰτία
510 4258 607 4311 τοῦ
648 4259 884 4311 ταπεινὰ
914 4259 1284 4327 φθέγγεσθαις
1336 4259 1493 4314 Οὕτω
1521 4263 1615 4315 καὶ
1649 4261 1810 4332 Ἀθη-

238 4345 400 4408 ναίοις
450 4346 708 4417 ἐποίησεν
762 4346 790 4397 6
838 4346 1050 4409 Παῦλος
1088 4346 1471 4416 διαλεγόμενος
1502 4349 1689 4411 αὐτοῖς
1718 4351 1812 4402 καὶ

240 4428 402 4499 λέγων
422 4451 436 4464 ·
495 4433 643 4498 Τοὺς
663 4432 780 4501 μὲν
809 4429 922 4487 οὖν
950 4434 1208 4501 χρόνους
1233 4433 1340 4499 τῆς
1368 4436 1614 4501 ἀγνοίας
1634 4439 1811 4502 ὑπερ·-

244 4517 373 4573 ιδὼν
401 4525 432 4574 ό
463 4522 639 4586 Θεὸς,
691 4520 881 4574 τανῦν
912 4523 1309 4588 παραγγέλλει
1334 4522 1457 4587 τοῖς
1480 4523 1811 4590 ἀνθρώποις

245 4604 383 4659 πᾶσι
412 4607 721 4676 πανταχοῦ
746 4607 1063 4675 μετανοεῖν
1082 4647 1096 4669 ,
1144 4609 1345 4660 καθότι
1372 4609 1637 4673 ἔστησεν
1668 4611 1811 4678 ἠμέ-

244 4708 348 4758 ραν
366 4733 380 4756 ,
425 4694 494 4746 ἐν
516 4690 555 4765 ᾖ
590 4695 804 4763 μέλλει
844 4695 1071 4762 κρίνειν
1114 4693 1228 4759 τὴν
1255 4694 1615 4762 οἰκουμένην
1640 4695 1709 4748 ἐν
1734 4696 1814 4748 δι-

247 4782 521 4851 καιοσύνῃ
542 4822 558 4845 ,
617 4783 689 4835 ἑν
712 4782 882 4849 ἀνδρὶ
916 4780 961 4844 ᾧ
985 4781 1162 4848 ὥρισε
1188 4821 1203 4843 ,
1244 4783 1453 4834 πίστιν
1484 4783 1814 4851 παρασχὼν

245 4864 454 4932 πᾶσιν,
503 4868 865 4935 ἀναστήσας
904 4869 1092 4921 αὐτὸν
1127 4869 1195 4920 ἐκ
1228 4868 1475 4935 νεκρῶν.
1531 4870 1630 4922 Διά
1657 4871 1815 4922 τοῦτο

245 4955 289 5005 εί
319 4957 413 5024 μέν
442 4975 493 5010 τι
526 4956 731 5027 ὑψηλὸν
756 4956 929 5023 λέγει,
958 4958 1015 5008 ἐν
1047 4955 1239 5027 βραχεῖ
1262 4957 1420 5009 τοῦτό
1450 4974 1619 5026 φησι,
1662 4957 1732 5011 τὰ
1759 4958 1809 5009 δ

246 5045 459 5097 ταπεινὰ
508 5044 784 5114 πολλαχοῦ
832 5045 1161 5114 διέσπαρται
1206 5045 1305 5114 τῆς
1336 5046 1649 5113 ἐπιστολῆς.
1707 5047 1815 5099 Καὶ

244 5126 374 5182 οὕτω
415 5131 471 5184 δὲ
517 5132 582 5184 τὸ
624 5130 833 5200 ὑψηλὸν
880 5131 1198 5184 δείκνυται·
1256 5131 1316 5182 τὸ
1341 5132 1450 5201 γὰρ
1484 5132 1690 5203 σφόδρα
1713 5149 1813 5186 τα-

243 5208 521 5272 πεινδνοῦκ
536 5220 733 5289 ἀφίησι
763 5219 892 5288 περὶ
917 5220 1016 5288 τῆς
1042 5219 1293 5289 θεότητος
1318 5220 1491 5273 ταῦτα
1517 5221 1815 5273 ὑποπτεύε-

242 5298 375 5355 σθαι.
425 5304 578 5358 Οὕτω
622 5303 721 5357 καὶ
778 5303 1014 5356 ἐνταῦθα
1042 5304 1103 5356 τὸ
1133 5306 1371 5372 ἀσφαλὲς
1403 5307 1711 5374 φυλάττων,
1747 5306 1815 5360 τὰ

237 5390 454 5443 ταπεινά
479 5390 794 5462 προσάπτει
817 5392 883 5460 τῇ
912 5390 1296 5461 ἀνθρωπότητι
1324 5408 1337 5421 ·
1395 5394 1489 5445 καὶ
1522 5395 1582 5446 τὸ
1607 5393 1810 5459 αἴτιον,

237 5475 291 5527 τὸ
336 5474 410 5547 μὴ
447 5476 711 5531 δύνασθαι
742 5476 944 5540 αὐτοὺς
973 5475 1082 5528 τῶν
1110 5476 1334 5530 τελείων
1360 5478 1603 5533 ἀκούειν.
1642 5479 1816 5532 Τοῦτο

295 5694 311 5717 ⁸
337 5700 623 5766 Legemlum
650 5705 848 5756 videtur
870 5719 979 5757 cum
1000 5705 1235 5767 Muliano,
1262 5710 1516 5763 δείξασθαι.

1904 305 2058 363 CAP.
2105 308 2166 364 V.
2208 307 2441 365 HOMlL.
2486 310 2617 364 Vlll.
3414 317 3483 370 7!

1910 421 2144 490 μάλιστα
2177 424 2234 475 ἐν
2261 425 2327 491 τῇ
2375 423 2508 492 πρὸς
2538 424 2855 493 Κορινθίους
2878 426 3147 494 ἐσήμανεν
3176 426 3482 499 Ἐπιστολῇο

1905 507 2075 560 εἰπών
2101 522 2114 535 ·
2145 508 2327 560 Ὅπου
2353 510 2462 576 γὰρ
2482 509 2552 561 ὲν
2570 511 2712 578 ὑμῖν
2731 509 2912 578 ζῆλος
2935 514 3031 566 καὶ
3055 513 3175 581 ἔρις
3201 515 3300 568 καὶ
3320 515 3485 584 διχο-

1906 594 2174 656 στασίαι,
2208 593 2326 665 [87]
2366 596 2504 662 οὐχὶ
2534 600 2811 665 σαρκικοί
2830 600 3008 664 ἑστε;
3049 602 3158 655 Θέα
3181 602 3238 654 δέ
3268 620 3359 673 μοι
3385 605 3487 674 τὴν

1911 679 2126 734 σύνεσιν
2154 680 2320 733 αὐτοῦ
2350 682 2450 751 τὴν
2478 681 2702 751 πολλὴν,
2732 686 2848 750 πῶς
2880 688 3231 759 καταλλήλως
3259 691 3346 743 ἀεὶ
3375 694 3488 753 τοῖς

1908 766 2293 837 ὑποκειμένοις
2338 768 2536 821 πάθεσι
2593 772 2984 843 προσφέρεται.
3039 776 3189 829 Ἐκεῖ
3234 776 3333 847 μὲν
3381 776 3492 847 γὰρ

1907 857 1941 926 ἡ
1972 856 2223 909 ἀσθένεια
2256 857 2364 909 ἀπὸ
2387 858 2626 927 ἀμαθίας
2659 860 2719 913 τὸ
2743 861 2905 915 πλέον
2929 864 3171 931 ἐγένετο,
3202 865 3405 934 μᾶλλον
3429 866 3490 919 δέ

1906 944 2014 997 ἀπὸ
2042 944 2457 1015 ἁμαρτημάτων
2483 960 2497 974 ·
2556 947 2789 1001 ἐνταῦθα
2809 950 2866 1002 δὲ
2889 950 2989 1003 οὐκ
3015 953 3123 1005 ἀπὸ
3153 953 3493 1025 ἁμαρτημά-

1905 1047 2017 1084 των
2047 1030 2228 1099 μόνον,
2266 1031 2399 1084 ἀλλὰ
2430 1032 2526 1085 καὶ
2555 1034 2664 1086 ἀπὸ
2689 1034 2800 1087 τῶν
2828 1034 3062 1105 θλίψεων
3088 1041 3199 1092 τῶν
3225 1042 3489 1112 συνεχῶν·

1906 1116 1987 1170 διὸ
2035 1118 2128 1170 καὶ
2170 1117 2349 1184 λέξεσι
2392 1118 2699 1183 δέξασθαια
2741 1120 3066 1192 δυναμέναις
3106 1125 3204 1196 τὴν
3232 1126 3495 1197 διαφορὰν

1909 1207 2200 1275 κέχρηται,
2250 1209 2367 1259 ἐκεῖ
2410 1207 2511 1276 μὲν
2556 1208 2751 1277 λέγων,
2798 1214 3076 1279 Σαρκικοί
3104 1214 3265 1280 ἐστε,
3305 1215 3496 1269 ἐνταῦ-

1909 1294 1978 1348 θα
2002 1293 2058 1347 δέ
2081 1310 2095 1324 ·
2144 1295 2296 1348 Ἐπεὶ
2329 1296 2532 1365 μείζων
2566 1298 2599 1368 ἡ
2629 1297 2811 1369 ὀδύνη,
2844 1299 3043 1371 νωθροὶ
3072 1302 3353 1371 γεγόνατε.
3383 1304 3497 1358 Καὶ

1908 1382 2108 1435 ἐκεῖνοι
2138 1382 2237 1461 μέν
2266 1382 2367 1435 οὐκ
2396 1383 2740 1457 ἠδυνήθησαν
2768 1386 3013 1453 ἐνεγκεῖν
3038 1429 3052 1455 ,
3105 1388 3201 1443 ἆτε
3243 1393 3497 1461 σαρκικοὶ

1910 1468 2059 1532 ὄντες
2087 1484 2100 1497 ’
2153 1458 2299 1522 οὗτοι
2345 1468 2402 1521 δὲ
2448 1470 2818 1540 ἠδυνήθησαν.
2867 1471 2943 1525 Τὸ
2967 1473 3077 1546 γὰρ
3106 1458 3498 1542 εἰπεῖνξἘπεὶ

1909 1554 2120 1624 νωθροὶ
2168 1557 2448 1625 γεγόνατε
2493 1556 2621 1624 ταῖς
2674 1558 2909 1625 ἀκοαῖς,
2965 1561 3255 1630 δηλοῦντος
3296 1558 3364 1635 ἦν
3414 1566 3496 1619 ὅτι

1909 1641 2080 1697 παλαι
2102 1642 2366 1711 ὑγίαινον,
2385 1644 2478 1697 καὶ
2504 1640 2643 1715 ἦσαν
2676 1647 2908 1717 ἰσχυροὶ,
2931 1651 2997 1720 τῇ
3030 1649 3315 1721 προθυμίᾳ
3343 1651 3498 1717 ζέον·-

1908 1744 2003 1791 τες
2031 1770 2046 1794 ,
2099 1729 2196 1783 καὶ
2236 1726 2467 1799 ὕστερον
2499 1731 2699 1796 αὐτοὺς
2754 1734 2915 1787 τοῦτο
2964 1735 3159 1790 παθεῖν
3206 1740 3494 1808 μαρτυρεῖ.

1908 1814 2018 1868 Καὶ
2067 1818 2349 1885 γεγόνατε
2393 1819 2604 1885 χρείαν
2629 1819 2880 1888 ἔχοντες
2910 1820 3241 1891 γάλακτος,
3298 1825 3397 1880 καί
3425 1829 3499 1880 οὐ

1908 1901 2158 1970 στερεᾶς
2207 1902 2452 1972 τροφῆς.
2509 1905 2620 1957 ’Λελ⁸
2647 1905 2703 1958 δὲ
2753 1907 2895 1974 γάλα
2938 1908 3030 1962 τδν
3055 1910 3315 1964 ταπεινὸν
3340 1911 3498 1980 λόγον

1913 1989 2106 2055 καλεῖ,
2167 1991 2262 2043 καὶ
2310 1991 2546 2046 ἐνταῦθα
2597 1994 2694 2046 καὶ
2738 1996 2875 2049 ἐκεῖ.
2917 1997 3298 2065 Ὀφείλοντες
3322 1994 3499 2061 εἴναι.

1910 2076 2066 2144 φησὶ,
2093 2075 2451 2131 διδάσκαλοι
2479 2078 2577 2132 διὰ
2606 2080 2711 2132 τὸν
2739 2083 2981 2149 χρόνονο
3002 2083 3133 2137 ὡσεὶ
3162 2085 3336 2154 ἐλεγε·
3369 2087 3447 2139 Δι’
3470 2085 3501 2139 δ

1914 2162 2152 2231 μάλιστα
2180 2162 2471 2235 ἐξελύθητε
2497 2204 2512 2226 ,
2566 2167 2663 2219 καὶ
2692 2165 2876 2221 ὕπτιοι
2904 2170 3193 2237 γεγόνατε,
3226 2172 3312 2226 διὰ
3340 2173 3502 2226 τοῦτο

1914 2248 2151 2317 μάλιστα
2200 2250 2450 2319 ὀφείλετε
2502 2249 2639 2305 εἶναι
2691 2255 2946 2324 ἰσχυροὶ,
3003 2256 3093 2310 διὰ
3147 2259 3239 2313 τὸν
3288 2260 3498 2330 χρόνον.

1912 2335 2057 2389 Γάλα
2083 2334 2139 2388 δὲ
2169 2337 2328 2390 καλεῖ
2365 2338 2459 2391 τὸν
2481 2340 2744 2393 ταπεινὸν
2771 2342 2929 2409 λόγον
2964 2343 3051 2396 διὰ
3080 2344 3141 2397 τὸ
3170 2346 3284 2409 τοῖς
3310 2347 3504 2414 ἀφελε-

1916 2422 2005 2475 στέ
2015 2439 2127 2493 ροις
2148 2424 2219 2493 ἀρ
2228 2422 2355 2493 μόζε
2366 2440 2432 2477 ιν’
2462 2425 2622 2479 τοῦτο
2641 2427 2699 2479 δέ
2717 2428 2967 2482 ἐναντίον
2987 2433 3102 2491 τοῖς
3122 2431 3502 2503 τελειοτέροις,

1912 2511 2007 2562 καὶ
2033 2509 2298 2580 βλαϐερὸν
2324 2513 2385 2563 τὸ
2412 2513 2470 2565 ἐν
2494 2513 2706 2578 τούτοις
2730 2514 3049 2588 διατρίϐειν.
3072 2519 3235 2571 Ὥστε
3267 2520 3368 2573 οὐκ
3396 2521 3504 2573 ἔδει

1910 2598 1982 2651 τά
2007 2598 2207 2668 νομικά
2236 2600 2667 2671 ἐπεισφέρεσθαι
2694 2602 2788 2656 νῦν
2813 2645 2827 2671 ,
2882 2606 3003 2659 οὐδὲ
3033 2606 3141 2661 ἀπὸ
3171 2608 3377 2662 τούτων
3406 2609 3506 2680 τὴν

1917 2686 2209 2755 σύγκρισιν
2240 2688 2486 2754 γίνεσθαι
2516 2729 2531 2753 ,
2595 2691 2678 2743 ὅτι
2724 2691 3040 2765 ἀρχιερεὺς,
3091 2698 3184 2750 καὶ
3210 2698 3293 2751 ὅτι
3320 2697 3502 2761 ἔθυσε,

1916 2773 2006 2824 καὶ
2048 2772 2244 2843 ἐδεήθη
2284 2775 2425 2843 μετά
2456 2776 2706 2845 κραυγῆς
2739 2779 2835 2830 καὶ¹
2866 2781 3171 2851 ἱκετηρίας.
3202 2783 3346 2853 Ὅρα
3375 2782 3507 2852 γοῦν

1916 2857 2033 2922 πῶς
2083 2862 2217 2930 ἡμῖν
2267 2860 2441 2913 ταῦτα
2492 2862 2894 2933 προσίσταται’
2957 2866 3075 2920 ἀλλ’
3109 2869 3351 2933 ἐκείνους
3384 2872 3507 2924 τότε

1916 2943 2143 3015 ἔτρεφεν
2168 2987 2184 3010 ,
2243 2947 2484 3017 οὐδαμοῦ
2541 2951 2957 3020 προσιστάμενα
3003 2953 3210 3018 αὐτοῖς.
3240 2956 3383 3026 Ἀρα
3413 2954 3508 3012 οὖν

1916 3032 2126 3103 ἀληθὴς
2173 3034 2350 3105 τροφὴ
2398 3034 2467 3088 τὰ
2510 3034 2671 3104 λόγια
2722 3035 2818 3091 τοῦ
2874 3038 3041 3106 Θεοῦ,
3099 3042 3378 3112 τρέφουσα
3406 3046 3508 3116 τὴν

1914 3118 2111 3190 ψυχήν.
2143 3119 2267 3173 Ὅτι
2295 3120 2352 3173 δὲ
2382 3122 2409 3175 6
2436 3121 2597 3191 λόγος
2625 3125 2823 3195 τροςοὴ,
2856 3125 3013 3197 δῆλον
3045 3128 3276 3183 ἐκεῖθεν·
3330 3132 3509 3187 Δώσω

1915 3206 2025 3277 γὰρ
2056 3206 2279 3273 αὐτοῖς,
2311 3208 2476 3277 φησὶν
2497 3250 2513 3274 ,
2569 3212 2641 3264 οὐ
2670 3212 2853 3281 λιμὸν
2884 3214 3098 3280 ἄρτου,
3145 3217 3290 3271 οὐδὲ
3318 3218 3507 3287 δίψαν

1917 3293 2140 3361 ὕδατος
2159 3333 2174 3356 .
2227 3295 2389 3349 ἀλλὰ
2430 3296 2610 3366 λιμὸν
2636 3299 2742 3353 τοῦ
2770 3300 3029 3355 ἀκοῦσαι
3055 3304 3242 3372 λόγον
3260 3307 3505 3373 Κυρίου.

1916 3378 2089 3433 Γάλα
2111 3379 2265 3449 ὑμᾶς
2278 3382 2550 3446 ἐπότισα,
2568 3383 2881 3454 οὺβρῶμα.
2902 3387 3017 3441 Οὐκ
3039 3384 3213 3450 εἶπεν,
3238 3390 3506 3459 Ἕθρεψα,

1916 3466 2131 3531 δεικνὺς
2180 3469 2261 3521 ὅτι
2303 3469 2405 3522 οὐκ
2432 3468 2547 3523 ἔστι
2579 3469 2641 3521 τὸ
2669 3472 2913 3526 τοιοῦτον
2940 3475 3139 3546 τροφὴ,
3175 3476 3291 3529 ἀλλ’
3317 3476 3510 3548 ὥσπερ

1922 3554 2014 3606 ἐπὶ
2040 3554 2147 3607 τῶν
2170 3555 2400 3610 παιδίων
2427 3556 2537 3609 τῶν
2568 3558 2779 3628 μικρῶν
2808 3560 2914 3612 τῶν
2939 3562 2997 3613 ού
3024 3561 3339 3633 δυναμένων
3358 3566 3511 3637 ἄρτῳ

1921 3641 2257 3711 τρέφεσθαιο
2326 3643 2395 3696 τὰ
2442 3643 2551 3714 γὰρ
2608 3644 2834 3699 τοιαῦτα
2888 3647 2949 3699 ού
3000 3646 3327 3716 ποτίζεται,
3390 3652 3509 3705 ἀλλ’

1923 3728 1956 3797 ἡ
2014 3727 2192 3797 τροφὴ
2252 3730 2437 3793 αὐτοῖς
2495 3732 2620 3784 ἀντὶ
2677 3732 2842 3784 ποτοῦ
2896 3733 3150 3799 γίνεται’
3214 3736 3356 3790 οὕτω
3411 3740 3509 3792 καὶ

1919 3814 2174 3867 ἐνταῦθα.
2230 3816 2341 3867 Καὶ
2386 3818 2487 3869 οὐκ
2515 3813 2661 3878 εἷπε,
2707 3819 2910 3887 Χρείαν
2938 3819 3114 3888 ἔχετε,
3150 3822 3307 3887 ἀλλὰ,
3329 3826 3512 3894 Γεγόο

1919 3918 2061 3955 νοτε
2108 3903 2319 3970 χρείαῦ
2359 3904 2607 3972 ἔχοντες
2644 3905 2942 3972 γάλακτος
2969 3948 2983 3971 ,
3042 3908 3139 3961 καὶ
3164 3911 3235 3962 οὐ
3259 3910 3511 3979 στερεᾶς

1918 3988 2165 4058 τροςρῆς·
2189 3990 2491 4052 τουτέστιν,
2522 3991 2710 4061 Ὑμεῖς
2737 3991 3060 4063 ἠθελήσατε,
3096 3996 3253 4064 ὑμεῖς
3284 3999 3510 4063 ἑαυτοὺς

1921 4079 2002 4137 εἰς
2052 4077 2213 4129 τοῦτο
2266 4078 2683 4147 κατεστήσατε,
2746 4080 2826 4141 είς
2877 4081 3086 4151 ταύτην
3140 4084 3239 4152 τὴν
3293 4085 3505 4156 χρείαν.

1919 4162 2041 4226 Πᾶς
2086 4164 2195 4232 γὸρ
2254 4167 2287 4217 ό
2329 4163 2593 4231 μετέχων
2637 4165 2939 4233 γάλακτος
2967 4208 2981 4231 ,
3043 4168 3286 4238 ἄπειρος
3321 4172 3510 4241 λόγου

1919 4250 2311 4316 δικαιοσύνης
2334 4267 2349 4282 ·
2404 4251 2623 4316 νήπιος
2667 4253 2779 4319 γάρ
2822 4254 2969 4308 ἐστι.
3027 4256 3093 4307 Τί
3121 4259 3270 4313 ἐστιν
3299 4261 3327 4313 ὁ
3350 4260 3512 4329 λόγος

1920 4335 2018 4404 τῆς
2043 4334 2430 4405 δικαιοσύνης;
2470 4337 2739 4390 Ἐνταῦθα
2770 4356 2863 4409 μοι
2892 4341 3041 4394 δοκεῖ
3072 4345 3165 4396 καὶ
3193 4346 3307 4415 βίον
3336 4349 3511 4400 αἰνίτ-

1918 4421 2109 4477 τεσθαι
2134 4438 2148 4453 ο
2207 4422 2346 4493 ὅπερ
2398 4423 2495 4475 καὶ
2549 4424 2578 4475 6
2619 4425 2855 4495 Χριστὸς
2884 4427 3093 4496 ἔλεγεν,
3134 4434 3276 4485 Ἐὰν
3293 4433 3379 4500 μὴ
3405 4452 3508 4486 πε-

1913 4509 2226 4575 ρισσεύσῃ
2276 4506 2391 4580 [88]
2448 4510 2485 4577 ἡ
2543 4509 2904 4582 δικαιοσύνη
2957 4514 3123 4583 ὑμῶν
3172 4519 3362 4571 πλέον
3393 4521 3512 4573 τῶν

1919 4596 2319 4664 Γραμματέων
2362 4596 2461 4650 καὶ
2499 4600 2853 4665 Φαρισαίων.
2892 4600 3062 4654 Τοῦτο
3093 4604 3183 4655 καὶ
3214 4606 3375 4668 αὐτός
3410 4626 3512 4679 φη-

1925 4699 2010 4736 σιν
2041 4698 2055 4712 ⁸
2092 4684 2371 4751 Ἀπειρος
2417 4685 2602 4754 λόγου
2649 4686 3042 4756 δικαιοσύνης
3069 4706 3080 4718 ⁸
3117 4693 3387 4754 τουτέστι,
3413 4695 3513 4764 τῆς

1922 4770 2033 4823 ἀνω
2085 4770 2404 4839 φιλοσοφίας
2456 4772 2706 4842 ἄπειρος,
2750 4774 2813 4827 ού
2844 4772 3070 4830 δύναται
3102 4779 3513 4847 παραδέξασθαι

1923 4857 2035 4926 βίον
2090 4857 2258 4929 ἄκρον
2315 4859 2407 4912 καὶ
2458 4862 2860 4931 ἠκριϐωμένον.
2902 4866 2973 4917 ’Ἡ
3022 4867 3115 4917 καὶ
3160 4867 3513 4939 δικαιοσύνην

1924 4940 2154 4996 ἐνταῦθα
2181 4948 2272 4997 τον
2297 4946 2533 5014 Χριστόν
2563 4965 2717 5019 φησι,
2741 4951 2833 5003 καὶ
2856 4950 2946 5003 τὸν
2971 4951 3176 5022 ὑψηλὸν
3199 4954 3326 5024 περὶ
3344 4954 3511 5008 αὑτοῦ

1921 5031 2099 5098 λόγον.
2121 5032 2244 5085 Ὅτι
2273 5034 2370 5102 μὲν
2396 5029 2491 5086 οὖν
2515 5036 2713 5106 νωθροὶ
2736 5039 3052 5106 γεγόνασιν,
3079 5036 3221 5093 εἷπε·
3251 5042 3509 5108 πόθενδέ,

1920 5117 2111 5171 οὐκέτι
2166 5120 2513 5189 προσέθηκεν
2542 5161 2557 5184 ,
2613 5125 2798 5187 αὐτοῖς
2841 5126 3025 5193 ἀφιεὶς
3051 5129 3273 5192 εἰδέναι,
3308 5130 3402 5182 καὶ
3436 5132 3510 5201 μὴ

1925 5205 2249 5276 βουλόμενος
2294 5209 2513 5278 ἐπαχθῆ
2559 5210 2651 5264 τὶν
2697 5211 2854 5280 λόγον
2905 5214 3268 5282 ἐργάσασθαι.
3314 5218 3513 5270 Ἑπὶδὲ

1921 5293 2030 5345 τῶν
2059 5294 2313 5347 Γαλατῶν
2344 5296 2436 5347 καὶ
2465 5295 2747 5366 ἐθαύμασε
2791 5300 2885 5351 καὶ
2913 5302 3197 5371 ἠπόρησεν
3220 5320 3233 5333 ·
3269 5304 3297 5354 ὃ
3329 5303 3509 5373 πολλῴ

1926 5379 2115 5447 μεῖζον
2149 5380 2284 5450 πρὸς
2310 5384 2668 5451 παραμυθίαν
2695 5386 2860 5437 ἐστίν’
2894 5387 2969 5447 ὡς
2995 5387 3094 5438 οὐκ
3120 5388 3185 5440 ἂν
3213 5390 3513 5458 προσδοκή-

1925 5466 2116 5527 σαντός
2147 5484 2276 5518 ποτε
2306 5468 2465 5520 τοῦτο
2490 5470 2767 5536 γενέσθαι.
2808 5471 2979 5524 Τοῦτο
3009 5474 3117 5542 γάρ
3150 5474 3299 5526 ἐστιν
3361 5476 3394 5543 ἡ
3435 5476 3513 5527 δι-

1927 5553 2218 5622 απόρησις.
2265 5553 2430 5623 Ὀρᾷς
2464 5557 2767 5625 νηπιότητα
2804 5560 2997 5623 ἑτέραν
3027 5555 3224 5623 οὖσαν;
3258 5562 3386 5631 ὁρᾷς
3419 5579 3512 5613 τε·-

1922 5637 2174 5707 λειότητα
2219 5639 2447 5708 ἐτέραν;
2502 5643 2794 5711 Γενώμεθα
2837 5644 3033 5697 τέλειοι
3076 5645 3255 5697 τοίνυν
3305 5646 3507 5715 ταύτην

1923 5726 2023 5796 τὴν
2054 5725 2367 5797 τελειότητα
2389 5746 2401 5759 -
2462 5726 2638 5780 ἔνεστι
2669 5731 2761 5783 καὶ
2788 5731 2979 5794 παῖδας
3007 5733 3166 5794 ὄντας
3204 5735 3294 5786 καὶ
3328 5736 3504 5799 νέους,
