3956 6138
261 298 336 353 15

272 418 380 470 ipse
404 415 620 470 quoque
651 402 796 466 dicit,
834 401 1108 472 [inperitus
1157 409 1400 461 sermonis
1429 411 1647 477 justitia:
1683 429 1700 466 :
1733 415 1833 469 huc

264 503 358 556 θαι,
384 494 672 561 imperitus
699 494 1046 564 philosophiae
1070 513 1332 565 supernae,
1379 516 1480 554 non
1506 512 1679 572 potest
1709 519 1830 560 sus-

262 583 431 652 cipere
476 585 644 636 vitam
678 583 964 653 perfectam
1000 595 1063 651 let
1105 599 1365 642 exactam.
1429 593 1532 645 Aut
1570 594 1828 664 justitiam

260 671 338 726 hic
362 671 489 725 dicit
516 672 812 740 Christum,
859 676 1237 744 excelsumque
1265 688 1318 732 et
1347 680 1626 736 sublimem
1657 685 1724 738 de
1763 699 1826 739 ea

255 779 307 817 re
333 779 663 818 sermonem.
697 768 871 834 Atque
911 768 1042 821 dixit
1077 771 1295 839 quidem
1343 773 1484 841 quod
1515 774 1738 830 hebetes
1769 787 1824 832 et

253 853 494 908 imbecilli
523 855 648 908 facti
680 857 808 920 sint,
842 857 1104 913 undenam
1150 872 1350 926 autem,
1395 867 1629 920 nondum
1671 870 1823 924 addi-

251 943 340 1007 dit,
370 944 502 1011 ipsis
535 943 587 998 id
616 947 893 1001 sciendum
920 947 1214 1015 dimittens,
1241 962 1295 1007 et
1321 956 1601 1012 molestam
1629 960 1818 1017 nolens

254 1037 474 1092 reddere
499 1039 822 1094 orationem.
849 1038 904 1096 ln
935 1041 1137 1098 Calatis
1164 1056 1340 1100 autem
1369 1058 1422 1103 et
1468 1048 1688 1104 miratus
1718 1059 1822 1116 est,

250 1139 300 1186 ιι
329 1129 593 1184 dubitavit
620 1149 633 1182 :
663 1132 802 1201 quod
849 1134 1016 1188 multo
1061 1135 1232 1204 majus
1278 1149 1362 1192 est
1407 1137 1474 1193 ad
1503 1141 1824 1195 consolatio-

250 1235 389 1283 nem,
436 1231 492 1273 ut
520 1223 608 1289 qui
639 1236 926 1290 numquam
958 1235 1324 1295 exspectasset
1353 1225 1466 1284 fore
1507 1237 1562 1283 ut
1598 1228 1697 1284 hoc
1726 1231 1822 1286 tte-

247 1320 344 1363 ret.
378 1305 488 1364 Hoc
517 1313 660 1363 enim
691 1321 773 1365 est
797 1312 1080 1369 dubitatio.
1112 1315 1270 1371 Vides
1312 1319 1468 1371 aliam
1497 1331 1614 1373 esse
1648 1320 1819 1374 infau-

248 1399 416 1452 tiata?
467 1399 615 1454 vides
667 1401 828 1455 aliam
877 1418 998 1458 esse
1040 1405 1463 1474 perfectionem?
1513 1409 1820 1465 Elliciamur

245 1505 378 1558 ergo
405 1491 613 1560 perfecti
659 1493 759 1547 hac
804 1495 1171 1562 perfectione:
1208 1499 1353 1559 licet.
1397 1502 1605 1555 etiamsi
1651 1502 1817 1557 simus

242 1582 397 1649 pueri
427 1591 478 1635 et
501 1582 748 1649 juvenes,
779 1582 844 1637 ad
877 1584 1020 1638 illam
1046 1588 1229 1642 venire
1257 1589 1638 1658 perfectionem
1672 1611 1683 1640 τ
1713 1608 1816 1645 non

240 1681 324 1726 est
350 1672 494 1726 enim
517 1682 741 1739 naturae,
770 1674 863 1728 sed
895 1676 1121 1730 virtutis.
1160 1679 1247 1732 14.
1283 1677 1628 1750 Perfectorum
1651 1692 1816 1734 autem

241 1775 312 1816 est
362 1765 554 1818 solidus
604 1765 746 1818 cibus
778 1781 990 1819 :eorum
1043 1769 1130 1837 qui
1174 1787 1266 1838 pro
1295 1771 1406 1840 ipsa
1460 1775 1820 1828 consuetudine

241 1856 537 1908 accrcitatos
566 1857 749 1909 habent
783 1873 958 1911 sensus
984 1860 1050 1911 ad
1082 1860 1433 1916 discretionem
1464 1862 1582 1916 boni
1605 1873 1650 1917 et
1672 1865 1813 1919 mali.

239 1947 374 2012 Quid
417 1949 584 2001 vero?
641 1965 746 2002 non
791 1949 1056 2004 habebant
1105 1951 1176 2005 illi
1223 1967 1416 2008 sensus
1469 1956 1814 2023 exercitatos,

238 2053 412 2106 neque
427 2039 666 2092 sciebant
684 2039 806 2108 quid
836 2041 1054 2105 bonum,
1077 2041 1201 2110 quid
1233 2043 1426 2097 malum
1444 2045 1467 2096 ?
1485 2046 1566 2098 Ab
1584 2061 1648 2099 eo
1675 2063 1816 2102 nunc

236 2144 344 2180 non
364 2129 536 2198 agitur
560 2129 629 2182 de
659 2131 786 2195 vita,
820 2130 1031 2200 quando
1057 2132 1204 2198 dicit,
1228 2133 1306 2186 Ad
1331 2135 1678 2190 discretionem
1700 2139 1816 2191 boni

235 2226 280 2268 et
317 2217 438 2268 mali
456 2232 475 2280 ;
499 2218 599 2272 hoc
617 2221 758 2272 enim
791 2228 964 2287 potest
994 2221 1212 2289 quilibet
1239 2223 1398 2287 scire,
1429 2234 1482 2278 et
1505 2235 1586 2279 est
1621 2221 1812 2292 facile;

233 2305 332 2360 sed
361 2308 426 2361 de
456 2310 619 2362 rectis
646 2319 696 2363 et
727 2310 1045 2364 subhmibus
1075 2311 1435 2381 dogmatibus,
1467 2325 1522 2370 et
1547 2315 1612 2370 de
1640 2318 1813 2387 pravis

236 2397 631 2467 humilibusque
679 2407 734 2451 et
773 2398 1017 2468 abjeetis.
1048 2399 1224 2457 Infans
1263 2418 1366 2457 non
1398 2413 1573 2473 potest
1617 2408 1812 2462 malum

233 2497 290 2540 et
319 2489 514 2541 bonum
536 2490 715 2542 cibum
744 2489 1106 2560 distinguere:
1137 2507 1278 2562 Saepe
1309 2494 1519 2563 quidem
1547 2506 1602 2551 et
1624 2499 1812 2566 pulve-

231 2592 346 2630 rem
391 2579 442 2629 in
492 2592 552 2632 os
603 2578 791 2646 injicit.
839 2590 887 2634 et
939 2581 1080 2650 quod
1125 2594 1204 2637 est
1246 2587 1464 2640 noxium
1504 2589 1715 2658 accipit,
1759 2601 1812 2646 et

234 2667 411 2720 omnia
435 2668 560 2720 facit
592 2669 724 2722 citra
748 2669 1151 2728 discretionem.
1176 2673 1280 2730 Sed
1309 2693 1414 2730 non
1446 2689 1527 2732 est
1548 2681 1810 2749 ejusmodi

235 2759 285 2810 id
311 2758 452 2826 quod
500 2769 580 2812 est
611 2759 925 2828 perfectum.
960 2761 1117 2818 Tales
1164 2775 1288 2818 sunt
1333 2768 1421 2837 qui
1453 2771 1701 2826 omnibus
1729 2783 1810 2827 te-

234 2859 378 2901 mere
421 2849 658 2902 animum
706 2851 982 2916 adhibent,
1040 2863 1093 2908 et
1137 2856 1254 2910 sine
1301 2857 1611 2916 discrimine
1652 2879 1810 2921 aures

234 2941 473 3009 pncbeut
503 2959 516 2993 :
549 2950 605 2995 et
632 2957 725 2996 eos
765 2943 1108 3012 reprehendit
1150 2957 1206 3000 ut
1233 2949 1318 3017 qui
1348 2959 1550 3006 temere
1576 2953 1807 3012 circum-

235 3032 492 3095 ferantur,
524 3041 577 3086 et
605 3047 744 3086 nime
771 3035 984 3102 quidem
1017 3036 1120 3099 his,
1155 3054 1296 3094 nunc
1324 3056 1450 3096 vero
1479 3044 1584 3098 illis
1625 3061 1682 3101 se
1709 3048 1808 3104 de-

233 3119 357 3176 dant
388 3140 400 3175 :
427 3121 569 3192 quod
601 3127 758 3177 etiam
796 3125 846 3178 in
887 3126 990 3181 line
1037 3128 1416 3197 subindicavit,
1449 3133 1654 3202 dicens,
1699 3138 1806 3194 Do-

233 3213 404 3266 ctrinis
441 3214 595 3266 variis
629 3221 675 3267 et
703 3217 981 3285 peregrinis
1018 3219 1174 3271 nolite
1201 3221 1414 3283 abduci;
1448 3223 1547 3278 hoc
1593 3237 1696 3294 cst,
1729 3231 1831 3284 Ad.

232 3303 575 3357 discretionem
602 3305 717 3358 boni
747 3316 793 3359 et
831 3307 970 3360 mali.
1006 3306 1137 3362 Nam
1178 3322 1361 3380 guttur
1391 3314 1602 3382 quidem
1630 3330 1806 3388 gustat

231 3391 394 3455 cibos,
424 3394 602 3446 anima
631 3403 758 3448 Vero
781 3411 1081 3454 sermones.

295 3479 346 3534 4.
405 3480 674 3548 Quomodo
746 3487 1076 3541 discernenda
1135 3492 1298 3544 errari
1357 3495 1465 3561 apti
1515 3496 1800 3564 e/j‘iciemur.

233 3568 509 3636 Scriptum
555 3587 680 3640 quos
723 3577 986 3630 habuerint
1025 3583 1342 3648 interpretes.
1391 3614 1462 3623 —
1512 3585 1619 3640 Nos
1665 3600 1802 3657 qu‘o-

225 3677 321 3727 que
359 3662 459 3715 hoc
500 3663 770 3717 discamus
809 3682 820 3716 :
865 3667 906 3719 si
937 3668 1168 3722 audieris
1207 3671 1345 3739 quod
1385 3687 1486 3724 non
1535 3673 1603 3726 sit
1630 3671 1783 3728 Crze-

223 3763 338 3816 eus,
387 3760 488 3804 nec
529 3751 774 3817 Judmos‘,
820 3769 888 3810 ne
921 3759 1158 3824 protinus
1197 3761 1468 3815 existimes
1505 3779 1624 3816 enm
1665 3778 1783 3821 esse

219 3833 610 3907 Christianum,
643 3842 736 3898 sed
779 3845 937 3898 etiam
964 3848 1065 3902 alia
1093 3849 1270 3904 omnia
1313 3851 1584 3906 examines
1616 3869 1628 3905 :
1658 3869 1778 3908 nam

221 3939 265 3982 et
295 3926 599 3999 Manichari,
648 3942 700 3988 et
729 3948 915 3988 omnes
957 3937 1186 3993 haereses
1217 3943 1354 3995 hanc
1383 3957 1660 4010 per8tmam
1701 3946 1777 3999 in-

220 4018 468 4086 duerunt,
510 4032 568 4075 ut
608 4023 689 4078 sic
738 4025 1008 4094 decipiant
1057 4028 1407 4095 simpliciores
1436 4050 1450 4086 :
1482 4032 1574 4085 sed
1606 4035 1648 4085 si
1681 4034 1774 4088 ha~

222 4109 424 4165 beamus
466 4111 633 4168 animi
678 4130 869 4168 sensus
913 4118 1234 4173 exercitatos
1283 4121 1348 4174 ad
1393 4121 1772 4178 discretionem

219 4199 330 4256 boni
369 4213 423 4256 et
462 4204 620 4270 mali,
654 4207 949 4273 poterimus
979 4223 1072 4262 eos
1121 4209 1447 4266 discernere.
1494 4213 1773 4278 Quomodo

217 4303 375 4348 autem
399 4295 530 4348 llum
558 4310 748 4349 sensus
787 4299 954 4351 nostri
980 4300 1296 4353 exercitati?
1327 4303 1366 4354 A
1396 4303 1646 4356 continua
1675 4320 1769 4358 au-

217 4383 430 4448 ditione,
462 4402 490 4438 a
536 4387 934 4454 Seripturarnm
969 4390 1176 4458 peritia.
1220 4390 1440 4458 Quando
1470 4395 1610 4447 enim
1643 4410 1766 4463 pro-

217 4478 531 4540 pesuerimus
559 4494 744 4532 eorum
790 4495 1027 4534 errorem
1049 4523 1063 4542 .
1102 4492 1154 4535 et
1195 4481 1353 4537 hodie
1381 4487 1676 4551 audiveris,
1711 4497 1764 4541 et

212 4577 315 4618 cras
342 4584 441 4620 non
471 4578 620 4622 recte
655 4569 854 4624 trahere
895 4571 1206 4639 probaveris
1227 4613 1240 4633 ,
1291 4583 1458 4628 totum
1487 4576 1716 4631 didicisti
1743 4617 1759 4643 ,

212 4661 357 4709 totum
397 4658 695 4724 cognovisti
724 4675 736 4710 :
768 4669 820 4712 et
851 4660 896 4712 si
940 4659 1095 4732 hodie
1126 4678 1230 4716 non
1267 4666 1755 4732 comprehendisti,

208 4757 309 4799 cras
344 4749 786 4814 compreheudes.
833 4731 1026 4803 Earum
1049 4792 1062 4813 ,
1092 4753 1259 4820 inquit
1285 4794 1298 4816 ,
1340 4755 1424 4823 qui
1469 4771 1640 4810 sensus
1664 4757 1755 4809 ha-

210 4830 305 4886 bent
333 4838 650 4889 exercitatos.
688 4836 850 4892 Vides
875 4839 1018 4906 quod
1047 4857 1205 4894 aures
1233 4852 1426 4895 nostra:
1463 4846 1569 4898 sint
1595 4862 1753 4900 exer-

208 4924 366 4977 cenda:
402 4927 601 4980 divinis
646 4928 1006 4983 auditionibus
1033 4972 1046 4993 ,
1096 4943 1151 4984 ut
1184 4946 1286 4985 non
1319 4933 1562 4988 dicantur
1597 4950 1748 5004 pere-

207 5015 370 5079 grina?
417 5017 765 5085 Exercitatos,
819 5021 1020 5090 inquit,
1075 5023 1143 5074 ad
1203 5024 1549 5078 discretionem
1593 5045 1606 5078 :
1651 5029 1750 5081 hoc

208 5114 307 5170 t-st,
356 5121 472 5162 esse
529 5111 777 5178 peritum.
829 5113 980 5165 Alius
1031 5114 1242 5181 quidem
1307 5115 1433 5168 dicit
1479 5131 1582 5168 non
1630 5132 1747 5172 esse

206 5201 646 5264 resurrectionem;
702 5201 840 5254 alius
895 5211 1068 5255 autem
1114 5219 1181 5256 ex.
1219 5205 1405 5258 futuris
1461 5205 1586 5258 nihil
1641 5221 1740 5260 ex-

202 5296 406 5352 spectat;
436 5290 569 5342 alius
594 5291 755 5344 alium
787 5291 918 5344 dicit
953 5293 1114 5345 Deum
1145 5310 1159 5356 ;
1201 5295 1335 5348 alius
1363 5311 1389 5346 a
1430 5295 1590 5348 Maria
1621 5313 1740 5350 eum

201 5370 366 5432 lubere
390 5381 725 5450 principium.
778 5381 912 5435 Vide
956 5393 1132 5438 autem
1179 5387 1423 5454 protinus
1470 5389 1739 5454 quomodo

198 5475 354 5521 omnes
380 5481 498 5524 sunt
525 5472 657 5541 lapsi
683 5487 749 5527 ex
774 5472 1237 5539 immoderatione,
1264 5492 1382 5530 cum
1407 5479 1494 5530 alii
1524 5479 1736 5547 quidem

197 5553 324 5622 plus,
367 5559 450 5613 alii
505 5577 634 5616 vero
689 5563 869 5616 minus
917 5563 1216 5620 habuerint.
1262 5566 1504 5637 Exempli
1552 5584 1732 5637 causa,

197 5646 336 5708 Prima
375 5651 586 5721 quidem
634 5654 878 5710 omnium
905 5653 1123 5712 luercsis
1166 5665 1246 5713 est
1275 5657 1554 5714 Marcionis
1599 5677 1610 5712 :
1647 5660 1732 5715 illa

1070 300 1131 355 lt‘i
1172 300 1384 357 EPIST.
1429 301 1517 355 AD
1557 300 1913 357 "cumcos.
1958 303 2105 358 CAP.
2148 307 2212 362 V.
2257 305 2480 357 HUMll..
2522 301 2653 358 Vlll.

3448 302 3519 350 ’Μ

1937 413 2096 464 alium
2125 411 2414 464 introduxit
2443 411 2603 465 Deum
2625 452 2637 474 ,
2687 415 2772 482 qni
2808 427 2910 466 non
2942 424 3041 468 est.
3089 417 3222 471 Ecce
3270 419 3354 472 hic
3386 421 3502 488 plus

1933 510 2032 553 est.
2066 499 2190 553 Post
2221 500 2360 553 illam
2393 499 2609 555 haeresis
2640 502 2879 568 Sabellii,
2914 521 3028 573 qua:
3060 507 3188 560 dicit
3217 507 3410 562 Filium
3439 520 3494 562 et

1933 587 2142 642 Patrem
2185 599 2238 642 et
2265 587 2519 657 Spiritum
2571 605 2728 644 unam
2782 607 2902 648 esse
2949 609 3254 662 persooam.
3298 597 3499 653 Deinde

1930 677 2157 732 Marcelli
2206 677 2424 732 haeresis
2466 689 2518 732 et
2549 679 2792 744 Photini,
2832 697 2949 751 qua:
2987 685 3095 753 ipsa
3126 701 3339 756 quoque
3382 687 3498 744 hate

1928 771 2040 840 ipsa
2069 769 2264 824 asserit
2299 776 2352 824 et
2379 769 2651 838 przedicat.
2683 772 2746 825 Et
2776 772 2920 826 Pauli
2955 775 3286 831 Samosateni
3329 778 3499 833 haere-

1924 865 1998 916 sis
2021 902 2035 924 ,
2081 861 2262 915 dicens
2291 873 2411 914 eum
2457 859 2704 915 habuisse
2744 862 2948 916 initium
2990 875 3053 918 ex
3082 866 3264 923 Maria.
3296 869 3497 926 Deinde

1923 948 2142 1006 hrresis
2173 951 2582 1008 Maniehmorum
2613 973 2625 1007 :
2653 956 2768 1010 hate
2797 965 2878 1010 est
2927 961 3066 1010 enim
3117 961 3353 1012 omnium
3404 975 3492 1012 re-

1920 1044 2247 1098 centissima.
2278 1043 2402 1100 Post
2424 1046 2538 1098 illas
2567 1045 2786 1099 hmresis
2812 1047 2942 1099 Arii.
2969 1047 3102 1100 Sunt
3131 1060 3306 1101 autem
3329 1052 3489 1102 etiam

1917 1133 2058 1188 alia.
2089 1133 2154 1188 Et
2178 1135 2298 1189 ideo
2329 1136 2485 1190 ﬁdem
2513 1136 2835 1206 accepimus,
2864 1152 2930 1192 ne
2959 1152 3178 1192 necesse
3202 1139 3490 1193 habeamus

1917 1223 1982 1277 ad
2028 1226 2444 1281 innumerabiles
2491 1227 2724 1282 harreses
2771 1229 3056 1294 accedere,
3110 1233 3394 1301 vexarique
3437 1242 3492 1288 et

1919 1314 2159 1369 nolestia
2198 1315 2336 1369 affici
2357 1358 2370 1382 ,
2400 1316 2493 1372 sed
2521 1316 2664 1387 quod
2694 1317 2746 1372 ei
2774 1319 2860 1373 vel
2890 1319 3192 1386 addiderit,
3244 1322 3329 1376 vel
3357 1321 3484 1377 ade.

1915 1404 2072 1458 merit
2115 1407 2380 1476 quispiam
2405 1451 2418 1474 ,
2461 1409 2513 1462 id
2542 1409 2910 1464 existimemus
2946 1425 3066 1466 esse
3104 1411 3483 1466 adulterinum.

1913 1492 2044 1548 Nam
2072 1497 2208 1550 sicut
2237 1498 2271 1550 ii
2313 1500 2402 1566 qui
2432 1500 2558 1552 dant
2611 1501 2852 1568 regulas,
2895 1517 2998 1554 non
3032 1517 3254 1557 necesse
3287 1504 3484 1559 habent

1914 1597 2192 1639 mensuras
2220 1586 2634 1642 innumerabiles
2654 1592 2864 1644 curiose
2896 1592 3186 1659 inquirere,
3221 1593 3312 1646 sed
3336 1594 3479 1646 illam

1910 1687 2028 1742 (iure
2072 1675 2189 1728 data
2223 1677 2314 1728 fuit
2343 1678 2538 1748 jubent
2569 1687 2753 1733 tenere
2781 1696 2793 1731 :
2823 1681 2892 1733 itu
2930 1683 3089 1736 etiam
3121 1682 3173 1734 in
3219 1682 3477 1753 dogmati-

1911 1763 2026 1819 bus.
2058 1763 2161 1818 Sed
2189 1780 2345 1820 nemo
2372 1774 2483 1820 vult
2511 1769 2790 1822 attendere
2819 1769 3110 1838 Scripturis
3137 1789 3148 1824 :
3177 1787 3298 1825 nam
3322 1774 3366 1826 si
3395 1783 3476 1826 at-

1910 1856 2265 1919 tendercmus,
2293 1871 2397 1910 non
2416 1860 2584 1911 solum
2614 1874 2717 1912 non
2746 1861 3102 1915 ineideremus
3129 1863 3182 1915 in
3207 1875 3475 1930 errorem,

1906 1945 2000 1998 sed
2044 1946 2201 1999 etiam
2233 1946 2486 2016 deceptos
2524 1948 2906 2016 liberaremus,
2936 1959 2988 2004 et
3013 1952 3416 2007 extraherenius
3444 1970 3472 2006 a

1905 2037 2176 2104 periculis.
2219 2035 2350 2091 Nam
2398 2039 2553 2093 miles
2601 2039 2752 2094 fortis
2785 2057 2889 2094 non
2935 2043 3036 2096 sibi
3084 2044 3257 2098 solum
3300 2055 3474 2113 potest

1903 2125 2184 2193 sufficere,
2213 2127 2305 2181 sed
2338 2128 2499 2183 etiam
2527 2129 2614 2198 qui
2646 2141 2726 2184 est
2761 2131 2908 2200 juxta
2939 2147 3058 2188 eum
3103 2136 3308 2190 socium
3339 2149 3470 2191 con-

1905 2225 2116 2268 servare
2137 2257 2150 2281 ,
2184 2225 2238 2269 et
2266 2216 2332 2270 ab
2379 2219 2607 2271 hostium
2654 2234 2789 2274 noxa
2820 2221 3064 2278 liberare.
3113 2223 3262 2279 Nunc
3291 2233 3467 2281 autem

1902 2319 1998 2359 nec
2014 2307 2157 2375 quod
2178 2309 2284 2361 sint
2305 2309 2518 2378 quidem
2539 2309 2829 2379 Scriptura:
2849 2322 3046 2366 norunt
3061 2315 3226 2384 aliqui
3248 2333 3260 2367 :
3285 2331 3471 2386 quant-

1899 2409 2056 2465 quam
2102 2409 2318 2452 sanctus
2350 2399 2578 2468 Spiritus
2619 2409 2725 2453 tam
2771 2401 2936 2454 multa
2984 2402 3372 2457 administravit
3416 2418 3471 2459 ut

1901 2501 1979 2540 e.e
2008 2488 2426 2542 custodirentur.
2462 2489 2644 2544 Videte
2691 2499 2866 2544 autem
2911 2491 2978 2546 ab
3023 2493 3137 2561 ipso
3169 2503 3471 2563 repetentes

1899 2578 2080 2644 initio,
2135 2589 2192 2633 ut
2245 2580 2335 2634 Dei
2389 2580 2609 2635 discatis
2667 2581 2986 2637 inell‘abilem
3035 2585 3465 2654 benignitatem:

1902 2667 2084 2724 Mosen
2107 2671 2402 2740 inspiravit,
2430 2671 2637 2726 tabulas
2664 2673 2960 2742 insculpsit,
2989 2676 3334 2746 quadraginta
3352 2677 3468 2733 dies

1898 2774 2018 2814 eum
2041 2762 2207 2815 tenuit
2235 2763 2282 2814 in
2304 2772 2502 2830 monte,
2527 2773 2582 2818 et
2608 2779 2789 2818 rursus
2812 2765 3027 2820 totidem
3050 2769 3269 2823 utdaret
3293 2769 3464 2839 legem

1898 2848 2210 2919 (Exortu’ﬁ).
2233 2851 2421 2905 Postea
2438 2862 2612 2906 autem
2637 2854 2779 2906 misit
2797 2855 3078 2923 prophetas
3093 2859 3225 2910 nuda
3247 2873 3465 2927 perpes-

1893 2953 1982 2993 sos
2013 2939 2436 2994 innumerabilia.
2461 2941 2653 3011 Ingruit
2673 2943 2887 3008 bellum,
2906 2959 3090 2999 omnes
3114 2947 3460 3011 sustulerunt,

1892 3031 2302 3098 consciderunt,
2335 3035 2504 3088 exusti
2547 3033 2758 3090 fuerunt
2783 3036 2923 3091 libri.
2953 3039 3128 3094 Alium
3164 3057 3350 3097 rursus
3379 3045 3460 3098 vi-

1893 3137 2006 3176 rum
2040 3124 2314 3192 inSplravit
2344 3124 2710 3181 admirabilem
2731 3167 2746 3193 ,
2781 3138 2836 3183 ut
2862 3129 2983 3184 illos
3008 3143 3337 3202 exponeret,
3365 3135 3464 3192 Ειο

1891 3211 2074 3278 dram,
2120 3213 2334 3280 inquam
2357 3256 2372 3280 ,
2418 3224 2472 3269 et
2502 3214 2627 3270 fecit
2654 3227 2713 3271 ut
2756 3232 3204 3288 componerentur
3242 3238 3308 3278 ex
3335 3227 3460 3280 reli-

1889 3303 2056 3369 quiis.
2111 3299 2325 3358 Postea-
2359 3315 2538 3360 autem
2598 3310 2805 3363 curavit
2861 3318 2918 3364 ut
2971 3310 3316 3383 Septuaginta
3369 3331 3460 3372 eas

1889 3391 2369 3462 interpretarentur
2398 3408 2410 3450 ξ
2439 3395 2514 3450 illi
2552 3412 2644 3453 eas
2689 3411 2811 3453 sunt
2840 3400 3191 3471 interpretati.
3234 3404 3460 3462 Advenit

1888 3480 2160 3550 Christus,
2211 3499 2302 3542 eas
2330 3490 2582 3558 suscipit,
2618 3493 2846 3561 apostoli
2891 3494 2942 3546 in
2987 3510 3173 3550 omnes
3218 3497 3460 3552 disserui-

1899 3592 2025 3636 naut
2055 3598 2069 3636 :
2101 3581 2350 3640 Christus
2374 3583 2498 3640 fecit
2527 3589 2676 3658 signa
2699 3594 2754 3644 et
2778 3591 3054 3647 miracula.
3079 3596 3214 3662 Quid
3239 3597 3472 3654 deinde?

1901 3673 2022 3728 Post
2045 3686 2148 3728 tam
2167 3678 2350 3743 multa,
2374 3687 2480 3732 tam
2503 3690 2750 3735 accurate
2769 3691 2936 3750 gesta,
2958 3685 3287 3754 seripserunt
3307 3688 3470 3743 etiam

1897 3765 2140 3833 apostoli,
2169 3767 2304 3820 sicut
2328 3769 2484 3821 etiam
2509 3771 2640 3822 dixit
2669 3771 2862 3826 Paulus
2890 3791 2902 3826 :
2931 3776 3135 3845 Scripta
3165 3789 3276 3830 sunt
3305 3790 3471 3834 autent

1895 3855 1961 3906 ad
2005 3867 2227 3907 nostram
2277 3859 2702 3922 admonitionem,
2733 3862 2800 3912 ad
2847 3874 2969 3928 quos
2999 3865 3124 3932 fines
3167 3869 3468 3922 saeculorum

1894 3954 2221 4014 pervenerunt
2240 3947 2312 4012 (Ι.
2341 3946 2458 4001 Cor.
2490 3948 2575 4002 10.
2607 3951 2714 4018 Η).
2740 3949 2803 4004 Et
2825 3951 3067 4007 Christus
3092 3955 3302 4011 diccbat
3329 3976 3341 4011 :
3370 3958 3468 4012 Er-

1893 4038 2030 4099 ratis,
2063 4037 2330 4091 nescientes
2355 4036 2650 4108 Scripturas
2678 4037 2888 4110 (Matth.
2919 4043 3009 4096 2%.
3037 4045 3152 4115 29).
3187 4047 3253 4100 Et
3279 4063 3483 4118 rursm,

1889 4126 2094 4180 dicebat
2127 4127 2321 4181 Paulus
2349 4147 2361 4181 :
2394 4128 2491 4182 Per
2515 4133 2809 4199 patientiam
2827 4141 2872 4188 et
2900 4139 3292 4193 consolationem
3315 4141 3462 4196 Scri-

1890 4227 2150 4283 ptui-arum
2189 4235 2327 4287 spent
2369 4220 2640 4276 habeamus
2685 4223 2860 4292 (Rom.
2915 4227 2999 4282 l5.
3039 4229 3128 4299 4);
3178 4241 3231 4286 et
3275 4247 3457 4291 rursus

1887 4307 2063 4360 Omnis
2090 4311 2341 4378 scriptura
2373 4312 2611 4365 divinitus
2639 4315 2889 4382 inspirata
2920 4328 2990 4371 cst
3021 4321 3163 4375 utilis
3205 4323 3285 4388 (2.
3317 4321 3454 4379 Tim.

1881 4396 1934 4453 5.
1967 4403 2085 4469 lii),
2120 4410 2202 4463 et,
2247 4399 2461 4455 Verbum
2507 4403 2694 4457 Christi
2725 4405 2910 4462 habitet
2941 4410 2993 4462 in
3025 4413 3160 4466 vobis
3190 4417 3442 4470 abundan-

1883 4499 1951 4544 ter
1980 4490 2113 4560 (Col.
2147 4491 2198 4545 '5.
2232 4492 2337 4561 16).
2373 4493 2435 4545 Et
2466 4495 2721 4564 propheta
2749 4538 2764 4563 ,
2809 4497 2874 4551 In
2903 4502 3009 4569 lege
3037 4505 3149 4572 ejus
3187 4508 3449 4561 meditabi-

1879 4590 1959 4634 tur
1985 4583 2066 4633 die
2090 4599 2151 4633 ac
2178 4593 2321 4635 nocte
2355 4583 2524 4653 (l’sal.
2561 4587 2610 4639 1.
2642 4585 2700 4654 2)
2726 4605 2738 4652 ;
2774 4598 2824 4644 et
2858 4607 3041 4645 rursus
3068 4595 3229 4659 alibi,
3278 4597 3452 4652 Omnis

1877 4673 2100 4724 narratio
2126 4681 2211 4725 tua
2240 4675 2303 4725 sit
2333 4674 2386 4727 in
2412 4675 2520 4744 lege
2541 4677 2785 4730 Altissimi
2811 4679 2998 4748 (Eccli.
3023 4681 3076 4736 9.
3105 4683 3227 4751 25);
3259 4695 3312 4738 et
3336 4703 3443 4742 rur-

1872 4777 1994 4828 sos,
2028 4763 2190 4829 Quam
2217 4765 2387 4817 dulcia
2417 4769 2610 4835 gutturi
2638 4786 2744 4821 meo
2779 4771 2975 4838 eloquia
2999 4782 3082 4825 tua
3112 4773 3130 4844 (
3162 4791 3264 4828 non
3293 4779 3445 4843 dixit,

1871 4856 2102 4907 Auribus
2124 4898 2138 4918 ,
2167 4856 2258 4909 sed
2281 4897 2296 4920 ,
2332 4855 2538 4910 Guttnri
2578 4875 2686 4911 meo
2717 4859 2736 4930 )
2766 4877 2918 4928 super
2956 4865 3054 4916 mel
3080 4874 3126 4916 et
3167 4867 3335 4934 favum
3373 4875 3449 4923 ori

1875 4949 2171 5006 meotPsal.
2195 4949 2274 5004 IS.
2303 4953 2408 5020 ll).
2425 4951 2488 5004 Et
2509 4951 2709 5018 Moses,
2725 4955 3356 5030 Meditaberis,inquit,in
3374 4967 3448 5020 eis

1872 5051 2092 5103 semper,
2118 5055 2353 5108 surgens.
2381 5043 2585 5102 sedens,
2611 5046 2806 5097 cubans
2836 5045 3022 5115 (Deut.
3046 5049 3096 5103 6.
3124 5047 3197 5117 7).
3239 5052 3362 5106 Ideo
3393 5062 3445 5107 et

1876 5125 2338 5184 Paulusseribeus
2352 5134 2414 5184 ad
2425 5130 2762 5188 Timotheum
2779 5136 2993 5190 dicebat
3008 5156 3018 5189 :
3032 5137 3092 5191 In
3106 5139 3211 5192 illis
3226 5143 3445 5202 sta,hatc

1875 5219 2125 5274 meditare
2151 5221 2194 5280 (l
2212 5263 2224 5274 .
2251 5221 2386 5277 Tim.
2408 5223 2460 5276 4.
2487 5225 2788 5294 15).Atque
2813 5229 3097 5284 innumera
3121 5231 3186 5286 de
3213 5231 3296 5287 his
3333 5233 3438 5289 dici

1861 5308 2083 5372 possint.
2113 5308 2214 5361 Sed
2261 5319 2436 5364 tamen
2475 5323 2590 5380 post
2623 5322 2727 5366 tam
2775 5316 2938 5368 multa
2973 5326 3094 5370 sunt
3141 5320 3298 5389 aliqui
3348 5325 3434 5392 qui

1859 5399 2102 5450 nesciunt
2124 5400 2335 5467 quidem
2359 5403 2498 5470 quod
2519 5405 2622 5456 sint
2642 5405 2951 5474 Scriptum.
2983 5409 3270 5476 Propterea
3294 5415 3432 5481 apud

1857 5503 1952 5540 nos
1983 5489 2108 5542 nihil
2142 5507 2346 5553 sanum,
2374 5493 2504 5544 nihil
2535 5504 2756 5558 rectum,
2790 5497 2916 5549 nihil
2943 5499 3085 5551 utile.
3112 5497 3214 5552 Sed
3244 5503 3285 5554 si
3310 5505 3433 5557 velit

1853 5580 2338 5650 quidemqnispiam
2363 5592 2530 5635 artem
2557 5583 2763 5638 discere
2787 5587 3090 5650 militarem,
3114 5603 3334 5645 necesse
3350 5603 3429 5647 est

1851 5678 1904 5720 ut
1926 5668 2067 5737 leges
2086 5669 2254 5726 discat
2282 5671 2565 5726 militares:
2593 5683 2642 5725 et
2672 5675 2714 5725 si
2737 5675 2853 5741 quis
2868 5674 2988 5728 velit
3018 5675 3219 5732 discere
3252 5683 3425 5737 Scien-
