3956 6138
479 371 552 429 75
649 407 652 411 ~
1195 368 1249 426 S.
1289 367 1568 424 JOANNlS
1598 362 2061 421 CllRYSUSTOMl
2103 358 2412 417 ARCIIIEP.
2452 362 2980 422 CONSTANTINOP.
3670 371 3744 431 τε)

493 476 618 525 tiatu
647 472 991 542 gubernaculi
1015 512 1029 536 ,
1056 481 1146 524 aut
1172 471 1496 539 fabricandi,
1525 483 1619 528 aut
1647 476 1697 528 si
1721 476 1851 545 quid
1880 477 2023 532 aliud
2045 519 2062 546 ,

490 580 712 617 necesse
741 573 822 617 est
852 575 904 615 ut
930 562 1100 616 discat
1139 578 1259 631 qum
1297 574 1423 617 sunt
1463 564 1593 619 arl's
1615 581 1631 618 :
1654 564 1740 620 hic
1769 574 1948 621 autem
1979 568 2062 621 ni-

486 655 561 710 hil
593 655 766 724 agitur
790 653 1053 724 ejusmodi
1078 692 1092 716 ,
1125 653 1284 721 idque
1325 669 1446 708 cum
1475 654 1591 711 ha‘c
1636 656 1856 711 scientia
1883 659 2063 713 multis

485 760 618 814 Opus
646 746 834 798 habeat
857 743 1069 813 vigiliis.
1101 742 1234 796 Nam
1255 745 1394 813 quod
1419 745 1516 798 hoc
1542 761 1755 815 quoque
1777 747 1847 801 sit
1871 764 1959 803 ars
1984 749 2062 803 in-

479 838 666 905 digens
692 836 933 890 doctrina
954 875 968 899 ,
998 834 1127 890 audi
1153 836 1471 908 prophetam
1501 836 1773 892 dicentem
1802 854 1820 894 z
1864 839 2057 905 Venite,

483 926 600 995 ﬁlii,
630 928 803 982 audite
827 945 904 983 me
931 943 950 983 :
972 930 1204 983 timorem
1226 929 1434 985 Domini
1454 933 1641 986 docebo
1660 947 1751 987 vos
1767 932 1939 1004 (Psal.
1963 933 2053 987 '53.

450 1016 552 1070 12
580 1048 607 1058 -
635 1018 745 1089 14).
782 1019 918 1074 Vere
966 1035 1093 1090 ergo
1145 1021 1389 1076 doctrina
1436 1038 1573 1091 opus
1623 1022 1783 1078 habet
1835 1023 1928 1078 Dei
1987 1023 2058 1077 ti-

481 1124 620 1164 mor.
652 1111 855 1166 Deinde
881 1112 956 1166 ait
985 1129 1001 1169 ;
1036 1113 1163 1177 Quis
1190 1125 1259 1168 est
1286 1115 1434 1169 homo
1458 1117 1544 1186 qui
1573 1118 1679 1170 vult
1697 1117 1851 1171 vitam
1875 1118 1902 1172 2
1926 1118 2054 1174 dicit

481 1200 642 1254 vitam
674 1216 793 1269 qua:
820 1202 930 1256 illic
954 1212 1056 1257 cst.
1092 1204 1158 1257 Et
1184 1204 1585 1268 rursus,Coltibe
1604 1208 1833 1278 linguam
1863 1218 2000 1262 tuam
2025 1226 2056 1262 a

483 1292 639 1357 malo,
665 1304 711 1345 et
737 1293 872 1346 labia
904 1304 989 1347 tua
1012 1311 1073 1348 ne
1101 1295 1370 1364 loquantur
1390 1297 1564 1352 dolum
1584 1315 1603 1352 :
1626 1300 1824 1355 declina
1849 1317 1881 1354 a
1901 1302 2057 1366 malo,

480 1392 529 1435 et
561 1385 645 1452 fac
669 1382 856 1437 bonum
879 1401 899 1438 :
925 1402 1094 1454 qurere
1118 1403 1324 1456 pacem,
1368 1399 1415 1442 et
1458 1405 1752 1459 persequere
1776 1407 1906 1445 eam.
1940 1390 2058 1446 Sci-

486 1472 624 1528 tisne
660 1475 907 1543 quisnam
952 1478 1212 1546 propheta
1257 1478 1371 1532 haec
1412 1478 1643 1543 dixerit,
1675 1490 1766 1535 aut
1806 1479 2059 1536 historio-

482 1563 732 1633 graphus,
762 1574 849 1618 aut
878 1566 1171 1635 apostolus,
1199 1576 1291 1620 aut
1318 1568 1684 1637 evangelista?
1712 1569 1823 1638 Ego
1844 1569 2059 1639 quidem

484 1672 588 1710 non
611 1657 822 1726 Opinor,
849 1668 1041 1726 prtetcr
1070 1672 1270 1727 paucos
1299 1674 1314 1714 :
1343 1668 1503 1728 atque
1529 1673 1717 1713 rursus
1743 1660 1807 1713 iis
1832 1659 1983 1729 ipsis,
2015 1662 2060 1715 si

483 1747 862 1802 adduxerimus
898 1748 1114 1803 aliunde
1143 1749 1543 1813 testimonium,
1574 1749 1715 1804 idem
1742 1750 1883 1819 quod
1909 1750 2059 1806 vobis

482 1838 711 1893 eveniet.
741 1840 880 1893 Ecce
905 1838 1048 1893 enim
1078 1838 1252 1893 dicam
1284 1839 1430 1893 idem
1462 1839 1663 1894 dictum
1691 1841 1811 1894 aliis
1838 1839 2018 1895 verbis
2043 1856 2059 1901 ς

483 1928 749 1982 Lavamini
770 1970 785 1994 ,
815 1930 991 1982 mundi
1032 1938 1188 1983 estote
1206 1972 1221 1995 ,
1248 1931 1448 1999 auferte
1481 1932 1753 2000 pravitates
1787 1940 1976 1985 vestras
2000 1930 2061 1984 ab

482 2018 747 2070 animabus
777 2018 951 2071 vestris
978 2034 1151 2071 coram
1182 2018 1343 2071 oculis
1369 2015 1489 2071 meis
1509 2057 1525 2083 ,
1567 2018 1744 2073 discite
1769 2020 1955 2073 bonum
1980 2023 2064 2091 fa-

482 2126 592 2163 cere
611 2151 626 2174 ,
651 2110 895 2180 exquirite
905 2110 1162 2179 judicium
1188 2125 1205 2162 :
1226 2108 1403 2162 cohibe
1422 2109 1651 2178 linguam
1682 2119 1820 2162 tuam
1846 2127 1877 2162 a
1902 2110 2059 2175 malo,

483 2210 528 2254 et
550 2204 632 2274 fac
661 2202 846 2255 bonum
876 2218 895 2254 :
926 2201 1101 2255 discite
1126 2200 1310 2253 bonum
1339 2200 1545 2271 [περι-ε(
1575 2199 1703 2255 Isai.
1736 2202 1787 2255 1.
1821 2202 1911 2256 16.
1947 2200 2060 2272 17).

486 2291 649 2346 Vides
670 2292 810 2360 quod
860 2290 1039 2344 virtus
1056 2297 1210 2358 egeat
1248 2289 1533 2343 doctrina?
1577 2305 1699 2343 nam
1731 2290 1822 2345 ille
1848 2290 2064 2361 quidem

484 2381 648 2444 dicit,
683 2380 934 2433 Timorem
980 2378 1189 2433 Domini
1216 2377 1402 2432 docebo
1441 2394 1528 2433 vos
1567 2396 1585 2432 :
1622 2379 1709 2434 hic
1739 2394 1868 2435 vero
1890 2421 1907 2448 ,
1936 2379 2064 2434 Dis-

485 2471 582 2523 cite
607 2472 789 2523 bonum
816 2470 1007 2538 facere.

555 2559 779 2613 Lectoris
813 2560 1026 2629 ofﬁcium
1072 2559 1125 2613 in
1156 2557 1407 2613 Ecclesia.
1451 2589 1523 2600 —-
1550 2561 1778 2617 Scitisnc
1808 2563 1900 2618 ubi
1935 2562 2053 2619 [nec

486 2652 587 2704 sita
634 2652 735 2705 sint
761 2652 783 2703 ?
814 2652 924 2719 ligo
956 2650 1170 2720 quidem
1214 2665 1319 2703 ilOll
1350 2651 1542 2719 opinor
1563 2693 1576 2717 ,
1609 2662 1803 2722 pra'ter
1841 2669 2060 2724 paucos.

486 2740 643 2810 Atqui
674 2739 900 2809 singulis
928 2738 1278 2794 hebdomadis
1306 2739 1421 2795 hazc
1464 2742 1613 2797 vobis
1658 2742 1741 2799 bis
1769 2746 1851 2800 vel
1882 2754 1963 2801 ter
1985 2746 2063 2801 le-

2151 490 2388 550 guntur;
2418 486 2473 532 et
2499 490 2620 530 cum
2649 475 2816 529 lector
2842 469 3147 526 ascenderit
3171 511 3183 533 ,
3222 467 3352 523 dicit
3379 468 3607 539 primum
3640 484 3735 524 αν

2151 572 2236 639 jus
2282 569 2352 623 sit
2393 568 2549 632 liber,
2592 580 2783 634 nempe
2834 564 2991 632 hujus
3036 560 3117 615 vel
3147 561 3293 614 illius
3323 559 3596 629 proinheta:
3644 572 3737 616 aut

2153 660 2432 731 apostoli,
2479 667 2571 711 aut
2614 655 2990 724 evangelista};
3051 661 3176 706 tunc
3217 652 3306 705 illa
3347 651 3515 718 dicit,
3561 662 3618 707 ut
3672 662 3738 710 ea

2153 753 2322 823 magis
2367 750 2589 819 signetis
2615 758 2669 802 et
2699 745 3022 808 observetis,
3068 752 3124 797 et
3170 757 3277 796 non
3328 742 3504 796 solum
3552 745 3743 798 sciatis

2166 859 2272 914 )uae
2299 842 2408 897 illic
2433 841 2535 895 sita
2564 847 2710 905 sunt,
2741 835 2836 891 sed
2865 843 2919 889 et
2941 849 3157 889 causam
3182 847 3366 887 eorum
3389 849 3509 902 qua:
3537 835 3737 903 scripta

2154 946 2298 999 sunt,
2331 944 2385 989 et
2410 934 2653 1004 quisnam
2683 945 2745 984 ea
2769 928 2984 983 dixerit.
3018 924 3129 981 Sed
3153 925 3330 978 omnia
3354 923 3551 978 frustra
3577 923 3735 993 ﬁunt,

2155 1029 2333 1081 omnia
2351 1034 2552 1079 temere
2583 1037 2598 1075 :
2628 1036 2749 1075 nam
2783 1026 2948 1072 totum
2971 1026 3209 1070 vestrum
3236 1015 3468 1070 studium
3490 1024 3574 1070 est
3596 1016 3738 1071 εσυ-

2155 1132 2274 1172 sum
2307 1116 2360 1169 in
2387 1128 2449 1168 ea
2476 1126 2595 1182 quae
2624 1109 2691 1164 ad
2720 1110 2854 1162 hanc
2881 1107 3041 1161 vitam
3064 1104 3353 1174 pertinent,
3377 1106 3731 1174 spiritualium

2161 1219 2290 1259 vero
2319 1205 2464 1257 nulla
2494 1203 2719 1257 habetur
2741 1202 2898 1256 ratio.
2933 1200 3222 1268 Propterea
3253 1212 3352 1250 nec
3378 1197 3466 1249 illa
3496 1194 3647 1247 vobis
3674 1206 3741 1247 ex

2156 1295 2422 1351 sententia
2448 1294 2735 1359 eveniunt;
2767 1292 2861 1348 sed
2897 1291 3008 1345 illic
3037 1305 3248 1360 quoque
3278 1289 3458 1342 multa:
3491 1296 3615 1340 sunt
3637 1284 3752 1339 dii-

2159 1386 2447 1442 ﬁcultates.
2476 1385 2607 1439 Nam
2630 1384 2877 1439 Christus
2898 1380 3109 1451 quidem
3137 1380 3268 1434 dicit
3295 1395 3309 1431 :
3335 1377 3500 1432 Petite
3526 1393 3749 1444 regnum

2159 1476 2255 1530 Dei
2280 1517 2294 1542 ,
2323 1485 2368 1531 et
2399 1477 2505 1530 haec
2535 1476 2706 1529 omnia
2734 1474 3042 1543 adjicientur
3070 1470 3205 1523 vobis
3230 1471 3251 1535 (
3274 1468 3459 1521 Matth.
3492 1467 3543 1521 6.
3573 1467 3644 1521 5'5
3670 1465 3690 1534 )
3721 1481 3739 1520 :

2160 1577 2214 1622 et
2239 1567 2354 1622 lucc
2373 1566 2584 1636 quidem
2612 1565 2743 1619 dicit
2763 1562 2933 1617 danda
2960 1576 3054 1631 pro
3075 1561 3418 1621 accessione;
3443 1571 3541 1611 nos
3561 1566 3741 1610 autem

2161 1657 2405 1712 ordinem
2441 1655 2794 1718 invertimus,
2842 1661 2898 1708 et
2945 1660 3142 1705 terram
3190 1649 3478 1719 quaerimus
3507 1657 3562 1701 et
3600 1646 3739 1700 bona

2164 1757 2321 1802 teme
2365 1755 2634 1815 tamquam
2661 1744 2749 1798 illa
2777 1744 2883 1796 sint
2908 1740 3080 1796 danda
3112 1755 3207 1809 pro
3223 1737 3552 1792 accessione.
3604 1736 3745 1790 Pro-

2163 1850 2346 1910 pterea
2365 1853 2539 1907 neque
2562 1837 2676 1891 haec
2704 1836 2982 1899 habemus,
3008 1847 3181 1902 neque
3206 1831 3316 1885 illa.
3339 1828 3578 1884 Tandem
3610 1842 3746 1897 ergo

2163 1930 2561 1997 resipiscamus,
2614 1936 2668 1982 et
2714 1926 2891 1980 futura
2925 1923 3365 1990 concupiscamus
3415 1937 3429 1973 :
3468 1920 3546 1973 sic
3593 1918 3740 1972 enim

2156 2016 2269 2070 inec
2292 2030 2505 2086 quoque
2527 2020 2833 2083 sequentur.
2858 2010 3002 2065 Fieri
3026 2009 3170 2062 enim
3195 2021 3301 2060 non
3335 2014 3532 2075 potest,
3562 2010 3621 2056 ut
3645 2004 3738 2072 qui

2157 2122 2225 2163 ea
2251 2106 2438 2177 quaerit
2462 2120 2578 2175 qua:
2618 2105 2727 2159 Deo
2755 2108 3090 2172 congruunt,
3117 2099 3347 2151 humana
3377 2109 3591 2164 quoque
3630 2109 3747 2147 non

2158 2204 2511 2267 assequatur:
2546 2195 2662 2248 haec
2698 2201 2781 2248 est
2824 2189 3086 2246 sententia
3140 2187 3306 2257 ipsius
3333 2184 3590 2239 Veritatis
3637 2181 3747 2239 hoc

2159 2287 2406 2343 dicentis.
2443 2285 2522 2340 Ne
2567 2298 2694 2355 ergo
2721 2283 2878 2337 aliter
2904 2279 3196 2344 faciamus,
3245 2275 3340 2330 sed
3382 2273 3578 2328 Christi
3605 2287 3747 2329 con-

2159 2378 2337 2432 silium
2370 2385 2682 2439 teneamus,
2712 2387 2782 2427 ne
2811 2372 2877 2426 ab
2919 2368 3170 2425 omnibus
3211 2365 3542 2422 excidamus.
3596 2364 3746 2418 Deus

2160 2478 2336 2522 autem
2370 2474 2453 2520 est
2490 2473 2680 2533 potens
2720 2477 2820 2517 nos
2848 2472 3239 2529 compungere,
3272 2464 3327 2510 et
3365 2454 3622 2510 meliores
3670 2453 3751 2508 fa‘

2171 2573 2313 2624 cere,
2349 2557 2399 2610 in
2432 2554 2645 2610 Christo
2672 2552 2798 2609 Jesu
2831 2551 3057 2606 Domino
3078 2557 3282 2613 nostro,
3311 2560 3435 2600 cum
3463 2560 3570 2615 quo
3598 2545 3751 2599 Patri

2165 2665 2266 2705 una
2285 2665 2402 2704 cum
2421 2656 2605 2701 sancto
2621 2645 2820 2715 Spiritu
2835 2643 3022 2713 gloria,
3043 2638 3344 2710 imperium,
3363 2636 3537 2690 honor
3556 2645 3612 2690 et
3629 2636 3754 2689 ad‘o-

2166 2740 2318 2806 ratio,
2340 2752 2479 2793 nunc
2500 2746 2553 2792 et
2569 2742 2871 2805 semper,et
2899 2734 2950 2787 in
2968 2731 3159 2786 saecula
3183 2729 3522 2784 sceeulorum.
3552 2728 3752 2782 Amen.

1829 2961 2174 3024 HOMILI—A
2214 2962 2341 3026 ΙΧ..

501 3109 637 3168 CAP.
683 3114 736 3169 6.
774 3130 824 3168 v.
875 3115 927 3168 1.
975 3113 1293 3184 QuaprOpter
1330 3113 1710 3167 intermittentes
1745 3110 2063 3165 inchoationi:

2160 3134 2191 3174 a.
2210 3118 2366 3174 nobis
2391 3116 2682 3174 haberetur
2710 3117 2848 3172 ratio
2874 3156 2889 3181 ,
2919 3122 3192 3185 oporteret
3212 3126 3429 3182 semper
3455 3110 3738 3166 transilire

576 3202 763 3257 Christi
804 3220 1100 3266 sermonem,
1153 3203 1221 3257 ad
1267 3203 1623 3274 perfectionem
1672 3206 1895 3272 feramur
1918 3243 1933 3268 ,
1978 3217 2063 3254 nor

2160 3217 2208 3265 et
2261 3207 2794 3272 transire,vestrum
2844 3205 3043 3260 nullam
3098 3213 3346 3273 gerentes
3388 3215 3591 3265 curam,
3642 3200 3745 3255 sed

569 3309 770 3346 rursum
778 3294 1022 3362 jacientes
1038 3292 1423 3364 fundamentum
1445 3290 2078 3361 ptenitentiatubOperibus
2152 3301 2299 3356 solos
2337 3308 2546 3355 vestros
2587 3299 2805 3368 plausus
2850 3304 3103 3366 appetere

572 3385 804 3447 mortuis,
829 3394 874 3438 et
891 3383 1011 3452 ﬁdei
1029 3383 1096 3435 ad
1124 3382 1309 3448 Deum,
1339 3382 1394 3435 2.
1428 3383 1783 3452 baptismatum
1812 3381 2075 3447 doctrinae,

570 3475 908 3544 impositionis
931 3491 1127 3544 quoque
1155 3490 1419 3540 manuum,
1447 3490 1507 3527 ac
1534 3474 1912 3528 resurrectionis
1935 3488 2070 3527 mor.

570 3574 770 3620 tuorum
797 3607 813 3633 ,
845 3574 891 3620 et
909 3565 1097 3637 judicii
1139 3564 1334 3618 (sterni.
1373 3565 1428 3619 5.
1467 3561 1537 3617 Et
1568 3563 1675 3617 lucc
1719 3563 1962 3635 faciemus
1985 3603 2001 3628 ,
2029 3562 2075 3617 si

563 3656 762 3725 quidem
790 3655 1076 3726 permiserit
1100 3653 1257 3710 Deus.

576 3747 630 3802 1.
660 3746 953 3801 Audivistis
979 3756 1231 3814 quantum
1262 3745 1669 3816 reprehenderit
1693 3745 1947 3802 Hebrzeos
1971 3760 2066 3800 vo-

503 3838 677 3893 lentes
714 3852 926 3908 semper
965 3837 1033 3892 de
1082 3837 1271 3892 iisdem
1313 3837 1565 3893 discere?
1593 3847 1648 3892 et
1693 3838 1905 3893 merito.
1935 3836 2070 3893 Nam

497 3942 625 3984 cum
654 3926 922 3982 deberetis
951 3940 1070 3982 esse
1097 3928 1335 3996 magistri
1373 3937 1593 3997 propter
1617 3938 1854 3998 tempus,
1881 3942 2073 3983 rursus

491 4032 627 4086 Opus
668 4017 880 4072 habetis
925 4025 984 4071 ut
1027 4032 1122 4071 vos
1163 4017 1483 4084 doceamini,
1526 4034 1768 4087 quaenam
1811 4020 1917 4075 sint
1961 4020 2078 4075 ele-

498 4115 679 4160 menta
710 4105 844 4158 initii
875 4104 1208 4174 eloquiorum
1240 4104 1353 4158 Dei.
1393 4104 1598 4160 Vereor
1623 4122 1689 4160 ne
1715 4106 1831 4162 lucc
1859 4120 2071 4178 quoque

490 4194 646 4248 vobis
683 4193 864 4249 dicere
906 4193 977 4248 sit
1022 4194 1394 4264 tempestivum
1420 4236 1434 4259 ,
1480 4195 1622 4264 quod
1651 4211 1771 4250 cum
1800 4196 2065 4254 deberetis

489 4299 615 4339 esse
643 4285 882 4353 magistri
910 4293 1130 4352 pr0pter
1161 4293 1367 4353 tempus
1395 4325 1410 4352 ,
1445 4301 1510 4338 ue
1534 4284 1917 4357 discipulorum
1943 4291 2063 4359 qui-

488 4374 612 4429 dem
645 4373 825 4431 locum
848 4374 1112 4437 teneatis;
1141 4373 1237 4429 sed
1262 4389 1473 4445 semper
1492 4375 1678 4431 eadem
1705 4384 1759 4432 et
1785 4377 1853 4432 de
1882 4377 2069 4433 iisdem

488 4462 800 4529 audientes,
830 4472 1097 4532 tamquam
1129 4463 1261 4517 nihil
1287 4464 1568 4520 audientes
1597 4466 1666 4521 ita
1696 4465 1871 4521 alfecti
1900 4468 2019 4521 sitis
2046 4486 2060 4521 :

486 4565 544 4614 et
578 4558 624 4612 si
668 4556 789 4627 quis
826 4571 923 4611 vos
968 4556 1280 4626 interroget,
1333 4571 1491 4611 nemo
1531 4558 1700 4626 possit
1742 4558 2069 4628 respondere

489 4654 686 4715 prmter
711 4643 1003 4700 admodum
1045 4659 1244 4714 paucos
1264 4686 1278 4711 ,
1311 4659 1511 4715 eosque
1555 4657 1832 4701 numerata
1861 4647 2065 4705 faciles.

490 4735 601 4790 lloc
627 4743 803 4791 autem
848 4749 957 4790 non
1005 4744 1087 4789 est
1135 4750 1354 4803 parvum
1399 4735 1676 4790 damnum.
1725 4735 1879 4806 Smpe
1922 4740 2062 4793 enim

489 4823 762 4881 doctorem
807 4827 1075 4881 volentem
1119 4825 1341 4880 ulterius
1388 4828 1656 4898 progredi,
1700 4839 1753 4884 et
1795 4846 1914 4901 qua:
1951 4842 2075 4888 sunt

493 4916 662 4987 magis
690 4918 912 4988 mystica
944 4926 998 4972 et
1042 4917 1234 4970 altiora
1267 4925 1485 4989 tangere
1510 4960 1527 4986 ,
1567 4936 1673 4975 non
1717 4921 1847 4976 sinit
1887 4939 2071 4979 eorum

490 5010 579 5079 qui
608 5008 824 5064 discunt
850 5010 1057 5081 ignavia
1085 5018 1138 5063 et
1175 5010 1512 5079 negligentia.
1547 5011 1677 5066 Nam
1705 5015 1845 5069 sicut
1880 5016 1932 5070 in
1971 5031 2074 5070 ma-

486 5102 669 5170 gistris
696 5101 805 5157 ludi
838 5101 1085 5168 literarii,
1108 5101 1153 5155 si
1181 5102 1444 5157 elementa
1463 5119 1679 5173 semper
1705 5106 1888 5161 audiat
1917 5123 2068 5176 puer,

488 5203 544 5247 et
584 5209 647 5249 ea
675 5209 782 5250 non
828 5202 1048 5260 teneat,
1082 5208 1310 5249 necesse
1337 5195 1441 5249 erit
1478 5196 1655 5251 eidem
1685 5212 1853 5265 puero
1882 5198 2069 5253 eadem

486 5297 701 5353 semper
726 5284 979 5340 insonare
1019 5295 1075 5340 et
1103 5293 1349 5353 repetere
1376 5301 1391 5350 ;
1420 5300 1518 5340 nec
1548 5286 1697 5355 prius
1718 5287 1941 5343 desistet
1972 5290 2068 5341 do-

484 5390 633 5442 cere,
688 5390 847 5445 quam
904 5376 990 5431 illa
1040 5385 1291 5431 accurate
1335 5377 1570 5447 potuerit
1617 5377 1873 5433 discere:
1930 5391 2068 5434 esset

484 5467 628 5523 enim
658 5468 839 5521 multa:
868 5467 1137 5531 amentire,
1172 5468 1441 5536 prioribus
1475 5483 1580 5522 non
1608 5481 1754 5524 recte
1781 5470 1964 5525 inditis
1996 5471 2061 5523 ad

484 5557 584 5615 alia
613 5573 740 5614 eum
772 5558 970 5615 ducere
1003 5577 1015 5613 :
1045 5560 1123 5614 sic
1162 5560 1322 5614 etiam
1363 5562 1417 5615 in
1445 5561 1697 5628 ecclesia,
1727 5563 1770 5615 si
1807 5563 1960 5617 nobis
1982 5578 2068 5618 ea-

484 5646 605 5698 dem
633 5646 932 5703 dicentibus
979 5648 1109 5704 nihil
1152 5650 1383 5720 amplius
1421 5650 1673 5718 discatis,
1700 5667 1805 5706 non
1833 5653 2067 5707 rcssdi-

486 5752 601 5796 tuus
619 5737 802 5795 eadem
819 5738 1017 5797 dicere.
1043 5741 1099 5797 Si
1122 5743 1494 5801 ostentationis
1515 5743 1729 5813 quidem
1751 5752 1805 5800 et
1831 5744 2051 5800 honoris

3150 3311 3165 3350 :
3207 3293 3300 3348 sed
3345 3292 3596 3363 quoniam
3630 3306 3751 3345 non

2156 3392 2208 3445 in
2242 3392 2342 3444 hoc
2365 3389 2600 3443 studium
2630 3387 2934 3457 posuimus,
2967 3385 3061 3440 sed
3097 3398 3195 3439 nos
3237 3398 3336 3452 pro
3380 3392 3557 3436 vestra
3589 3381 3743 3435 utili-

2158 3489 2262 3534 tate
2288 3494 2498 3533 omnem
2528 3478 2765 3533 laborem
2794 3474 3140 3543 suscipimus,
3171 3489 3277 3528 non
3306 3471 3642 3527 cessabimus
3673 3469 3754 3524 do

2155 3569 2341 3622 iisdem
2371 3568 2523 3622 vobis
2538 3567 2727 3621 dicere
2749 3606 2764 3631 ,
2795 3565 2968 3619 donec
3006 3578 3069 3619 ea
3105 3571 3251 3619 recte
3275 3561 3572 3633 gesseritis.
3607 3560 3745 3614 Nam

2156 3660 2316 3713 multa
2348 3658 2528 3712 dicere
2558 3666 2875 3726 poteramus
2888 3665 2941 3710 et
2961 3655 3029 3709 de
3056 3653 3296 3723 gentium
3328 3650 3745 3719 superstitione,

2156 3759 2210 3804 et
2238 3748 2305 3803 de
2330 3746 2635 3802 Mauichaeis
2661 3756 2716 3802 et
2742 3744 3100 3800 Marcionisus
3127 3784 3142 3810 ,
3176 3751 3230 3797 et
3257 3757 3355 3812 per
3385 3741 3481 3796 Dei
3507 3741 3739 3811 gratiam

2167 3836 2366 3891 validas
2396 3836 2474 3891 eis
2500 3835 2682 3905 plagas
2709 3836 2951 3903 infligere
2976 3876 2991 3899 ,
3021 3835 3114 3890 sed
3146 3851 3252 3889 non
3283 3845 3529 3892 estnunc
3567 3836 3640 3893 de
3666 3840 3751 3896 eis

2167 3925 2375 3983 dicendi
2407 3935 2638 3996 tempus.
2666 3924 2795 3981 Nam
2828 3927 2892 3979 iis
2915 3926 3006 3996 qui
3034 3942 3126 3980 sua
3159 3914 3396 3981 nondum
3422 3938 3611 3984 exacte
3641 3945 3749 3983 no-

2168 4029 2310 4085 runt,
2339 4029 2391 4074 et
2410 4019 2499 4089 qui
2530 4019 2764 4073 nondum
2794 4018 3097 4073 didicerunt
3123 4016 3274 4088 quod
3296 4019 3497 4073 malum
3530 4021 3599 4073 sit
3621 4020 3750 4090 plus

2166 4124 2324 4179 quam
2354 4124 2447 4178 par
2472 4118 2549 4163 est
2577 4108 2795 4174 habere,
2831 4108 2950 4178 quis
2979 4108 3105 4162 talia
3133 4107 3293 4162 verba
3326 4108 3525 4163 dixerit
3549 4150 3566 4174 ,
3593 4118 3649 4164 et
3677 4109 3755 4164 ad

2166 4202 2266 4254 alia
2318 4201 2528 4254 duxerit
2580 4209 2703 4255 ante
2746 4201 2994 4267 tempus?
3036 4202 3210 4269 Atque
3251 4215 3349 4254 nos
3377 4200 3592 4270 quidem
3633 4216 3747 4254 non

2166 4289 2492 4344 cessabimus
2518 4289 2703 4344 eadem
2734 4290 2936 4354 dicere,
2973 4290 3086 4344 sive
3110 4288 3264 4344 vobis
3291 4290 3749 4359 persuaserimus,

2165 4380 2279 4434 sive
2323 4395 2426 4433 non
2471 4397 2484 4434 :
2533 4394 2782 4434 veremur
2823 4387 2999 4433 autem
3051 4393 3119 4433 ne
3170 4379 3356 4434 eadem
3403 4380 3752 4435 continenter

2167 4470 2417 4535 dicendo,
2444 4471 2489 4524 si
2513 4484 2618 4524 non
2641 4468 2892 4533 audiatis,
2914 4469 2979 4523 iis
3002 4468 3090 4538 qui
3120 4467 3313 4523 frustra
3345 4468 3588 4533 audiunt,
3621 4485 3744 4523 ma.-

2161 4559 2332 4628 jorem
2370 4560 2660 4615 efﬁciamus
2689 4560 3208 4616 condemnationem.
3255 4559 3368 4613 Non
3410 4571 3533 4613 sunt
3563 4570 3749 4615 autem

2168 4650 2280 4705 lucc
2304 4668 2331 4704 a
2361 4666 2444 4706 me
2468 4652 2716 4706 omnibus
2742 4651 2966 4707 dicenda
2992 4668 3004 4702 :
3033 4650 3146 4705 scio
3175 4651 3317 4704 enim
3348 4652 3541 4705 multos
3566 4653 3749 4720 juvari

2166 4757 2193 4795 a
2225 4756 2321 4795 suo
2349 4743 2399 4795 in
2420 4741 2562 4796 hunc
2587 4742 2762 4796 locum
2791 4741 3059 4811 ingressu,
3089 4741 3178 4811 qui
3199 4741 3320 4809 jure
3341 4739 3598 4795 adversus
3620 4742 3750 4795 illus

2166 4831 2576 4887 exclamaverint
2601 4873 2616 4897 ,
2650 4841 2704 4885 ut
2735 4832 2821 4900 qui
2848 4846 2944 4901 per
2974 4845 3125 4884 suam
3170 4829 3409 4885 discendi
3451 4829 3743 4899 segnitiem

2164 4932 2216 4976 et
2247 4923 2620 4992 negligentiam
2652 4922 2751 4977 sibi
2775 4920 3117 4975 insidiantur.
3155 4919 3260 4975 Sed
3294 4934 3361 4975 ne
3402 4920 3481 4973 sic
3519 4919 3748 4987 quidem

2165 5026 2257 5065 eos
2286 5013 2588 5081 oppriment
2609 5011 2813 5066 insidia:
2845 5027 2858 5065 :
2904 5011 3116 5065 assidue
3147 5010 3285 5065 enim
3328 5009 3515 5063 eadem
3544 5010 3742 5063 audire

2165 5107 2228 5163 iis
2276 5108 2434 5162 etiam
2467 5108 2555 5176 qui
2606 5106 2800 5171 sciunt,
2851 5115 2932 5160 est
2983 5105 3110 5159 utile
3142 5121 3156 5157 ε
3188 5119 3309 5158 nam
3355 5118 3474 5157 cum
3517 5101 3566 5156 id
3597 5103 3747 5171 quod

2161 5199 2358 5253 scimus
2382 5214 2525 5267 saepe
2552 5198 2878 5253 audierimus
2904 5238 2917 5261 ,
2946 5197 3115 5266 magis
3143 5194 3574 5264 compungimur.
3616 5195 3743 5248 Sci-

2162 5306 2300 5355 mus,
2329 5291 2477 5344 verbi
2517 5290 2687 5359 gratia
2712 5330 2727 5355 ,
2760 5289 2901 5358 quod
2930 5302 3016 5341 res
3042 5288 3178 5341 bona
3224 5286 3293 5340 sit
3338 5283 3612 5338 humilitas
3639 5324 3653 5346 ,
3688 5293 3749 5336 et

2159 5381 2299 5451 quod
2324 5381 2569 5435 Christus
2610 5395 2754 5449 saepe
2781 5380 2847 5435 de
2877 5394 2937 5434 ca
2966 5378 3036 5433 sit
3065 5378 3350 5447 loquutus;
3395 5374 3490 5430 sed
3516 5375 3750 5444 quando

2158 5483 2215 5528 et
2242 5473 2352 5542 ipsa
2376 5473 2538 5528 verba
2566 5472 2915 5537 audierimus,
2944 5479 2999 5526 et
3021 5485 3140 5539 qua:
3164 5468 3233 5524 de
3260 5468 3324 5522 iis
3344 5475 3470 5522 sunt
3494 5477 3750 5521 contem-

2159 5562 2442 5632 plationes,
2468 5561 2638 5631 magis
2664 5561 2946 5626 afﬁcimur,
2987 5557 3197 5614 etiamsi
3244 5557 3443 5613 millies
3470 5556 3748 5610 audiveri-

2159 5668 2298 5709 mus.
2322 5653 2681 5722 Quamobrem
2700 5664 2782 5708 est
2802 5661 3158 5721 opportunum
3178 5659 3232 5701 ut
3248 5662 3345 5703 nos
3363 5663 3575 5717 quoque
3592 5664 3747 5702 nth

2161 5748 2312 5805 vobis
2379 5745 2663 5802 dicamus:
2728 5744 3046 5813 Quapropter
3088 5743 3468 5797 intermittentes
3518 5742 3746 5794 inc/toa-
