3956 6138
382 279 456 339 π
1115 279 1174 333 S.
1213 276 1502 332 JOANNIS
1538 272 2031 332 CHRYSOSTOMI
2066 275 2390 332 ARCIUEP.
2432 274 2985 331 CONSTANTINOP.
3582 280 3652 337 τε

383 395 677 469 ἡμέτερον,
709 396 742 466 ἦ
778 396 841 448 τὸ
872 395 1207 465 μετανοῆσαι
1254 393 1364 446 ἀπὸ
1390 392 1605 465 νεκρῶν
1634 392 1832 465 ἔργων,
1870 392 1969 445 κα.)⁹

382 484 474 538 διά
503 483 600 539 τοῦ
633 483 953 553 Πνεύματος
994 480 1177 537 λαϐεῖν
1202 479 1302 549 τὴν
1331 479 1514 534 πίστιν
1548 482 1630 544 εἰς
1660 480 1966 534 ἀνάστασιν

382 571 617 642 νεκρῶν,
656 572 750 624 καὶ
787 569 1056 640 κρίματος
1104 567 1331 621 αἰωνίου
1358 585 1374 633 ;
1403 568 1467 622 Τί
1497 568 1556 623 δέ
1592 568 1747 623 ἐστιν
1787 569 1962 639 ἀρχῆς

382 659 553 714 Ούδὶν
611 658 759 725 ἄλλο,
789 660 822 727 ἢ
853 657 1013 711 τοῦτο
1068 658 1249 729 ἀρχήν
1305 675 1495 727 φησιν.
1543 659 1677 712 ὅταν
1725 656 1800 728 μὴ
1850 656 1966 727 βίος

380 747 617 818 ἀκριϐὴς
649 747 825 815 παρῇ.
858 744 1129 815 Καθάπερ
1157 745 1268 817 7&9
1323 745 1414 799 τὸν
1442 747 1524 809 είς
1573 746 1675 815 τὴν
1726 744 1965 814 μάθησιν

379 836 490 890 τῶν
519 833 865 905 γραμμάτων
890 832 1303 903 εἰσερχόμενον,
1334 833 1402 887 τὰ
1427 835 1669 904 στοιχεῖα
1696 832 1780 886 δεῖ
1809 831 1962 902 πρῶ-

378 940 471 977 τον
507 922 743 977 ἀκοῦσαι
763 938 778 952 ·
804 921 949 975 οὕτω
973 922 1071 975 καὶ
1100 920 1193 974 τὸν
1225 921 1557 992 Χριστιανὸν
1591 920 1768 975 ταῦτα
1824 920 1962 973 ειδέ-

377 1027 464 1065 ναι
491 1008 736 1081 ἀκριϐῶς
790 1008 1010 1080 πρῶτον
1062 1008 1191 1079 χρὴ,
1227 1009 1321 1062 καὶ
1371 1009 1539 1080 μηδὲν
1585 1009 1952 1079 ἀμφιϐάλλειν

376 1098 507 1169 περὶ
534 1096 734 1152 αὐτῶν.
767 1098 829 1150 Εἰ
851 1097 906 1151 δὲ
934 1095 1108 1149 δέοιτο
1156 1095 1321 1149 πάλιν
1360 1095 1733 1161 διδασκαλίας,
1793 1095 1948 1150 οὔπω

373 1185 468 1238 τὸν
493 1184 746 1255 θεμέλιον
776 1183 890 1255 ἔχει
911 1200 925 1215 ·
962 1184 1053 1237 τὸν
1072 1183 1180 1255 γὰρ
1201 1183 1419 1255 ἑδραῖον
1446 1185 1756 1253 πεπηγέναι
1783 1201 1958 1255 προσ-

374 1271 476 1342 ῆκε
508 1273 604 1326 καὶ
628 1272 875 1338 ἑστάναι,
899 1272 987 1327 καὶ
1015 1272 1089 1342 μὴ
1119 1272 1553 1342 μετακινεῖσθαι.
1581 1273 1644 1326 Et
1666 1272 1721 1326 δὲ
1759 1272 1944 1342 μέλλοι

376 1377 462 1424 τις
490 1359 825 1430 κατηχηθεὶς
845 1400 861 1425 ,
893 1360 989 1412 καὶ
1017 1359 1339 1430 βαπτισθεὶς
1366 1360 1506 1430 μετὰ
1537 1358 1631 1429 ἐτη
1658 1359 1792 1414 δέκα
1826 1360 1957 1431 περὶ

378 1448 629 1511 πίστεως
659 1446 824 1502 πάλιν
886 1447 1128 1508 ἀκούειν.
1159 1449 1255 1503 καὶ
1283 1448 1365 1501 ὅτι
1401 1446 1691 1501 πιστεῦσαι
1744 1448 1850 1519 χρὴ
1877 1450 1955 1512 εἰς

377 1534 496 1608 [94]
520 1534 817 1589 ἀνάστασιν
834 1535 1065 1605 νεκρῶν·
1086 1533 1241 1590 οὔπω
1264 1534 1618 1605 τὸνθεμέλιον
1632 1535 1768 1607 ἔχει,
1794 1534 1955 1590 πάλιν

382 1621 483 1693 τὴν
502 1620 681 1695 ἀρχὴν
710 1622 804 1675 τοῦ
836 1622 1263 1693 Χριστιανισμοῦ
1286 1623 1458 1692 ζητεῖ.
1494 1624 1616 1677 Ὅτι
1661 1624 1768 1695 7&9
1795 1623 1829 1694 ἠ
1864 1624 1955 1676 πί-

376 1726 495 1773 στις
519 1707 794 1780 θεμέλιον,
826 1709 887 1762 τὸ
909 1709 968 1763 δὲ
1001 1710 1187 1764 λοιπὸν
1218 1708 1503 1781 οἰκοδομὴ,
1565 1710 1730 1763 ἄκουε
1782 1709 1951 1763 αὐτοῦ

370 1798 620 1865 λέγοντος
637 1816 651 1830 ·
692 1797 839 1866 Ἐγὼ
900 1800 1175 1867 θεμέλιον
1196 1798 1452 1861 τέθεικα,
1473 1798 1666 1862 ἄλλος
1693 1798 1762 1851 δὲ
1789 1799 1950 1853 ἐποι-

369 1885 626 1954 κοδομεῖ.
656 1884 731 1941 ΕΖ
756 1902 848 1950 τις
861 1885 1245 1955 ἐποικοδομεῖ
1259 1884 1358 1939 ἐπὶ
1376 1884 1482 1940 τὸν
1500 1885 1779 1954 θεμέλιον
1810 1885 1950 1941 τοῦ·

366 1986 494 2038 τιον,
531 1970 791 2041 χρυσόν,
840 1971 1129 2042 ἄργυρον,
1190 1972 1404 2039 λίθους
1452 1974 1706 2041 τιμίους,
1768 1972 1949 2041 ξύλα,

367 2060 607 2128 χόρτον,
656 2058 961 2129 καλάμην.
1011 2059 1111 2114 Διά
1144 2060 1303 2113 τοῦτο
1354 2060 1551 2128 ἔλεγε·
1607 2058 1706 2129 Μὴ
1755 2059 1943 2114 πάλιν

373 2144 654 2215 θεμέλιον
673 2147 1190 2217 καταϐαλλόμενοι
1214 2148 1534 2216 μετανοίας
1573 2147 1691 2202 ἀπὸ
1721 2145 1952 2217 νεκρῶν

374 2232 591 2302 ἕρπων.

437 2411 505 2482 β’.
532 2412 598 2465 Τί
628 2411 684 2465 δέ
706 2413 876 2477 ἐστιν,
916 2411 1042 2465 Ἐπὶ
1083 2413 1197 2478 τὴν
1224 2414 1569 2480 τελειότητα
1603 2412 1945 2482 φερώμεθας

364 2499 511 2571 Πρὸς
543 2498 714 2568 αὐτὴν
762 2497 1031 2568 χωρῶμεν
1080 2496 1294 2564 λοιπὸν,
1349 2499 1505 2569 φησὶ,
1542 2498 1641 2569 τὴν
1692 2500 1939 2570 ὀροφήν·

362 2585 635 2647 τουτέστι,
680 2583 796 2655 βίον
818 2585 1038 2655 ἄριστον
1066 2586 1307 2656 ἔχωμεν.
1339 2585 1554 2656 Ὠσπερ
1585 2586 1697 2657 7&9
1719 2588 1811 2641 ἐπὶ
1840 2587 1950 2642 τῶν

366 2674 652 2745 στοιχείων
687 2674 746 2726 τὸ
782 2675 890 2727 πᾶν
918 2673 1066 2741 ἄλφα
1097 2672 1339 2742 συνέχει,
1370 2675 1462 2728 καὶ
1482 2675 1511 2727 ὁ
1540 2674 1794 2745 θεμέλιος
1847 2677 1948 2749 τὴν

362 2763 549 2829 πᾶσαν.
568 2760 855 2831 οἰκοδομήν
879 2776 894 2793 ·
921 2759 1066 2815 οὕτω
1090 2759 1294 2815 καὶτοῦ
1317 2760 1439 2832 βίου
1462 2763 1563 2827 τὴν
1575 2762 1947 2835 καθαρότητα,

361 2851 397 2920 ἡ
433 2847 565 2919 περὶ
590 2844 688 2918 τὴν
722 2844 908 2901 πίστιν
932 2845 1304 2917 πληροφορία.
1363 2844 1581 2919 Ταύτης
1602 2848 1658 2902 δὲ
1686 2848 1815 2904 ἄνευ
1844 2850 1945 2904 οὐκ

361 2936 512 2989 εστιν
547 2932 688 2990 εἶναι
722 2932 1086 3005 Χριστιανόν·
1134 2932 1326 3005 ῶσπερ
1355 2934 1478 2987 οὐδὲ
1509 2933 1774 3005 θεμελίων
1816 2937 1945 2992 ἄνευ

359 3022 670 3092 οἰκοδομὴν,
706 3020 827 3073 οὐδὲ
857 3018 1143 3090 στοιχείων
1174 3020 1344 3091 χωρὶς
1388 3020 1653 3094 ἔμπειρον
1685 3025 1948 3095 γραμμά-

361 3126 474 3163 των
505 3105 669 3163 εῖναι.
712 3106 852 3160 Ἀλλ’
882 3106 1075 3177 ὥσπερ
1108 3109 1207 3165 ἐάν
1230 3124 1316 3171 τις
1341 3109 1428 3161 ἀεὶ
1452 3109 1583 3180 περὶ
1610 3110 1680 3164 τὰ
1704 3115 1945 3182 στοιχεῖα

360 3194 742 3265 καταγίνηται,
773 3193 805 3262 ἢ
830 3193 882 3247 εῖ
910 3211 995 3258 τις
1017 3195 1149 3265 περὶ
1207 3194 1299 3249 τδν
1336 3195 1585 3267 θεμέλιον
1619 3197 1939 3270 στρέφηται,

358 3284 455 3337 καὶ
475 3284 579 3337 οὐκ.
601 3282 697 3337 άνέ
708 3298 901 3352 ρχηται
917 3283 1010 3336 ἐπὶ
1035 3282 1133 3353 τὴν
1160 3283 1474 3354 οἰκοδομὴν,
1491 3284 1759 3355 1ούδέποτε
1790 3286 1944 3340 ἔσται

358 3370 508 3442 αὐτῷ
538 3388 590 3424 τι
643 3368 838 3423 πλέον·
875 3368 1017 3422 οὕτω
1072 3369 1167 3423 καὶ
1214 3370 1300 3440 ἐφ’
1327 3371 1497 3441 ἡμῶν
1520 3387 1536 3403 ·
1574 3371 1642 3426 ἂν
1690 3373 1800 3442 7&9
1854 3375 1942 3427 ἀεὶ

357 3459 457 3513 ἰπὶ
484 3458 585 3530 τὴν
634 3456 811 3528 ἀρχὴν
841 3467 869 3498 ι
896 3457 996 3527 τῆς
1032 3456 1277 3522 πίστεως
1334 3458 1590 3529 μένωμεν
1611 3499 1626 3523 ,
1681 3460 1942 3515 οὐδέποτε

356 3544 498 3615 πρὸς
525 3544 587 3597 τὸ
612 3543 817 3597 τέλειον
843 3542 1055 3614 ταύτης
1077 3544 1492 3615 άναϐησόμεθα.
1523 3546 1597 3599 Σὺ
1652 3545 1709 3600 δὲ
1737 3546 1813 3617 μὴ
1853 3563 1944 3600 νο-

360 3634 528 3703 μίσῃς
556 3630 907 3699 ὴλαττῶσθαι
936 3630 1035 3701 τὴν
1071 3631 1256 3686 πίστιν
1287 3632 1376 3685 διὰ
1420 3631 1484 3685 τδ
1510 3635 1772 3703 στοιχεῖον
1806 3634 1941 3704 κλη-

356 3720 521 3791 θῆναι
541 3732 555 3751 ·
592 3720 760 3790 ἡγὰρ
795 3719 947 3772 πᾶσα
975 3717 1211 3789 δύναμις
1238 3718 1378 3792 αὕτη
1421 3721 1589 3775 ἐστίν.
1628 3721 1800 3774 ὐταν
1832 3721 1942 3794 7&9

355 3807 490 3880 λέγῃ
514 3824 531 3840 ·
557 3806 684 3875 Πᾶς
699 3807 810 3877 τὰρ
824 3810 858 3861 ό
866 3806 1138 3877 μετέχων
1149 3807 1475 3875 γάλακτος,
1496 3807 1740 3878 ἄπειρος
1751 3810 1947 3881 λόγου

354 3893 766 3962 δικαιοσύνης·
783 3892 997 3959 νήπιος
1023 3894 1136 3963 γάρ
1152 3894 1349 3959 ἐστιν,
1369 3896 1429 3949 ού
1453 3895 1595 3961 γάλα
1611 3895 1817 3969 ταύτην
1832 3913 1936 3951 κα-

354 3980 466 4035 λεῖ·
511 3979 650 4034 ἀλλά
674 3980 735 4032 τὸ
763 3979 1138 4050 ἀμφιϐάλλειν
1187 3980 1272 4033 ἔτι
1331 3981 1462 4049 περὶ
1512 3982 1743 4049 τούτων,
1780 3982 1941 4037 τοῦτό

354 4070 505 4122 ἔστιν
538 4065 799 4129 ἀσθενοῦς
828 4066 1069 4128 διανοίας
1094 4066 1189 4118 καὶ
1207 4065 1383 4134 λόγων
1413 4067 1679 4138 δεομένης
1698 4070 1934 4125 πολλῶν.

353 4154 438 4208 Τὰ
467 4152 577 4223 7&9
602 4152 851 4221 δόγματα
870 4149 1047 4203 ταῦτά
1101 4152 1219 4203 ἔστι
1251 4151 1319 4203 τά
1379 4152 1508 4222 ὑγιῆ
1538 4168 1552 4182 ·
1584 4153 1795 4208 τέλειον
1822 4154 1934 4226 7&9

352 4242 562 4295 ἐκεῖνον
589 4238 863 4308 καλοῦμεν
898 4237 990 4290 τὸν
1020 4237 1165 4309 μετά
1183 4239 1283 4308 τῆς
1316 4238 1560 4305 πίστεως
1607 4240 1721 4311 βίον
1743 4241 1938 4314 ἔχοντα

352 4327 541 4399 ὀρθόν.
589 4325 716 4379 Ἐὰν
743 4324 797 4379 δέ
832 4342 916 4390 τις
937 4324 1123 4378 πίστιν
1191 4325 1289 4396 μὲν
1327 4325 1448 4400 ἔχῃ,
1501 4328 1720 4404 πράττῃ
1751 4329 1807 4384 δὲ
1840 4349 1937 4385 πο-

351 4413 515 4485 νηρὰ,
555 4413 650 4467 καὶ
708 4413 835 4484 περὶ
890 4411 1061 4482 αὐτῆς
1086 4412 1143 4466 δὲ
1166 4413 1371 4485 ταύτης
1430 4416 1775 4493 άμφιϐάλλη,
1840 4420 1935 4474 καὶ

351 4500 553 4572 ὑϐρίζῃ
608 4497 709 4568 τὴν
754 4498 1150 4557 διδασκαλίαν·
1189 4500 1417 4567 εἰκότως
1471 4504 1637 4557 αὑτὸν
1687 4509 1936 4577 φήσομεν

351 4589 572 4658 νήπιον,
594 4587 685 4639 ἐπὶ
707 4587 808 4656 τὴν
839 4585 1016 4658 ἀρχὴν
1050 4587 1459 4659 ἀναδραμόντα.
1496 4589 1662 4647 ’Ὥστε
1695 4594 1799 4648 κᾶν
1832 4612 1936 4665 μυ-

351 4676 444 4748 ρία
474 4675 571 4746 ἔτη
598 4676 657 4729 ὲν
687 4676 755 4745 τῇ
782 4673 961 4727 πίστει
989 4674 1231 4745 ἔχωμεν,
1268 4677 1361 4731 καὶ
1387 4676 1463 4747 μὴ
1519 4676 1729 4746 βέϐαιοι
1783 4674 1935 4751 ὦμεν

342 4763 408 4835 ἐν
432 4763 597 4834 αὐτῇ,
638 4761 821 4832 νήπιοί
847 4763 1040 4833 ἐσμεν,
1091 4763 1221 4816 ὅταν
1275 4762 1388 4833 βίον
1431 4763 1571 4835 αὐτῇ
1604 4766 1679 4835 μὴ
1703 4766 1937 4836 συμϐαί·

347 4844 509 4902 νοντα
530 4845 1022 4917 ὲπιδεικνυώμεθα,
1047 4850 1177 4901 ὃταν
1203 4848 1291 4903 έτι
1350 4848 1601 4920 θεμέλιον
1658 4852 1934 4908 καταϐαλ-

346 4933 590 5005 λὼμεθα.
618 4934 839 5001 Τούτοις
868 4934 928 4989 δὲ
961 4935 1106 5006 μετά
1137 4938 1232 4989 τοῦ
1274 4935 1390 5006 βίου
1412 4938 1510 4992 καὶ
1568 4938 1699 4995 ἀλλο
1753 4939 1932 5007 καλεῖ,

347 5022 424 5086 ὡς
457 5022 943 5093 παρασαλευθεῖσι,
979 5024 1073 5078 καὶ
1120 5024 1394 5095 δεομένοις
1447 5024 1704 5098 θεμέλιον
1757 5046 1933 5084 κατα·

348 5108 568 5166 ϐάλλειν
598 5109 891 5182 μετανοίας
917 5111 1029 5165 ἀπὸ
1052 5113 1263 5183 νεκρῶν
1290 5111 1497 5185 ἔργων.
1526 5114 1630 5168 Τὸν
1662 5116 1773 5187 7&9
1822 5117 1932 5171 ἀπό

344 5217 491 5266 τινος
518 5204 599 5265 είς
622 5201 811 5272 ῑτερον
849 5204 1303 5273 μετατιθέμενον,
1333 5204 1510 5259 καὶτὸ
1541 5208 1643 5277 μὶν
1675 5207 1928 5277 ἀφιέντα,

341 5286 505 5343 τοῦτο
529 5287 587 5341 δὲ
602 5289 948 5360 αἱρούμενον,
964 5291 1233 5361 πρότερον
1255 5290 1421 5345 αὑτοῦ
1437 5288 1552 5364 [95]
1578 5294 1929 5364 καταγνῶναι

341 5375 473 5449 χρὴ,
516 5376 614 5430 καὶ
654 5377 958 5448 ἀποστῆναι
972 5380 1038 5448 τῇ
1056 5376 1319 5444 διαθέσει,
1361 5380 1457 5432 καὶ
1495 5379 1618 5432 τότε
1643 5380 1821 5435 ἐλθεῖν
1840 5383 1928 5454 ἐφ’

342 5463 559 5537 ιτερον·
591 5464 641 5518 εί
666 5462 724 5518 δι
761 5463 858 5517 τοῦ
905 5465 1176 5537 προτέρου
1222 5466 1387 5522 πάλιν
1437 5466 1659 5539 ἔχεσθαι
1716 5471 1923 5542 μέλλοι,

405 5669 430 5694 ⁶
451 5668 591 5744 Iam
605 5671 814 5738 moly-Av
836 5674 985 5739 ἀρχήν
1012 5674 1244 5727 Dunaeus.

2071 392 2189 454 πῶς
2214 392 2307 447 τοῦ
2345 391 2599 464 δευτέρου
2649 391 2882 462 ἆψεται;
2911 382 3113 455 Τίοῦν,
3176 390 3330 460 φησὶ,
3374 390 3505 460 περὶ
3550 391 3654 445 τοῦ

2066 479 2230 550 νόμου
2257 497 2271 545 ;
2301 481 2672 551 Κατέγνωμεν
2687 477 2875 541 αὐτοῦ,
2907 478 3001 532 καὶ
3024 474 3190 530 πάλιν
3207 477 3293 529 ἐπ’
3315 476 3479 529 αὑτὸν
3504 477 3643 530 άνα-

2062 568 2350 639 τρέχομεν.
2385 567 2558 623 Τοῦτο
2596 568 2696 621 οὐκ
2724 566 2839 620 ἔστι
2893 564 3217 635 μετάθεσις·
3245 566 3339 618 καὶ
3395 564 3507 635 7&9
3553 567 3650 618 ὲν-

2060 657 2235 713 ταῦθα
2258 660 2454 730 ἔχομεν
2470 657 2869 728 νόμον.Νόμον
2896 651 3029 717 οὖν,
3055 653 3212 725 φησὶ,
3229 654 3653 723 καταργοῦμεν

2057 744 2157 801 διὰ
2171 746 2283 815 τῆς
2300 750 2585 811 aiat/suc;
2599 745 2694 812 Μὴ
2710 743 2963 814 γένοιτο,
2977 742 3139 797 ἀλλὰ
3163 743 3354 809 νόμον
3362 741 3645 811 ἱστῶμεν.

2073 833 2214 902 Ἐγὼ
2240 835 2299 888 δὲ
2332 836 2464 906 περὶ
2511 832 2769 904 πονηρῶν
2815 826 2970 884 εἷπον
3028 830 3398 900 πραγμάτων.
3436 831 3497 884 ’0
3531 829 3651 902 7&9

2061 922 2272 991 μέλλων
2304 923 2393 975 ἐπ’
2412 923 2444 964 δ
2464 923 2670 994 ἀρετὴν
2696 919 2968 991 μετιέναι,
3024 917 3291 990 πρότερον
3315 917 3416 986 τῆς
3443 919 3649 982 κακίας

2058 1012 2415 1079 καταγνῶναι
2448 1011 2680 1081 ὀφείλει,
2710 1010 2804 1063 καὶ
2838 1008 2964 1087 τότε
2998 1004 3167 1075 αὐτὴν
3223 1006 3502 1076 μετελθεῖν
3529 1024 3544 1038 ·
3574 1008 3645 1061 οὔ

2056 1097 2166 1169 γὰρ
2199 1099 2385 1170 ῖσχυεν
2410 1100 2444 1170 ή
2491 1100 2751 1169 μετάνοια
2780 1094 3060 1165 καθαροὺς
3086 1093 3284 1158 αὐτοὺς
3321 1094 3513 1161 δεῖξαι.
3540 1096 3645 1149 Διά

2054 1186 2213 1239 τοῦτο
2244 1186 2448 1249 εὐθέως
2471 1184 2854 1249 ἐϐαπτίζοντο,
2887 1182 2979 1249 ἵν’,
3013 1182 3149 1252 ὅπερ
3186 1180 3464 1246 ἀδυνάτως
3492 1179 3652 1254 εἶχον

2055 1272 2395 1343 ἐργάσασθαι
2417 1273 2483 1325 δι’
2515 1272 2724 1325 ἑαυτῶν
2743 1310 2758 1335 ,
2791 1271 2950 1325 τοῦτο
2977 1270 3065 1324 διά
3091 1270 3194 1340 τῆς
3246 1268 3342 1323 τοῦ
3395 1270 3647 1341 Χριστοῦ.

2052 1359 2275 1430 γένηται
2305 1360 2548 1430 χάριτος.
2580 1357 2720 1412 Οὕτε
2748 1354 2841 1412 οὗν
2882 1359 3151 1428 μετάνοια
3183 1358 3347 1427 ἀρκεῖ
3373 1357 3510 1427 πρὸς
3542 1356 3647 1410 τδνι

2053 1446 2420 1518 καθαρισμὸν,
2450 1445 2588 1500 ἀλλά
2604 1446 2687 1499 δεῖ
2714 1446 2776 1497 τὸ
2805 1444 3096 1516 βάπτισμα
3121 1444 3481 1516 παραλαϐεῖν.
3512 1445 3649 1498 Ἐπὶ,

2051 1532 2183 1602 γοῦν
2212 1533 2274 1586 τὸ
2315 1532 2603 1603 βάπτισμα
2658 1532 2919 1604 ἔρχεσθαι
2969 1532 3085 1598 δεῖ,
3138 1532 3405 1603 πρότερον
3461 1549 3639 1586 καταο

2050 1621 2250 1690 γνόντα
2267 1623 2375 1676 τῶν
2402 1622 2811 1694 ἡμαρτημένων
2847 1621 3019 1693 αὐτῷ,
3045 1621 3144 1676 καὶ
3177 1621 3641 1692 καταψηφισάμε-

2050 1727 2158 1766 νον.
2192 1711 2258 1763 Τί
2277 1710 2333 1763 δέ
2359 1712 2498 1775 ἐστι,
2549 1708 2916 1778 Βαπτισμῶν
2947 1706 3236 1779 διδαχῆς;
3261 1709 3374 1779 Ούχ
3396 1707 3472 1772 ὡς
3501 1708 3638 1761 πολ-

2050 1798 2158 1852 λῶν
2214 1797 2385 1851 ὄντων
2404 1798 2514 1852 τῶν
2549 1797 2902 1869 βαπτισμῶν,
2957 1796 3072 1850 ἀλλ’
3106 1791 3446 1860 ὲνός.Τίοῦν
3501 1796 3638 1850 αὐτὸ

2050 1885 2427 1957 πληθυντικῶς
2442 1881 2563 1940 εἶπε
2581 1904 2596 1954 ;
2616 1886 2716 1941 Διά
2732 1886 2791 1939 τὸ
2804 1888 3000 1961 εἰπεῖν,
3030 1884 3129 1954 Μὴ
3149 1885 3337 1940 πάλιν
3356 1885 3641 1954 θεμέλιον

2048 1975 2559 2043 καταϐαλλόμενοι
2600 1972 2947 2043 μετανοίας.
2983 1971 3049 2027 Εἰ
3087 1973 3197 2043 γὰρ
3234 1972 3397 2026 πάλιν
3435 1973 3637 2038 αὐτοὺς

2048 2061 2334 2127 ἐϐάπτισε,
2357 2062 2452 2115 καὶ
2494 2061 2704 2116 ἄνωθεν
2751 2062 3055 2133 κατήχησε,
3086 2061 3182 2114 καὶ
3199 2060 3363 2115 πάλιν
3382 2059 3442 2128 ἐξ
3456 2061 3635 2131 ἀρχῆς

2049 2146 2438 2218 βαπτισθέντες
2483 2149 2829 2205 ἐδιδάσκοντο
2867 2147 2940 2202 τά
2982 2148 3261 2219 πρακτέα,
3312 2149 3408 2202 καὶ
3452 2147 3523 2201 τὰ
3555 2146 3636 2219 μὴ

2047 2236 2318 2306 πρακτέα,
2353 2235 2621 2307 διηνεκῶς
2657 2234 2884 2306 ἔμελλον
2911 2235 3235 2307 ἀδιόρθωτοι
3287 2236 3488 2306 μένειν.
3520 2232 3636 2290 Kal

2045 2321 2370 2388 ἐπιθέσεως
2393 2321 2632 2392 χειρῶν.
2654 2322 2813 2375 Οὕτω
2849 2321 3031 2393 γὰρτὸ
3048 2322 3275 2393 Πνεῦμα
3297 2322 3629 2393 ἐλάμϐανον.

2058 2410 2401 2479 Ἐπιθέντος
2421 2412 2531 2481 γὰρ
2550 2411 2754 2480 αὐτοῖς
2775 2411 2881 2465 τοῦ
2893 2410 3140 2466 Παύλου
3151 2410 3259 2479 τὰς
3278 2411 3503 2483 χεῖρας,
3520 2429 3637 2484 φη-

2048 2500 2151 2563 σὶν,
2193 2497 2344 2571 ἦλθε
2355 2502 2419 2556 τὸ
2458 2501 2704 2571 Πνεῦμα
2717 2500 2785 2555 τὸ
2808 2500 3003 2571 ἄτιον.
3028 2500 3439 2569 Ἀναστάσεώς
3453 2518 3518 2555 τε
3535 2517 3635 2556 νε-

2045 2586 2224 2655 κρῶν.
2243 2589 2416 2642 Τοῦτο
2429 2588 2539 2659 7&9
2554 2590 2611 2642 ἔν
2628 2606 2687 2642 τε
2704 2590 2785 2660 τῷ
2806 2589 3153 2660 βαπτίσματι
3196 2590 3434 2654 γίνεται,
3458 2590 3551 2643 καὶ
3571 2590 3640 2642 ὲν

2043 2678 2111 2746 τῇ
2140 2674 2402 2747 ὁμολογίᾳ
2439 2674 2779 2746 βεϐαιοῦται.
2805 2676 2914 2729 Καὶ
2939 2677 3215 2745 κρίματος
3236 2679 3500 2733 αιωνίου.
3530 2677 3637 2732 Διὰ

2042 2764 2095 2816 τί
2118 2763 2177 2816 δὲ
2192 2763 2366 2819 ταῦτά
2384 2780 2550 2834 φησιν
2567 2781 2583 2831 ;
2602 2762 2823 2834 Ἐπειδὴ
2842 2763 2992 2827 είκδς
3012 2758 3081 2834 ἦν
3098 2764 3297 2828 αὐτοὺς
3321 2764 3355 2835 ἢ
3380 2782 3634 2836 παρασα-

2042 2849 2297 2905 λεύεσθαι
2328 2851 2432 2923 ἤδη
2460 2851 2927 2915 πεπιστευκότας,
2950 2851 2985 2922 ἢ
3008 2850 3196 2915 κακῶς
3227 2851 3378 2922 βιοῦν
3404 2854 3500 2906 καὶ
3524 2855 3632 2925 ρᾳ-

2043 2936 2250 3009 θύμως.
2281 2938 2449 3008 Λέγει
2469 2936 2582 2993 οὖν·
2603 2939 2832 3009 Νήψατε
2851 2949 2899 2995 ⁸.
2926 2940 3184 3008 ’Δπάγων
3201 2938 3295 2995 οὖν
3311 2942 3507 3006 αὐτοὺς
3524 2942 3633 3013 τῆς

2040 3025 2303 3096 τοιαύτης
2344 3025 2646 3097 ῥᾳθυμίας,
2700 3026 2799 3080 καὶ
2838 3029 3383 3100 προσεκτικωτέρους
3433 3030 3632 3098 ποιιῖιν,

2040 3112 2231 3168 τοῦτον
2261 3112 2535 3182 τὸνλόγον
2574 3117 2734 3168 κινεῖ.
2764 3115 2878 3168 Οὐκ
2932 3114 3010 3169 ἔνι
3041 3116 3151 3188 7&9
3190 3119 3386 3185 εἰπεῖν,
3410 3120 3493 3172 δτι
3530 3117 3637 3173 Ἂν

2041 3200 2136 3255 νῦν
2162 3200 2423 3273 ῥαθύμως
2446 3200 2727 3272 ζήσωμεν,
2749 3202 2916 3259 πάλιν
2948 3202 3463 3277 βαπτισθησόμεθα,
3515 3206 3631 3263 πά-

2039 3290 2124 3343 λιν
2157 3289 2678 3361 κατηχηθησόμεθα,
2713 3291 2811 3345 καὶ
2848 3291 3013 3346 πάλιν
3053 3292 3339 3365 ληψόμεθα
3370 3294 3431 3347 τὸ
3452 3295 3631 3349 Πνεῦ-

2043 3393 2145 3447 μα·
2179 3376 2237 3447 ἢ,
2272 3377 2354 3430 ὅτι
2388 3378 2487 3431 Ἂν
2515 3375 2611 3430 νῦν
2635 3377 2739 3447 τῆς
2787 3377 3024 3443 πίστεως
3073 3380 3417 3452 ἐκπέσωμεν,
3461 3382 3631 3438 πάλιν

2038 3463 2383 3535 δυνησόμεθα
2405 3464 2800 3537 βαπτιζόμενοι
2816 3468 2886 3519 τὰ
2905 3468 3283 3541 ἁμαρτήματα
3313 3471 3629 3527 ἀπολούσα-

2042 3549 2187 3616 σθαι,
2218 3551 2448 3606 καὶτῶν
2500 3552 2680 3607 αὐτῶν
2707 3557 2894 3625 τυχεῖν
2939 3547 3125 3628 ὧνπερ
3181 3558 3275 3611 καὶ
3333 3560 3633 3630 πρότερον..

2038 3637 2371 3706 Σφάλλεσθε,
2392 3656 2471 3711 φη
2486 3641 2558 3705 σὶ,
2586 3637 2759 3693 ταῦτα
2783 3640 3117 3712 νομίζοντες.
3167 3645 3486 3701 Ἀδύνατον
3511 3648 3628 3719 τὰρ

2038 3724 2180 3791 τοὺς
2232 3723 2395 3790 ἅπαξ
2459 3726 2889 3796 φωτισθέντας,
2946 3729 3361 3799 γευσαμένους
3398 3750 3462 3786 τε
3513 3732 3628 3802 τῆς

2038 3809 2263 3879 δωρεᾶς
2291 3811 2403 3881 τῆς
2417 3812 2805 3881 ἐπουρανίου,
2832 3814 2933 3870 καὶ
2952 3816 3249 3885 μετόχους
3265 3818 3628 3888 γενηθέντας

2036 3900 2386 3968 Πνεύματος
2408 3899 2603 3969 ἁγίου,
2638 3900 2737 3955 καὶ
2769 3900 2964 3956 καλὸν
3002 3904 3414 3973 γευσαμένους
3472 3909 3625 3962 Θεοῦ

2029 3984 2215 4056 ῥῆμα,
2237 3986 2529 4075 δυνάμεις
2564 4006 2627 4043 τε
2641 3989 2983 4059 μέλλοντος
3016 3990 3253 4060 αίῶνος,
3280 3994 3378 4048 καὶ
3431 4010 3625 4067 παρα-
3724 4070 3729 4075 .

2036 4075 2358 4140 πεσόντας,
2398 4074 2583 4129 πάλιν
2598 4076 2995 4138 ἀνακαινίζειν
3019 4077 3133 4151 [96]
3163 4082 3250 4147 είς
3275 4082 3623 4152 μετάνοιαν,

2037 4160 2578 4230 ἀνασταυροῦντας
2604 4162 2847 4230 ἑαυτοῖς
2870 4164 2976 4217 τὸν
3004 4167 3046 4217 Υ
3046 4166 3138 4221 ίὸν
3159 4167 3265 4222 τοῦ
3325 4168 3474 4224 Θεοῦ
3519 4172 3624 4226 καὶ

2036 4246 2696 4316 παραδειγματίζοντας.
2753 4252 2866 4305 Καὶ
2911 4251 3009 4321 ὅρα
3074 4253 3193 4318 πῶς
3248 4256 3623 4327 ὲντρεπτυὶῶς

2037 4333 2132 4389 καὶ
2196 4334 2654 4405 άπαγορευτικῶς
2712 4338 2976 4408 ἄρχεται·
3022 4339 3373 4408 Ἀδύνατον,
3443 4345 3618 4416 φησί·

2032 4419 2299 4503 τουτέστι.
2328 4423 2545 4492 Μηκέτι
2581 4423 2857 4494 προσδόκα
2887 4423 2949 4479 τὸ
2983 4425 3060 4496 μὴ
3087 4427 3332 4483 δυνατόν.
3385 4431 3459 4485 Οὐ
3511 4431 3625 4503 γὰρ

2034 4501 2207 4571 εἶπεν,
2237 4508 2315 4562 Οὐ
2345 4509 2567 4579 πρέπει,
2594 4510 2715 4563 οὐδὲ
2748 4510 3042 4583 συμφέρει,
3072 4514 3194 4569 οὐδὲ
3221 4516 3449 4581 εξεστιν,
3480 4501 3616 4586 an},

2046 4594 2373 4652 Ἀδύνατον
2396 4613 2409 4627 ·
2435 4596 2575 4651 ὥστε
2598 4598 2678 4663 εις
2718 4599 3031 4669 ἀπόγνωσιν
3084 4603 3369 4673 ἐμϐαλεῖν,
3407 4608 3456 4659 ει
3480 4606 3620 4671 ὅλως

2033 4681 2371 4751 ἔφωτίσθητε
2395 4682 2566 4749 άπαξ.

2101 4775 2172 4836 γ’.
2194 4765 2328 4822 Εἶτα
2356 4770 2525 4838 ὲπάγε
2535 4788 2579 4838 ι,
2597 4773 3024 4842 Γευσαμένους
3044 4792 3108 4830 τε
3131 4775 3243 4845 τῆς
3257 4778 3479 4847 δωρεᾶς
3506 4780 3620 4850 τῆς

2036 4856 2400 4925 ἐπουρανίου
2425 4875 2440 4890 ·
2462 4862 2733 4926 τουτέστι,
2763 4862 2865 4931 τῆς
2889 4863 3163 4931 ἀφέσεως.
3194 4868 3301 4920 Καὶ
3318 4868 3619 4938 μετόχους

2032 4945 2397 5013 γενηθέντας
2430 4950 2776 5017 Πνεύματος
2825 4950 3019 5019 ἁγίου,
3054 4952 3151 5005 καὶ
3188 4955 3377 5008 καλὸν
3404 4972 3619 5025 γευσα-

2029 5033 2255 5099 μένους
2286 5034 2434 5089 Θεοῦ
2449 5034 2634 5105 ῥῆμα.
2663 5038 2775 5109 Τὴν
2801 5039 3154 5095 διδασκαλίαν
3183 5042 3418 5097 ἐνταῦθα
3440 5043 3621 5112 λέγει,

2028 5120 2323 5188 Δυνάμεις
2351 5139 2415 5175 τε
2433 5124 2772 5192 μέλλοντος
2792 5126 3029 5195 αἰῶνος.
3060 5129 3227 5194 Τίνας
3253 5130 3431 5200 λέγεις
3465 5131 3619 5187 δυνά-

2031 5222 2190 5275 μεις;
2226 5207 2297 5260 Ἦ
2324 5207 2386 5261 τδ
2416 5209 2668 5281 θαύματα
2697 5214 3041 5288 ὲπιτελεῖν,ἢ
3065 5216 3156 5270 τὸν
3182 5218 3487 5291 ἀρραϐῶνα
3517 5218 3616 5272 τοῦ

2027 5293 2369 5365 Πνεύματος.
2407 5297 2516 5350 Καὶ
2543 5301 3029 5369 παραπεσόντας,
3061 5303 3249 5359 πάλιν
3296 5305 3614 5360 ἀνακαινί-

2027 5376 2144 5441 ζειν
2166 5382 2254 5449 είς
2285 5381 2634 5453 μετάνοιαν,
2664 5385 3202 5457 ἀνασταυροῦντας
3229 5390 3464 5459 ἑαυτοῖς
3504 5390 3617 5445 τὸν

2086 5563 2117 5635 1}
2142 5561 2281 5635 [gem
2306 5569 2711 5635 Rmpqsiuoqem
2726 5569 3006 5635 gelgndan}
3029 5583 3144 5635 esse
3168 5576 3362 5635 genseg.

2028 5624 2226 5739 c
2242 5624 2574 5680 Colbel‘llnus.
2603 5629 2657 5680 In
2679 5630 2814 5682 edito
2837 5632 2960 5696 haec,
2985 5634 3111 5696 λέγει
3154 5632 3255 5694 οὖν,
3274 5633 3498 5697 Νήψατε»
3520 5634 3618 5686 ἀθ-
