3956 6138
217 311 269 365 Π
1037 305 1105 362 Di
1140 305 1357 364 EPIST.
1399 308 1491 364 AD
1527 303 1781 365 ill-Inibi

1879 343 1883 356 .
1922 303 2075 359 CAP.
2106 301 2194 358 Vl.
2223 301 2449 360 ﬂOMlL.
2482 308 2575 364 IX.
3389 311 3461 365 78

219 410 344 465 tionis
363 408 549 464 Clu-isti
574 424 879 473 sermonem,
908 408 975 461 ad
1000 409 1350 478 perfectionem
1375 413 1613 481 feramur.
1634 410 1766 477 Qum

218 498 562 563 sitinchoatio,
584 507 639 553 et
668 498 809 567 quod
835 497 1041 551 initium
1058 499 1342 560 sermonis,
1370 500 1483 567 Ipse
1508 499 1765 570 deinceps

217 593 355 663 ponit,
375 591 559 645 dicens
589 606 605 642 :
653 587 777 641 Non
817 603 1026 652 rursus,
1064 587 1271 658 inquit,
1294 589 1541 658 jacientes
1570 589 1763 660 funda-

216 692 403 736 mentum
441 677 754 746 paenitentia
788 678 850 730 ab
895 677 1126 745 operibus
1179 679 1390 733 mortuis
1428 689 1475 733 et
1519 680 1641 749 fidei
1690 682 1760 736 ad

216 771 370 836 Dem,
393 769 753 839 baptismatum
779 768 1040 832 doctrinae,
1069 767 1405 838 impositionis
1431 787 1629 841 quoque
1654 790 1762 826 ma-

213 878 364 927 nuum,
392 876 454 914 ac
474 856 861 913 resurrectionis
905 867 1215 913 mortuorum
1238 901 1252 923 ,
1282 867 1332 913 et
1347 859 1537 930 judicii
1563 862 1758 916 teterni.

212 953 273 1023 ια)
299 951 351 1007 Si
373 950 475 1005 hoc
500 958 681 1004 autem
702 957 788 1004 est
812 947 1041 1014 initium,
1071 948 1198 1019 quid
1235 956 1319 1003 est
1346 948 1490 1004 aliud
1516 960 1760 1006 nostrum

218 1044 385 1111 dogma
432 1055 592 1110 quam
630 1040 998 1109 paenitentiam
1027 1052 1187 1109 agere
1214 1039 1282 1092 ab
1318 1037 1571 1109 operibus
1615 1051 1762 1092 mor-

218 1133 323 1195 tuis,
349 1141 401 1187 et
432 1147 532 1202 per
574 1126 833 1200 Spiritum
869 1131 1112 1200 accipere
1150 1130 1309 1185 fidem
1353 1129 1767 1185 resurrectionis

218 1233 522 1277 mortuorum
576 1231 633 1278 et
677 1222 864 1291 judicii
917 1223 1142 1278 mterni?
1179 1221 1319 1290 Quid
1370 1232 1454 1277 eSt
1508 1222 1765 1277 initium!

220 1313 339 1368 Nihil
365 1312 505 1368 aliud
526 1328 687 1383 quam
710 1310 815 1367 hoc
835 1311 964 1368 dicit
991 1312 1225 1379 initium,
1248 1311 1460 1382 quando
1484 1326 1592 1366 non
1616 1311 1768 1367 adest

221 1405 314 1459 vita
338 1414 522 1460 exacta
549 1413 602 1459 et
631 1403 893 1473 perfecta.
938 1402 1011 1460 Ut
1054 1403 1198 1458 enim
1243 1418 1366 1458 eum
1394 1404 1485 1473 qui
1528 1404 1673 1457 venit
1702 1401 1769 1456 ad

219 1496 955 1566 discendaslitteras,oportet
993 1495 1222 1565 primum
1245 1495 1432 1550 audire
1460 1493 1726 1549 elementa
1751 1510 1767 1548 :

222 1587 286 1641 ita
310 1587 463 1642 etiam
498 1584 857 1640 Christianum
887 1584 1003 1640 hac
1044 1594 1231 1640 exacte
1269 1585 1411 1640 scire
1438 1584 1690 1655 primum,
1718 1592 1773 1639 et

223 1679 281 1732 de
301 1677 379 1731 his
405 1676 535 1731 nihil
558 1675 824 1731 dubitare.
852 1676 908 1730 Si
947 1685 1127 1732 autem
1154 1675 1396 1731 doctrina
1425 1688 1609 1730 rursus
1638 1673 1773 1729 indi-

224 1778 344 1838 geat,
382 1768 619 1823 nondum
645 1766 809 1823 habet
839 1766 1241 1823 fundamentum
1265 1784 1279 1821 :
1315 1765 1525 1821 ﬁrmum
1555 1764 1698 1822 enim
1720 1775 1774 1821 et

227 1859 444 1914 stabilem
484 1858 649 1912 ﬁxum
680 1874 803 1913 esse
830 1867 1042 1929 oportet
1084 1866 1139 1913 et
1176 1867 1342 1923 stare,
1370 1864 1425 1912 ct
1455 1871 1561 1912 non
1591 1865 1769 1911 trans-

229 1953 425 2008 tnoveri.
445 1952 500 2008 Si
528 1953 652 2023 quis
680 1960 858 2006 autem
890 1950 1155 2005 catechesi
1184 1951 1491 2015 institutus,
1524 1957 1579 2003 et
1603 1947 1775 2017 bapti-

228 2058 328 2098 smo
364 2044 558 2097 tinctus
580 2082 597 2106 ,
640 2050 761 2110 post
804 2055 973 2095 annos
1002 2041 1190 2096 decem
1230 2040 1299 2095 de
1330 2038 1435 2095 fide
1476 2052 1663 2093 rursus
1693 2045 1777 2092 est

228 2135 510 2200 auditurus,
540 2143 597 2189 et
635 2133 778 2203 quod
826 2140 1069 2203 oporteat
1096 2131 1320 2187 credere
1354 2131 1407 2186 in
1444 2138 1774 2185 mortuorum

230 2224 676 2289 resurrectionem,
708 2222 943 2276 nondum
967 2221 1125 2277 habet
1156 2219 1586 2287 fundamentum,
1616 2218 1773 2275 Citri-

229 2317 465 2371 stianismi
497 2330 685 2370 rursus
710 2314 902 2384 quatrit
942 2313 1170 2368 initium.
1220 2312 1351 2368 Nam
1380 2312 1520 2384 quod
1551 2312 1683 2367 fides
1707 2311 1778 2367 sit

228 2408 647 2472 fundamentum,
703 2405 970 2475 reliquum
1042 2413 1219 2459 autem
1276 2403 1601 2470 mdificium,
1655 2400 1780 2457 audi

228 2500 380 2568 ipsum
408 2497 672 2553 dicentem
705 2509 723 2552 :
752 2494 866 2566 Ego
898 2494 1281 2565 fundamentum
1318 2494 1462 2563 posui
1486 2534 1503 2560 ,
1530 2492 1661 2547 alius
1685 2507 1777 2545 su-

227 2588 540 2660 percdiﬁeat.
587 2584 650 2642 Si
676 2586 786 2656 quis
811 2594 980 2638 autem
1005 2583 1377 2655 supermdiﬁcat
1417 2598 1571 2653 supra
1595 2579 1782 2654 funda-

228 2690 426 2734 mentum
449 2678 564 2744 hoc,
591 2692 795 2742 aurum,
816 2683 1082 2744 argentum
1111 2672 1305 2743 lapides
1332 2673 1598 2743 pretiosos,
1619 2672 1779 2742 ligna,

227 2777 433 2842 fanum,
471 2771 712 2842 stipulam
752 2768 771 2837 (
803 2769 855 2823 l.
877 2765 997 2822 Cor.
1038 2767 1092 2821 5.
1122 2765 1213 2821 10.
1240 2765 1352 2836 12).
1379 2764 1506 2820 Ideo
1528 2762 1738 2818 dicebat
1765 2777 1779 2814 :

227 2861 335 2917 Non
358 2877 559 2917 rursum
571 2860 821 2932 iacientes
840 2857 1228 2929 fundamentum
1249 2855 1550 2927 ptenitentia:
1568 2852 1629 2906 ab
1651 2866 1778 2922 ope-

223 2954 347 3008 ribtts
387 2953 620 3007 mortuis.
921 2984 927 2990 ι

283 3048 334 3102 2.
354 3046 508 3100 Fides
527 3045 677 3113 firma
694 3043 848 3097 sitam
870 3056 1047 3111 purum
1066 3040 1217 3109 parit.
1238 3036 1459 3105 —Quid
1479 3045 1561 3091 est
1577 3042 1782 3100 autem,

224 3140 296 3193 Ad
317 3138 677 3209 perfectionem
701 3134 967 3207 feramur?
996 3132 1277 3203 Deinceps,
1306 3131 1496 3199 inquit,
1530 3126 1758 3197 proceda

223 3245 331 3286 mus
366 3230 436 3285 ad
475 3230 650 3297 ipsum
693 3224 960 3294 fastigium
981 3263 996 3287 ,
1029 3220 1132 3276 hoc
1160 3232 1275 3285 est,
1306 3220 1466 3273 vitam
1497 3217 1787 3271 habeamus

223 3326 487 3393 optimam.
519 3317 668 3374 Sicut
694 3315 839 3371 enim
868 3316 919 3367 in
948 3312 1230 3369 elementis
1257 3314 1296 3364 Α
1332 3317 1499 3363 totum
1528 3307 1784 3372 continet,

222 3427 270 3470 et
306 3412 706 3468 fundamentum
746 3414 915 3461 totum
956 3403 1237 3459 tediflcium
1263 3418 1276 3453 :
1304 3402 1371 3454 ita
1419 3400 1576 3453 etiam
1624 3398 1787 3453 vitam

224 3521 396 3578 puram
425 3510 575 3559 certa
603 3502 656 3554 in
682 3498 785 3553 fide
815 3496 1111 3567 persuasio.
1136 3494 1351 3562 Absque
1377 3508 1437 3548 ea
1470 3500 1645 3546 autem
1675 3488 1787 3543 tlcri

224 3614 321 3651 non
359 3604 538 3667 potest
578 3601 635 3645 ut
676 3591 751 3645 sis
777 3589 1111 3644 Christianus
1144 3605 1158 3638 :
1189 3585 1328 3640 sicut
1370 3598 1468 3638 nec
1505 3583 1787 3637 aedificium

222 3699 388 3757 potest
410 3700 534 3742 esse
559 3686 761 3753 absque
795 3680 1170 3743 fundamentis,
1197 3692 1368 3746 neque
1394 3676 1507 3730 fieri
1531 3682 1704 3742 potest
1733 3679 1790 3725 ut

222 3779 412 3848 alique
436 3778 724 3834 elementis
747 3776 823 3830 sis
846 3774 1048 3845 peritus
1060 3773 1381 3829 litterarum.
1396 3769 1504 3825 Sed
1533 3766 1796 3838 quemad-

222 3870 432 3926 modum
472 3870 518 3925 si
557 3869 683 3940 quis
722 3882 937 3936 semper
962 3875 1203 3921 versetur
1238 3864 1380 3919 circa
1420 3861 1716 3924 elementa,
1748 3856 1796 3912 si

223 3963 337 4031 quis
362 3963 505 4017 circa
536 3958 945 4015 fundamentum
970 3999 986 4024 ,
1026 3972 1131 4012 non
1159 3954 1298 4010 circa
1329 3951 1612 4008 aedilicium
1634 3990 1650 4016 ,
1689 3963 1796 4002 non

225 4056 318 4109 erit
344 4055 392 4110 ei
415 4052 709 4127 quidquam
730 4049 996 4120 amplius:
1020 4049 1096 4103 sic
1126 4045 1280 4102 nobis
1304 4042 1557 4101 eveniet:
1582 4040 1628 4096 si
1652 4040 1795 4095 enim

221 4158 428 4216 semper
452 4144 508 4200 in
539 4140 665 4200 ﬁdei
694 4140 849 4197 initio
878 4152 1193 4195 maneamus
1212 4177 1230 4204 ,
1268 4149 1557 4206 numquam
1586 4131 1652 4187 ad
1681 4132 1796 4201 ejus

228 4236 604 4303 perfectionem
634 4234 933 4289 veniemus.
965 4231 1045 4287 Tu
1075 4238 1253 4285 autem
1291 4244 1362 4285 ne
1402 4227 1675 4284 existimes
1701 4222 1797 4278 de-

226 4336 440 4381 tractum
463 4341 585 4383 esse
611 4324 756 4390 ﬁdei,
786 4322 930 4395 quod
954 4338 1017 4379 ea
1045 4321 1366 4377 elementum
1396 4318 1466 4373 sit
1491 4326 1672 4372 vocata
1696 4332 1710 4369 :
1730 4328 1794 4368 ea

226 4416 361 4470 enim
387 4425 468 4471 est
492 4424 605 4471 tota
630 4424 893 4486 potestas.
908 4410 1040 4468 Nam
1062 4410 1275 4483 quando
1296 4408 1446 4476 dicit,
1468 4406 1644 4461 Omnis
1664 4404 1796 4459 enim

225 4505 305 4571 qui
330 4504 474 4559 lactis
500 4514 574 4559 est
602 4504 875 4574 particeps,
901 4511 971 4556 est
992 4500 1255 4573 imperitus
1284 4498 1527 4554 sermonis
1544 4494 1760 4567 justitia:
1777 4511 1797 4549 :

228 4604 296 4648 est
320 4597 457 4650 enim
496 4596 712 4668 infans;
747 4609 854 4649 non
882 4608 1000 4649 eam
1032 4601 1185 4647 vocat
1214 4591 1295 4645 lac
1320 4589 1577 4661 iustitiae;
1608 4585 1701 4642 sed
1730 4584 1798 4639 de

227 4682 305 4739 his
345 4686 519 4742 adhuc
560 4686 809 4740 dubitare
834 4726 851 4752 ,
897 4692 980 4739 est
1025 4682 1220 4739 mentis
1257 4680 1535 4736 imbecilla:
1580 4687 1635 4733 et
1680 4690 1799 4746 qua:

228 4775 403 4830 multis
441 4776 644 4847 indiget
684 4775 1004 4830 rationibus.
1036 4774 1162 4829 llaec
1202 4770 1348 4828 enim
1384 4779 1509 4825 sunt
1550 4769 1795 4839 dogmata

226 4882 341 4934 qua:
363 4876 490 4923 sunt
518 4876 666 4923 recta
694 4876 749 4922 et
771 4881 902 4920 sana
926 4884 939 4919 :
962 4865 1109 4921 illum
1142 4878 1372 4936 namque
1399 4875 1650 4917 vocamus
1674 4874 1797 4928 per-

229 4957 453 5024 fectum,
484 4960 727 5029 quicum
759 4956 867 5012 fide
905 4965 1106 5012 rectam
1145 4954 1305 5010 habet
1346 4953 1527 5006 vitam.
1575 4949 1634 5006 Si
1679 4947 1799 5019 quis

228 5060 396 5105 autem
422 5050 582 5106 fidem
612 5049 829 5122 quidem
852 5048 1071 5113 habeat,
1099 5047 1304 5102 scelera
1328 5054 1503 5099 autem
1532 5041 1797 5106 admittat,

229 5147 280 5191 et
306 5139 371 5195 de
393 5140 495 5197 hac
520 5140 637 5211 ipsa
666 5138 873 5194 dubitet
899 5180 914 5205 ,
947 5148 999 5192 et
1027 5136 1325 5192 doctrinam
1356 5133 1553 5205 probro
1577 5130 1794 5196 alliciat,

230 5230 411 5285 merito
433 5245 555 5287 eum
585 5230 835 5286 dicemus
864 5229 1118 5283 infantem
1139 5269 1155 5296 ,
1183 5234 1242 5281 ut
1277 5225 1369 5296 qui
1411 5224 1477 5279 ad
1509 5225 1681 5293 ipsum
1716 5236 1801 5276 ι’θο

230 5323 445 5377 currerit
485 5323 720 5377 initium.
773 5319 1135 5390 Quamobrem
1182 5319 1392 5374 etiamsi
1438 5317 1589 5372 mille
1630 5328 1802 5370 annos

230 5410 482 5476 egerimus
503 5412 560 5468 in
588 5413 719 5480 fide,
747 5421 802 5467 et
823 5412 878 5466 in
905 5424 968 5465 ea
996 5425 1102 5465 non
1130 5409 1298 5464 simus
1322 5407 1459 5463 firmi
1482 5418 1537 5463 et
1558 5405 1798 5473 stabiles,

232 5508 407 5561 sumus
444 5502 710 5571 infantes;
765 5500 982 5573 quando
1024 5515 1135 5555 non
1177 5498 1509 5557 ostendimus
1550 5497 1712 5552 vitam
1751 5496 1801 5552 ei

307 5692 475 5758 ("lilio
504 5697 674 5761 incipit
704 5690 908 5747 homilia
932 5700 1057 5743 nona
1080 5689 1126 5739 in
1152 5686 1317 5748 Colb.,
1356 5683 1491 5735 initio
1524 5681 1720 5733 omisso.

1864 411 2290 475 convenientem,
2323 408 2536 479 quando
2562 405 2736 462 adhuc
2757 404 2987 476 jacimus
3014 403 3437 462 fundamentum.

1866 501 1971 555 lios
1997 509 2173 555 autem
2206 510 2258 554 et
2286 499 2354 554 de
2383 500 2504 554 vita:
2534 500 2741 552 ratione
2759 538 2772 562 ,
2805 503 2858 551 ct
2886 495 2955 553 de
2978 495 3083 550 alio
3108 511 3319 566 quoque
3347 512 3441 550 ac-

1862 600 2032 657 cuset,
2058 600 2118 646 ut
2142 590 2229 661 qui
2258 592 2367 644 sint
2396 588 2726 653 vacillantes,
2752 598 2805 643 et
2826 604 2960 656 opus
2986 586 3217 641 habeant
3239 597 3297 641 ut
3319 586 3441 641 fun-

1864 679 2171 737 damentum
2198 679 2397 751 jaciant
2431 679 2763 748 poenitentia:
2800 678 2868 732 ab
2897 676 3152 748 cperibus
3193 679 3438 731 mortuis.

1868 772 2001 827 Eum
2030 772 2172 826 enim
2201 769 2292 841 qui
2320 770 2389 824 ab
2432 769 2612 839 aliquo
2658 779 3055 823 transmovetnr
3079 767 3144 821 ad
3176 769 3403 822 alterum
3425 810 3443 832 ,

1862 871 1916 921 et
1938 860 2068 918 illud
2098 860 2311 932 quidem
2337 859 2573 923 dimittit,
2597 859 2699 913 hoc
2719 868 2897 913 autem
2924 858 3273 928 eligit,ipsum
3296 859 3444 927 prius

1864 961 2079 1023 oportet
2105 962 2158 1008 ut
2185 952 2525 1015 condemnet,
2554 958 2609 1005 et
2632 952 2699 1005 ab
2725 965 2791 1005 eo
2814 950 3030 1005 recedat
3057 951 3361 1018 affectione,
3390 958 3447 1007 et

1869 1053 1996 1099 tunc
2036 1044 2219 1099 veniat
2262 1041 2328 1096 ad
2369 1042 2595 1096 alterum
2623 1058 2635 1094 :
2660 1041 2704 1095 si
2735 1049 2911 1095 autem
2952 1042 3114 1110 priori
3152 1058 3338 1098 rursus
3364 1052 3449 1098 est

1864 1134 2203 1200 adhaesurus,
2228 1133 2498 1204 quomodo
2516 1136 2740 1202 attinget
2763 1131 3057 1186 secundum
3073 1131 3099 1184 ’ἔ
3127 1133 3263 1199 Quid
3292 1151 3444 1205 ergo,

1867 1226 2071 1299 inquit,
2098 1227 2166 1282 de
2198 1226 2353 1298 lege?
2383 1226 2516 1281 Eam
2544 1224 3037 1288 condemnavimus,
3069 1232 3123 1279 et
3164 1241 3351 1280 rursus
3378 1225 3444 1281 ad

1865 1319 2036 1391 ipsam
2063 1318 2392 1375 recurrimus
2413 1336 2425 1370 :
2449 1317 2551 1372 hoc
2576 1331 2681 1372 non
2703 1324 2788 1371 est
2806 1315 3084 1371 translatio
3106 1324 3163 1371 et
3183 1325 3450 1373 transmu-

1874 1412 2007 1468 tatio
2028 1430 2041 1467 :
2060 1409 2259 1467 etenim
2282 1410 2368 1464 hic
2389 1408 2648 1463 trahemus
2667 1407 2858 1480 legem.
2884 1405 3073 1478 Legem
3089 1423 3228 1479 ergo,
3253 1407 3446 1478 inquit,

1867 1509 2175 1564 destruimus
2220 1523 2311 1578 per
2358 1503 2556 1574 ﬁdem?
2600 1504 2741 1558 Absit
2765 1545 2780 1569 ,
2829 1504 2919 1560 sed
2970 1504 3133 1576 legem
3180 1504 3453 1560 statuimus

1869 1600 2047 1672 (Rom.
2079 1600 2134 1657 3.
2161 1599 2277 1671 δί).
2319 1596 2434 1669 Ego
2472 1607 2652 1653 autem
2694 1595 2941 1652 dicebam
2979 1594 3047 1652 de
3084 1595 3245 1652 rebus
3274 1595 3451 1650 malis.

1868 1693 2000 1750 Nam
2020 1692 2111 1764 qui
2134 1690 2301 1747 estad
2322 1690 2571 1744 virtutem
2594 1687 2939 1753 transiturus,
2964 1684 3126 1742 debet
3148 1686 3297 1756 prius
3320 1700 3455 1739 cono

1869 1784 2127 1840 demnare
2160 1782 2367 1850 vitium,
2396 1792 2450 1837 et
2476 1791 2603 1836 tunc
2624 1781 2690 1835 ad
2714 1796 2831 1835 eam
2855 1779 3114 1834 accedere
3139 1796 3151 1831 :
3175 1792 3281 1832 non
3309 1778 3453 1833 enim

1873 1874 2087 1930 valebat
2133 1871 2452 1944 ptenitentia
2489 1886 2584 1926 eos
2615 1869 2842 1925 mundos
2886 1867 3130 1923 reddere.
3163 1867 3457 1937 PrOpterea

1872 1967 2053 2021 statim
2079 1964 2489 2036 baptizabantur
2507 2003 2522 2027 ,
2552 1971 2609 2016 ut
2638 1959 2779 2032 quod
2811 1977 2905 2030 per
2933 1958 3141 2030 seipsos
3170 1974 3275 2014 non
3307 1968 3456 2027 pote—

1871 2067 1994 2112 rant
2027 2056 2244 2111 efficere
2269 2096 2284 2118 ,
2316 2052 2369 2107 id
2414 2052 2570 2107 fieret
2609 2067 2706 2121 per
2739 2050 2938 2105 Christi
2983 2049 3224 2120 gratiam.
3268 2045 3461 2114 Neque

1871 2160 2001 2216 ergo
2021 2144 2223 2202 sufﬁcit
2242 2143 2554 2216 pmnitcntia
2576 2141 2643 2197 ad
2665 2141 3118 2204 cmundationem,
3136 2140 3228 2195 sed
3246 2149 3459 2211 oportet

1872 2236 2132 2307 baptisma
2162 2250 2456 2291 assumere.
2488 2232 2784 2303 Oportebat
2818 2248 2946 2304 ergo
2975 2232 3041 2287 ad
3068 2233 3334 2302 baptisma
3364 2248 3456 2286 ac-

1871 2328 2088 2394 cedere,
2117 2328 2263 2398 prius
2289 2325 2556 2381 damnatis
2580 2325 2815 2394 peccatis
2836 2340 2954 2394 qtne
2980 2323 3288 2379 admiserat.
3317 2323 3456 2392 Quid

1870 2429 1954 2474 est
1998 2426 2175 2474 autem
2202 2459 2220 2486 ,
2251 2415 2627 2488 Baptismatum
2667 2415 2949 2469 doctrinm?
2984 2415 3102 2470 Non
3132 2415 3271 2485 quod
3304 2417 3457 2470 multi

1871 2510 1982 2564 sint
2011 2507 2281 2578 baptismi,
2311 2507 2407 2563 sed
2436 2521 2594 2562 unus.
2623 2505 2733 2562 Cur
2758 2521 2887 2577 ergo
2913 2505 2964 2560 id
2991 2504 3124 2559 dixit
3150 2504 3458 2575 pluraliter?

1872 2601 2007 2670 Quia
2037 2601 2277 2665 dixerat,
2309 2597 2431 2654 Non
2460 2616 2638 2653 rursus
2658 2598 2905 2669 jacientes
2937 2597 3320 2667 fundamentum
3346 2612 3455 2667 pat-

1873 2695 2117 2749 nitentite.
2148 2691 2282 2747 Nam
2308 2692 2352 2745 si
2381 2706 2475 2746 eos
2502 2706 2689 2745 rursus
2713 2688 3052 2759 baptizasset,
3080 2697 3133 2743 et
3159 2688 3226 2742 de
3251 2688 3460 2758 integro

1872 2785 2141 2841 catechesi
2178 2784 2538 2847 instituisset,
2584 2792 2639 2837 et
2678 2795 2867 2836 rursus
2910 2780 2977 2835 ab
3016 2779 3168 2834 initio
3206 2779 3457 2849 baptizati

1873 2879 2195 2934 docerentur
2214 2893 2333 2948 qua:
2353 2884 2478 2932 sunt
2496 2873 2723 2945 agenda,
2746 2881 2800 2926 et
2820 2889 2939 2943 qua:
2961 2887 3064 2926 non
3086 2880 3211 2926 sunt
3230 2872 3455 2948 agenda,

1875 2978 2027 3025 erant
2049 2978 2306 3040 perpetuo
2334 2969 2572 3022 mansuri
2607 2963 2918 3019 incorrecti.
2952 2961 3303 3033 ltnpositionis
3328 2938 3467 3033 quo:

1874 3078 1970 3130 que
2010 3077 2270 3114 manuum.
2314 3057 2405 3114 Sic
2444 3056 2588 3112 enim
2637 3053 2973 3124 accipiebant
3016 3052 3294 3122 Spiritum.
3332 3050 3459 3108 Cum

1877 3152 2077 3208 Paulus
2102 3153 2199 3217 eis,
2230 3151 2440 3222 inquit,
2470 3148 2791 3217 imposuisset
2829 3162 3030 3212 manus,
3063 3146 3196 3199 venit
3233 3145 3460 3214 Spiritus

1876 3253 2080 3298 sanctus
2105 3242 2238 3312 (Act.
2266 3240 2353 3297 l9.
2377 3242 2457 3310 6).
2482 3240 2554 3293 Ac
2579 3237 2958 3293 resurrectionis
2988 3247 3319 3289 mortuorum.
3349 3235 3460 3290 lloc

1878 3335 2017 3390 enim
2055 3333 2111 3388 fit
2136 3334 2191 3388 in
2225 3334 2490 3403 baptismo
2512 3373 2527 3398 ,
2560 3340 2613 3386 et
2643 3328 2987 3385 confirmatur
3019 3327 3069 3381 in
3101 3328 3458 3382 confessione.

1881 3426 1948 3481 Et
1960 3426 2148 3495 judicii
2176 3424 2372 3479 teterni.
2395 3423 2504 3479 Cur
2527 3431 2704 3477 autem
2734 3421 2838 3476 hoc
2866 3420 3035 3475 dicit?
3061 3419 3320 3488 Quoniam
3347 3428 3469 3474 erat

1880 3517 2174 3571 verisimile
2204 3530 2299 3571 eos
2327 3514 2409 3569 vel
2437 3529 2557 3570 cum
2593 3513 2702 3582 jam
2734 3510 3091 3566 credidissent
3122 3509 3302 3564 labare
3325 3549 3341 3573 ,
3371 3517 3469 3564 aut

1883 3610 2021 3671 male
2052 3623 2115 3662 ac
2144 3607 2404 3662 dissolute
2433 3605 2615 3658 vivere
2640 3622 2652 3657 :
2677 3602 2807 3657 dicit
2845 3616 2994 3672 ergo,
3034 3597 3229 3670 Vigiles
3270 3608 3460 3654 estote.

1884 3700 2169 3755 Abduccns
2214 3697 2376 3767 igitur
2415 3695 2537 3749 illos
2579 3710 2608 3747 a
2659 3692 2748 3747 tali
2790 3692 3022 3762 ignavia,
3064 3701 3113 3743 et
3153 3690 3471 3744 attentiores

1885 3793 2116 3849 reddens
2136 3832 2151 3852 ,
2184 3790 2325 3842 hunc
2355 3794 2535 3840 movet
2563 3798 2889 3839 sermonem.
2921 3779 3038 3835 Non
3066 3780 3189 3833 licet
3215 3777 3359 3832 enim
3386 3778 3467 3832 di-

1888 3899 2032 3948 cere,
2077 3881 2132 3937 Si
2174 3879 2435 3934 dissolute
2474 3887 2527 3929 et
2571 3875 2898 3944 negligenter
2935 3870 3247 3935 vixerimus,
3285 3883 3468 3923 rursus

1889 3970 2298 4043 baptizabimur,
2331 3963 2601 4021 catcchcsi
2633 3976 2822 4016 rursus
2848 3961 3209 4026 instituemur,
3241 3959 3471 4028 accipio-

1890 4078 2009 4119 mus
2041 4076 2224 4116 rursus
2255 4057 2513 4127 Spiritum
2544 4071 2556 4106 :
2585 4062 2677 4107 aut
2702 4094 2716 4117 ,
2756 4052 2810 4106 Si
2843 4067 2871 4104 a
2902 4049 3008 4105 fide
3036 4065 3176 4104 nunc
3204 4048 3463 4104 excideri-

1892 4171 2011 4211 ntns
2033 4196 2046 4218 ,
2075 4167 2259 4208 rursus
2285 4147 2579 4219 poterimus
2608 4142 2859 4214 baptizati
2892 4150 3105 4212 peccata
3138 4140 3386 4206 abluere,
3418 4149 3475 4194 ct

1893 4245 2078 4302 eadem
2108 4240 2317 4310 assequi
2344 4252 2463 4309 quae
2493 4236 2662 4307 prius.
2689 4233 2912 4297 Erratis,
2938 4231 3132 4302 inquit,
3152 4231 3266 4285 iure
3288 4231 3475 4284 existi-

1895 4342 2103 4392 mantes
2128 4349 2141 4385 :
2164 4331 2219 4385 4.
2243 4326 2563 4398 lmpossibile
2586 4325 2716 4378 enim
2737 4334 2807 4378 est
2830 4339 2913 4377 eos
2934 4325 3017 4393 qui
3040 4321 3195 4375 semel
3213 4330 3330 4376 sunt
3352 4320 3474 4374 illa-

1899 4421 2106 4486 minati,
2135 4425 2462 4491 gustaverunt
2487 4415 2638 4471 etiam
2672 4414 2859 4466 donum
2897 4413 3091 4466 cazleste
3119 4420 3166 4465 et
3203 4412 3481 4482 participes

1898 4522 2013 4569 sunt
2038 4509 2266 4581 Spiritus
2287 4506 2470 4571 sancti,
2498 4506 2549 4560 5.
2580 4510 2903 4576 gustaverunt
2930 4501 3259 4555 nihilominus
3289 4501 3477 4553 bonum

1899 4601 1997 4660 Dei
2026 4599 2229 4655 uerbum
2252 4638 2266 4664 ,
2305 4597 2609 4664 virtutesque
2646 4593 2805 4664 futuri
2843 4591 3051 4656 saeculi,
3090 4589 3142 4644 6.
3170 4598 3218 4643 et
3246 4586 3482 4659 prolapsi

1896 4704 2046 4761 sunt;
2072 4708 2248 4748 rursus
2272 4704 2512 4744 renouare
2540 4686 2608 4740 ad
2638 4684 2976 4756 paenitentiam
2999 4723 3013 4748 ,
3047 4698 3221 4735 rursus
3266 4679 3470 4745 cruci/i-

1894 4795 2062 4858 gentes
2088 4781 2407 4852 sibimetipsis
2434 4776 2629 4833 Filium
2665 4776 2778 4842 Dei,
2808 4785 2855 4828 et
2880 4773 3096 4827 ostentui
3117 4771 3374 4858 habentes.
3395 4767 3477 4839 (a)

1893 4857 2029 4931 Vide
2056 4883 2233 4929 autem
2262 4885 2419 4942 quam
2448 4878 2570 4938 apte
2600 4865 2817 4934 incipiat
2854 4862 2919 4916 ad
2968 4861 3227 4931 pudorem
3270 4857 3474 4912 suﬂ'un-

1892 4965 2126 5021 dendum
2151 4971 2207 5019 et
2235 4957 2627 5034 prohibendum
2654 4973 2666 5009 :
2694 4952 3015 5026 Impossibile
3041 4959 3149 5016 est,
3182 4949 3387 5018 inquit,
3419 4947 3472 5002 id

1891 5066 1997 5124 est,
2023 5070 2093 5111 ne
2121 5052 2350 5123 amplius
2372 5056 2657 5119 exspectes
2683 5045 2825 5117 quod
2855 5058 2960 5098 non
2989 5051 3163 5113 potest
3191 5039 3325 5093 fieri.
3354 5037 3470 5092 Non

1890 5151 2033 5206 enim
2063 5147 2220 5214 dixit,
2252 5144 2367 5201 Non
2395 5147 2586 5207 decet,
2618 5152 2826 5209 neque,
2863 5135 2981 5192 Non
3010 5133 3243 5204 expedit,
3274 5145 3465 5200 neque,

1889 5241 2002 5297 Non
2031 5240 2176 5304 licet,
2206 5237 2321 5305 sed,
2346 5235 2439 5291 Est
2459 5232 2803 5306 impossibile;
2832 5239 2889 5283 ut
2913 5241 3006 5282 eos
3028 5225 3248 5280 omnino
3269 5221 3472 5291 injiciat

1886 5332 1942 5388 in
1972 5330 2396 5400 desperationem
2421 5367 2436 5394 ,
2467 5326 2511 5380 si
2543 5323 2764 5378 omnino
2800 5319 2968 5375 semel
2995 5314 3283 5370 illuminati
3310 5314 3464 5367 estis.

1957 5424 2009 5478 5.
2054 5418 2257 5476 Deinde
2284 5417 2577 5489 subjungit,
2607 5412 2944 5468 Gustaverunt
2967 5409 3116 5462 etiam
3147 5406 3336 5459 donum
3360 5418 3465 5456 cte-

1885 5514 2038 5576 leste;
2068 5511 2168 5566 hoc
2200 5517 2301 5576 est,
2334 5506 2726 5564 remissionem.
2766 5501 2836 5555 Et
2874 5499 3147 5571 participes
3189 5496 3311 5568 facti
3349 5500 3465 5548 sunt

1959 5680 2033 5744 (a)
2052 5676 2144 5730 Hic
2168 5675 2312 5727 trium
2338 5671 2444 5722 fere
2469 5666 2748 5730 paginarum
2770 5658 2928 5707 hiatus
2952 5659 3028 5704 est
3054 5653 3101 5702 in
3125 5648 3423 5700 Colbcrtino.
