3956 6138
478 480 702 553 Spiritus
720 477 902 542 sancti,
932 483 978 528 et
1003 478 1323 542 gustaveruut
1354 471 1540 522 bonum
1560 466 1657 521 Dei
1700 464 1929 519 Verbum.
1951 461 2050 519 Iiic

479 575 601 626 dicit
629 568 945 625 doctrinam.
990 563 1302 631 Virtutesque
1329 558 1505 613 stecuti
1533 557 1751 612 uenturi.
1779 556 2048 623 Quasnam

473 663 601 716 dicit
626 658 882 714 virtutes?
911 655 1003 710 Vel
1033 652 1210 707 facere
1235 651 1511 715 miracula,
1534 649 1619 703 vel
1642 651 1856 702 arrbam
1883 647 2051 718 Spiri-

476 764 577 808 tus.
603 751 666 804 Et
688 749 914 821 prolapsi
943 755 1080 811 sunt,
1111 759 1289 797 rursus
1329 757 1572 795 renovare
1590 742 1658 793 ad
1679 742 2043 810 paenitentiam,

471 861 643 899 rursus
665 842 1010 911 cruciﬁgentes
1028 836 1348 903 sibimetipsis
1376 832 1573 886 Filium
1598 833 1709 899 Dei,
1749 842 1795 886 et
1832 833 2049 887 ostentui

472 926 725 991 habentes.
757 933 1036 986 Renovare
1083 928 1216 981 dicit
1262 925 1330 979 ad
1376 923 1779 993 paenitentiam:
1813 923 1914 978 hoc
1941 932 2044 990 est,

469 1044 565 1098 per
593 1023 984 1096 paenitentiam.
1017 1018 1155 1085 Quid
1186 1018 1349 1087 ergo?
1384 1017 1553 1086 ejecta
1579 1025 1662 1070 est
1697 1016 2048 1085 paenitentia?

466 1118 584 1175 Non
632 1115 967 1187 pmnitentia,
1018 1112 1177 1174 absit,
1212 1109 1306 1164 sed
1336 1124 1453 1178 quae
1480 1123 1666 1163 rursus
1700 1108 1754 1161 ﬁt
1782 1122 1877 1177 per
1897 1109 2046 1163 lava-

467 1224 614 1263 crum
647 1205 950 1261 renovatio.
976 1200 1094 1256 Non
1138 1200 1278 1254 enim
1320 1199 1475 1265 dixit,
1509 1197 1829 1267 lmpossibite
1865 1211 1937 1253 est
1961 1217 2046 1254 re-

468 1299 641 1352 novari
671 1296 738 1348 ad
771 1294 1135 1364 panitentiam,
1178 1300 1232 1345 et
1274 1290 1463 1354 tacuit;
1494 1289 1588 1344 sed
1630 1305 1751 1343 cum
1800 1289 2046 1356 dixisset,

468 1385 788 1459 Impossibile
808 1395 898 1450 est,
928 1382 1218 1451 subjunxit,
1248 1380 1445 1433 Rursus
1469 1380 1837 1450 cruciﬁgentes.
1866 1380 2045 1435 Reno-

468 1482 592 1542 vari,
623 1479 722 1531 boc
752 1486 854 1542 est,
886 1490 1085 1549 novum
1108 1473 1224 1527 ﬁeri
1249 1490 1259 1524 :
1288 1486 1455 1525 novos
1474 1471 1617 1525 enim
1649 1469 1827 1525 facere
1853 1480 1935 1524 est
1953 1485 2045 1524 so-

468 1571 569 1624 lius
601 1570 828 1623 lavacri:
858 1564 1221 1630 Renovabitur,
1256 1564 1448 1632 inquit,
1480 1563 1609 1615 sicut
1652 1561 1837 1636 aquila:
1853 1562 2045 1632 juven-

467 1671 548 1714 tus
578 1669 666 1712 tua
692 1657 863 1729 (I’sal.
891 1655 1016 1711 102.
1040 1656 1117 1725 5).
1752 1650 1753 1653 “

535 1750 817 1804 Lavacrum
839 1749 1071 1819 baptismi
1096 1764 1196 1800 non
1218 1755 1377 1816 potest
1402 1747 1595 1801 iterari.
1613 1777 1683 1787 ——
1710 1747 2044 1803 Pmnitentia:

463 1854 638 1899 autem
666 1851 765 1909 est,
797 1857 891 1896 eos
911 1842 998 1911 qui
1032 1841 1153 1894 novi
1183 1840 1305 1894 facti
1327 1848 1469 1906 sunt,
1495 1856 1557 1895 ac
1576 1839 1771 1896 deinde
1797 1856 1826 1893 a
1855 1856 2046 1910 pecca—

462 1936 531 1991 tis
561 1936 1006 1998 inveteraverunt,
1040 1933 1267 1988 liberare
1291 1948 1321 1986 a
1343 1941 1606 1987 vetustate
1624 1948 1899 2003 novosque
1923 1934 2043 1988 red-

462 2026 619 2082 dere:
649 2026 713 2080 ad
742 2025 888 2080 illum
906 2033 1083 2080 autem
1106 2024 1444 2094 splendorem
1473 2040 1581 2079 non
1608 2024 1732 2080 licet
1747 2025 2039 2080 reducere:

466 2119 574 2174 illic
604 2120 743 2174 enim
772 2127 940 2172 totum
968 2126 1082 2170 erat
1110 2115 1297 2183 gratia.
1330 2112 1527 2164 Rursus
1555 2110 1925 2178 crueiﬁgentes,
1959 2109 2039 2162 in-

466 2211 602 2280 quit,
624 2211 678 2264 in
708 2207 986 2277 semetipsis
1012 2204 1204 2258 Filium
1221 2203 1335 2269 Dei,
1352 2212 1398 2255 et
1416 2201 1631 2255 ostentui
1655 2199 1912 2254 habentes.
1934 2198 2043 2252 lloc

467 2312 551 2357 est
579 2311 754 2356 autem
782 2299 924 2370 quod
962 2298 1126 2353 dicit:
1160 2296 1421 2364 baptisma
1451 2303 1534 2348 est
1563 2309 1725 2357 crux;
1759 2291 2047 2359 Crueiﬁxus

469 2393 603 2446 enim
629 2401 699 2444 est
727 2399 862 2443 vetus
895 2399 1062 2441 noster
1109 2385 1293 2448 homo;
1324 2394 1378 2438 et
1406 2397 1612 2450 rursus,
1645 2381 1939 2450 Cantor-mes
1965 2383 2048 2449 {tt-

469 2483 537 2536 cti
578 2496 750 2535 sumus
781 2478 1101 2533 similitudini
1139 2475 1313 2529 mortis
1343 2475 1482 2546 ejus;
1528 2483 1581 2527 ct
1627 2487 1833 2536 rursus,
1865 2471 2051 2526 Conse-

468 2572 598 2642 pulti
623 2587 737 2623 cum
778 2586 835 2622 eo
882 2584 1056 2622 sumus
1086 2583 1175 2635 per
1214 2566 1519 2635 baptismum
1558 2565 1607 2616 in
1639 2574 1869 2617 mortem.
1902 2562 2051 2617 Sicut

470 2677 599 2733 ergo
628 2661 739 2717 ﬁeri
771 2676 873 2714 non
903 2669 1077 2729 potest
1108 2667 1164 2712 ut
1192 2659 1383 2712 iterum
1406 2656 1747 2726 cruciﬁgatur
1768 2656 2049 2720 Christus;

473 2754 575 2808 lzoc
600 2755 739 2806 enim
774 2761 856 2806 est
884 2766 1007 2805 cum
1049 2749 1362 2803 traducere:
1396 2748 1472 2802 sic
1500 2764 1604 2801 non
1635 2761 1919 2818 possumus
1950 2747 2051 2800 ite-

473 2858 588 2897 rum
620 2840 900 2912 baptizari.
931 2840 1062 2894 Nam
1093 2840 1134 2892 si
1166 2853 1312 2892 mors
1341 2839 1461 2907 ejus
1484 2853 1586 2891 non
1616 2836 1846 2905 amplius
1879 2835 2046 2890 (1οηιὶ-

472 2934 716 2999 uabitur;
742 2932 785 2986 si
830 2930 1145 2996 resurrexit,
1178 2927 1508 2998 resurgendo
1550 2914 1722 2981 morte
1762 2927 1930 2981 factus
1961 2941 2054 2996 μοι

471 3029 701 3092 lentior;
726 3025 769 3079 si
799 3040 894 3094 per
920 3034 1147 3078 mortem
1182 3031 1408 3076 mortem
1436 3019 1712 3096 devicitae
1737 3020 2051 3090 prostravit,

472 3118 669 3171 deinde
716 3118 911 3170 iterum
961 3116 1011 3168 in
1057 3129 1272 3169 crucem
1324 3110 1750 3182 agitur:l‘abul:e
1795 3122 1920 3165 sunt
1968 3110 2054 3166 illa

474 3208 652 3262 omnia
681 3218 734 3263 et
759 3205 1022 3260 traducﬁo
1062 3220 1123 3260 ac
1149 3203 1345 3258 irrisio.
1375 3202 1448 3257 Ita
1478 3202 1568 3272 qui
1591 3216 1779 3255 rursus
1814 3201 2052 3271 seipsum

473 3299 723 3368 baptizat,
777 3311 963 3351 rursus
1007 3295 1184 3365 ipsum
1235 3293 1514 3362 crttciﬁgit.
1549 3290 1685 3358 Quid
1729 3301 1808 3345 est
1852 3300 2052 3356 autem,

474 3390 671 3444 Rursus
694 3388 1082 3457 cruciﬁgentes?
1104 3386 1184 3440 Ab
1212 3385 1361 3438 initio
1388 3399 1510 3438 eum
1539 3383 1715 3437 denuo
1743 3382 2056 3451 cruciﬁgen-

475 3492 575 3536 tes.
601 3480 731 3536 Nam
755 3490 813 3535 ut
832 3480 1081 3534 Christus
1103 3485 1345 3531 mortuus
1367 3484 1450 3530 est
1479 3477 1531 3529 in
1564 3490 1744 3536 cruce,
1775 3474 1846 3527 ita
1874 3490 1970 3526 nos
2000 3474 2053 3527 in

474 3571 816 3640 baptismate,
850 3586 954 3624 non
985 3583 1172 3633 carne,
1202 3566 1294 3622 sed
1322 3576 1563 3636 peccato.
1596 3564 1730 3620 Vide
1760 3572 1983 3618 mortem
2004 3575 2058 3618 et

475 3672 737 3719 mortem:
769 3663 859 3717 ille
890 3671 1131 3715 mortuus
1159 3660 1314 3714 estin
1341 3673 1525 3722 carne,
1559 3671 1659 3712 nos
1685 3664 1925 3726 peccato.
1957 3654 2060 3710 Per

474 3757 796 3826 baptismum
820 3764 975 3811 vetus
998 3760 1184 3807 uoster
1206 3750 1368 3804 homo
1393 3749 1637 3819 sepultus
1661 3755 1766 3812 est,
1794 3752 1849 3799 et
1876 3761 2056 3802 resur-

474 3849 620 3904 resit
643 3863 829 3911 novus,
854 3845 1149 3900 conformis
1173 3843 1344 3898 factus
1363 3840 1695 3897 similitudini
1718 3841 1901 3893 mortis
1921 3840 2058 3908 ejus.

476 3939 534 3994 Si
549 3954 676 4009 ergo
694 3952 914 3993 necesse
934 3944 1016 3990 est
1038 3948 1224 3989 rursus
1245 3934 1522 4003 baptizari,
1550 3946 1773 3987 necesse
1789 3944 1865 3985 εει
1887 3931 2057 4000 ipsum

479 4045 665 4085 rursus
691 4030 863 4083 mori:
895 4028 1157 4096 baptisma
1186 4026 1328 4080 enim
1360 4026 1493 4079 nihil
1530 4034 1613 4078 est
1640 4038 1798 4093 quam
1832 4022 1948 4091 ejus
1971 4022 2061 4091 qui

480 4122 783 4189 baptizatur
812 4118 1131 4186 peremptio,
1162 4124 1216 4169 et
1238 4115 1380 4168 illius
1402 4114 1705 4168 suscitatio.
1725 4113 2063 4182 Etprzeclare

482 4212 639 4277 dixit,
678 4209 903 4263 Rursum
928 4208 1316 4276 cruciﬁgentcs:
1336 4220 1457 4259 nam
1487 4205 1579 4274 qui
1612 4205 1713 4258 hoc
1742 4202 1887 4269 facit,
1932 4213 2063 4257 tam-

486 4317 644 4373 quam
675 4299 867 4370 prioris
888 4299 1071 4368 gratia:
1090 4298 1311 4364 oblitus,
1334 4298 1522 4368 ignave
1550 4304 1605 4351 et
1623 4295 1882 4351 dissolute
1902 4296 2064 4350 vitam

485 4406 637 4446 suam
663 4390 790 4460 agit,
824 4389 1008 4458 sicque
1030 4388 1207 4442 omnia
1238 4386 1374 4458 gerit
1401 4397 1669 4458 tamquam
1712 4388 1781 4441 sit
1799 4385 1944 4442 aliud
1973 4387 2066 4440 ba-

488 4480 1071 4553 ptisma.Quamobrem
1090 4487 1174 4534 est
1189 4478 1567 4533 attendendum
1588 4487 1642 4532 et
1662 4476 1963 4532 adhibenda
1987 4483 2071 4530 est

487 4574 683 4631 cautio.
705 4572 843 4641 Quid
860 4580 961 4633 est,
987 4569 1321 4626 Gustaverunt
1341 4571 1491 4625 etiam
1510 4571 1697 4625 donum
1714 4569 1941 4624 cwle:te?
1961 4567 2073 4623 Hoc

489 4673 591 4729 est,
624 4662 994 4718 remissionem
1038 4660 1541 4731 peccatorumzboc
1579 4660 1721 4714 enim
1766 4659 1933 4713 solius
1976 4657 2069 4710 Dei

490 4764 575 4811 est
597 4754 819 4817 donare,
849 4761 903 4807 et
924 4752 1038 4806 lucc
1064 4750 1233 4822 gratia
1253 4749 1419 4805 semel
1440 4759 1523 4805 est
1544 4749 1737 4820 gratia.
1763 4748 1899 4814 Quid
1921 4745 2076 4817 ergo?

489 4846 798 4900 manebimus
834 4846 886 4898 in
913 4853 1115 4914 peccato
1157 4851 1211 4896 ut
1240 4841 1457 4895 abundet
1502 4840 1706 4913 gratia?
1729 4840 1869 4893 Absit
1897 4838 2073 4910 (Rom.

492 4939 545 4993 6.
580 4940 631 4993 l.
660 4936 739 5009 2).
773 4937 829 4991 Si
859 4947 1036 4991 autem
1070 4950 1283 5004 semper
1310 4934 1445 4990 salvi
1475 4935 1637 4988 futuri
1663 4948 1849 5011 sumus
1876 4932 2072 5003 gratia,

494 5043 784 5097 numquam
826 5026 1029 5081 erimus
1065 5023 1210 5078 boni.
1243 5024 1374 5079 Nam
1402 5025 1469 5091 si,
1513 5023 1604 5078 ubi
1644 5039 1746 5078 una
1775 5030 1859 5077 est
1884 5021 2075 5092 gratia,

512 5122 591 5175 sic
621 5135 833 5189 qumque
861 5133 1046 5173 sumus
1077 5119 1252 5189 ignavi
1298 5126 1353 5174 et
1399 5118 1684 5183 socordes;
1730 5119 1775 5173 si
1823 5120 2081 5173 sciremus

512 5212 776 5266 abluenda
821 5226 1008 5266 rursus
1039 5220 1274 5281 peccata,
1322 5224 1729 5267 cessaremusne
1753 5225 1783 5264 a
1814 5208 2086 5278 peccatis?

515 5305 626 5374 Ego
641 5304 857 5374 quidem
892 5304 1110 5357 minime
1130 5303 1343 5373 opinor.
1373 5301 1534 5355 Multa
1563 5301 1647 5355 hic
1671 5300 1904 5355 ostendit
1922 5299 2083 5364 dona,

513 5404 569 5447 et
598 5403 654 5446 ut
681 5393 949 5463 intelligas
978 5391 1139 5447 audi:
1166 5392 1444 5462 Dignatus,
1489 5390 1679 5460 inquit,
1726 5404 1784 5444 es
1831 5396 1971 5443 tanta
2004 5404 2088 5442 rc-

515 5483 803 5537 tniss'ione:
836 5483 926 5552 qui
954 5483 1176 5536 sedebat
1205 5483 1255 5535 in
1287 5481 1542 5545 tenebris,
1579 5480 1669 5549 qui
1703 5479 1966 5542 inimicus,
1995 5478 2085 5548 qui

518 5573 710 5633 bustis,
742 5572 829 5641 qui
855 5573 1205 5635 abalienatus,
1238 5572 1328 5641 qui
1355 5572 1460 5624 Deo
1483 5570 1703 5635 invisus,
1723 5570 1808 5639 qui
1828 5570 2084 5640 perditus,

514 5662 559 5711 is
592 5671 805 5727 repente
827 5662 1175 5726 illuminatus,
1198 5661 1388 5731 spiritu
1405 5660 1674 5730 dignatus,
1693 5660 1836 5712 dnuo
1861 5658 2084 5724 caelesti,

515 5751 800 5821 adoptione
826 5754 877 5809 in
908 5754 1098 5822 ﬁlium,
1134 5769 1300 5825 regno
1330 5753 1554 5824 cielesti,
1585 5752 1704 5808 aliis
1732 5752 1904 5816 bonis,
1934 5767 2085 5807 arca-

1260 361 1319 418 S.
1345 357 1619 416 JOANNKS
1654 344 2128 410 CIIRYSOSTOM!
2165 339 2478 397 ARClllEP.
2519 334 3048 396 CONSTANTINCP.

3662 322 3734 382 80

2140 457 2221 511 nis
2246 459 2536 529 mysteriis,
2563 468 2618 512 et
2647 474 2714 512 ne
2743 459 2822 512 sic
2870 458 3087 526 quidem
3118 456 3308 512 melior
3337 456 3589 522 effectus;
3622 460 3717 513 sed

2140 540 2257 606 eum
2275 549 2345 604 sit
2365 550 2577 619 quidem
2602 549 2791 619 dignus
2813 550 2901 618 qui
2925 557 3127 618 pereat,
3152 550 3375 603 salutem
3398 561 3717 619 assequntus

2139 650 2192 695 et
2217 641 2474 695 honorem
2500 651 2766 710 tamquam
2800 640 2891 709 qui
2919 640 3174 708 prmclare
3198 655 3261 693 ex
3294 641 3492 694 virtute
3511 658 3570 694 se
3600 657 3722 710 ges-

2139 730 2317 794 sisset,
2360 730 2628 800 quomodo
2666 744 2854 784 rursus
2901 731 3135 800 potuerit
3176 729 3471 800 baptizari?
3502 731 3721 786 Duobus

2140 836 2267 890 ergo
2296 822 2470 875 modis
2501 837 2613 874 rem
2641 820 2775 875 dixit
2799 836 2906 874 non
2938 835 3093 890 posse
3121 819 3257 887 ﬁeri,
3288 829 3351 876 et
3369 836 3492 875 eum
3523 823 3612 892 qui
3639 832 3725 878 est

2142 912 2347 965 ﬁrmior
2376 921 2431 965 et
2477 910 2700 965 validior
2745 911 2924 979 posuit
2973 911 3240 979 posterius
3275 927 3288 963 :
3322 926 3429 965 uno
3478 912 3719 982 quidem,

2139 1004 2281 1074 quod
2305 1019 2406 1058 non
2427 1013 2508 1058 est
2524 1003 2736 1072 dignus,
2763 1002 2852 1072 qui
2876 1011 2959 1057 est
2983 1004 3144 1057 rebus
3167 1002 3427 1072 ejusmodi
3448 1003 3722 1072 dignatus,

2144 1105 2198 1151 et
2223 1097 2401 1151 omnia
2431 1112 2550 1166 quae
2579 1097 2683 1151 sibi
2722 1105 2847 1150 sunt
2888 1095 3083 1150 donata
3126 1094 3381 1164 prodidit,
3432 1104 3490 1149 ut
3533 1110 3725 1151 rursus

2146 1196 2463 1252 renovetur;
2493 1188 2685 1253 altero,
2718 1186 2861 1256 quod
2889 1186 3001 1240 ﬁeri
3030 1201 3133 1239 non
3162 1195 3340 1255 potest
3371 1195 3427 1239 ut
3458 1187 3572 1255 ipse
3596 1202 3725 1242 rur-

2143 1293 2235 1331 sus
2261 1277 2639 1344 cruciﬁgatur:
2669 1275 2771 1329 hoc
2796 1275 2937 1328 enim
2969 1283 3052 1329 est
3088 1276 3323 1329 ostentui
3367 1273 3601 1342 habere,
3620 1291 3723 1331 seu

2144 1366 2444 1421 traducere.
2463 1364 2581 1420 Non
2601 1373 2683 1421 est
2703 1380 2850 1434 ergo,
2876 1378 2979 1418 non
3006 1372 3089 1420 est
3113 1364 3404 1419 secundum
3426 1364 3724 1423 lavacrum:

2143 1459 2189 1513 si
2216 1468 2297 1513 est
2325 1467 2525 1523 autem,
2569 1466 2653 1511 est
2694 1458 2908 1511 tertium
2951 1456 3110 1511 etiam
3156 1464 3212 1510 et
3259 1466 3543 1525 quartum:
3575 1457 3725 1526 prius

2145 1552 2286 1606 enim
2318 1565 2529 1619 semper
2555 1549 2867 1603 dissolvitur
2894 1564 2925 1602 a
2953 1547 3263 1616 posteriori,
3294 1558 3346 1601 et
3372 1547 3474 1601 hoc
3509 1563 3733 1618 semper.

2145 1642 2213 1695 ab
2236 1642 2372 1704 alio;
2406 1640 2567 1710 idque
2593 1641 2647 1693 in
2679 1638 2963 1693 inﬁnitum.
2988 1637 3120 1692 Cum
3143 1637 3365 1692 dixisset
3389 1646 3590 1704 autem,
3614 1639 3726 1693 Gu-

2145 1745 2399 1790 staverunt
2416 1735 2598 1788 bonum
2622 1733 2718 1787 Dei
2732 1733 2955 1793 verbum,
2977 1734 3277 1803 virtutesque
3301 1734 3474 1786 δαισαιὶ
3493 1735 3691 1788 venturi
3703 1751 3741 1802 ;_

2148 1841 2254 1880 non
2285 1825 2337 1880 id
2364 1826 2613 1894 explicat,
2643 1825 2736 1879 sed
2765 1822 3087 1890 subindicat,
3120 1837 3183 1877 ac
3201 1824 3243 1877 si
3274 1822 3513 1878 diceret:
3538 1825 3728 1880 vivere

2140 1922 2408 1984 tamquam
2442 1916 2683 1985 angelos,
2712 1932 2777 1971 ex
2810 1916 2881 1971 iis
2905 1933 3022 1987 qua:
3061 1916 3145 1972 hic
3183 1925 3311 1971 sunt
3350 1918 3729 1984 nuliiusindi-

2148 2019 2296 2074 gere,
2327 2005 2465 2059 scire
2491 2005 2631 2074 quod
2661 2005 2893 2061 ﬁliorum
2921 2006 3133 2076 adoptio
3162 2008 3315 2062 nobis
3346 2006 3512 2063 futuri
3534 2011 3721 2064 saeculi

2146 2092 2284 2148 bona
2347 2093 2619 2162 attribuat,
2674 2105 2982 2164 exspectare
3035 2096 3411 2152 admissionem
3462 2099 3731 2170 inadyta

2153 2183 2237 2236 illa
2266 2201 2279 2236 :
2308 2182 2423 2238 huc
2466 2185 2594 2239 licet.
2618 2200 2712 2254 per
2754 2187 2996 2256 spiritum
3031 2186 3258 2241 discere.
3289 2187 3547 2253 Quaenam
3577 2199 3729 2254 sunt,

2162 2270 2382 2326 Virtutes
2426 2275 2587 2343 futuri
2631 2275 2848 2328 sceculi?
2881 2276 2994 2339 Vita
3043 2287 3263 2342 :eterna,
3309 2277 3549 2347 angelica
3602 2279 3735 2333 vita:

2152 2362 2432 2416 institutio.
2461 2364 2660 2418 Ilorum
2701 2364 2819 2435 jam
2858 2366 3074 2420 arrbam
3104 2368 3406 2435 accepimus
3440 2383 3537 2436 per
3564 2367 3736 2424 ﬁdem

2149 2468 2177 2505 a
2208 2453 2428 2523 Spiritu.
2480 2455 2576 2509 Dic
2630 2471 2778 2526 ergo,
2828 2458 2872 2510 si
2926 2456 2978 2509 in
3038 2457 3239 2527 regiam
3287 2471 3437 2512 esses
3481 2458 3734 2514 introdu.

2152 2554 2288 2611 ctus,
2340 2557 2393 2600 et
2434 2563 2553 2616 qua:
2595 2558 2719 2602 sunt
2770 2549 2880 2603 iliic
2925 2551 3102 2604 omnia
3136 2551 3226 2605 tibi
3269 2561 3451 2605 essent
3496 2552 3749 2622 credita,.

2151 2635 2345 2690 deinde
2373 2637 2701 2706 prodidisses
2740 2640 2938 2705 omnia,
2982 2655 3115 2695 eane
3157 2642 3250 2695 tibi
3294 2657 3483 2696 rursus
3528 2643 3731 2698 crede-

2152 2728 2368 2780 rentur?

2223 2822 2276 2875 4.
2317 2820 2362 2888 Q
2386 2820 2450 2875 uid
2480 2822 2639 2892 ergo?
2666 2822 2855 2892 inquit,
2888 2838 2992 2878 non
3020 2832 3100 2878 est
3126 2825 3472 2894 paenitentia?
3495 2825 3591 2881 Est
3616 2841 3753 2896 pce.

2156 2913 2374 2966 nittnzia
2402 2914 2637 2983 quidem,
2661 2923 2716 2967 at
2741 2930 2869 2969 vero
2893 2930 2994 2969 non
3023 2927 3104 2970 est
3126 2917 3419 2988 secundum
3443 2918 3736 2987 baptisma.

2158 3004 2252 3058 Est
2271 3013 2448 3059 autem
2477 3005 2791 3074 pmuitentia
2817 3021 2935 3075 quae
2963 3022 3208 3077 magnam
3254 3006 3412 3063 habet
3441 3010 3566 3073 vim,
3612 3027 3743 3080 qua:

2160 3106 2336 3166 potest
2363 3111 2484 3150 eum
2516 3096 2603 3164 qui
2632 3104 2715 3149 est
2743 3097 2977 3165 peccatis
3003 3098 3310 3164 immersus,
3332 3100 3379 3153 si
3416 3099 3562 3166 velit,
3588 3101 3734 3156 libe~

2158 3202 2279 3240 rare
2299 3186 2365 3240 ab
2386 3200 2551 3240 onere
2577 3194 2933 3255 peccatorum,
2958 3198 3011 3241 et
3028 3202 3146 3241 eum
3171 3189 3259 3257 qui
3284 3197 3370 3242 est
3394 3190 3443 3242 in
3468 3191 3745 3258 periculo,

2159 3277 2210 3330 in
2241 3286 2353 3330 tuto
2378 3276 2665 3339 collocare,
2697 3276 2906 3331 etiamsi
2934 3278 3141 3332 venerit
3167 3279 3218 3332 in
3247 3278 3422 3344 ipsum
3463 3280 3572 3334 vitii
3605 3296 3741 3350 pro-

2160 3365 2400 3421 fundum.
2432 3366 2488 3420 Id
2518 3375 2694 3420 autem
2738 3383 2803 3420 ex
2855 3367 3038 3421 multis
3075 3377 3157 3422 est
3186 3370 3540 3439 perspicuum.
3571 3369 3743 3435 Num,

2162 3459 2351 3527 inquit,
2394 3458 2482 3527 qui
2530 3458 2666 3510 cadit
2697 3474 2800 3511 non
2841 3458 3099 3527 resurgit?
3127 3469 3214 3512 aut
3244 3442 3332 3529 qui
3370 3471 3444 3514 est
3468 3462 3753 3528 adversus,

2160 3565 2259 3602 non
2288 3550 2597 3602 convertitur
2625 3547 2762 3617 (Jer.
2798 3549 2851 3603 8.
2883 3548 2976 3619 4)?
3006 3550 3205 3613 Potest,
3235 3553 3278 3604 si
3308 3551 3552 3616 velimus,
3580 3552 3746 3608 Chri-

2162 3648 2277 3694 stus
2307 3639 2358 3693 in
2388 3640 2542 3692 nubis
2570 3655 2755 3693 rursus
2785 3639 3003 3693 formari
3031 3658 3043 3694 :
3073 3640 3195 3693 audi
3226 3643 3367 3695 enim
3402 3641 3623 3696 Paulum
3652 3642 3746 3698 di-

2162 3737 2370 3783 centem
2395 3745 2407 3781 :
2434 3727 2615 3782 Filioli
2641 3729 2758 3794 mei,
2786 3745 2910 3798 quos
2939 3731 3120 3783 iterum
3152 3733 3402 3798 parturio,
3433 3732 3593 3788 donec
3634 3737 3749 3804 for-

2163 3828 2323 3872 metur
2351 3818 2585 3873 Christus
2610 3820 2663 3873 in
2688 3819 2825 3874 vobis
2855 3819 2995 3891 (Gal.
3018 3822 3076 3876 4.
3107 3820 3195 3891 19)
3220 3838 3234 3875 :
3264 3823 3586 3892 attingamus
3616 3834 3746 3880 tan-

2166 3919 2274 3964 tum
2296 3911 2685 3979 paenitentiam.
2716 3911 2848 3965 Nam
2881 3911 3001 3965 vide
3030 3913 3118 3965 Dei
3152 3912 3534 3980 benignitatem
3557 3924 3612 3969 et
3637 3916 3755 3970 cle-

2165 4002 2416 4055 mentiam
2458 4019 2472 4054 :
2500 4002 2781 4069 Oportebat
2805 4017 2904 4056 nos
2928 4003 3073 4055 omni
3111 4002 3269 4056 modo
3292 4004 3462 4070 puniri
3486 4003 3537 4058 in
3564 4005 3742 4068 initio,

2172 4078 2333 4145 quod,
2365 4092 2486 4130 cum
2514 4089 2568 4132 et
2597 4079 2766 4150 legem
2794 4084 3190 4153 accepissemus
3228 4086 3545 4151 naturalem,
3567 4096 3624 4142 et
3655 4090 3759 4142 ad-

2174 4168 2277 4235 epti
2308 4167 2444 4222 bona
2472 4184 2714 4226 essemus
2742 4174 3172 4242 innumerabilia,
3207 4187 3262 4232 ct
3291 4179 3573 4234 Dominum
3601 4182 3763 4250 igno—

2174 4257 2484 4325 rarerimus,
2520 4261 2882 4334 impuramque
2911 4276 2966 4321 et
2996 4267 3329 4322 immundam.
3351 4271 3514 4323 vitam
3542 4271 3756 4325 vixeri-

2175 4362 2328 4402 mus:
2360 4349 2446 4402 ille
2485 4363 2664 4405 autem
2712 4370 2817 4408 non
2848 4355 3019 4410 solum
3065 4371 3170 4410 non
3215 4360 3405 4426 puniit,
3451 4359 3544 4413 sed
3590 4360 3758 4414 etiam

2175 4438 2312 4493 bona
2359 4440 2614 4510 impertiit
2656 4445 2957 4510 innumera,
3003 4448 3224 4516 perinde
3253 4459 3413 4519 atque
3441 4450 3486 4503 si
3515 4465 3603 4506 res
3634 4467 3758 4504 ma-

2174 4543 2302 4597 guas
2333 4539 2386 4583 et
2413 4534 2696 4600 prmclaras
2721 4539 3100 4605 gessissemus.

2181 4662 2189 4679 ,
2245 4620 2562 4679 Pwnitcntite
2589 4627 2660 4680 vis
2685 4643 2889 4699 magna.
2912 4659 2984 4670 —
3005 4630 3202 4685 lterum
3234 4631 3365 4701 lapsi
3390 4648 3592 4698 sumus,
3614 4642 3763 4688 etne

2174 4710 2251 4763 sic
2274 4712 2487 4780 quidem
2523 4716 2693 4784 punit,
2723 4717 2815 4771 sed
2843 4717 2988 4772 dedit
3012 4719 3455 4774 medicamentum
3485 4722 3760 4790 paeniten—

2178 4800 2262 4854 liu:
2292 4802 2432 4871 quod
2461 4803 2655 4860 sufﬁcit
2682 4807 2747 4861 ad
2794 4808 3021 4864 delenda
3074 4821 3130 4867 et
3169 4812 3528 4882 abstergeuda
3572 4816 3779 4870 omnia»

2178 4901 2391 4960 peccata
2424 4905 2625 4959 nostra,
2656 4897 2699 4951 si
2732 4899 2891 4953 modo
2922 4902 3168 4963 novimus
3208 4902 3509 4968 cujusmodi
3544 4904 3616 4958 sit
3643 4919 3770 4958 me-

2175 4980 2559 5054 dicamentum,
2584 4997 2639 5042 et
2667 4990 2935 5059 quomodo
2962 4992 3013 5045 id
3040 4992 3109 5046 sit
3134 4993 3529 5062 applicandum.
3564 4992 3773 5062 Cujus-

2176 5073 2318 5126 modi
2337 5091 2463 5146 ergo
2481 5087 2562 5133 est
2580 5079 3024 5136 medicamentum
3050 5083 3394 5151 ρωηίιθιιιίω,
3417 5092 3471 5137 et
3486 5082 3774 5152 quomodo

2176 5164 2489 5218 conficitur?
2526 5166 2763 5222 Primum
2793 5179 2876 5224 est
2905 5185 2970 5225 ex
3011 5186 3228 5225 suorum
3261 5182 3602 5241 peccatorum
3629 5187 3783 5228 con-

2178 5252 2541 5325 demnatione,
2590 5268 2644 5313 et
2687 5277 2752 5314 ex
2790 5261 3132 5318 confessione
3172 5280 3187 5317 :
3236 5264 3509 5328 Detictum,
3557 5264 3775 5335 inquit,

2177 5362 2339 5400 meum
2369 5350 2626 5419 cognitum
2656 5352 2745 5405 tibi
2785 5353 2904 5420 feci,
2937 5363 2983 5407 et
3012 5364 3271 5424 peccatum
3318 5371 3484 5408 meum
3531 5372 3632 5409 non
3672 5358 3778 5408 ab-

2176 5438 2382 5502 scondi;
2408 5449 2479 5504 et,
2515 5438 2871 5497 Pronuntiubo
2900 5454 3079 5497 contra
3118 5460 3196 5498 me
3238 5445 3556 5515 iniquitatem
3595 5461 3782 5500 meam

2178 5529 2420 5599 Domino,
2448 5542 2495 5586 et
2512 5543 2566 5585 tu
2586 5534 2820 5588 remisisti
2840 5536 3148 5605 impietatem
3168 5536 3334 5590 cordis
3355 5537 3452 5589 mei
3474 5533 3646 5607 (Psal.
3666 5537 3737 5590 3!
3758 5577 3777 5591 .

2178 5624 2232 5678 5.
2265 5622 2340 5692 6).
2373 5623 2440 5678 Et
2468 5624 2781 5689 iterum,Dic
2806 5636 3014 5696 peccata
3058 5637 3147 5680 tua
3192 5627 3353 5696 prior,
3386 5636 3439 5679 ut
3454 5625 3783 5697 justiﬁeeris

2184 5715 2335 5787 (lsai.
2361 5717 2448 5775 45.
2473 5717 2602 5789 26);
2628 5726 2704 5789 et,
2732 5719 2765 5776 Ι
2772 5730 2911 5778 ustus
2935 5731 3012 5778 est
3037 5723 3117 5778 sui
3143 5730 3405 5777 accusator
3429 5722 3481 5777 in
3507 5721 3787 5791 principio
