3956 6138
220 301 285 356 -81
1064 307 1128 362 IN
1172 303 1390 361 EPIST.
1435 303 1524 358 AD
1568 299 1924 358 tltZBBEOS.
1959 301 2112 356 CAP.
2143 300 2228 357 Vl.
2264 297 2474 355 HUMH.
2524 297 2616 356 IX.
3421 297 3492 352 8?.

233 408 479 461 sermonis
504 408 687 478 (Prov.
715 409 801 466 18.
830 411 938 480 17).
960 410 1206 468 Secundo
1228 430 1292 468 ex
1313 420 1476 469 multa
1498 416 1812 474 humilitate:

239 506 321 552 est
349 499 490 551 enim
532 499 699 553 veluti
731 500 974 568 quardam
1005 513 1192 557 eatena
1221 519 1405 567 aurea,
1448 516 1502 559 et
1539 509 1582 560 si
1611 508 1818 564 initium

237 590 438 657 ceperit
480 601 790 659 sequuntur
838 595 1039 647 omnia.
1071 594 1205 649 Nam
1244 599 1287 650 si
1335 609 1612 666 peccatum
1655 600 1818 656 fueris

238 680 517 734 conifessus
543 691 601 735 ut
631 685 1125 750 oportetcontiteri,
1151 685 1210 739 lit
1234 685 1450 742 humilis
1470 689 1645 744 anima
1667 708 1680 742 :
1701 705 1820 746 eam

238 771 379 830 enim
409 785 630 824 versans
658 782 712 824 et
741 774 948 841 agitans
972 775 1317 839 conscientia,
1343 776 1578 832 eflicitut
1608 779 1676 834 sit
1701 794 1824 836 con-

242 870 425 917 tracta.
455 860 680 929 Oportet
710 873 890 917 autem
915 864 1016 916 alia
1040 879 1251 934 quoque
1279 866 1476 923 addere
1507 867 1820 936 humilitati,

239 949 283 1001 si
307 950 426 1003 talis
447 950 518 1002 sit
544 950 760 1018 qualem
796 951 982 1005 beatus
1010 952 1172 1008 David
1198 954 1448 1020 habebat,
1477 956 1689 1016 dicens:
1721 958 1824 1016 Cor

242 1045 483 1094 inutilium
509 1057 624 1095 εγω
645 1042 699 1094 in
721 1059 799 1096 me
821 1043 994 1108 Deus;
1021 1053 1075 1098 et
1107 1048 1320 1113 iterum,
1348 1047 1446 1101 Cor
1478 1052 1746 1102 contritum
1777 1059 1822 1104 et

245 1133 560 1185 Iunniliatum
590 1132 727 1185 Deus
754 1150 854 1187 non
881 1135 1118 1203 despiciet
1141 1135 1309 1208 (Psal.
1331 1139 1419 1194 50.
1449 1140 1534 1192 12.
1557 1141 1669 1210 19).
1690 1142 1820 1196 Nam

243 1223 383 1291 quod
413 1231 498 1276 est
527 1224 844 1287 contritum,
884 1241 988 1278 non
1019 1229 1277 1298 exsurgit,
1311 1245 1414 1283 non
1447 1229 1591 1296 ferit,
1623 1233 1718 1288 sed
1743 1244 1825 1288 est

246 1326 481 1382 paratum
511 1313 734 1368 ad‘malc
758 1315 1084 1384 patiendum,
1103 1318 1273 1387 ipsum
1297 1329 1476 1374 autem
1498 1337 1604 1374 non
1632 1338 1824 1378 exsur-

241 1407 337 1476 git.
367 1404 514 1458 Talis
543 1415 624 1458 est
663 1406 844 1460 cordis
872 1409 1154 1472 contritio;
1187 1410 1398 1465 etiamsi
1437 1410 1622 1466 affecta
1665 1414 1825 1469 fuerit

245 1497 588 1560 contumelia,
620 1498 830 1553 etiamsi
863 1500 1002 1553 male
1029 1515 1209 1569 passa,
1234 1502 1481 1570 quiescit,
1516 1519 1613 1558 nec
1638 1507 1822 1558 conci-

249 1586 396 1629 tatur
421 1578 484 1631 ad
512 1579 820 1634 vindictam.
853 1581 978 1636 Post
1004 1582 1356 1640 humilitatem
1386 1601 1514 1643 vero
1541 1603 1675 1656 opus
1713 1599 1816 1653 est,

247 1669 473 1724 intensis
496 1673 767 1741 precibus,
800 1674 984 1727 multis
1013 1675 1285 1746 lacrymis,
1313 1686 1366 1734 et
1400 1679 1631 1736 interdiu
1651 1689 1705 1736 ct
1727 1699 1822 1737 no-

241 1767 365 1812 ctu:
395 1758 599 1813 Lavabo
625 1762 789 1827 enim,
810 1763 1001 1833 inquit,
1050 1783 1140 1836 per
1182 1768 1412 1839 singulas
1439 1781 1609 1824 noctes
1639 1773 1822 1826 lectum

243 1865 444 1912 meum;
475 1852 714 1922 lacrymis
753 1855 875 1907 meis
913 1865 1126 1910 stratum
1166 1875 1328 1912 meum
1355 1861 1530 1929 rigabo
1549 1877 1568 1925 ;
1597 1862 1824 1916 laboraui

235 1938 297 1989 in
323 1940 512 2005 gemitu
549 1957 659 1994 meo
690 1942 860 2014 (Psal.
889 1945 942 1998 ϐ.
976 1947 1052 2016 7).
1083 1947 1149 2000 Ει
1177 1947 1366 2002 iterum
1395 1967 1408 2003 :
1446 1950 1699 2016 Quoniam
1745 1954 1820 2006 ci-

245 2045 414 2081 nerem
437 2037 695 2100 tamquam
729 2050 911 2099 panem
941 2037 1328 2104 mandacabam,
1358 2049 1402 2092 et
1441 2051 1612 2109 potum
1659 2061 1824 2098 meum

241 2135 356 2172 cum
374 2123 500 2191 ﬂetu
521 2123 788 2176 miscebam
815 2124 983 2196 (Psal.
1011 2127 1131 2181 101.
1159 2129 1272 2197 10).
1297 2131 1361 2182 Εῑ
1384 2141 1503 2200 pOst
1525 2135 1821 2188 orationem

245 2210 377 2264 adeo
409 2211 672 2265 intensam
695 2217 857 2267 multa
887 2230 1019 2285 Opus
1045 2228 1126 2272 est
1154 2219 1512 2292 elcemosyna.
1543 2223 1655 2279 lloc
1681 2226 1825 2284 enim

246 2303 492 2370 estquod
527 2305 702 2359 reddit
749 2307 1036 2363 admodum
1087 2311 1321 2366 validum
1377 2315 1821 2372 medicamentum

248 2395 609 2460 ptenitentitez
639 2405 694 2451 et
737 2399 876 2452 sicut
910 2401 960 2453 iu
1011 2403 1341 2457 medicorum
1390 2405 1713 2474 adjumentis
1743 2418 1827 2464 est

251 2483 697 2542 medicamentum
721 2490 862 2558 quod
888 2492 1079 2546 multas
1100 2493 1313 2563 quidem
1337 2497 1479 2564 capit
1503 2497 1712 2561 herbas,
1732 2499 1826 2555 sed

249 2590 405 2629 unam
432 2593 553 2647 qu:e
599 2580 810 2635 obtinet
857 2582 1244 2652 principatum:
1275 2587 1345 2638 ita
1378 2589 1536 2642 etiam
1569 2591 1620 2642 in
1651 2593 1826 2659 pomi-

251 2669 410 2720 tentia
442 2669 556 2722 htec
584 2680 666 2723 est
696 2674 960 2740 pra'cipna
1003 2674 1200 2738 herba,
1247 2686 1302 2730 et
1348 2679 1457 2742 ipsa
1510 2689 1674 2735 totum
1722 2692 1824 2737 est.

253 2757 385 2811 Audi
420 2760 565 2813 enim
599 2762 725 2830 quid
758 2762 934 2819 divina
965 2765 1105 2819 dicat
1133 2766 1440 2834 Scriptura:
1470 2769 1596 2822 Date
1616 2772 1832 2828 cleemo-

253 2866 447 2918 sgnum,
480 2861 526 2904 et
548 2854 717 2904 omnia
743 2864 889 2910 erunt
917 2857 1050 2911 vobis
1090 2859 1279 2910 mumta
1311 2860 1461 2929 (an.
1508 2863 1595 2917 11.
1627 2865 1745 2931 tl);
1779 2875 1832 2919 et

257 2942 464 3001 iterum,
501 2939 850 3012 Eleemosynis
886 2954 930 2997 et
958 2947 1058 3013 ﬁde
1099 2953 1410 3002 mandantur
1439 2964 1643 3020 peccata
1676 2954 1828 3020 (Tob.

255 3033 307 3086 4.
340 3033 469 3102 11);
518 3043 592 3098 et,
644 3031 823 3106 Ignem
873 3038 1217 3105 ﬂammantem
1263 3043 1544 3112 exstingtth
1587 3061 1739 3114 aqua,
1786 3055 1834 3100 et

257 3122 570 3192 eleemosyua
598 3134 882 3193 compescet
915 3143 1100 3196 magna
1139 3141 1343 3201 peccata
1399 3131 1584 3202 (Eccli.
1617 3134 1670 3188 5.
1707 3135 1830 3205 55).

260 3212 456 3267 Deinde
487 3230 592 3266 non
626 3215 805 3279 irasci,
828 3232 1002 3286 neque
1020 3219 1224 3288 injuria:
1243 3235 1479 3292 accepta:
1499 3226 1830 3294 meminisse,

257 3303 503 3356 omnibus
537 3314 750 3372 peccata
802 3307 1074 3362 remittere
1109 3327 1121 3361 :
1170 3308 1337 3366 Homo
1378 3314 1593 3382 homini,
1641 3317 1832 3384 inquit,

260 3404 472 3448 reservat
494 3395 648 3460 iram,
669 3408 715 3449 et
738 3397 880 3466 apud
900 3397 1165 3452 Dominum
1186 3405 1362 3470 quaerit
1384 3405 1627 3462 medelam
1645 3408 1832 3478 (Ecclt'.

259 3481 346 3536 23.
375 3484 452 3551 3).
486 3485 765 3552 Rcmittite,
814 3488 1004 3558 inquit,
1054 3500 1106 3543 ut
1145 3495 1428 3548 remittatur
1456 3498 1588 3551 vobis
1621 3499 1831 3569 (Matth.

260 3576 313 3628 6.
343 3574 453 3643 ﬂ).
487 3575 558 3628 Et
585 3575 774 3633 fratres
791 3578 859 3630 ab
883 3593 1066 3635 errore
1084 3593 1430 3640 convertere:
1466 3587 1620 3652 Vade,
1645 3590 1832 3658 inquit,

263 3675 308 3718 et
327 3675 555 3719 converte
584 3670 769 3737 fratres
799 3677 911 3722 tuos
939 3668 1086 3741 (Luc.
1120 3673 1210 3726 22.
1243 3675 1359 3745 52),
1413 3687 1471 3731 ut
1499 3681 1838 3735 remittantur

267 3755 352 3810 tibi
387 3766 603 3825 peccata
637 3767 749 3811 tua.
783 3757 852 3812 Et
877 3774 934 3814 se
959 3761 1010 3813 in
1036 3763 1342 3820 sacerdotes
1373 3776 1429 3821 ut
1457 3771 1708 3824 convenit
1740 3786 1837 3842 ge-

264 3865 414 3904 rere:
438 3848 502 3902 Et
519 3850 562 3903 si
589 3850 786 3920 fecerit,
808 3851 993 3921 inquit,
1016 3855 1265 3922 quispiam
1283 3868 1504 3926 peccata,
1529 3863 1838 3920 remittemur

263 3943 310 3995 ei
334 3942 468 4009 (Jac.
495 3943 549 3996 5.
586 3943 712 4012 15):
747 3958 840 3997 eos
868 3945 1002 4000 tueri
1033 3960 1096 3998 ac
1131 3958 1410 4016 protegere
1451 3951 1645 4019 quibus
1672 3952 1731 4006 lit
1756 3945 1847 4010 in-‘

263 4030 418 4099 juria,
454 4032 588 4084 iram
624 4047 729 4086 non
763 4033 980 4098 habere,
1013 4036 1191 4090 omnia
1240 4038 1442 4106 placide
1485 4051 1539 4098 et
1565 4044 1840 4101 moderate

269 4119 422 4173 terre.

339 4212 390 4265 5.
431 4210 626 4264 Annon
663 4213 968 4281 priusquam
991 4214 1330 4282 didicissetis,
1363 4221 1500 4290 quod
1543 4239 1638 4292 per
1665 4229 1838 4295 prmi-

277 4303 484 4355 tentiam
519 4301 668 4354 ablui
714 4313 934 4370 possunt
964 4317 1176 4374 peccata
1201 4350 1212 4366 .
1238 4311 1399 4362 eratis
1441 4315 1618 4373 anxii.
1661 4327 1716 4370 ut
1752 4319 1841 4388 qni

273 4393 476 4446 sciretis
509 4407 616 4444 non
647 4407 768 4445 esse
811 4393 950 4447 aliud
997 4396 1270 4450 lavacrum
1294 4440 1307 4456 ,
1339 4410 1390 4452 et
1423 4402 1488 4451 ilo
1517 4405 1661 4455 voltis
1693 4423 1838 4471 snam

271 4478 619 4548 abjeeeratis?
645 4480 796 4537 Nunc
813 4491 992 4538 autem
1019 4497 1140 4536 eum
1163 4496 1225 4536 ea
1250 4481 1568 4544 didiceritis,
1600 4495 1694 4549 per
1719 4495 1840 4548 qu:e

273 4579 411 4625 recte
438 4573 615 4640 agitur
663 4573 974 4641 poenitentia
1012 4581 1066 4628 et
1091 4572 1340 4627 remissio
1363 4613 1378 4638 ,
1411 4580 1464 4625 et
1489 4569 1629 4642 quod
1656 4568 1836 4624 omnia

276 4661 561 4726 poterimus
589 4661 824 4734 effugere
843 4704 860 4730 ,
888 4665 931 4717 si
958 4679 1019 4719 ea
1044 4673 1257 4718 utamur
1294 4672 1352 4717 ut
1380 4672 1625 4732 oportet,
1654 4675 1843 4731 quam-

277 4764 390 4805 nam
421 4769 771 4824 assequemur
804 4756 1010 4809 veniam
1037 4795 1054 4821 ,
1085 4756 1129 4809 si
1159 4771 1227 4809 ne
1270 4755 1321 4808 in
1366 4764 1598 4808 mentem
1629 4752 1842 4822 quidem

280 4843 426 4899 nobis
471 4847 690 4900 veniant
740 4855 922 4900 nostra
969 4845 1222 4914 peccata?
1269 4845 1398 4898 Nam
1428 4846 1471 4900 si
1516 4847 1618 4898 hoc
1655 4851 1840 4907 esset,

280 4934 446 4986 omnia
475 4944 656 4990 essent
681 4935 949 4990 confecta.
974 4935 1118 4991 Sicut
1139 4935 1282 4991 enim
1311 4936 1400 5005 qui
1429 4936 1620 4989 ostium
1650 4942 1732 4987 est
1758 4933 1842 4986 in-

280 5035 482 5088 gressus
503 5063 518 5088 ,
543 5034 624 5077 est
649 5025 830 5081 intus:
864 5025 942 5082 sic
963 5026 1049 5094 qui
1092 5026 1304 5094 propria
1340 5025 1474 5078 mala
1514 5024 1746 5093 cogitat,
1798 5023 1841 5075 si

283 5112 363 5167 illa
391 5125 642 5189 supputet
686 5119 926 5190 quotidie
946 5160 961 5184 ,
991 5121 1207 5176 omnino
1235 5119 1415 5174 veniet
1453 5117 1518 5170 ad
1543 5131 1725 5170 eorum
1753 5129 1844 5168 eu-

285 5207 532 5262 rationem
563 5225 578 5261 :
603 5209 687 5264 sin
711 5218 890 5268 autem
921 5208 1098 5266 dicat:
1128 5209 1257 5269 Sum
1282 5217 1555 5281 peccator,
1586 5221 1646 5260 ea
1667 5214 1843 5259 autem

287 5308 369 5360 per
411 5297 618 5366 species
643 5313 750 5356 non
785 5300 982 5371 cogitet
1015 5315 1076 5358 ac
1112 5309 1362 5370 supputct
1387 5341 1401 5362 ,
1430 5307 1616 5353 etnon
1662 5296 1840 5351 dicat:

288 5381 389 5442 lloe
409 5399 460 5441 et
501 5387 633 5444 illud
679 5400 959 5458 peccatum
987 5389 1211 5454 admisi;
1245 5403 1534 5457 numquam
1567 5385 1841 5448 cessabit,

284 5488 488 5544 semper
531 5478 750 5548 quidem
779 5477 1046 5536 confitens
1066 5520 1084 5544 ,
1115 5493 1295 5536 curam
1321 5486 1496 5532 autem
1527 5475 1725 5532 nullam
1753 5489 1856 5564 ge:

287 5580 399 5625 rens
441 5573 814 5633 correctionis.
857 5570 989 5630 Nam
1039 5573 1084 5628 si
1126 5567 1384 5642 coeperit,
1423 5571 1640 5623 omnino
1681 5569 1843 5623 etiam

283 5671 558 5727 sequentur
582 5664 684 5720 alia
709 5703 729 5733 ,
759 5663 808 5720 si
835 5664 891 5719 in
921 5677 1026 5722 uno
1053 5663 1350 5722 ostenderit
1374 5660 1608 5718 aditum:
1633 5674 1846 5731 semper

1913 400 2052 453 enim
2078 401 2398 470 principium
2431 411 2485 454 et
2508 397 2733 456 exordia
2761 405 2886 452 sunt
2913 395 3174 452 difficilia.
3209 395 3335 450 "me
3364 411 3492 465 ergo

1909 492 2168 558 jaciatnus
2211 501 2481 556 tamquam
2524 489 2911 554 fundamenta,
2939 497 2994 542 et
3043 487 3288 556 expedita
3333 498 3493 541 erunt

1911 583 2087 636 Omnia
2130 590 2184 636 et
2231 581 2498 636 facillima.

1985 672 2301 727 Pataitentiat
2343 672 2500 726 modi.
2558 672 2750 726 Rerum
2793 672 3133 724 humanarum
3179 671 3494 724 eanilas.-—-

1913 760 2228 830 Incipiamus
2259 778 2406 831 ergo,
2437 777 2601 830 rogo;
2635 763 2769 815 alius
2795 762 3008 830 quidem
3039 763 3262 816 intensis
3293 763 3493 816 utendo

1915 853 2190 920 precibus,
2214 857 2348 904 alius
2381 867 2506 905 vero
2533 852 2742 904 assidue
2773 852 3137 922 lacrymando,
3158 853 3292 905 alius
3314 862 3491 906 autem

1917 947 2230 999 manendo:
2265 961 2384 998 nam
2417 961 2483 998 ne
2530 945 2630 998 hoc
2659 944 2872 1014 quidem
2919 945 3060 1014 quod
3093 955 3172 999 est
3203 945 3338 998 adeo
3368 960 3490 1013 par-

1918 1052 2060 1100 vum,
2093 1048 2172 1091 est
2202 1038 2424 1090 inutile:
2465 1035 2579 1088 Vidi
2601 1076 2618 1100 ,
2652 1037 2858 1104 inquit,
2887 1038 3022 1104 quod
3052 1053 3262 1090 maerore
3311 1047 3384 1088 est
3412 1036 3498 1103 af-

1917 1131 2075 1197 fectus
2100 1172 2113 1191 ,
2147 1139 2190 1182 et
2228 1130 2500 1182 ambulavit
2542 1129 2699 1180 tristis
2722 1169 2735 1191 ,
2777 1136 2822 1180 et
2850 1129 3023 1181 curavi
3067 1130 3172 1182 vias
3201 1127 3311 1194 eius
3338 1128 3491 1195 (lsai.

1917 1221 2007 1278 57.
2043 1223 2151 1290 l7).
2181 1222 2376 1275 Omnes
2404 1230 2581 1275 autem
2626 1221 2963 1290 eleemosyna
2983 1261 2998 1283 ,
3027 1229 3082 1274 et
3111 1221 3366 1288 proximis
3403 1235 3494 1274 rc-

1918 1315 2179 1368 mittendo
2203 1325 2415 1383 peccata
2437 1356 2452 1380 ,
2485 1321 2540 1368 et
2567 1313 2777 1382 injuriae
2803 1321 3033 1381 accept-.e
3061 1328 3166 1364 non
3203 1310 3495 1365 recordan-

1920 1406 1988 1460 do
2008 1448 2022 1472 ,
2054 1421 2151 1460 nec
2181 1405 2526 1471 ulciscendo,
2561 1405 2790 1459 humiles
2819 1413 3028 1457 nostras
3060 1403 3345 1457 reddamus
3373 1404 3496 1456 ani-

1921 1511 2054 1548 nias.
2082 1495 2134 1550 Si
2162 1496 2372 1550 assidue
2400 1496 2694 1566 cogitemus
2723 1511 2784 1549 ea
2817 1510 2936 1562 qua:
2961 1493 3296 1561 peccavimus
3317 1532 3332 1556 ,
3359 1492 3490 1545 nihil

1917 1600 1981 1639 ex
2013 1585 2173 1640 rebus
2212 1586 2444 1640 externis
2469 1601 2566 1640 nos
2597 1586 2792 1656 poterit
2818 1585 3074 1638 extollere
3101 1602 3112 1636 :
3139 1601 3242 1637 non
3272 1584 3498 1648 (livitizr,

1920 1690 2025 1727 non
2060 1677 2315 1744 potentia,
2350 1692 2454 1729 non
2487 1675 2816 1745 principatus
2839 1685 2891 1728 et
2919 1675 3200 1741 imperium
3220 1715 3233 1738 ,
3266 1690 3372 1727 non
3400 1674 3497 1728 ho-

1922 1780 2019 1817 nor
2044 1783 2058 1829 ;
2082 1765 2172 1818 sed
2206 1766 2306 1821 etsi
2357 1767 2407 1819 in
2450 1766 2564 1833 ipso
2595 1766 2736 1836 regis
2757 1780 2916 1819 curru
2940 1764 3240 1817 sedcrimus
3264 1805 3279 1828 ,
3305 1764 3499 1819 acerbe

1919 1855 2350 1925 ingemiscemus.
2399 1855 2530 1911 Nam
2577 1856 2736 1910 etiam
2768 1856 2955 1909 beatus
3002 1855 3166 1908 David
3215 1865 3328 1909 erat
3355 1871 3446 1910 rex
3476 1895 3498 1922 ,

1921 1957 1973 2000 et
2001 1946 2242 2001 dicebat:
2283 1946 2484 2001 Lavabo
2513 1964 2601 2014 per
2629 1948 2858 2016 singulas
2886 1957 3057 2000 noctes
3099 1948 3285 2000 lectum
3331 1964 3499 2000 meum

1924 2035 2096 2102 (Psal.
2127 2037 2182 2092 6.
2213 2038 2304 2107 6);
2338 2053 2438 2092 nec
2486 2054 2548 2092 ex
2581 2054 2812 2108 purpura
2859 2049 2913 2093 et
2954 2055 3018 2093 ex
3049 2038 3350 2094 diademate
3398 2039 3498 2092 fuit

1929 2119 2115 2184 lmsus,
2163 2136 2260 2174 nec
2305 2123 2553 2191 superbia
2593 2127 2803 2179 elatus:
2839 2128 3042 2180 sciebat
3082 2128 3224 2180 enim
3274 2143 3332 2182 se
3381 2142 3504 2183 esse

1927 2209 2193 2265 hominem
2224 2229 2237 2263 :
2269 2223 2322 2265 et
2350 2215 2599 2280 quoniam
2629 2226 2744 2271 erat
2773 2220 3034 2272 contritus
3059 2219 3222 2273 corde
3242 2262 3257 2285 ,
3292 2219 3511 2274 lamen-

1929 2300 2156 2358 tabatur.
2205 2303 2341 2370 Quid
2373 2305 2514 2358 enim
2544 2315 2668 2360 sunt
2699 2321 2786 2361 res
2811 2307 3098 2361 humanm?
3125 2310 3261 2364 cinis
3293 2319 3347 2365 et
3392 2309 3507 2379 pul-

1928 2392 2007 2445 vis
2032 2433 2045 2454 ,
2081 2403 2132 2447 et
2164 2404 2435 2463 tamquam
2463 2397 2634 2466 pulvis
2667 2407 2790 2452 ante
2819 2400 3004 2453 faciem
3036 2401 3216 2464 venti,
3250 2399 3424 2456 fumus
3450 2409 3504 2456 et

1928 2484 2144 2548 umbra,
2171 2493 2223 2537 et
2251 2484 2432 2538 folium
2477 2486 2619 2556 quod
2647 2487 3020 2543 circumfertur
3064 2500 3115 2544 et
3159 2491 3288 2554 llos,
3320 2501 3372 2546 et
3414 2506 3508 2546 so-

1927 2577 2130 2630 mnium
2159 2586 2212 2630 et
2235 2579 2467 2632 narratio
2504 2588 2557 2632 et
2585 2579 2782 2644 fabula,
2812 2590 2998 2634 ventus
3024 2590 3078 2636 et
3107 2596 3199 2636 aer
3225 2582 3399 2636 mollis
3432 2593 3512 2636 te.

1929 2682 2076 2720 mere
2124 2667 2374 2720 difﬂuens
2404 2708 2419 2732 ,
2469 2684 2645 2736 penna
2701 2686 2804 2722 non
2857 2671 3158 2724 consistens
3190 2711 3204 2735 ,
3248 2671 3509 2727 fluentum

1926 2768 2354 2829 prmtcrcurrcns
2374 2802 2388 2825 ,
2423 2769 2475 2813 et
2502 2776 2620 2828 qua:
2647 2769 2770 2814 sunt
2796 2777 2954 2830 quam
2985 2764 3099 2816 ha'c
3127 2765 3292 2832 magis
3333 2764 3506 2818 nihili.

1927 2847 2062 2912 Quid
2098 2850 2238 2902 enim
2261 2892 2275 2914 ,
2309 2849 2395 2902 die
2423 2863 2606 2917 quaeso
2633 2889 2648 2914 ,
2681 2865 2930 2920 magnum
2975 2853 3290 2906 existimas?
3318 2869 3508 2922 quam-

1927 2955 2086 3008 quam
2142 2949 2298 3010 putas
2355 2957 2600 3011 magnam
2648 2958 2768 2997 esse
2827 2944 3180 3012 dignitatem?
3227 2946 3510 3000 consulis?

1930 3045 2050 3084 natu
2083 3030 2180 3085 hac
2206 3032 2463 3100 dignitate
2505 3033 2705 3086 nullam
2736 3035 3004 3088 existimat
3037 3036 3224 3105 vulgus
3250 3052 3370 3092 esse
3397 3053 3510 3092 ma—

1923 3121 2116 3190 jorem.
2147 3124 2222 3176 Eo
2253 3138 2382 3193 ergo
2421 3125 2507 3192 qui
2539 3133 2684 3178 tanto
2712 3123 2809 3178 fuit
2850 3125 3138 3194 splendore
3161 3169 3175 3192 ,
3205 3128 3294 3195 qui
3328 3127 3420 3182 fuit
3456 3129 3508 3182 in

1928 3228 2118 3283 magna
2159 3215 2367 3268 habitus
2407 3215 2796 3282 admiratione,
2831 3217 2877 3271 is
2915 3218 3001 3286 qui
3035 3235 3139 3271 non
3169 3230 3250 3273 est
3279 3221 3462 3274 consul
3489 3261 3505 3281 ,

1929 3307 2058 3362 nihil
2089 3307 2252 3362 habet
2280 3307 2456 3361 minus
2484 3325 2496 3361 :
2529 3318 2582 3362 et
2611 3308 2698 3363 hic
2723 3319 2778 3364 et
2805 3311 2892 3365 ille
2923 3322 3004 3366 est
3036 3312 3086 3365 in
3114 3313 3301 3367 eadem
3337 3314 3509 3383 digni-

1929 3407 2035 3453 tate
2062 3418 2073 3453 :
2105 3400 2348 3456 similiter
2371 3399 2582 3469 utrique
2618 3402 2775 3469 paulo
2805 3411 2919 3471 post
2947 3417 3052 3456 non
3084 3414 3262 3458 erunt.
3286 3403 3512 3471 Quando

1928 3488 2022 3543 fuit
2054 3533 2068 3558 ,
2114 3503 2312 3559 quanto
2346 3501 2586 3560 tempore
2612 3533 2626 3557 ,
2675 3491 2762 3545 die
2805 3492 2974 3546 mihi?
3002 3493 3229 3548 duorum
3259 3495 3464 3548 dierum
3487 3495 3512 3546 ἲ

1930 3579 2032 3633 hoc
2057 3583 2216 3633 etiam
2253 3581 2309 3634 lit
2341 3581 2391 3633 in
2419 3581 2643 3635 somnis.
2672 3579 2776 3636 Sed
2817 3590 2899 3636 est
2924 3623 2938 3648 ,
2973 3582 3143 3652 inquit
3171 3624 3185 3647 ,
3217 3588 3506 3639 somnium.

1929 3671 1997 3726 Et
2025 3672 2149 3742 quid
2189 3672 2336 3726 tum?
2363 3671 2502 3741 quod
2531 3671 2675 3726 enim
2721 3671 2779 3725 fit
2831 3672 3100 3737 interdiu,
3143 3690 3246 3730 non
3288 3684 3370 3729 est
3417 3689 3513 3729 so-

1929 3761 2180 3817 mnium?
2219 3761 2304 3814 die
2335 3761 2462 3814 mihi
2511 3776 2607 3814 cur
2635 3775 2742 3814 non
2796 3761 2909 3816 haec
2949 3763 3118 3832 magis
3170 3763 3395 3817 dicimus
3424 3778 3513 3817 so-

1927 3854 2128 3910 mnium
2158 3852 2180 3903 ?
2212 3852 2281 3908 Ut
2306 3854 2450 3908 enim
2479 3853 2708 3918 somnia,
2738 3867 2858 3907 cum
2891 3854 3008 3907 dies
3036 3855 3348 3921 accesserit,
3378 3857 3511 3910 nihil

1927 3958 2050 4004 esse
2075 3946 2504 4000 convincuntur:
2538 3945 2609 3999 ita
2642 3953 2696 4000 et
2726 3944 2839 4000 haec
2873 3954 3029 4000 nocte
3056 3955 3343 4016 appetente
3377 3947 3511 4002 nihil

1929 4044 2091 4090 sunt:
2125 4035 2455 4093 tantumdem
2487 4036 2630 4096 enim
2664 4036 2920 4105 temporis
2947 4046 3002 4091 et
3043 4052 3146 4091 nox
3188 4045 3243 4092 et
3270 4036 3388 4092 dies
3416 4052 3511 4092 ac-

1929 4128 2172 4198 cipiunt,
2218 4137 2273 4184 ct
2323 4137 2492 4182 totum
2527 4136 2735 4196 tempus
2764 4143 2831 4181 ex
2861 4141 3016 4196 aequo
3043 4127 3304 4184 dividunt.
3362 4127 3512 4182 Sicut

1929 4238 2056 4292 ergo
2085 4222 2149 4276 iis
2181 4237 2300 4292 quae
2333 4229 2491 4275 noctu
2520 4219 2658 4276 facta
2691 4228 2817 4274 sunt
2856 4234 2962 4274 non
2989 4219 3202 4273 laetatur
3229 4219 3510 4290 quisquam

1933 4312 2202 4366 interdiu:
2237 4313 2305 4364 ita
2358 4326 2458 4366 nec
2501 4309 2614 4365 fieri
2659 4318 2834 4378 potest
2879 4319 2938 4364 ut
2984 4323 3144 4366 noctu
3192 4309 3396 4364 fruatur
3448 4311 3514 4364 iis

1933 4417 2049 4468 qua:
2089 4400 2322 4454 interdiu
2353 4399 2487 4455 facta
2518 4408 2660 4454 sunt.
2694 4397 2864 4454 Fuisti
2895 4399 3123 4454 consul?
3166 4408 3220 4453 et
3247 4414 3346 4470 ego
3375 4415 3511 4468 quo-

1931 4506 2057 4558 que.
2106 4489 2211 4547 Sed
2253 4506 2352 4559 ego
2385 4498 2542 4544 noctu
2568 4531 2582 4554 ,
2631 4498 2684 4543 et
2716 4498 2770 4542 tu
2817 4489 3068 4543 interdiu.
3103 4488 3238 4555 Quid
3270 4489 3418 4541 tum?
3447 4505 3514 4541 ne

1932 4581 2008 4635 sic
2035 4580 2247 4649 quidem
2277 4581 2393 4649 plus
2419 4580 2582 4634 habes
2609 4595 2768 4650 quam
2798 4594 2917 4648 ego.
2951 4578 3061 4633 Nisi
3097 4578 3232 4632 forte
3261 4577 3401 4632 hunc
3425 4579 3510 4631 vel

1937 4671 2082 4726 illum
2129 4669 2233 4724 dici
2286 4671 2599 4731 consulem,
2652 4685 2771 4724 eam
2822 4685 2942 4738 qua:
2992 4684 3058 4723 ex
3112 4667 3292 4722 verbis
3341 4667 3513 4722 oritur

1934 4775 2125 4828 capere
2171 4761 2520 4829 voluptatem,
2552 4760 2674 4829 plus
2718 4759 2915 4814 habere
2943 4758 3107 4813 efﬁcit
3143 4777 3155 4811 :
3186 4767 3244 4812 ut
3281 4758 3512 4827 exempli

1935 4867 2095 4905 causa
2117 4893 2132 4916 ,
2167 4851 2218 4906 id
2249 4852 2393 4910 enim
2417 4851 2590 4906 dicam
2619 4852 2854 4918 apertius
2877 4889 2890 4912 ,
2940 4851 2983 4903 si
3027 4849 3248 4905 dixero:
3287 4848 3382 4906 llic
3427 4848 3513 4903 vel

1939 4943 2023 4995 ille
2054 4942 2278 5007 consul,
2311 4950 2365 4996 et
2409 4941 2681 4994 donavere
2712 4939 2813 4994 hoc
2851 4955 3086 5005 nomen,
3128 4955 3307 4995 annon
3356 4941 3514 4994 simul

1937 5032 2138 5087 dictum
2162 5040 2243 5084 est
2269 5039 2321 5085 et
2357 5031 2524 5084 abiit?
2567 5033 2639 5085 Ita
2672 5047 2758 5086 res
2786 5046 2995 5102 quoque
3033 5048 3046 5084 :
3079 5032 3236 5085 simul
3272 5031 3514 5098 apparuit

1940 5115 2141 5180 consul,
2171 5124 2224 5170 et
2255 5132 2358 5170 non
2388 5125 2472 5174 est
2499 5117 2749 5188 amplius.
2779 5116 3050 5176 Ponamus
3073 5129 3251 5174 autem
3277 5132 3476 5172 annum
3495 5157 3512 5182 ,

1939 5215 1989 5259 et
2019 5205 2154 5260 duos
2179 5221 2348 5261 annos
2371 5216 2424 5262 et
2447 5217 2554 5262 tres
2583 5217 2634 5261 et
2664 5215 2893 5277 quatuor
2918 5228 2930 5262 :
2957 5209 3042 5262 ubi
3067 5218 3189 5264 sunt
3217 5210 3305 5280 qui
3327 5209 3515 5276 decem

1935 5311 2103 5350 annos
2134 5296 2347 5352 fuerunt
2376 5299 2624 5352 consules
2644 5303 2668 5352 ‘!
2692 5298 2986 5366 Nusquam.
3014 5300 3119 5354 Sed
3148 5316 3251 5353 non
3274 5300 3350 5355 sic
3380 5301 3518 5356 Pau-

1936 5387 2013 5440 lus
2035 5407 2046 5438 :
2068 5403 2189 5441 nam
2214 5387 2631 5458 fuitsplcndidus
2656 5399 2764 5444 tum
2797 5389 3005 5456 vivens,
3031 5405 3135 5444 non
3160 5407 3322 5445 unum
3344 5391 3510 5456 diem,

1934 5493 2032 5532 nec
2071 5479 2206 5532 duos
2226 5519 2241 5542 ,
2272 5495 2444 5546 neque
2475 5480 2660 5533 decem
2683 5521 2696 5543 ,
2737 5494 2844 5532 non
2874 5480 3091 5548 viginti,
3119 5495 3221 5533 nee
3251 5481 3461 5548 triginta
3494 5521 3509 5544 ,

1932 5585 2099 5637 neque
2125 5586 2292 5623 annos
2323 5571 2527 5632 decem,
2562 5585 2658 5623 nec
2690 5569 2894 5638 viginti,
2921 5585 3019 5623 nec
3046 5571 3290 5638 triginta;
3325 5570 3418 5623 sed
3458 5579 3512 5624 et

1930 5670 2011 5713 ρει
2044 5671 2279 5715 mortuus
2301 5703 2314 5728 ,
2348 5673 2400 5715 et
2427 5660 2981 5730 quadringentesimus
3019 5675 3190 5714 annus
3218 5659 3326 5726 jam
3371 5675 3530 5728 prma
