3956 6138
423 297 502 355 83

408 398 550 449 πυτία
575 396 651 466 (α)
672 437 686 462 ,
721 408 774 454 et
802 400 977 455 adhuc
1003 415 1142 455 nunc
1169 409 1251 454 est
1277 403 1495 467 clarior,
1524 415 1577 458 et
1603 408 1770 459 multo
1793 409 1990 463 clarior

401 499 562 553 quam
592 486 805 555 quando
835 486 1066 541 vivebat.
1098 487 1163 541 Et
1193 486 1310 541 hate
1329 488 1545 557 quidem
1575 489 1626 541 iu
1651 498 1790 542 terra
1817 507 1830 542 :
1858 505 1985 545 san-

401 583 611 627 ctorum
644 585 821 629 autem
853 576 1176 641 claritatem,
1205 592 1324 646 quae
1343 587 1425 631 est
1452 579 1503 631 in
1536 579 1707 644 ca-lis,
1738 594 1982 649 qua-nam

401 664 681 732 explicarit
700 664 913 720 oratio?
938 665 1318 732 Quamobrem,
1343 681 1491 738 rogo,
1518 668 1657 725 hanc
1680 684 1982 739 quaeramus

455 928 534 990 (τι)
558 926 702 990 Same
724 922 930 971 vidimus
942 916 1336 990 phrysostomum
1358 908 1408 956 in
1440 911 1715 966 temporum
1734 901 1985 958 computa-

402 986 534 1039 tione
558 986 653 1037 non
678 988 744 1035 ita
766 986 1041 1032 accuratum
1066 986 1198 1025 esse.

1154 1156 1165 1159 ν
1178 1154 1247 1160 ..⁵
1262 1148 1801 1159 ώΜ--δμ--ν..---

820 1156 1117 1166 Μ

415 1168 521 1176 -νΑ
554 1162 813 1173 -..ην-π...-

1227 302 1285 356 S.
1326 301 1592 359 IOANNIS
1628 300 2100 358 CHRYSOSTOMI
2140 299 2450 356 ARCHIEP.
2493 299 3020 355 CONSTANTINOP.

1817 1148 1849 1151 -r
1964 1141 2247 1149 ‘5”.—

3585 304 3656 365 81

2080 411 2377 466 claritatem
2398 451 2411 473 ,
2442 410 2579 465 hanc
2609 424 3011 479 persequamur,
3048 416 3104 461 ut
3130 421 3519 476 assequamur:
3548 407 3666 462 hrre

2081 505 2223 559 enim
2263 512 2345 557 est
2372 519 2490 572 qute
2521 512 2603 556 est
2633 516 2760 556 vere
2787 500 3022 554 claritas.
3053 499 3293 554 Tandem
3321 499 3664 554 discedamus

2080 597 2147 649 ab
2173 596 2238 649 iis
2268 610 2388 665 qua:
2428 594 2496 648 ad
2534 594 2672 647 hanc
2699 594 2861 645 vitam
2892 593 3161 660 pertinent
3200 609 3213 644 :
3244 600 3303 644 ιιι
3332 591 3665 645 inveniamus

2081 689 2305 759 gratiam
2355 695 2411 742 et
2460 685 2885 740 misericordiam
2926 685 2976 737 in
3013 683 3228 738 Christo
3269 683 3396 737 Jesu
3441 682 3665 735 Domino

2082 787 2290 844 nostro,
2318 792 2439 832 cum
2462 790 2568 846 quo
2589 776 2733 830 Patri
2756 789 2861 829 una
2889 789 3008 828 cum
3033 781 3220 828 sancto
3246 773 3446 842 Spiritu
3470 773 3663 841 gloria,

2083 867 2367 938 imperium
2390 907 2404 932 ,
2439 866 2611 920 honor
2638 874 2692 920 et
2721 863 2984 928 adoratio,
3014 877 3158 917 nunc
3183 871 3240 919 et
3263 877 3498 932 semper,
3530 873 3580 915 et
3612 862 3664 914 in

2083 958 2281 1015 sucula
2305 957 2648 1013 saeculorum.
2683 957 2877 1011 Amen.

2840 1138 2852 1144 _
2872 1126 3586 1142 ,βα-..Μ
3610 1124 3668 1137 σο

1854 1196 2199 1256 HOMILIA
2238 1192 2322 1253 Χ.

407 1367 534 1423 Car.
567 1363 619 1417 ϐ.
663 1377 715 1413 v.
745 1360 799 1410 7.
844 1354 1005 1410 Terra
1029 1352 1163 1407 enim
1187 1364 1321 1418 stupe
1347 1346 1622 1400 venientem
1650 1358 1801 1412 super
1824 1355 1875 1395 se
1903 1340 1982 1393 bi-

479 1457 599 1509 bens
624 1450 831 1505 imbrem
856 1489 871 1513 ,
895 1456 941 1499 et
970 1443 1260 1512 germinans
1284 1439 1489 1492 herbam
1515 1443 1853 1504 opportunam
1880 1432 1985 1484 illis

479 1564 512 1601 a
529 1545 707 1618 quibus
728 1541 931 1603 colitur,
951 1535 1141 1603 accipit
1165 1531 1562 1586 benedictionem
1590 1544 1621 1579 a
1642 1525 1776 1588 Deo;
1798 1524 1848 1579 8.
1873 1540 1989 1593 pro—

480 1641 648 1709 ferens
676 1644 843 1688 autem
875 1631 1048 1702 spinas
1074 1637 1119 1680 et
1162 1624 1394 1685 tribulos,
1425 1618 1642 1687 reproba
1668 1627 1741 1670 est
1788 1624 1833 1668 et
1878 1632 1987 1668 ma.

480 1706 663 1786 ledicto
717 1726 950 1797 proxima
992 1737 1010 1775 :
1054 1719 1202 1790 cujus
1255 1713 1623 1770 consummatio
1679 1709 1733 1763 in
1784 1706 1985 1761 combu-

477 1823 711 1877 stionem.
1500 1852 1505 1857 γ

487 1917 538 1968 1.
586 1910 658 1979 ta)
690 1909 821 1965 Cum
850 1906 1039 1959 timore
1067 1899 1344 1955 audiamus
1370 1894 1465 1951 Dei
1493 1892 1702 1962 eloquia
1728 1907 1743 1955 ;
1776 1904 1894 1944 cum
1926 1887 1991 1941 ti-

416 2020 566 2063 more
586 2015 639 2059 et
666 2001 832 2056 multo
855 2009 1088 2052 tremore
1114 2012 1126 2045 :
1152 1992 1347 2047 Servite
1367 1988 1527 2052 enim,
1557 1987 1747 2054 inquit,
1772 1981 1991 2036 Domino

409 2098 462 2151 in
492 2097 687 2156 timore,
711 2102 756 2145 et
784 2088 1032 2144 exsultate
1071 2085 1119 2138 ei
1161 2099 1276 2136 cum
1319 2090 1534 2133 tremore
1577 2075 1749 2146 (Psal.
1778 2074 1833 2127 2.
1869 2070 1983 2141 il).

412 2187 469 2243 Si
511 2197 688 2242 autem
732 2192 787 2236 et
827 2179 1074 2250 gaudium
1108 2183 1352 2228 nostrum
1381 2180 1435 2224 et
1475 2167 1765 2222 exsultatio
1806 2173 1990 2218 nostra

417 2278 579 2333 debet
618 2289 738 2329 esse
766 2288 885 2327 cum
920 2279 1155 2322 tremore
1188 2281 1202 2315 :
1242 2260 1456 2332 quando
1484 2259 1643 2312 etiam
1672 2272 1733 2310 ea
1763 2270 1880 2324 qua:
1908 2254 1990 2307 di-

414 2374 609 2422 cuntur
648 2370 770 2417 sunt
817 2354 1073 2412 terribilia
1102 2394 1116 2418 ,
1156 2362 1217 2406 ut
1259 2364 1401 2404 nunc
1421 2388 1437 2413 ,
1466 2361 1573 2416 quo
1599 2344 1858 2413 supplicio
1889 2358 1991 2409 nou

417 2470 603 2513 sumus
629 2452 808 2521 digni,
836 2448 879 2504 si
908 2463 969 2502 ea
1000 2459 1120 2515 quae
1146 2443 1396 2496 dicuntur
1423 2453 1529 2491 non
1561 2434 1845 2490 audiamus
1870 2447 1989 2485 cum

421 2545 690 2603 tremore?
717 2543 849 2595 Cum
896 2538 1127 2592 dixisset
1168 2531 1281 2587 ﬁeri
1324 2545 1429 2583 non
1474 2541 1633 2598 posse.
1662 2533 1718 2579 ut
1743 2524 1830 2593 qui
1863 2522 1998 2590 lapsi

420 2648 545 2694 sunt
588 2638 778 2690 iterum
829 2632 1180 2698 baptizentnr,
1210 2633 1263 2680 et
1292 2621 1666 2677 remissionem
1693 2632 1787 2686 per
1813 2614 1985 2681 bapti-

425 2743 595 2782 smum
625 2727 802 2779 denuo
829 2720 1125 2788 accipiant,
1162 2722 1215 2770 et
1260 2710 1583 2767 ostendisset
1621 2721 1777 2777 quam
1824 2706 1865 2758 si
1911 2719 1996 2758 res

425 2820 709 2877 horrenda,
734 2812 1003 2882 subiungit
1030 2828 1042 2864 :
1070 2809 1225 2862 Terra
1246 2806 1376 2860 enim
1399 2820 1532 2873 saepe
1552 2801 1826 2857 venientem
1849 2812 1998 2865 super

424 2928 478 2964 se
495 2910 662 2963 bibens
685 2906 913 2965 imbrem,
939 2911 983 2956 et
1001 2900 1288 2972 germinans
1310 2896 1513 2949 herbam
1535 2899 1874 2960 opportunam
1898 2886 2001 2938 illis

428 3021 516 3074 per
537 3018 661 3072 quos
690 2999 895 3057 colitur,
928 2993 1111 3062 accipit
1142 2987 1535 3045 benedictionem
1574 3000 1606 3036 a
1652 2981 1796 3045 Deo;
1838 2982 2010 3049 profc-

428 3070 939 3159 rensautem-spinas
969 3094 1012 3139 ct
1038 3082 1247 3137 tribulos
1272 3077 1487 3150 reproba
1517 3084 1589 3131 est
1611 3116 1624 3138 ,
1653 3084 1700 3128 et
1741 3070 2010 3125 maledicto

432 3184 663 3254 proxima
685 3197 703 3234 :
726 3179 870 3248 cujus
895 3173 1257 3229 consummatio
1277 3173 1328 3224 in
1356 3167 1769 3224 combustionem.
1798 3160 2011 3216 Timea-

433 3290 553 3330 mus
577 3286 703 3341 ergo
725 3312 740 3336 ,
769 3284 802 3323 ο
832 3266 1051 3322 dilecti:
1083 3279 1190 3318 non
1219 3270 1345 3319 sunt
1381 3258 1528 3314 Pauli
1562 3257 1644 3309 hae
1675 3254 1835 3309 mina:
1858 3294 1873 3316 ,
1905 3265 2010 3305 non

431 3375 557 3422 sunt
585 3364 747 3419 verba
779 3359 1012 3416 hominis
1037 3375 1050 3410 :
1075 3365 1199 3412 sunt
1227 3352 1457 3421 Spiritus
1482 3348 1677 3411 sancti,
1707 3353 1833 3399 sunt
1853 3342 2011 3397 Chri-

434 3457 525 3522 sti,
558 3455 646 3524 qui
677 3454 727 3508 iu
759 3454 877 3522 ipso
905 3448 1161 3518 loquitur.
1215 3444 1380 3498 Estne
1405 3455 1533 3510 ergo
1560 3437 1754 3506 aliquis
1786 3431 2014 3524 mundus

437 3546 506 3601 ab
536 3522 622 3599 his
650 3540 859 3613 spinis?
885 3537 1038 3606 Quod
1071 3538 1115 3591 si
1143 3535 1306 3591 etiam
1335 3543 1581 3586 essemus
1609 3525 1814 3588 mundi,
1845 3538 1910 3576 ne
1940 3522 2016 3575 sic

430 3630 644 3703 quidem
670 3623 941 3684 confidere
961 3626 1265 3691 oporteret,
1294 3615 1388 3671 sed
1419 3616 1605 3668 timere
1632 3620 1684 3666 et
1719 3620 1953 3664 tremere
1971 3648 1986 3672 ,

431 3698 503 3778 ne
528 3720 581 3775 in
606 3716 761 3774 nobis
786 3713 1086 3785 germinent
1110 3708 1276 3776 spinte
1301 3723 1313 3758 :
1347 3719 1467 3759 cum
1511 3709 1686 3756 autem
1718 3700 1809 3753 toti
1836 3698 1992 3767 peni-

432 3822 519 3868 tus
563 3810 727 3865 simus
773 3805 937 3876 spina:
981 3810 1034 3856 et
1080 3797 1290 3860 tribuli,
1320 3793 1584 3849 undenam
1612 3832 1625 3855 ,
1652 3790 1737 3844 dic
1781 3802 1990 3858 quaeso,

436 3901 784 3960 confidimus,
810 3905 863 3950 et
896 3892 1069 3961 supini
1114 3888 1390 3959 ignavique
1419 3882 1730 3939 reddimur?
1758 3879 1881 3949 quid
1911 3885 1995 3932 est

438 3989 577 4060 quod
610 4003 705 4041 nos
734 3985 859 4039 facit
885 3984 1103 4051 ignavos
1129 3987 1182 4032 ct
1209 3975 1497 4030 socordes?
1521 3974 1575 4027 Si
1602 3974 1646 4026 is
1672 3971 1758 4040 qui
1782 3970 1995 4024 videtur

436 4091 598 4139 stare,
622 4077 782 4131 debet
805 4075 988 4126 timere
1009 4085 1075 4123 ne
1096 4068 1251 4121 cadat
1274 4084 1286 4118 :
1314 4081 1433 4119 nam
1456 4065 1539 4130 qui
1564 4063 1779 4125 viden",
1801 4061 1990 4128 inquit,

440 4179 589 4227 stare,
623 4164 784 4218 videat
829 4177 890 4212 ne
927 4158 1072 4211 radat
1118 4156 1192 4225 (l.
1216 4153 1334 4207 Cor.
1362 4153 1447 4206 10.
1475 4151 1560 4219 i9.)
1594 4169 1605 4201 :
1639 4152 1728 4219 qui
1762 4151 1992 4215 cecidit,

443 4271 601 4325 quam
646 4253 803 4307 debet
844 4265 963 4305 esse
1009 4247 1270 4301 sollicitus
1294 4253 1351 4296 ut
1380 4242 1660 4310 resurgat?
1701 4240 1755 4294 Si
1797 4239 1993 4293 Paulus

445 4350 594 4401 timet
620 4359 687 4398 ne
714 4357 833 4396 cum
867 4340 984 4392 aliis
1014 4335 1410 4406 prmdicaverit,
1445 4334 1557 4403 ipse
1604 4333 1693 4385 fiat
1733 4331 1995 4399 reprobus

441 4434 653 4506 (LCor.
679 4432 732 4487 9.
759 4431 874 4499 27),
899 4430 984 4497 qui
1009 4436 1090 4482 est
1115 4426 1248 4480 adeo
1278 4425 1475 4494 probus
1501 4443 1514 4478 :
1541 4438 1637 4477 nos
1666 4424 1753 4492 qui
1780 4422 1886 4491 jam
1917 4423 1997 4476 fa-

444 4531 513 4585 cti
559 4540 740 4581 sumus
781 4520 1028 4590 reprobi,
1060 4532 1340 4587 quamnam
1369 4531 1715 4584 assequemur
1748 4517 1953 4569 veniam
1977 4553 1992 4577 ,

443 4635 561 4676 cum
608 4615 738 4670 nihil
778 4613 1074 4673 timeamus,
1104 4607 1194 4662 sed
1244 4615 1508 4674 tamquam
1555 4604 1992 4658 consuetudinem

439 4705 903 4766 Christianismum
946 4699 1293 4768 impleamus,
1327 4702 1473 4749 eteo
1513 4694 1699 4747 leviter
1736 4692 1993 4761 defunga-

440 4799 590 4855 mnr?
619 4797 923 4851 Timeamus
955 4806 1110 4859 ergo,
1141 4804 1173 4842 ο
1216 4788 1423 4850 dilecti;
1456 4787 1726 4841 Revelatur
1755 4787 1885 4838 enim
1914 4787 1994 4839 ira

441 4893 537 4948 Dei
563 4890 624 4943 de
651 4888 772 4943 ctelo
796 4883 969 4954 (Rom.
996 4883 1047 4936 1.
1074 4881 1157 4945 18)
1187 4897 1199 4933 :
1226 4879 1534 4940 timeamus;
1564 4878 1826 4931 revelatnr
1853 4878 1994 4931 enim

438 4998 541 5037 non
572 4978 741 5035 solum
772 4975 1025 5029 adversus
1054 4971 1399 5038 impietatem,
1431 4968 1522 5021 sed
1554 4968 1712 5022 etiam
1736 4967 1994 5021 adversus

437 5083 649 5124 omnem
672 5065 1021 5135 iniquitatem,
1044 5070 1101 5116 et
1128 5073 1341 5128 parvam
1368 5066 1423 5110 et
1450 5072 1713 5125 magnam.
1746 5056 1842 5111 ilic
1868 5057 1995 5111 sub.

439 5163 636 5216 imlicat
667 5157 755 5212 Dei
789 5153 1165 5222 benignitatem
1187 5159 1239 5202 et
1260 5148 1610 5202 clementiam.
1637 5147 1862 5201 imbrem
1892 5163 1993 5203 au-

440 5260 542 5304 tem
572 5248 697 5302 dicit
724 5245 1052 5307 doctrinam;
1085 5250 1138 5295 et
1162 5238 1301 5309 quod
1330 5238 1575 5304 superius
1597 5236 1806 5290 diccbat
1826 5279 1839 5301 ,
1872 5238 1995 5292 Cum

438 5340 675 5394 deberetis
705 5353 808 5391 esse
836 5333 1058 5405 magistri
1100 5338 1300 5399 prapter
1338 5342 1561 5395 tempus,
1594 5327 1642 5379 id
1676 5326 1759 5380 hic
1788 5343 1997 5396 quoque

437 5433 584 5487 dicit.
644 5431 709 5483 Et
748 5425 929 5482 multis
972 5424 1023 5477 in
1069 5421 1199 5475 locis
1228 5419 1505 5487 Scriptura
1535 5418 1831 5471 doctrinam
1862 5417 1990 5472 dicit

505 5560 581 5628 fa)
603 5559 658 5609 lu
677 5559 804 5609 Edit.
827 5559 1021 5628 hiare!”
1058 5561 1163 5628 hanc
1197 5560 1767 5628 bonuliadecimaineipit
1788 5579 1898 5628 pag.
1918 5567 2026 5618 79b.

442 5620 735 5691 polliL‘vero,
761 5620 1209 5691 einissis‘oinnibus,
1236 5622 1482 5691 humilium
1505 5626 1672 5688 incipit
1695 5620 1723 5675 Ξι
1746 5620 1914 5677 morali
1940 5642 2028 5679 ex-

444 5678 848 5744 bortatioue'qute
870 5683 1061 5733 initium
1085 5678 1235 5734 habet
1255 5690 1306 5732 Ν.
1335 5686 1378 5733 1.

2102 1352 2324 1408 imbrem
2351 1372 2364 1408 :
2388 1347 2644 1406 Mandabo
2671 1352 2811 1407 enim
2831 1395 2847 1420 ,
2874 1354 3062 1424 inquit,
3096 1355 3306 1412 nubibus
3332 1377 3395 1415 ne
3416 1337 3470 1417 in
3496 1364 3662 1432 ipsum

2102 1445 2276 1515 pluunt
2301 1445 2507 1498 imbrem
2534 1443 2684 1513 (Isai.
2707 1445 2762 1499 5.
2798 1442 2870 1516 6)
2892 1486 2905 1505 ,
2937 1444 3159 1514 loquens
3188 1448 3255 1502 de
3288 1451 3441 1506 vinea
3475 1472 3487 1505 :
3518 1456 3662 1524 quod

2080 1536 2308 1604 .quidem
2338 1535 2464 1589 alibi
2491 1544 2643 1590 vocat
2667 1535 2858 1589 famem
2889 1537 3043 1605 panis
3062 1547 3115 1591 et
3136 1539 3277 1592 sitim
3306 1557 3456 1612 aqua:
3481 1544 3660 1617 (Amos

2098 1627 2150 1681 8.
2187 1626 2306 1693 11).
2353 1625 2421 1680 Ει
2466 1626 2653 1681 iterum
2688 1644 2700 1679 :
2740 1623 2952 1680 Flavius
2999 1626 3095 1681 Dei
3136 1630 3354 1698 repletus
3400 1644 3473 1687 est
3515 1641 3662 1704 aquis

2101 1713 2268 1785 (Psal.
2295 1715 2381 1769 61.
2411 1713 2519 1785 10).
2551 1715 2704 1768 Terra
2729 1716 2882 1779 enim,
2911 1717 3096 1785 inquit,
3121 1734 3253 1785 stupe
3281 1722 3550 1775 venientem
3574 1744 3662 1778 su-

2094 1821 2183 1874 per
2223 1821 2275 1858 se
2320 1804 2488 1859 bibens
2524 1805 2752 1859 imbrem.
2798 1806 2893 1860 llic
2920 1808 3150 1861 ostendit
3178 1810 3317 1878 quod
3350 1821 3404 1866 et
3433 1818 3657 1871 verbum

2092 1897 2426 1966 acceperint.
2459 1907 2513 1951 et
2541 1897 2696 1951 simul
2725 1896 2958 1952 biberint
2988 1940 3002 1965 ,
3028 1908 3082 1954 et
3112 1901 3162 1954 id
3193 1916 3337 1971 sarpe
3366 1904 3474 1960 sint
3501 1923 3656 1963 assec-

2091 1986 2258 2057 quuti,
2284 2002 2380 2042 nec
2408 1987 2459 2041 id
2488 1997 2659 2042 tamen
2682 1989 2759 2042 eis
2786 1987 3062 2057 profuerit.
3086 1986 3139 2045 Si
3164 1992 3431 2061 agricolae,
3457 1996 3652 2066 inquit.

2090 2092 2249 2145 opera
2282 2093 2384 2130 non
2416 2076 2606 2131 fuisses
2634 2077 2821 2142 cultus,
2863 2078 2906 2131 si
2940 2079 3196 2135 imbribus
3224 2097 3329 2136 non
3359 2099 3506 2140 esses
3535 2089 3656 2142 irri—

2088 2180 2273 2237 gatus,
2306 2185 2408 2223 non
2436 2180 2579 2224 esset
2604 2178 2802 2224 tantum
2842 2172 3035 2225 malum
3068 2190 3081 2224 :
3111 2188 3230 2226 nam
3258 2174 3320 2230 Si
3357 2193 3456 2229 non
3481 2182 3655 2232 venis-

2095 2270 2219 2312 sem.
2251 2254 2441 2323 inquit,
2472 2265 2517 2307 et
2542 2255 2611 2307 eis
2640 2272 2736 2307 non
2760 2258 2963 2324 fuissent
2992 2257 3243 2324 loquutus,
3275 2267 3528 2326 peccatum
3560 2274 3664 2309 mm

2096 2344 2380 2397 habuissent
2420 2344 2599 2413 (Joan.
2648 2346 2734 2401 15.
2778 2344 2892 2417 22)
2919 2363 2930 2397 :
2960 2347 3002 2399 si
3030 2358 3204 2400 autem
3233 2362 3374 2415 Stcpe
3402 2348 3579 2400 bibisti
3607 2355 3666 2400 et

2097 2433 2389 2502 accepisti,
2419 2450 2514 2488 cur
2556 2450 2649 2503 pro
2677 2433 2935 2489 fructibus
2963 2436 3066 2489 alia
3099 2436 3424 2506 produxisti?
3464 2435 3667 2503 Exspc-

2094 2525 2245 2587 ctavi,
2274 2525 2462 2592 inquit,
2488 2532 2541 2576 ut
2570 2529 2754 2593 faceret
2782 2540 2948 2586 uvam,
2980 2527 3095 2594 fecit
3120 2537 3283 2579 autem
3306 2527 3480 2594 spinas
3505 2522 3663 2597 (Isai.

2096 2612 2148 2667 ὃ.
2173 2613 2255 2678 9.).
2284 2613 2444 2667 Vides
2464 2614 2603 2682 quod
2634 2615 2905 2684 Scriptura
2932 2616 3125 2684 ubique
3150 2616 3331 2684 spinas
3359 2625 3511 2669 vocat
3540 2630 3668 2687 per.-

2096 2702 2252 2758 cata?
2281 2702 2408 2755 Nam
2434 2714 2485 2756 et
2511 2703 2670 2757 David
2694 2704 2821 2758 dicit
2849 2722 2861 2758 :
2892 2705 3163 2759 Conrersus
3182 2722 3292 2759 sum
3313 2705 3365 2758 in
3384 2721 3666 2758 (erumnam

2097 2792 2218 2846 dum
2232 2792 2355 2846 mihi
2376 2792 2535 2859 inﬁxa
2551 2802 2622 2845 cst
2635 2794 2780 2861 spina
2799 2791 3044 2863 (Psal.'5l
3060 2833 3073 2846 .
3091 2794 3167 2861 4).
3193 2793 3305 2847 Νοη
3331 2794 3499 2847 solum
3520 2794 3664 2846 enim

2099 2884 2413 2954 ingreditur,
2448 2884 2539 2941 sed
2567 2885 2727 2941 etiam
2758 2884 2994 2953 infigitur
3023 2902 3036 2937 :
3067 2885 3187 2938 etsi
3217 2900 3403 2953 parum
3429 2883 3541 2952 ejus
3574 2900 3667 2937 re-

2099 2986 2343 3040 maneat,
2372 2987 2419 3031 ct
2467 2994 2570 3032 non
2617 2989 2783 3034 totum
2829 2978 3003 3049 ipsum
3050 2975 3442 3038 exemerimus,
3476 2990 3663 3042 parum

2099 3067 2226 3121 illud
2256 3084 2404 3137 aeque
2436 3069 2594 3124 infert
2634 3071 2873 3125 dolorem
2896 3113 2910 3135 ,
2951 3073 3111 3140 atque
3138 3065 3194 3119 in
3219 3065 3388 3133 spina.
3438 3065 3499 3118 Et
3535 3066 3662 3133 quid

2100 3156 2219 3212 dico
2236 3159 2405 3226 ipsum
2430 3161 2649 3228 parum?
2671 3164 2832 3215 etiam
2858 3171 3134 3230 poSIquam
3159 3158 3312 3215 fuerit
3337 3165 3662 3222 exemplum.

2101 3249 2189 3304 diu
2221 3250 2456 3304 immittit
2483 3251 2649 3321 plagae
2667 3252 2938 3306 dolorem:
2960 3252 3185 3321 ideoque
3206 3252 3369 3306 multa
3395 3246 3665 3306 medicina

2100 3353 2233 3407 opus
2257 3348 2339 3393 cst
2364 3350 2414 3393 et
2447 3343 2743 3406 curatione,
2776 3350 2835 3396 ut
2864 3341 3094 3410 perfecte
3124 3342 3454 3398 liberemur:
3488 3355 3666 3408 neque

2100 3429 2240 3482 enim
2288 3440 2557 3499 peccatum
2607 3432 2781 3484 solum
2827 3432 3062 3485 eximere
3103 3430 3318 3496 sufficit,
3359 3430 3452 3484 sed
3497 3431 3663 3484 etiam

2101 3526 2310 3585 oportet
2340 3533 2531 3573 curare
2578 3521 2751 3574 locum
2780 3535 3112 3588 percussum.
3151 3519 3253 3575 Sed
3286 3520 3444 3573 timeo
3469 3534 3536 3573 ne
3566 3534 3666 3573 no-

2102 3606 2184 3661 bis
2209 3610 2374 3677 magis
2401 3610 2664 3674 dicantur,
2706 3625 2863 3679 quam
2907 3610 3024 3663 aliis
3063 3609 3268 3663 dicatur
3307 3607 3471 3671 illud,
3508 3606 3667 3662 Terra

2103 3698 2253 3763 enim,
2286 3698 2472 3767 inquit,
2505 3714 2635 3768 stupe
2665 3715 2812 3767 super
2839 3715 2893 3752 se
2924 3699 3194 3752 venientem
3222 3698 3390 3752 bibens
3419 3697 3626 3751 imbrem
3644 3714 3668 3751 :

2102 3801 2314 3857 semper
2342 3790 2483 3843 enim
2514 3790 2765 3853 bibimus,
2793 3804 3005 3859 semper
3034 3789 3309 3844 audimus:
3348 3790 3441 3844 sed
3470 3789 3668 3844 immo-

2100 3894 2214 3934 rem
2244 3880 2417 3933 statim
2447 3880 2734 3948 perdimus,
2765 3880 2973 3934 oriente
3000 3881 3136 3946 sole,
3161 3889 3212 3934 ct
3243 3889 3521 3949 propterea
3551 3881 3664 3950 spi-

2103 3984 2200 4023 nas
2229 3967 2519 4023 efferimus.
2553 3969 2805 4035 Qutenam
2838 3977 2962 4022 sunt
2986 3984 3113 4038 ergo
3143 3969 3345 4037 spinae?
3371 3969 3666 4023 Audiamus

2102 4060 2370 4115 Christum
2398 4060 2683 4125 dicentem,
2714 4060 2851 4123 quod
2875 4060 3177 4115 sollicitudo
3200 4061 3355 4129 hujus
3384 4062 3584 4124 saeculi,
3610 4070 3667 4115 et

2106 4150 2311 4205 fallacia
2337 4151 2637 4205 divitiarum
2668 4151 2891 4206 sufi‘ocat
2920 4153 3137 4206 verbum
3161 4194 3175 4216 ,
3204 4160 3259 4206 et
3289 4153 3345 4205 fit
3375 4152 3655 4223 infrugife-

2104 4256 2220 4296 rum
2246 4240 2394 4312 (Luc.
2422 4240 2474 4294 8.
2510 4241 2619 4308 M).
2647 4240 2805 4293 Terra
2830 4241 2983 4307 enim,
3018 4242 3205 4311 inquit,
3240 4257 3374 4309 stepe
3392 4244 3653 4296 veniente»

2104 4348 2253 4401 super
2277 4349 2330 4386 se
2353 4332 2523 4385 bibens
2552 4333 2757 4385 imbrem
2776 4372 2789 4396 ,
2820 4341 2865 4386 et
2906 4334 3191 4403 germinans
3233 4333 3435 4386 herbam
3483 4351 3670 4404 oppor-

2106 4434 2298 4478 tunam.

2175 4515 2232 4568 2.
2272 4515 2409 4570 Nihil
2450 4524 2532 4570 est
2571 4516 2702 4571 adeo
2742 4524 3112 4586 Opportunum
3136 4557 3150 4580 ,
3180 4524 3235 4568 ut
3275 4516 3395 4569 vitze
3429 4516 3626 4585 pun-itas
3653 4534 3676 4580 ςι

2108 4608 2237 4662 nihil
2262 4609 2397 4662 adeo
2419 4623 2759 4662 numerosum
2783 4622 2844 4662 ac
2865 4608 3205 4671 concinnum,
3235 4616 3290 4661 ut
3314 4608 3418 4659 vita
3444 4607 3668 4674 optima,

2108 4699 2240 4753 nihil
2267 4699 2399 4753 adeo
2425 4714 2743 4771 congruens,
2776 4708 2831 4752 ut
2855 4700 3039 4753 virtus.
3067 4699 3127 4751 Et
3146 4699 3452 4769 germinans.
3477 4698 3666 4766 inquit,

2110 4790 2313 4844 herbam
2333 4800 2669 4859 opportunam
2699 4788 2802 4842 illis
2827 4805 2858 4841 a
2885 4789 3063 4859 quibus
3093 4788 3298 4854 colitur,
3324 4788 3507 4856 accipit
3532 4787 3692 4839 bene»:

2110 4879 2376 4932 dictionem
2424 4896 2453 4930 α
2504 4876 2630 4931 Deo.
2688 4877 2783 4931 llic
2831 4877 2959 4929 dicit
3011 4878 3171 4929 Deum
3225 4891 3342 4929 esse
3396 4886 3669 4931 auctorem

2113 4969 2346 5023 omnium
2370 5009 2383 5028 .
2410 4968 2622 5022 Grmcos
2651 4967 2847 5020 sensim
2882 4965 3078 5019 feriens
3103 5008 3115 5023 .
3162 4968 3249 5032 qui
3288 4967 3465 5018 virtuti
3512 4974 3668 5017 terra:

2110 5057 2421 5112 adscribunt
2439 5056 2703 5110 fructuum
2727 5052 3146 5124 generationem.
3165 5046 3348 5118 Neque
3366 5048 3507 5100 enim
3534 5054 3680 5104 sunt,

2112 5150 2315 5219 inquit,
2344 5163 2545 5203 manus;
2568 5146 2919 5216 agricolarum
2949 5157 3068 5212 qua:
3098 5142 3269 5210 ipsam
3299 5146 3496 5192 terram
3527 5133 3685 5189 exci-

2115 5247 2228 5292 tant
2267 5237 2334 5292 ad
2370 5238 2571 5290 fructus
2597 5234 2867 5297 ferendos,
2900 5233 2992 5287 sed
3023 5232 3116 5285 Dei
3142 5230 3325 5299 jussus
3356 5245 3371 5283 :
3402 5237 3686 5295 propterea

2117 5329 2245 5384 dicit
2270 5346 2286 5385 :
2314 5328 2506 5397 Accipit
2540 5325 2936 5379 benedictionem
2960 5340 2990 5375 a
3016 5321 3143 5375 Deo.
3176 5319 3309 5374 Vide
3335 5325 3509 5371 autem
3541 5313 3685 5383 quod

2117 5421 2166 5473 in
2197 5419 2365 5488 spinis
2396 5434 2500 5471 non
2528 5417 2685 5480 dixit,
2715 5414 2939 5470 Pariens
2969 5413 3153 5481 spinas
3173 5452 3188 5476 ,
3221 5423 3395 5479 neque
3432 5405 3535 5459 hoc
3568 5402 3686 5457 utili

2115 5524 2238 5562 usus
2267 5518 2348 5563 est
2378 5508 2630 5570 nomine;
2664 5504 2757 5560 sed
2786 5503 2955 5574 quid?
2980 5501 3263 5571 Proferens
3292 5497 3467 5569 spinas
3492 5511 3510 5548 :
3532 5492 3688 5563 quasi

2114 5598 2279 5663 dicas,
2310 5613 2503 5653 eruens
2526 5608 2583 5653 et
2606 5596 2902 5666 expellens.
2955 5592 3192 5662 Reproba
3237 5598 3345 5653 est,
3391 5586 3595 5656 inquit,
3638 5593 3691 5638 et

2116 5690 2380 5745 maledicto
2402 5691 2656 5757 proxima.
2688 5688 2874 5753 Papus!
2906 5695 3158 5754 quantam
3186 5682 3347 5738 habet
3367 5677 3688 5735 consolatio:
