3956 6138
254 327 320 381 εδ
1057 335 1120 391 ΙΝ
1161 337 1374 394 EPIST.
1419 337 1507 392 AD
1547 333 1920 393 llEBREOS.
1960 339 2120 396 CAP.
2162 339 2248 397 VI.
2290 341 2524 398 llOMlL
2569 342 2640 397 Χ.
3447 345 3514 400 8h

255 454 373 494 nem
402 439 544 506 quod
571 439 801 497 dicitur!
833 443 960 509 Est,
1007 447 1212 516 inquit,
1249 449 1521 503 maledicto
1560 453 1833 520 proxima,

259 547 362 586 non
389 532 740 588 maledictum
767 555 785 595 ε
808 537 897 604 qui
923 545 1099 592 autem
1127 541 1365 593 nondum
1390 539 1575 594 incidit
1597 541 1650 596 iit
1678 543 1834 598 ntale-

249 624 471 689 dictum,
494 625 591 679 sed
619 641 788 695 pr0pe
810 635 911 692 est,
937 629 1100 683 etiam
1131 633 1316 700 procul
1337 645 1458 686 esse
1489 635 1699 702 poterit.
1721 633 1834 689 Nec

249 714 350 769 hoc
379 715 557 770 solum
587 727 676 772 cst
701 719 1015 774 consolatus
1033 762 1046 784 ,
1075 721 1171 776 sed
1205 738 1272 776 eo
1298 724 1461 777 etiam
1491 725 1632 794 quod
1673 725 1832 781 dein-

248 825 374 879 ceps
401 813 650 880 sequitur
673 830 688 866 :
711 827 820 867 non
847 815 989 868 enim
1015 814 1183 868 dixit:
1209 815 1454 886 Reproba
1481 828 1566 872 est
1589 829 1642 873 et
1669 821 1834 875 ntale—

245 902 388 956 dicto
434 903 679 971 proxima
705 945 720 969 ,
763 920 885 974 quas
909 907 1288 968 coutburctur;
1335 909 1429 962 sed
1474 911 1643 980 quid?
1671 911 1832 982 Cujus

247 994 365 1060 ﬁnis
386 1003 463 1046 est
485 999 537 1046 tn
559 993 982 1048 combustionem.
1001 995 1057 1051 Si
1085 1009 1418 1066 permaneat,
1450 1001 1637 1068 inquit,
1663 1018 1832 1071 usiluc

244 1082 309 1134 ad
339 1081 526 1148 tinctu,
560 1083 614 1136 id
645 1084 896 1152 patiemr.
925 1085 1288 1154 Quamobrem
1321 1091 1365 1142 si
1395 1092 1579 1159 spinas
1611 1094 1824 1148 excide.

245 1173 410 1225 rimus
437 1181 497 1226 et
521 1174 924 1241 exusserimus,
957 1178 1252 1246 poterimus
1279 1179 1379 1234 frui
1408 1181 1562 1237 benis
1584 1185 1827 1239 innume-

243 1263 524 1329 rabilibus,
557 1275 613 1319 et
643 1266 798 1334 probi
825 1268 965 1322 cllici
986 1308 1001 1334 ,
1033 1278 1090 1324 et
1115 1284 1236 1325 esse
1281 1273 1569 1344 participes
1602 1275 1828 1332 benedi-

241 1354 459 1407 ctionis.
487 1355 680 1410 Merito
705 1367 887 1413 autem
917 1370 1192 1428 peccatum
1221 1364 1510 1432 appellavit
1538 1368 1789 1422 tribulam
1809 1411 1825 1434 ,

243 1445 454 1512 dicens,
487 1446 766 1516 Proferens
793 1459 962 1503 autem
989 1453 1165 1520 spinas
1193 1470 1254 1508 ac
1282 1455 1493 1510 tribulos
1514 1472 1533 1510 :
1562 1474 1682 1512 natu
1723 1477 1827 1514 tut-

237 1537 544 1608 decuuique
572 1539 625 1592 id
658 1543 918 1606 tenueris,
947 1543 1066 1598 ierit
1094 1555 1148 1600 et
1176 1549 1405 1610 mordet.
1439 1559 1494 1604 et
1517 1552 1633 1605 visu
1662 1554 1825 1607 etiam

239 1637 328 1680 est
354 1627 598 1683 deforme
622 1639 679 1683 et
711 1639 930 1686 tetrum.
953 1633 1087 1688 Cum
1109 1651 1238 1707 ergo
1260 1653 1356 1692 eos
1383 1641 1514 1693 satis
1539 1642 1824 1711 tetigisset,

240 1719 525 1773 terruisset
571 1735 636 1774 ac
684 1724 1033 1793 pupugisset,
1069 1742 1255 1781 rursus
1278 1740 1433 1782 curat
1462 1747 1524 1785 ac
1558 1733 1823 1801 medetur,

238 1824 310 1862 ne
337 1823 434 1863 eos
462 1810 585 1878 plus
611 1827 774 1881 quam
805 1829 899 1882 par
927 1816 996 1868 sit
1019 1816 1255 1886 dejiciat,
1291 1819 1613 1892 ignavosque
1639 1825 1827 1880 reddat

237 1915 303 1953 ac
328 1901 552 1969 supinos
584 1921 599 1956 :
630 1919 752 1957 nam
783 1905 872 1974 qui
903 1920 1126 1975 segnem
1161 1910 1279 1964 [erit
1307 1926 1369 1965 ac
1397 1911 1672 1978 desidem,
1701 1930 1826 1970 cum

237 1991 415 2046 reddit
443 1995 778 2064 segniorem.
809 1996 996 2068 Neque
1024 2017 1154 2071 ergo
1183 2003 1405 2059 omnino
1436 2006 1726 2076 blanditur,
1759 2025 1827 2065 ne

237 2087 420 2142 animo
437 2088 696 2154 extollat;
722 2104 896 2162 neque
916 2091 1130 2162 gravius
1152 2095 1293 2162 ferit,
1320 2113 1385 2150 ne
1407 2099 1593 2154 reddat
1614 2105 1828 2172 segnio-

237 2195 354 2243 res;
384 2179 482 2233 sed
530 2183 830 2249 pauxillum
881 2184 1125 2252 injicicns
1169 2187 1310 2255 quod
1359 2190 1549 2257 feriat,
1595 2195 1824 2252 multum

236 2272 458 2327 adhibet
484 2274 630 2344 quod
661 2286 816 2329 curet
842 2291 904 2330 ac
933 2277 1214 2332 medeatur
1242 2294 1338 2349 per
1363 2296 1427 2336 ea
1454 2297 1575 2352 qua:
1600 2287 1828 2355 subjun-

238 2366 344 2429 git,
375 2378 430 2417 ut
460 2366 606 2434 quod
635 2367 746 2421 vult
777 2367 1001 2423 efliciat.
1032 2369 1170 2439 Quid
1193 2373 1338 2427 enim
1359 2374 1528 2430 dicit?
1572 2381 1649 2447 (a)
1683 2381 1821 2452 [Non

241 2453 352 2506 ha-c
389 2454 623 2510 dicimus
674 2464 948 2526 tamquam
990 2459 1081 2529 qui
1114 2475 1208 2515 vos
1237 2463 1784 2525 condemnaverimus
1804 2513 1821 2538 ,

235 2550 336 2589 nec
365 2545 424 2589 ut
451 2538 545 2604 qui
575 2539 949 2596 existimemus
975 2558 1072 2598 vos
1098 2560 1220 2602 esse
1244 2552 1432 2616 plenos
1459 2554 1630 2624 spinis
1651 2596 1668 2624 ,
1711 2559 1811 2616 sed

234 2628 400 2697 utqui
434 2627 718 2684 timeamus
742 2647 810 2687 ne
832 2633 933 2687 hoc
955 2635 1160 2690 accidat
1186 2655 1200 2691 :
1228 2640 1420 2696 melius
1443 2653 1528 2700 est
1546 2649 1690 2704 enim
1709 2665 1807 2706 vos

233 2719 412 2773 verbis
431 2730 656 2786 terrere,
679 2737 745 2778 ne
764 2738 826 2778 re
848 2723 962 2793 ipsa
981 2725 1231 2784 dolentis.
1252 2729 1321 2785 Et
1346 2731 1446 2789 hoc
1473 2739 1708 2796 maxime
1727 2753 1811 2800 est

231 2809 378 2865 Pauli
421 2812 747 2881 prudentiae.
777 2814 844 2870 Et
875 2831 982 2871 non
1011 2817 1169 2886 dixit,
1202 2820 1586 2882 Existimamus
1607 2869 1622 2896 ,
1666 2847 1766 2887 nec
1791 2874 1808 2896 .

229 2899 584 2970 Cottjicimus,
615 2920 735 2968 nec,
771 2905 1178 2976 Exspectamus,
1209 2927 1328 2978 nec,
1357 2913 1682 2986 Speramus;
1713 2923 1808 2978 sed

231 2991 426 3064 quidi]
455 2991 513 3047 9.
537 2993 852 3063 Conﬁdimus
873 3006 1043 3052 autem
1069 3001 1135 3054 de
1154 3001 1314 3069 vobis,
1337 3005 1677 3077 dilectissimi,
1705 3030 1815 3069 me-

229 3084 363 3137 liora
387 3094 436 3138 et
467 3085 712 3141 viciniora
739 3088 919 3152 saluti,
953 3094 1156 3146 tametsi
1175 3094 1246 3147 ita
1267 3096 1548 3163 loquimur.
1573 3102 1686 3158 Hoc
1704 3114 1811 3174 est,

229 3173 344 3229 Non
369 3185 425 3230 ut
444 3178 874 3235 condcmnantes
898 3197 1014 3247 vos,
1042 3185 1141 3238 ista
1164 3186 1412 3258 dicimus,
1442 3207 1615 3264 neque
1641 3205 1699 3251 ut
1723 3173 1811 3252 ar-

232 3265 492 3322 bitrantes
524 3285 622 3324 vos
664 3271 837 3340 spinis
864 3288 986 3330 esse
1017 3277 1224 3333 obsitos
1265 3291 1320 3336 et
1361 3284 1548 3352 plenos
1569 3327 1584 3350 ,
1616 3288 1711 3343 sed
1740 3290 1808 3343 tio

233 3367 440 3411 mentes
468 3373 537 3414 ne
568 3360 671 3416 hoc
704 3361 794 3417 liat
819 3381 833 3418 :
865 3376 1084 3434 prazstat
1110 3371 1254 3424 enim
1283 3388 1375 3427 vos
1404 3390 1470 3429 ex
1502 3378 1678 3432 verbis
1704 3379 1805 3436 lor-

231 3447 468 3513 ntidare,
499 3465 569 3504 ne
593 3467 654 3504 re
681 3452 798 3521 ipsa
829 3456 1044 3512 tandem
1087 3459 1341 3518 doleatis.
1389 3467 1564 3536 Atque
1607 3469 1660 3525 in
1707 3470 1812 3529 hoc

235 3541 527 3607 prescrtim
551 3543 834 3612 prudentia
867 3547 1012 3602 Pauli
1045 3563 1284 3620 apparet.
1304 3554 1487 3626 Neque
1508 3575 1636 3615 vero
1656 3563 1810 3633 dixit,

238 3629 587 3696 Arbitrantur,
635 3648 843 3704 neque,
872 3636 1254 3708 Conjecturam
1302 3644 1530 3705 facimus
1553 3693 1566 3714 ,
1601 3629 1815 3724 neque,

239 3717 643 3790 Exspectatuus,
673 3741 870 3796 neque,
898 3728 1186 3798 Speramus
1209 3775 1226 3799 ,
1255 3735 1350 3790 sed
1382 3740 1547 3808 quid?
1571 3717 1807 3815 Conjidi;

240 3825 360 3864 ntus.
385 3813 540 3880 Quod
561 3816 724 3870 etiam
743 3817 954 3874 dicebat
981 3824 1223 3882 scribens
1244 3829 1308 3882 ad
1333 3829 1549 3887 Galatas
1566 3851 1579 3887 :
1595 3813 1812 3905 Conﬁdo

239 3911 395 3998 autem
421 3904 488 3956 de
526 3905 666 3960 vobis
705 3908 760 3960 in
801 3907 1021 3966 Domino
1041 3954 1056 3979 ,
1086 3920 1226 3984 quod
1255 3921 1387 3974 nihil
1426 3924 1576 3978 aliud
1603 3930 1813 3998 sapietis

247 3987 395 4057 (Gal.
426 3993 483 4047 5.
515 3994 650 4064 te).
679 3995 796 4051 Non
841 3999 996 4068 dixit,
1025 4003 1241 4073 Sapitis,
1277 4010 1374 4065 sed
1419 3987 1675 4084 Sapietis:
1702 4018 1813 4075 Illic

237 4083 441 4149 quidem
463 4127 481 4151 ,
513 4087 636 4156 quia
665 4089 821 4145 valde
847 4106 944 4148 eos
969 4097 1422 4169 reprehenderat,
1451 4122 1550 4161 nec
1581 4108 1812 4165 habebat

235 4173 371 4228 unde
394 4191 491 4231 eos
519 4191 553 4231 a
583 4179 747 4237 rebus
774 4188 1129 4251 praesentibus
1161 4189 1435 4261 laudaret,
1465 4213 1494 4250 a
1539 4198 1732 4256 futuris
1759 4204 1808 4258 id

239 4267 556 4337 aggreditur,
588 4269 796 4338 dicens,
827 4274 981 4331 Niltil
1007 4280 1156 4335 aliud
1179 4285 1391 4354 sapietis
1415 4303 1434 4341 :
1463 4289 1548 4345 hic
1572 4304 1749 4350 autem
1782 4313 1813 4351 a

242 4361 589 4424 praesentibus
618 4381 632 4417 :
657 4364 979 4436 Con/idiotas
1007 4382 1200 4437 autem.
1229 4377 1426 4444 dilecti,
1453 4383 1516 4436 de
1541 4387 1680 4442 vobis
1705 4407 1808 4443 me-

241 4445 360 4500 liora
385 4459 433 4503 et
458 4452 706 4508 viciniora
729 4456 906 4522 saluti,
939 4461 1034 4514 etsi
1056 4463 1132 4517 sic
1157 4465 1434 4535 loquimur.
1464 4472 1527 4527 Et
1556 4479 1811 4546 quoniam

242 4550 270 4590 a
292 4541 643 4640 praesentibus
664 4559 768 4600 non
794 4550 958 4604 multa
986 4552 1215 4611 habebat
1237 4575 1354 4628 qua:
1377 4541 1599 4631 diceret,
1619 4585 1648 4622 a
1676 4587 1810 4640 prte-

242 4629 404 4685 teritis
424 4631 660 4689 instituit
681 4639 1133 4710 consolationem,
1158 4657 1214 4702 et
1237 4649 1367 4706 dicit
1390 4671 1402 4706 :
1431 4655 1516 4710 to.
1540 4629 1660 4714 Non
1677 4629 1810 4716 enim

242 4717 452 4787 injustas
479 4734 555 4778 est
581 4722 724 4782 Deus
742 4769 760 4792 ,
789 4739 846 4783 ut
871 4732 1198 4791 obliviscatur
1224 4745 1393 4810 operis
1419 4750 1568 4802 vestri
1604 4762 1653 4805 ct
1683 4754 1814 4808 dile-

243 4810 410 4866 ctionis
431 4853 445 4874 .
476 4830 632 4881 quam
675 4820 964 4876 ostendistis
999 4825 1052 4878 in
1094 4830 1298 4885 nomine
1326 4834 1519 4903 ipsius,
1555 4843 1643 4909 qui
1667 4845 1815 4898 mini-

244 4904 432 4958 strastis
460 4907 660 4963 sanctis
684 4919 733 4963 et
762 4912 1083 4973 ministratis.
1117 4919 1305 4992 Papa}!
1329 4904 1600 4994 quomodo
1628 4949 1814 4992 eorum

245 5004 437 5080 recreat
475 5009 529 5051 et
567 5000 856 5057 conﬁrmat
902 5006 1159 5075 nimam,
1189 5027 1278 5067 res
1307 5025 1521 5073 veteres
1552 5036 1813 5080 revocans

248 5079 292 5134 in
328 5088 640 5143 metatoriam
662 5131 680 5157 ,
718 5102 774 5148 et
800 5095 1052 5168 redigens
1081 5101 1147 5155 ad
1176 5107 1553 5164 necessitatem
1589 5128 1692 5167 non
1724 5132 1816 5172 ex-

247 5177 507 5262 spectaudi
553 5179 721 5237 Deum
760 5199 883 5241 esse
913 5188 1174 5246 oblitum?
1215 5193 1451 5254 Necesse
1477 5212 1560 5256 est
1585 5206 1726 5259 enim
1761 5218 1816 5262 ut

248 5261 326 5317 ille
351 5278 571 5335 peccet,
601 5273 692 5342 qui
736 5289 842 5329 non
871 5287 1073 5334 certant
1117 5281 1274 5339 habet
1317 5293 1720 5356 persuasionem
1749 5298 1817 5354 de

243 5354 376 5423 justo
402 5361 495 5418 Dei
521 5364 730 5433 judicio
751 5377 807 5423 et
833 5368 903 5424 de
926 5386 1077 5442 aequa
1105 5354 1352 5435 mercede
1379 5384 1669 5443 secundum
1694 5389 1816 5446 vitae

305 5520 374 5591 (ᾳ)
396 5521 514 5581 Quae
549 5525 682 5574 inter
715 5524 840 5574 duos
871 5524 1399 5600 uncinos-clauduntur
1441 5533 1501 5580 ab
1538 5533 1820 5606 Interprete

249 5575 417 5647 _I_.att_uo,
443 5597 506 5633 ex
529 5593 697 5647 ωαξςο
718 5598 809 5635 suo
832 5584 1101 5647 exemplari
1124 5602 1360 5647 expressa
1386 5592 1545 5647 fuere.
1572 5605 1621 5645 et
1647 5611 1692 5646 tu
1720 5599 1820 5647 Mu-

250 5602 417 5649 ιτειιιιο,
443 5602 506 5633 ex
529 5602 697 5634 ιιι-εεςο
718 5602 809 5635 suo
832 5602 1101 5658 exemptam
1124 5602 1360 5653 expressa
1386 5602 1545 5655 tuere,
1572 5605 1621 5645 et
1647 5602 1692 5646 in
1720 5602 1821 5647 Muv

249 5645 616 5722 ἓξὲξ-(φέρῃς.
626 5645 883 5722 legunth
898 5648 951 5722 lit
972 5650 1122 5722 Mitis
1135 5660 1298 5722 autem
1324 5655 1511 5722 Graecis
1525 5660 1702 5706 nostris
1725 5675 1818 5708 non

248 5698 487 5756 habentur.
515 5698 826 5760 ColbeFtinus
850 5709 1010 5760 Codex
1039 5698 1116 5761 hic
1137 5698 1642 5772 deiiciiJiFdKiiiiiEs'l

545 5809 826 5864 l’ATltOL.
876 5805 993 5865 (iu.
1046 5809 1268 5871 LXIII.

1934 452 2198 504 rationem
2242 448 2455 513 danda,
2485 458 2539 504 et
2584 459 2642 505 ut
2683 448 2828 506 dicat
2873 449 3039 506 Deum
3083 467 3206 509 esse
3235 455 3512 524 injustam.

1935 537 2292 606 Quamobrem
2313 553 2408 592 eos
2429 539 2651 594 omnino
2671 541 2848 610 coegit
2868 554 3182 611 exspectare
3201 545 3289 598 illa
3309 545 3513 601 futura.

1937 631 2076 687 Eum
2105 632 2250 686 enim
2279 632 2366 699 qui
2399 646 2464 686 ex
2507 633 2669 687 rebus
2712 636 3071 701 przesentibus
3115 637 3420 706 desperavit
3460 650 3518 695 et

1929 708 2167 763 animum
2196 708 2523 780 despondit,
2550 726 2615 766 ex
2644 711 2834 766 futuris
2865 712 3059 782 poterit
3089 713 3352 784 quispiam
3384 728 3510 768 cor-

1931 801 2190 857 roborare
2219 820 2232 856 .-
2266 802 2407 856 sicut
2452 804 2567 872 ipse
2615 817 2829 874 quoque
2885 806 2951 856 ad
3003 801 3225 858 Galatas
3271 804 3518 859 scribens

1931 894 2145 949 dicebat
2177 912 2189 946 :
2220 892 2510 950 Currebatis
2553 892 2715 959 bene;
2746 895 2858 963 quis
2896 909 2982 948 vos
3011 895 3309 965 impedivit?
3336 904 3393 950 et
3419 896 3520 949 itc-

1929 1001 2046 1039 rum
2074 1003 2086 1036 :
2113 985 2278 1038 Tanta
2301 985 2436 1055 passi
2460 985 2580 1039 estis
2602 983 2709 1038 sine
2729 985 2924 1038 causa?
2947 987 2989 1038 si
3013 994 3178 1038 tanien
3201 986 3309 1040 sine
3333 1000 3512 1040 causa.

1927 1080 2074 1131 Sicut
2100 1088 2279 1132 autem
2308 1079 2393 1132 hic
2425 1094 2547 1132 cum
2578 1076 2948 1146 increpatione
2980 1077 3190 1132 laudem
3229 1079 3396 1148 ponit,
3427 1079 3514 1133 di-
3573 1086 3576 1088 ⁷

1927 1182 2055 1222 cens
2082 1187 2095 1223 :
2119 1165 2244 1223 Cum
2271 1168 2514 1222 deberetis
2542 1186 2648 1223 esse
2677 1170 2907 1239 magistri
2935 1179 3144 1240 promer
3173 1179 3370 1240 tempus
3397 1187 3416 1225 :
3442 1171 3516 1227 ita

1927 1258 2038 1313 illic
2065 1277 2277 1332 quoque
2303 1279 2317 1316 :
2344 1258 2510 1314 Miror
2534 1260 2670 1330 quod
2695 1271 2798 1314 tam
2826 1262 2923 1315 cito
2954 1264 3324 1333 transferimini
3350 1266 3369 1334 (
3389 1262 3511 1318 Cal.

1924 1349 1978 1402 5.
2011 1349 2061 1403 7.
2089 1362 2134 1404 et
2165 1349 2216 1406 '5.
2239 1352 2290 1406 ι.
2311 1361 2357 1404 et
2393 1353 2410 1406 Ι
2459 1352 2535 1422 6).
2561 1351 2700 1407 Laus
2726 1361 2807 1406 est
2830 1367 2949 1406 cum
2973 1351 3328 1408 admiratione
3355 1371 3514 1410 :nam

1923 1438 1990 1494 de
2021 1439 2178 1496 rebus
2205 1443 2410 1512 magnis
2436 1442 2652 1512 quando
2693 1440 2993 1498 exciderint
3035 1443 3314 1500 miramur.
3350 1444 3515 1500 Vides

1924 1532 1981 1588 iit
2009 1536 2352 1590 accusatione
2373 1546 2427 1591 et
2455 1537 2876 1606 reprehensione
2901 1539 3225 1595 absconsam
3249 1556 3370 1596 esse
3399 1542 3514 1597 lauo

1922 1624 2082 1680 detn?
2111 1624 2220 1682 Nec
2243 1625 2311 1683 de
2339 1643 2398 1683 se
2425 1629 2600 1684 solum
2630 1628 2732 1684 hoc
2760 1627 2914 1695 dicit,
2940 1629 3031 1684 sed
3056 1631 3218 1686 etiam
3241 1631 3309 1687 de
3337 1634 3515 1687 omni-

1923 1717 2023 1772 bus
2045 1737 2056 1771 :
2078 1735 2182 1772 non
2208 1720 2350 1774 enim
2370 1719 2526 1784 dixit,
2544 1719 2792 1786 Conﬁdo,
2813 1719 2932 1786 sed,
2952 1718 3269 1790 Conﬁdimus
3291 1725 3354 1778 de
3374 1723 3513 1779 robis

1927 1810 2141 1864 meliora
2163 1826 2184 1864 :
2209 1811 2260 1864 id
2287 1820 2390 1878 est,
2437 1811 2598 1867 bona.
2633 1814 2737 1868 Ant
2769 1811 2882 1868 ha-c
2907 1824 3086 1868 autem
3122 1812 3251 1870 dicit
3280 1815 3346 1870 de
3373 1818 3511 1871 bona

1925 1902 2048 1955 vita:
2090 1901 2308 1972 agendi:
2341 1903 2546 1956 ratione
2567 1943 2582 1967 ,
2614 1913 2706 1956 aut
2731 1900 2797 1959 de
2826 1906 3274 1960 remuneratione.
3309 1905 3513 1964 Deinde

1921 2006 2042 2046 cum
2083 1993 2306 2049 dixisset
2336 1994 2582 2062 superius
2612 1995 2754 2064 quod
2787 1995 2857 2050 sit
2883 1995 3113 2066 reproba
3141 2007 3195 2052 et
3225 1997 3511 2055 tualedicto

1927 2084 2200 2153 proxima,
2225 2093 2279 2140 et
2304 2084 2447 2154 quod
2475 2087 2574 2140 erit
2605 2081 2658 2140 in
2686 2085 3117 2142 combustiouctn
3139 2105 3153 2140 :
3176 2103 3242 2144 ne
3269 2088 3512 2146 videatur

1921 2175 1988 2230 de
2019 2171 2086 2229 iis
2117 2174 2302 2231 istlttec
2331 2171 2816 2246 clTari,'sultjunxit
2844 2175 3024 2232 statim
3063 2197 3074 2232 :
3110 2174 3230 2234 Non
3262 2183 3394 2236 enim
3421 2185 3512 2238 in-

1916 2264 2094 2335 justus
2119 2275 2190 2320 est
2223 2260 2381 2330 Deus,
2417 2277 2470 2319 ut
2493 2263 2816 2321 obiiciuntur
2839 2268 3007 2336 aperis
3037 2269 3188 2323 vestri
3211 2281 3259 2324 et
3285 2272 3512 2328 dilectio-

1935 2357 2045 2422 nis;
2077 2355 2386 2423 ostendens,
2415 2357 2554 2426 quod
2584 2358 2684 2412 etsi
2711 2355 2783 2412 ita
2815 2355 3116 2428 loquimur,
3150 2376 3258 2415 non
3285 2365 3510 2420 omnino

1930 2448 2043 2502 ha'c
2062 2446 2130 2504 de
2157 2448 2308 2503 vobis
2332 2449 2582 2503 dicimus.
2617 2449 2684 2503 Et
2709 2451 2754 2504 si
2785 2450 2851 2504 de
2878 2450 3033 2505 nobis
3061 2465 3168 2507 non
3191 2450 3350 2522 dicis,
3378 2455 3510 2527 quid

1923 2537 2138 2593 demum
2167 2547 2436 2608 tamquam
2460 2537 2675 2594 desides
2703 2539 3036 2610 perstringis,
3061 2550 3115 2596 et
3139 2551 3310 2597 terres
3328 2548 3510 2614 spina-

1920 2644 2038 2683 rum
2064 2628 2322 2684 rel'ricans
2349 2630 2702 2684 memoria-tn?
2733 2631 2818 2684 ll.
2839 2629 3088 2699 Cupimus
3120 2643 3292 2687 autem
3321 2650 3508 2689 unum-

1919 2737 2165 2791 quemque
2203 2730 2424 2774 veslrum
2453 2720 2684 2775 eamdem
2716 2718 2977 2775 ostendere
3003 2721 3405 2780 sollicitudinem
3435 2727 3506 2780 ad

1919 2814 2252 2883 expletionem
2277 2814 2385 2882 spei
2412 2829 2571 2884 usque
2600 2811 2652 2867 in
2679 2815 2865 2882 ﬁnem;
2896 2814 2982 2868 12.
3014 2825 3068 2868 ut
3096 2833 3196 2870 non
3224 2835 3401 2889 segnes
3423 2823 3502 2890 ef-

1920 2907 2169 2974 ficiamini
2189 2947 2203 2972 ,
2235 2923 2406 2960 verum
2434 2907 2716 2961 imitatores
2744 2924 2916 2961 eorum
2942 2907 3030 2977 qui
3058 2909 3161 2975 ﬁde
3188 2920 3234 2962 et
3261 2912 3509 2979 patientia

1921 2998 2266 3052 ltereditnbunt
2295 2999 2671 3065 promissiones.

1981 3071 2034 3126 5.
2067 3069 2227 3128 Pauli
2265 3075 2537 3144 prudentia
2583 3077 2848 3133 mirabilis.
2876 3109 2946 3124 ε-
2975 3079 3220 3152 Cupimus
3240 3128 3255 3150 ,
3285 3086 3492 3160 inquit:

1917 3177 2020 3216 non
2039 3162 2210 3218 solum
2241 3179 2370 3234 ergo
2402 3165 2468 3221 ad
2486 3167 2646 3224 verba
2667 3183 2834 3239 usque
2853 3169 2954 3225 hoc
2971 3172 3238 3228 Volumus.
3255 3175 3360 3232 Sed
3373 3181 3500 3250 quid

1913 3255 2104 3324 cupis?
2131 3255 2389 3326 Cepimus
2415 3273 2508 3312 vos
2530 3258 2806 3315 adltaarere
2833 3263 3013 3317 virtuti
3041 3306 3056 3331 ,
3089 3281 3194 3320 non
3229 3277 3501 3338 tamquam

1914 3349 2088 3417 priora
2111 3349 2553 3419 condemnautes,
2579 3354 2671 3408 sed
2694 3355 2759 3408 dc
2783 3351 2972 3411 futuris
2996 3355 3267 3416 timentes.
3298 3359 3368 3416 Et
3394 3379 3498 3416 nou

1913 3439 2067 3506 dixit,
2091 3441 2383 3513 Tamquam
2405 3446 2578 3514 priora
2601 3445 3038 3512 condemnautes,
3064 3453 3157 3508 sed
3183 3459 3500 3523 prie-sentin:

1911 3533 2042 3588 estis
2068 3533 2210 3590 enim
2255 3534 2537 3604 dissoluti,
2592 3539 2718 3595 facti
2750 3544 2880 3596 estis
2920 3546 3214 3614 segniores.
3248 3548 3352 3604 Sed
3383 3555 3501 3606 vide

1913 3639 2070 3692 quam
2101 3624 2308 3695 placide
2357 3627 2409 3682 id
2441 3630 2712 3697 ostendit,
2745 3641 2798 3686 et
2825 3650 2930 3688 non
2975 3635 3138 3691 let-iit.
3186 3637 3322 3704 Quid
3357 3642 3498 3695 cnim

1913 3713 2080 3770 dicit?
2108 3717 2353 3788 Cupimus
2373 3731 2539 3775 autent
2581 3739 2983 3795 unumquemque
3025 3738 3242 3782 uestrum
3271 3733 3499 3785 eamdem

1912 3808 2748 3886 ostenderesollicitudinemusque
2764 3816 2816 3869 in
2839 3819 3010 3885 ﬁnem.
3040 3819 3153 3875 Iloc
3176 3822 3316 3876 enim
3349 3824 3502 3880 Pauli

1914 3899 2210 3968 prudentie
2258 3912 2340 3956 cst
2384 3904 2699 3960 admirabile
2725 3948 2739 3970 ,
2797 3908 2938 3977 quod
2986 3926 3094 3965 non
3131 3915 3364 3969 ostendit
3406 3932 3501 3970 eos

1912 3989 2162 4056 cessisse,
2184 4003 2237 4047 et
2267 3992 2436 4048 factos
2455 4010 2575 4050 esse
2602 3999 2958 4054 remissiores.
2989 3999 3178 4059 Dicere
3206 4005 3369 4070 enim,
3393 4005 3498 4062 Cu-

1915 4082 2079 4149 pimus
2108 4101 2509 4157 unumquemque
2538 4099 2778 4156 vesti-un,
2810 4091 2910 4146 hoc
2960 4103 3066 4162 est,
3117 4097 3336 4165 perinde
3366 4114 3430 4153 ac
3453 4101 3497 4154 si

1911 4172 2058 4227 dicas
2091 4193 2105 4233 :
2137 4176 2270 4233 Volo
2300 4187 2350 4233 te
2381 4195 2594 4250 semper
2615 4181 2854 4248 studere,
2884 4193 2940 4238 et
2967 4186 3139 4255 qualis
3161 4188 3308 4258 prius
3339 4206 3495 4254 eras,

1914 4263 2073 4321 talem
2112 4282 2235 4323 esse
2269 4279 2321 4324 et
2351 4287 2491 4326 nunc
2513 4283 2567 4328 et
2595 4273 2646 4326 in
2677 4284 2972 4344 posterum.
3004 4276 3115 4334 Hoc
3151 4280 3294 4335 enim
3317 4282 3498 4337 mitio-

1913 4373 2024 4413 rem
2045 4357 2172 4414 l‘acit
2198 4362 2694 4432 reprehensionem,
2719 4376 2770 4420 et
2795 4382 2899 4422 non
2922 4383 3063 4439 :egre
3091 4370 3496 4429 admittendam.

1912 4448 2021 4504 Nec
2047 4449 2199 4513 dicit,
2232 4451 2388 4517 Volo,
2419 4455 2561 4522 quod
2590 4464 2705 4510 erat
2729 4456 2956 4512 docendi
2982 4461 3348 4527 auctoritatis;
3381 4464 3496 4526 si-d.

1913 4541 2054 4610 quod
2087 4549 2322 4611 paterna:
2369 4555 2484 4600 erat
2515 4545 2904 4602 bettcvolcutim
2934 4549 3104 4620 magis
3133 4567 3290 4620 quant
3324 4556 3456 4609 velle
3481 4597 3496 4618 ,

1914 4631 2192 4703 Cupimus;
2215 4636 2601 4706 propemodum
2629 4638 2845 4696 dicens:
2878 4639 3141 4712 Ignoscite
3166 4644 3209 4697 si
3238 4645 3361 4713 quid
3387 4663 3497 4699 tuo-

1914 4721 2105 4778 lcstum
2143 4733 2200 4779 et
2243 4741 2404 4796 grave
2433 4726 2758 4784 dixerimus.
2802 4729 3046 4799 Cupimus
3101 4749 3501 4805 unumquemque

1914 4828 2131 4871 vestrum
2170 4820 2400 4872 eamdem
2449 4821 2715 4876 ostendere
2742 4821 3137 4877 sollicitudinem
3157 4825 3227 4878 ad
3253 4827 3499 4895 explatio—

1914 4924 2027 4962 nem
2051 4909 2158 4979 spei
2179 4919 2355 4964 vestra:
2380 4927 2535 4980 usque
2559 4913 2611 4965 in
2640 4913 2814 4980 ﬁnem.
2842 4913 2980 4980 Quid
3010 4923 3094 4968 est
3137 4915 3279 4969 hoc?
3322 4918 3456 4987 Spes
3479 4958 3496 4980 .

1916 5000 2104 5068 inquit,
2132 5010 2330 5071 portat,
2372 5001 2485 5071 ipsa
2527 5014 2737 5060 recreat
2771 5005 2886 5061 :Ne
2930 5005 3262 5077 afﬂigatuini,
3309 5025 3376 5062 ne
3402 5009 3499 5063 de—

1914 5095 2161 5162 speretis,
2196 5111 2262 5148 nc
2293 5096 2363 5149 sit
2389 5104 2564 5151 vestra
2605 5111 2729 5168 spes
2772 5113 3166 5168 supervacanea
3198 5117 3210 5153 :
3246 5117 3364 5154 nant
3411 5104 3500 5172 qui

1917 5185 2052 5238 bona
2083 5195 2356 5255 operatur,
2404 5187 2540 5241 bona
2572 5198 2774 5258 Sperat,
2824 5198 2878 5243 et
2909 5205 3196 5259 numquam
3221 5191 3290 5246 de
3320 5209 3379 5248 se
3407 5193 3503 5250 de-

1917 5284 2114 5344 sperat.
2156 5274 2223 5330 Ut
2271 5292 2372 5330 non
2399 5294 2574 5350 segnes
2613 5279 2916 5350 rﬁiciamini,
2941 5281 3117 5338 adhuc
3146 5282 3452 5338 ellii-iatnini
3485 5304 3498 5338 :

1918 5370 2078 5439 Atqui
2146 5370 2359 5426 dicebat
2407 5373 2698 5442 superius,
2773 5375 3026 5442 Quoniam
3088 5377 3328 5432 imbecilli
3382 5381 3504 5448 facti

1925 5456 2042 5505 estis
2072 5452 2140 5504 ad
2165 5455 2489 5508 audiendum.
2521 5456 2624 5509 Sed
2663 5457 2780 5509 vide
2809 5458 3079 5526 quomodo
3119 5460 3400 5528 segnitiem
3429 5460 3501 5513 ibi

1925 5544 1988 5598 ad
2019 5545 2258 5600 auditum
2305 5562 2470 5615 usque
2509 5547 2787 5611 statuerit;
2825 5547 2910 5601 hic
2950 5559 3127 5600 autem
3177 5549 3317 5602 aliud
3348 5549 3506 5602 tacite

1925 5637 2182 5706 signiﬁcat
2207 5655 2218 5688 :
2239 5653 2359 5690 cum
2390 5637 2630 5690 dicturus
2659 5637 2802 5689 enim
2830 5646 2990 5700 esset,
3022 5636 3096 5690 Nc
3125 5639 3504 5706 perinancatis,

1925 5729 2080 5796 dixit,
2126 5728 2206 5782 Ne
2256 5746 2432 5796 πριιιί
2478 5728 2783 5797 eﬂicimnini.
2816 5728 3018 5782 [illl'SllS
3046 5744 3138 5779 eos
3177 5731 3239 5776 ad
3270 5728 3504 5784 futurum

3154 5819 3203 5876 6.
