3956 6138
417 361 480 414 87
1132 352 1190 409 S.
1230 345 1506 408 JOAN‘NIS
1541 340 2020 401 ClifiYSOSTOSll
2059 339 2374 396 ABClllEP.
2415 331 2952 394 CONSTANTINOP.
3613 325 3682 381 88

422 481 636 540 tempus
665 467 866 540 profert
886 465 1024 537 quod
1053 465 1222 534 culpte
1251 480 1358 517 non
1383 472 1466 518 cSt
1490 461 1668 525 aliine,
1695 461 1901 524 dicens,
1933 454 2000 511 Ut

426 581 527 616 non
570 563 822 632 segniores
875 557 1176 629 eﬁiciamini.
1225 557 1373 610 lllius
1417 555 1558 608 enim
1589 553 1729 623 quod
1763 551 2000 606 nondum

426 668 526 721 est,
558 669 841 725 numquam
865 653 1119 707 fuerimus
1144 652 1316 720 culpa:
1337 649 1574 703 obnoxii.
1599 649 1729 702 Nam
1754 648 1819 711 is,
1845 659 2001 714 quem

425 748 543 816 quis
572 745 812 799 hortatur
838 753 895 797 ut
925 742 978 796 itt
1019 756 1262 812 prtesens
1288 740 1358 793 sit
1383 738 1610 807 diligens
1637 747 1690 791 et
1718 738 2001 803 Sollicitus,

425 854 544 893 cum
577 839 644 892 sit
672 837 967 906 negligens,
991 833 1219 889 fortasse
1266 833 1368 886 erit
1397 832 1555 884 etiam
1600 831 1794 902 pigrior
1819 841 1872 885 et
1907 848 2002 886 nc-

427 928 742 997 gligentior;
775 941 934 996 quem
959 933 1136 978 autem
1163 925 1212 976 in
1244 923 1499 986 futurum,
1525 937 1625 974 non
1657 921 1742 976 ita.
1764 921 2006 990 Cupimus

426 1030 610 1082 autem,
656 1018 843 1087 inquit,
888 1031 1292 1084 unumquemque
1314 1023 1552 1067 uestrum.
1586 1013 1743 1066 Multa
1775 1014 2007 1091 benevo-

426 1113 587 1166 lentia
618 1120 700 1164 est
723 1129 736 1163 :
763 1121 817 1163 ct
839 1124 1151 1178 magnorum
1179 1117 1226 1160 ct
1253 1121 1533 1175 parvorum
1557 1105 1804 1159 similiter
1827 1121 2007 1161 curam

428 1204 582 1269 gerit,
615 1212 670 1256 et
701 1201 852 1254 novit
893 1214 1103 1264 omnes,
1137 1208 1190 1252 et
1243 1197 1509 1250 nemiuem
1541 1195 1796 1264 deSpicit;
1829 1196 1921 1250 sed
1953 1197 2007 1251 in

431 1308 864 1365 unumquemque
907 1291 1147 1346 eamdem
1205 1291 1341 1358 gerit
1394 1304 1599 1352 curam,
1633 1297 1687 1342 et
1724 1303 1903 1356 parem
1956 1289 2006 1340 itt

431 1403 619 1439 omnes
650 1386 931 1437 honorem.
972 1382 1120 1437 Unde
1162 1382 1321 1435 etiam
1355 1380 1522 1449 magis
1551 1379 1922 1448 persuadebat,
1953 1387 2010 1431 ut

432 1477 717 1530 verborum
743 1473 1074 1540 susciperent
1120 1470 1416 1524 molestiam
1446 1479 1501 1522 et
1550 1470 1909 1537 asperitatem.
1944 1466 2010 1522 Ut

434 1583 534 1618 non
563 1581 756 1635 segnes,
791 1563 979 1631 inquit,
1015 1562 1318 1632 efficiamini.
1353 1559 1482 1613 Nam
1515 1569 1574 1614 ut
1616 1560 1818 1613 desidia
1869 1559 2012 1614 laedit

434 1670 626 1722 corpus
657 1670 668 1704 :
703 1653 772 1704 ita
799 1651 962 1704 etiam
992 1651 1224 1703 animam
1247 1650 1473 1703 cessatio
1519 1663 1547 1700 a
1590 1648 1744 1702 bonis
1774 1649 2012 1718 supinio-

436 1761 547 1798 rem
592 1743 782 1806 reddit,
830 1750 884 1796 ct
913 1741 1235 1812 ignaviorem
1268 1749 1322 1794 et
1350 1739 1689 1794 imbecillam.
1725 1737 2012 1794 lmitatores

433 1845 616 1900 autem,
642 1835 828 1903 inquit,
847 1849 1017 1885 eorum
1037 1832 1124 1902 qui
1151 1848 1238 1900 per
1253 1831 1404 1899 ﬁdem
1430 1840 1478 1885 et
1499 1831 1788 1900 patientiam
1815 1831 2013 1884 heredi-

435 1937 540 1981 tant
573 1926 946 1996 promissiones.
979 1924 1045 1978 Et
1071 1924 1284 1993 quinam
1318 1924 1369 1977 Ιιί
1423 1923 1547 1985 sint,
1577 1923 1832 1991 deinceps
1861 1923 2006 1977 dicit.

436 2019 588 2072 Prius
602 2017 752 2081 dixit,
773 2015 1054 2070 lmitautini
1070 2032 1130 2069 ea
1150 2031 1266 2086 qua:
1297 2016 1439 2085 prius
1462 2030 1489 2068 a
1513 2015 1665 2068 vobis
1697 2023 1842 2069 recte
1866 2025 2012 2084 gesta

435 2119 560 2162 sunt
591 2127 603 2163 :
633 2109 825 2163 deinde
854 2124 920 2161 ne
948 2107 1147 2172 dicant,
1171 2107 1446 2176 quamam?
1464 2122 1558 2160 cos
1583 2105 1884 2160 dcducitad
1917 2122 2011 2175 pa-

443 2201 754 2263 triarcham,
779 2214 963 2252 eorum
992 2197 1205 2266 quidem
1232 2213 1349 2266 qum
1377 2206 1520 2251 recte
1541 2206 1688 2266 gesta
1719 2204 1863 2263 sunt,
1887 2197 2015 2266 ipsis

436 2293 648 2364 propria
674 2291 914 2360 exempla
941 2289 1200 2353 affercns;
1233 2305 1298 2342 ne
1340 2298 1516 2342 autem
1547 2297 1791 2356 putarent
1817 2302 1876 2342 se
1896 2301 2016 2343 esse

437 2385 704 2446 desertos,
736 2396 764 2434 a
792 2381 1092 2450 patriarcha
1116 2378 1399 2433 confortat.
1437 2378 1544 2431 Iloc
1565 2386 1743 2431 autem
1775 2375 1919 2443 facit,
1948 2392 2017 2432 ne

436 2475 682 2529 dicerent
710 2489 768 2528 se
795 2481 1134 2539 contemptus
1152 2469 1303 2541 quasi
1337 2469 1532 2523 nullius
1557 2468 1712 2539 pretii
1733 2469 2016 2523 derelictos

441 2567 641 2630 fuisse;
669 2563 761 2618 sed
780 2572 999 2634 possent
1020 2563 1158 2616 scire
1185 2560 1322 2630 quod
1353 2561 1588 2614 virorum
1621 2559 1773 2613 valde
1795 2573 2019 2628 genero-

439 2671 621 2710 sornm
649 2663 704 2710 et
750 2656 965 2709 fortium
1011 2653 1080 2707 sit
1112 2653 1232 2716 hoc,
1263 2667 1454 2722 nempe
1482 2652 1618 2705 viam
1672 2651 1876 2721 ingredi
1923 2665 2018 2720 per

437 2747 781 2810 tentationes,
812 2754 866 2800 et
891 2743 1031 2813 quod
1069 2743 1195 2797 viris
1225 2743 1432 2813 magnis
1471 2751 1527 2798 et
1575 2740 1902 2796 admirandis
1941 2741 2019 2796 sic

436 2852 572 2892 usus
616 2836 683 2891 sit
712 2837 870 2890 Deus.
919 2834 1140 2904 Oportet
1169 2846 1372 2897 autem,
1413 2833 1601 2901 inquit,
1655 2833 1832 2886 omnia
1877 2830 2018 2887 ferre

441 2947 562 2984 cum
589 2929 873 2998 patientia:
896 2926 996 2981 hoc
1025 2927 1166 2981 enim
1194 2935 1277 2981 est
1303 2925 1463 2980 etiam
1491 2925 1733 2980 credere.
1757 2924 1811 2979 Si
1843 2933 2018 2978 autem

443 3021 584 3073 dicat
600 3021 736 3090 quod
753 3020 863 3085 det,
881 3028 933 3074 et
952 3019 1126 3072 statim
1143 3018 1434 3087 acceperis,
1456 3017 1580 3088 quid
1597 3015 1900 3071 credidisti?
1915 3031 2020 3070 non

443 3120 546 3174 est,
579 3109 766 3179 inquit,
791 3107 1016 3178 amplius
1045 3116 1147 3161 tute
1194 3106 1335 3170 ﬁdei,
1365 3106 1459 3161 sed
1502 3122 1653 3172 meae,
1706 3105 1905 3177 inquit,
1929 3106 2020 3176 qui

453 3197 713 3262 promissa
745 3196 891 3264 prius
922 3197 1130 3268 explevi
1187 3207 1240 3253 et
1265 3197 1408 3253 dedi.
1462 3196 1555 3254 Sin
1595 3208 1772 3252 autem
1809 3199 1980 3256 dicam
2008 3244 2026 3270 ,

455 3286 549 3351 Do,
577 3295 629 3340 et
657 3295 775 3355 post
801 3296 1013 3341 centum
1043 3304 1213 3343 annos
1234 3289 1394 3352 dabo,
1421 3299 1472 3343 tu
1504 3299 1680 3344 autem
1710 3305 1814 3344 non
1832 3290 2028 3362 despe-

445 3375 679 3442 raveris,
709 3384 832 3429 tunc
863 3393 948 3431 me
973 3379 1288 3433 existimasti
1313 3379 1415 3433 ﬁde
1441 3379 1679 3450 dignum,
1711 3389 1837 3435 tunc
1867 3381 2030 3437 habes

449 3469 520 3520 de
560 3481 644 3520 me
698 3481 815 3520 eam
854 3483 1011 3535 quam
1069 3485 1165 3539 par
1200 3479 1282 3524 est
1325 3470 1654 3539 opinionem.
1697 3470 1858 3526 Vides
1887 3473 2030 3542 quod

452 3571 597 3626 smpe
635 3558 870 3612 nascitur
900 3559 1266 3626 incredulitas,
1297 3576 1402 3614 non
1435 3561 1607 3615 solum
1639 3576 1702 3616 ex
1753 3561 1867 3630 spei
1908 3577 2032 3632 ege-

452 3655 611 3710 state,
643 3645 737 3701 sed
766 3649 924 3701 etiam
951 3664 1014 3703 ex
1060 3649 1516 3718 pusillanimitate,
1557 3659 1608 3704 et
1641 3651 1780 3720 quod
1813 3667 1918 3706 non
1959 3652 2034 3706 sis

453 3741 675 3809 patienti
715 3755 914 3807 animo,
965 3751 1019 3795 et
1057 3756 1163 3794 non
1189 3756 1254 3796 ex
1282 3756 1348 3796 eo
1379 3742 1469 3812 qui
1516 3743 1775 3811 promisit.
1812 3741 1933 3797 Non
1962 3753 2033 3796 est

445 3830 605 3895 enim,
639 3831 830 3901 inquit,
863 3831 1084 3901 injustas
1111 3830 1267 3898 Deus,
1304 3840 1362 3884 ut
1399 3831 1724 3886 obliviscatur
1750 3832 2034 3888 dilectionis

452 3932 629 3975 vestrm
642 3933 688 3976 et
699 3923 1073 3986 sollicitudinis,
1092 3939 1244 3994 quam
1263 3923 1550 3977 ostendistis
1570 3923 1620 3976 in
1635 3925 1834 3976 nomine
1852 3923 2032 3994 ipsius,

445 4013 541 4079 qui
568 4013 888 4065 ministrastis
908 4013 1097 4065 sanctis
1116 4021 1163 4065 et
1182 4014 1499 4066 ministratis.
1519 4013 1704 4082 Magna
1726 4014 1794 4068 de
1825 4014 1928 4067 illis
1957 4023 2035 4068 te-

455 4102 737 4163 stiﬁcatur,
772 4115 879 4153 non
908 4115 1069 4168 opera
1103 4109 1330 4165 tantum,
1354 4102 1446 4154 sed
1483 4111 1536 4155 et
1563 4103 1727 4156 alacri
1757 4104 1934 4156 animo
1957 4106 2034 4156 fa-

449 4199 540 4243 cta
571 4208 585 4242 :
619 4190 668 4244 id
697 4191 838 4260 quod
869 4190 992 4247 alibi
1025 4200 1099 4244 ait
1126 4208 1138 4244 :
1176 4191 1296 4245 Non
1323 4191 1489 4245 solum
1523 4202 1712 4260 autem,
1765 4196 1854 4247 sed
1883 4206 1928 4248 et
1955 4213 2030 4249 se-

455 4282 595 4349 ipsos
639 4282 886 4335 dederunt
929 4281 1153 4337 Domino
1196 4293 1242 4336 et
1290 4285 1452 4338 nobis.
1503 4285 1667 4350 Quam
1710 4287 2032 4347 ostendistis.

460 4372 650 4440 inquit,
685 4373 735 4424 in
766 4372 967 4426 nomine
990 4375 1122 4444 ejus,
1145 4374 1228 4442 qui
1256 4375 1576 4430 ministrastis
1603 4376 1793 4429 sanctis
1817 4386 1862 4429 et
1890 4377 2038 4429 mini-

455 4465 648 4517 stratis.
679 4463 811 4518 Vide
831 4465 1100 4534 quomodo
1125 4465 1244 4522 illos
1271 4481 1455 4521 rursus
1481 4477 1652 4533 curat,
1684 4478 1740 4522 ut
1769 4470 1856 4538 qui
1885 4470 2024 4522 dixe-
2091 4499 2106 4521 .

459 4556 528 4608 rit
551 4566 601 4610 et
637 4555 723 4608 hic
766 4555 1059 4624 repetierit.
1095 4555 1196 4622 Qui
1238 4556 1567 4622 ministratis,
1601 4568 1659 4611 ut
1685 4573 1779 4613 eos
1817 4561 2034 4625 excitat,

459 4645 751 4699 ostendens
799 4645 938 4714 quod
984 4661 1089 4701 non
1141 4646 1248 4702 illis
1280 4646 1524 4715 fecerint,
1574 4648 1667 4703 sed
1699 4649 1825 4703 Deo.
1864 4649 2031 4714 Quam

457 4736 769 4801 ostendistis,
827 4737 1015 4806 inquit,
1075 4751 1180 4792 non
1227 4737 1400 4791 solum
1457 4739 1510 4791 in
1552 4748 1786 4804 sanctos,
1829 4739 1922 4792 sed
1979 4740 2029 4794 iu

460 4827 628 4880 Deum
657 4847 670 4880 ;
702 4825 802 4881 hoc
830 4828 970 4881 enim
1021 4836 1122 4893 est,
1178 4824 1245 4880 In
1287 4826 1488 4880 nomine
1527 4827 1725 4895 ipsius;
1777 4842 1840 4882 ac
1870 4829 1912 4882 si
1958 4828 2036 4882 di-

458 4929 626 4985 ceret,
657 4919 879 4988 Propter
908 4932 1101 4972 nomen
1149 4917 1267 4987 ejus
1308 4917 1486 4971 omnia
1533 4917 1754 4973 fecistis.
1780 4919 1882 4986 Qui
1909 4935 2037 4990 ergo

461 5021 664 5064 tantam
714 5025 744 5063 a
797 5008 948 5064 vobis
992 5009 1186 5078 accipit
1230 5008 1642 5064 sollicitudinem
1688 5020 1741 5065 et
1785 5011 2034 5066 dilectio-

461 5118 624 5167 nem,
674 5117 768 5158 vos
822 5116 1113 5172 numquam
1160 5101 1438 5172 despiciet,
1469 5117 1642 5173 neque
1688 5103 1857 5159 vestri
1901 5103 2040 5160 obli-

460 5193 710 5250 viseetur.

531 5286 588 5340 4.
620 5284 745 5339 llzec
769 5284 1068 5350 audientes,
1095 5299 1244 5355 rogo,
1275 5285 1641 5341 ministremus
1662 5286 1880 5344 sanctis.
1908 5287 2036 5341 0m-

462 5378 547 5433 nis
582 5378 726 5431 enim
759 5375 932 5431 ﬁdelis
974 5387 1059 5432 est
1101 5385 1318 5431 sanctus
1345 5418 1359 5441 ,
1390 5387 1654 5446 quatenus
1696 5387 1780 5433 est
1820 5378 1991 5433 ﬁdelis
2021 5397 2038 5436 :

460 5471 670 5525 etiamsi
698 5469 818 5540 quis
846 5470 915 5524 sit
942 5468 1242 5524 mundanus
1267 5479 1322 5524 et
1368 5470 1663 5535 saecularis,
1688 5480 1769 5525 est
1791 5479 2039 5527 sanctus:

445 5561 830 5630 Sanctificatus
857 5559 999 5616 enim
1025 5601 1040 5626 ,
1068 5557 1273 5629 inquit,
1306 5572 1380 5613 est
1417 5561 1494 5613 vir
1520 5560 1742 5628 inﬁdelis
1770 5561 1823 5614 in
1864 5577 2038 5628 uxore,

464 5664 508 5704 et
536 5669 663 5706 uxor
688 5652 905 5719 inﬁdelis
930 5654 982 5706 in
1005 5654 1112 5707 uiro
1144 5653 1217 5722 (Ι.
1247 5650 1363 5708 Cor.
1398 5653 1451 5707 7.
1484 5652 1595 5726 Η).
1622 5652 1752 5709 Vlde
1773 5663 2044 5724 quomodo

467 5743 598 5795 fides
625 5744 746 5796 facit
770 5743 1269 5810 sanctiﬁcationem.
1299 5743 1354 5799 Si
1380 5757 1510 5811 ergo
1543 5743 1870 5800 mundanum
1894 5741 2044 5801 vide-

2103 444 2276 496 rimus
2317 443 2366 493 in
2412 440 2591 509 aliquo
2635 439 2949 502 infortunio,
2989 453 3203 493 manum
3232 447 3283 492 et
3325 439 3683 510 porrigamus.

2107 533 2186 587 Ne
2230 534 2280 585 in
2329 547 2423 585 eos
2467 531 2640 583 solum
2684 530 2775 600 qui
2819 529 3010 585 sedent
3051 530 3104 584 itt
3145 531 3412 584 mon-tibus
3444 544 3684 589 tto-trum

2109 625 2340 679 stndimu
2369 623 2714 676 ostendamus
2753 640 2767 675 :
2794 623 2866 675 illi
2897 621 3116 692 quidem
3141 631 3266 676 sunt
3303 627 3472 678 sancti
3502 634 3554 678 et
3583 628 3688 682 vita

2110 727 2162 773 et
2194 717 2328 780 ﬁde;
2378 715 2546 770 sancti
2584 724 2760 768 autem
2801 713 2852 766 hi
2897 727 3113 783 quoque
3154 712 3279 777 ﬁde,
3317 715 3468 768 nmlti
3510 725 3691 771 autem

2110 812 2269 867 etiam
2297 809 2427 864 vita.
2459 808 2537 863 Ne
2562 851 2576 874 ,
2607 807 2652 860 si
2683 807 3002 862 monachum
3036 804 3326 860 viderimus
3356 807 3406 860 in
3437 822 3690 873 carcere,

2105 904 2232 954 tunc
2260 896 2652 969 ingrediamur;
2683 896 2764 948 sin
2793 905 2967 947 autem
2999 895 3348 956 mundanum,
3379 910 3485 948 non
3517 897 3691 965 ingre-

2105 993 2314 1045 tliamur
2342 1006 2356 1044 :
2386 997 2469 1042 est
2497 987 2579 1041 hic
2602 1001 2814 1056 quoque
2835 998 3052 1039 sanctus
3079 997 3130 1040 et
3157 985 3336 1040 frater.
3369 987 3505 1054 Quid
3535 1002 3686 1051 vero,

2108 1082 2296 1150 mquit,
2345 1080 2388 1132 si
2430 1080 2498 1132 sit
2543 1079 2848 1132 immundus
2889 1077 3317 1141 etsceieratns'?
3348 1077 3484 1131 Audi
3527 1078 3690 1131 Chric

2107 1188 2246 1228 s'um
2293 1173 2598 1226 dicentem:
2654 1168 2830 1222 Nolite
2866 1170 3123 1238 judicare.
3159 1179 3210 1221 ut
3250 1186 3351 1222 non
3384 1169 3694 1238 judicemini

2108 1263 2319 1326 Hlalm.
2359 1263 2411 1316 7.
2454 1263 2530 1330 l).
2565 1260 2642 1313 Tu
2686 1257 2767 1313 fac
2805 1269 3022 1327 propter
3052 1258 3242 1312 Deum.
3276 1260 3341 1313 Et
3370 1259 3495 1328 quid
3526 1259 3693 1312 dico?

2113 1355 2311 1407 itiantsi
2341 1369 2403 1407 ex
2436 1351 2682 1422 gentibus
2709 1349 3012 1420 quempiam
3046 1349 3336 1403 viderimus
3365 1351 3416 1404 in
3461 1349 3693 1406 inf0rtua

2111 1446 2219 1509 nio,
2251 1452 2462 1512 oportet
2489 1443 2538 1495 ei
2569 1443 2918 1503 benefacere;
2950 1449 3024 1503 et,
3050 1449 3107 1493 ut
3127 1441 3293 1494 semel
3321 1441 3516 1506 dicam,
3540 1440 3692 1494 ontui

2112 1534 2313 1586 hutnini
2339 1533 2424 1586 cui
2451 1532 2667 1586 adversi
2696 1531 2893 1600 aliquid
2921 1531 3114 1584 accidit
3140 1551 3153 1583 :
3178 1531 3348 1585 multo
3377 1541 3556 1584 autem
3577 1547 3694 1585 ma—

2107 1626 2189 1693 gis
2217 1625 2485 1678 mundano
2515 1623 2680 1679 fideli.
2723 1623 2859 1677 Audi
2889 1623 3109 1678 Paulum
3143 1623 3409 1677 dicentem
3433 1665 3448 1689 ,
3490 1622 3695 1678 Bonum

2109 1716 2259 1778 facile
2296 1715 2363 1768 ad
2392 1730 2596 1780 omnes,
2639 1713 2858 1766 maxime
2894 1724 3064 1766 autem
3108 1714 3176 1766 ad
3223 1716 3524 1768 domesticos
3570 1716 3696 1782 ﬁdei

2107 1807 2252 1870 (Gul.
2285 1809 2337 1861 ὕ.
2375 1806 2486 1878 10).
2520 1806 2626 1861 Sed
2667 1807 2849 1860 nescio
2878 1806 3019 1861 unde
3046 1806 3150 1860 hoc
3179 1809 3248 1861 sit
3286 1807 3647 1861 introductum
3675 1848 3695 1874 ,

2108 1911 2163 1956 et
2201 1898 2464 1954 undenam
2503 1898 2616 1953 lucc
2648 1899 2901 1952 invaserit
2924 1898 3280 1954 consuetudo.
3317 1899 3448 1952 Nam
3477 1901 3565 1969 qui
3597 1914 3697 1953 eos

2107 1992 2280 2045 Solum
2311 1990 2501 2060 qururit
2528 1988 2616 2058 qui
2641 1989 2798 2042 vitam
2827 1999 2991 2058 agunt
3021 1989 3338 2053 solitariam,
3369 1999 3424 2044 ct
3455 1991 3565 2043 vult
3588 1991 3698 2044 illis

2109 2083 2444 2148 benefacere,
2474 2090 2529 2136 et
2557 2081 2624 2135 de
2656 2080 2763 2134 illis
2794 2095 2981 2134 rursus
3015 2081 3226 2134 curiose
3260 2091 3508 2136 scrutans
3533 2090 3587 2136 ct
3611 2081 3698 2135 di-

2108 2189 2237 2230 cens
2267 2191 2281 2226 :
2309 2173 2366 2227 Si
2398 2187 2502 2226 non
2533 2171 2602 2225 sit
2629 2171 2844 2240 dignus,
2871 2171 2916 2224 si
2948 2186 3052 2229 non
3079 2170 3368 2240 sitjustus,
3402 2172 3448 2225 si
3477 2186 3584 2225 non
3613 2171 3698 2224 fa-

2109 2266 2214 2320 ciat
2239 2265 2412 2333 signa,
2450 2277 2666 2316 manum
2704 2277 2808 2314 non
2839 2261 3104 2330 porrigam
3139 2278 3152 2314 :
3183 2261 3544 2332 eieemosyna:
3575 2263 3700 2330 plu-

2117 2359 2310 2414 rimum
2341 2355 2602 2420 detraxit,
2641 2352 2768 2424 quin
2794 2354 2956 2408 etiam
2984 2353 3084 2407 hoc
3122 2352 3294 2421 ipsum
3322 2369 3532 2423 quoque
3559 2362 3701 2408 tem-

2112 2464 2240 2519 pore
2266 2444 2590 2516 procedente
2629 2459 2817 2498 rursus
2843 2443 3075 2497 auferet.
3103 2444 3262 2513 Atqui
3301 2445 3388 2498 illa
3419 2445 3580 2498 etiam
3609 2455 3701 2500 est

2111 2542 2451 2610 elecmosyna
2479 2550 2598 2606 qua:
2628 2535 2685 2590 fit
2714 2535 2768 2588 in
2799 2544 3134 2604 peccatores,
3175 2550 3296 2605 qua:
3323 2535 3373 2588 in
3405 2550 3544 2590 reos.
3579 2536 3700 2591 Hoc

2110 2634 2252 2689 enim
2291 2639 2374 2685 est
2401 2629 2743 2699 eleemosyua
2771 2667 2786 2691 ,
2815 2641 2920 2681 non
2949 2641 3137 2680 eorum
3165 2627 3254 2696 qui
3289 2627 3422 2681 bona
3453 2627 3702 2683 fecerunt

2111 2742 2296 2796 opera,
2345 2723 2442 2780 sed
2482 2737 2672 2779 eorum
2716 2720 2809 2789 qui
2853 2729 3163 2788 pecearunt,
3209 2720 3476 2774 misereri.
3523 2721 3586 2774 Et
3635 2731 3703 2776 ut

2111 2819 2269 2882 scias,
2300 2815 2423 2870 audi
2443 2813 2641 2869 Citriin
2671 2810 3001 2880 parabolam.
3032 2808 3327 2874 Descendit,
3361 2810 3549 2880 inquit,
3581 2813 3703 2879 qui-

2111 2911 2231 2964 dam
2259 2908 2322 2960 ab
2359 2902 2694 2973 Jerosolymis
2733 2903 2786 2954 in
2825 2899 3035 2955 Iericho
3055 2942 3070 2964 ,
3109 2911 3155 2954 et
3184 2901 3363 2954 incidit
3389 2901 3441 2954 in
3471 2900 3702 2957 latrones

2112 3001 2259 3074 (Luc.
2284 2997 2374 3052 10.
2401 2995 2492 3050 50.
2523 2993 2685 3063 seqq.)
2714 3007 2730 3046 :
2761 2999 2816 3046 et
2842 3006 2968 3045 cum
2993 3006 3118 3047 eum
3167 2992 3568 3059 verbal-assem,
3602 3008 3699 3048 re-

2111 3095 2384 3163 liquerunt
2415 3089 2468 3140 in
2496 3086 2578 3138 via
2606 3083 3012 3138 semimortuam
3043 3084 3365 3136 sauciatum.
3408 3083 3565 3137 Venit
3594 3100 3701 3138 au-

2113 3193 2221 3238 tem
2264 3181 2400 3235 forte
2428 3175 2642 3246 quidam
2693 3173 2898 3239 Levita,
2942 3181 2998 3226 et
3035 3187 3156 3226 eum
3185 3173 3358 3228 visum
3388 3176 3652 3243 pra-teriit
3679 3195 3698 3232 :

2113 3273 2464 3339 similiterque
2502 3264 2755 3320 sacerdos
2798 3263 2890 3317 illo
2917 3263 3033 3318 viso
3065 3265 3380 3334 prazterivit.
3409 3265 3564 3320 Venit
3596 3267 3699 3322 de-

2115 3379 2260 3422 mum
2307 3360 2520 3432 quidam
2566 3357 2955 3422 Samaritanus,
3000 3365 3055 3410 et
3097 3357 3315 3410 multam
3355 3357 3473 3426 ejus
3508 3372 3698 3413 curam

2115 3458 2324 3530 gessit:
2357 3451 2594 3522 alligavit
2640 3450 2884 3513 vulnera,
2933 3447 3128 3500 infudit
3171 3447 3386 3511 oleum,
3441 3449 3700 3519 imposuit

2115 3551 2289 3608 asino,
2314 3545 2468 3599 duxit
2491 3541 2543 3594 in
2567 3538 2944 3603 diversorium,
2973 3537 3212 3606 dixitque
3237 3537 3489 3606 pratfecto
3518 3539 3700 3593 diver-

2115 3639 2466 3702 sorii,t1nram
2487 3631 2602 3700 ejus
2621 3644 2770 3699 gere.
2795 3627 2864 3681 Et
2883 3626 3004 3681 vide
3028 3641 3272 3696 magnam
3293 3628 3694 3684 liberalitatem:

2119 3729 2187 3784 Et
2217 3742 2327 3796 ego,
2359 3723 2548 3793 inquit,
2579 3720 2709 3775 dabo
2748 3717 2833 3771 tibi
2860 3717 3105 3786 Quidquid
3134 3719 3460 3788 impenderis.
3491 3719 3697 3775 Deinde

2117 3822 2424 3885 interrogat,
2479 3812 2606 3879 Quis
2654 3818 2724 3863 est
2768 3825 2921 3878 ergo,
2971 3808 3175 3876 inquit,
3226 3810 3337 3878 ejus
3385 3812 3691 3879 proximus?

2114 3905 2465 3976 Respondeas
2491 3903 2846 3974 legisperitus,
2882 3902 2983 3967 Qui
3009 3902 3125 3972 fecit
3154 3898 3570 3957 misericordiam.
3599 3910 3698 3948 au-

2115 3997 2232 4051 dit:
2270 3995 2410 4049 Vade
2438 4011 2554 4066 ergo
2575 4037 2591 4062 ,
2626 4005 2671 4048 et
2697 4004 2752 4047 tu
2815 3998 2898 4064 fac
2923 3994 3175 4048 similiter.
3219 3993 3286 4046 Et
3325 3989 3445 4046 vide
3482 3987 3697 4058 qualem

2117 4085 2255 4140 dixit
2295 4085 2625 4154 parabolam.
2666 4084 2780 4138 Non
2807 4084 2978 4148 dixit,
3009 4081 3150 4153 quod
3181 4080 3399 4137 Iudaeus
3425 4079 3613 4134 fecerit
3643 4079 3698 4132 in

2119 4174 2512 4231 Samaritanum
2541 4217 2555 4238 ,
2602 4174 2695 4229 sed
2726 4173 2868 4244 quod
2900 4173 3267 4229 Samaritanus
3296 4186 3512 4227 omnem
3555 4169 3700 4224 illam

2124 4265 2415 4320 Ostenderit
2442 4265 2842 4320 liberalitatem.
2875 4264 3007 4319 llinc
3033 4263 3313 4329 discimus,
3355 4277 3538 4332 parem
3577 4275 3701 4315 om-

2121 4357 2270 4409 nium
2298 4371 2480 4410 curam
2508 4370 2625 4410 esse
2656 4353 2976 4422 habendam,
3006 4370 3104 4410 nec
3131 4354 3551 4409 domesticorum
3579 4349 3702 4408 fidei

2124 4447 2318 4512 tolum,
2351 4445 2606 4516 neglectis
2630 4447 2769 4500 aliis.
2812 4446 2903 4502 Sic
2931 4461 3060 4516 ergo
3087 4458 3142 4500 ιιι
3170 4461 3404 4516 quoque,
3431 4445 3476 4498 si
3505 4442 3705 4497 videris

2123 4537 2353 4606 aliquem
2398 4538 2537 4592 male
2583 4538 2894 4606 patientem,
2945 4537 3077 4591 nihil
3121 4535 3354 4605 amplius
3400 4537 3701 4589 scrutaris:

2125 4624 2288 4681 habet
2333 4627 2425 4682 ille
2448 4629 2537 4696 jus
2579 4628 2797 4693 auxilii,
2848 4627 2992 4697 quod
3033 4627 3173 4681 male
3201 4625 3454 4696 patiatur.
3498 4622 3630 4678 Nam
3659 4622 3703 4677 si

2124 4720 2353 4782 asinum,
2383 4735 2540 4789 quem
2583 4718 2778 4773 videris
2804 4718 3076 4784 suffocari,
3104 4718 3284 4787 erigis,
3319 4732 3419 4771 uec
3443 4716 3599 4784 cujus
3634 4714 3704 4767 sit

2126 4809 2403 4873 scrutaris,
2455 4809 2626 4863 multo
2667 4812 2835 4880 magis
2882 4824 2988 4863 non
3032 4817 3245 4878 Oportet
3289 4805 3517 4861 scrutari
3557 4804 3708 4871 cujus

2129 4900 2218 4956 ille
2246 4901 2407 4956 homo
2435 4901 2506 4955 sit
2534 4918 2548 4956 :
2574 4902 2666 4956 Dei
2689 4911 2791 4967 est,
2821 4902 2938 4958 sive
2961 4903 3033 4955 sit
3052 4900 3292 4963 Cra-cus,
3316 4901 3429 4953 sive.
3452 4897 3704 4952 ludam:

2129 4991 2174 5046 si
2204 4991 2274 5047 sit
2304 4992 2555 5055 infidelis,
2590 4992 2793 5061 indiget
2834 4993 3052 5046 auxilio.
3105 4991 3161 5046 Si
3207 4991 3350 5045 enim
3401 4989 3709 5044 examinare

2130 5083 2344 5154 quidem
2373 5093 2428 5138 et
2453 5083 2748 5153 dijudicare
2776 5085 2870 5138 tibi
2898 5095 3042 5138 esset
3069 5086 3412 5154 permissum,
3452 5089 3598 5134 recte
3625 5079 3703 5132 di-

2131 5188 2284 5228 ceres
2312 5190 2327 5228 :
2362 5190 2499 5228 nunc
2527 5185 2704 5228 autem
2733 5175 3010 5228 caiamitas
3052 5190 3158 5227 non
3188 5173 3312 5225 sinit
3355 5171 3471 5226 hare
3513 5168 3714 5224 examio

2132 5280 2282 5319 nare.
2311 5264 2442 5320 Nam
2484 5265 2528 5318 si
2557 5281 2657 5320 nec
2693 5265 2762 5320 de
2791 5266 2938 5318 sanis
2980 5272 3191 5334 oportet
3230 5262 3488 5327 scrutari,
3521 5276 3619 5314 nec
3646 5259 3714 5312 de

2133 5357 2360 5426 aliorum
2400 5357 2562 5414 rebus
2601 5371 2721 5413 esse
2749 5356 3009 5430 curiosos,
3055 5356 3224 5408 multo
3265 5355 3432 5424 magis
3468 5353 3540 5406 de
3575 5353 3715 5412 male

2136 5451 2481 5520 patientibus.
2528 5450 2741 5520 Alioqui
2775 5464 2904 5503 vero
2947 5447 3118 5517 quid?
3152 5445 3340 5500 Vidisti
3389 5460 3511 5499 eum
3558 5444 3716 5498 rebus

2135 5542 2211 5596 uti
2238 5523 2508 5604 secundis,
2533 5549 2587 5595 et
2607 5521 2774 5611 gloria
2803 5539 2994 5594 florere
3017 5547 3071 5592 et
3093 5539 3142 5592 in
3167 5539 3303 5590 bona
3323 5535 3718 5590 existimatione

2137 5649 2279 5700 esse,
2307 5649 2428 5688 cum
2453 5633 2586 5688 dicis
2612 5647 2735 5686 eum
2759 5645 2880 5686 esse
2904 5629 3102 5685 malum
3127 5638 3181 5682 et
3209 5623 3552 5696 improbum?
3578 5625 3721 5676 tnale

2139 5729 2336 5798 patitur
2377 5745 2389 5781 :
2435 5727 2479 5782 si
2508 5735 2695 5800 autem
2735 5721 2917 5778 videas
2948 5723 3085 5777 male
3125 5721 3434 5791 patientem,
3477 5732 3542 5772 ne
3573 5715 3720 5771 dicas
