3956 6138
294 248 357 303 89
1141 251 1203 306 lN
1244 249 1457 306 EPIST.
1501 248 1591 303 AD
1630 246 1999 305 HEBREOS.
2043 249 2196 305 CAP.
2242 248 2329 306 Vi.
2388 250 2618 306 ιιωιιι.
2666 251 2755 306 XI.

302 364 420 401 cum
449 365 570 404 esse
597 353 796 406 malum
826 361 881 407 et
907 358 1227 423 Improbum.
1256 358 1386 412 Nam
1411 360 1625 430 quando
1653 374 1733 418 cst
1763 371 1874 434 qul-

303 442 421 496 dem
461 443 598 494 fama
639 443 894 511 celebris,
937 444 1054 500 inec
1093 455 1239 502 recte
1265 447 1530 504 dicimus:
1557 455 1770 523 quando
1795 471 1885 510 au-

311 541 415 588 tem
441 543 522 587 est
552 534 606 588 in
636 535 944 591 calamitate
967 549 1020 592 et
1042 549 1162 609 eget
1189 541 1412 607 auxilio,
1444 559 1548 596 non
1571 556 1784 613 Oportet
1807 546 1886 600 di-

303 638 423 678 cere
451 640 572 678 eum
604 641 729 681 esse
756 628 959 682 malum
992 646 1004 681 :
1037 633 1136 684 hoc
1165 632 1307 684 enim
1341 642 1421 686 est
1449 634 1782 691 crudelitatis
1829 646 1884 691 et

305 716 714 771 inhumanitatis
743 730 798 773 et
826 722 1163 790 arrogantitc.
1193 724 1366 792 Quid,
1411 725 1498 781 die
1539 744 1722 797 qua-so
1746 772 1758 795 ,
1794 731 1887 787 fuit

303 806 497 860 Iudaeis
528 808 765 875 iniquius
787 808 810 860 ?
832 811 934 864 Sed
967 812 1105 866 Deus
1135 830 1227 867 eos
1255 816 1445 885 puniit,
1480 827 1533 871 ct
1557 819 1698 888 jure,
1729 832 1887 892 atque

303 898 435 951 adeo
456 897 580 966 jure
609 901 816 968 Optimo
847 921 861 956 :
892 911 946 955 ct
978 912 1154 958 t:unen
1181 919 1296 970 eos,
1326 909 1418 976 qui
1452 908 1688 978 ipsorqu
1721 914 1888 967 mise-

305 987 574 1050 mbantur,
633 989 818 1044 habuit
859 1005 1138 1063 acceptos,
1186 1011 1280 1051 eos
1319 1013 1471 1066 Vero,
1517 1002 1606 1070 qui
1655 1003 1887 1072 ipsorum

303 1081 586 1134 calamitati
630 1083 952 1138 insultarunt
993 1097 1045 1140 et
1088 1087 1249 1142 hetati
1287 1101 1434 1155 sunt,
1477 1093 1665 1162 puniit.
1703 1095 1887 1167 Nihil,

305 1170 507 1239 inquit,
543 1173 868 1242 patiebantur
897 1176 958 1228 ob
997 1180 1347 1233 contritionem
1375 1181 1567 1253 Ioseph
1597 1184 1789 1257 (Amos.
1830 1191 1883 1242 (ἱ.

303 1264 381 1330 6).
427 1263 493 1316 Et
533 1279 722 1318 rursus
761 1265 890 1319 dicit
927 1285 942 1320 :
984 1267 1195 1323 Redime
1228 1287 1312 1324 eos
1339 1277 1424 1341 qui
1451 1276 1784 1347 occiduntur,
1827 1295 1886 1334 ne

305 1353 699 1444 parcas-(Prov.
721 1354 816 1408 ii.
851 1357 957 1425 ll).
977 1357 1105 1444 -Non
1135 1360 1297 1424 dixit,
1327 1366 1597 1444 Scrutare,
1628 1381 1675 1422 et
1708 1387 1887 1438 qua't‘e

305 1435 429 1502 quis
459 1435 564 1486 sit:
587 1447 911 1501 quamquam
942 1435 1252 1506 plerumque
1280 1441 1402 1493 mali
1443 1454 1568 1496 sunt
1597 1445 1688 1512 qui
1715 1435 1882 1499 alidu-

303 1532 536 1587 cnntur;
567 1522 663 1576 sed
705 1523 1021 1592 simpliciter
1062 1527 1212 1591 dixit,
1267 1529 1494 1596 Redime,
1523 1537 1764 1605 quisquis
1793 1539 1885 1604 sit,

302 1613 493 1684 inquit.
522 1613 638 1668 Hoc
667 1616 812 1668 enim
839 1617 1065 1672 maxime
1104 1630 1186 1671 est
1228 1621 1592 1694 eleemosyna.
1626 1627 1756 1681 Nam
1795 1632 1884 1699 qui

297 1709 476 1761 amico
505 1707 644 1762 bene
672 1708 798 1762 facit
819 1749 836 1774 ,
865 1726 970 1763 non
997 1711 1046 1764 id
1080 1712 1237 1780 plane
1268 1711 1393 1768 facit
1425 1728 1644 1785 pr0pter
1673 1721 1834 1776 Deum
1871 1743 1883 1778 :

296 1800 385 1868 qui
417 1809 597 1854 autem
641 1800 843 1870 ignoto,
890 1803 937 1856 is
982 1818 1114 1872 pure
1159 1815 1213 1858 et
1260 1807 1472 1862 sincere
1513 1810 1637 1864 facit
1668 1823 1883 1882 propter

301 1891 489 1946 Deum.
527 1892 594 1946 Et
621 1892 712 1946 ille
737 1893 952 1962 quidem
980 1893 1128 1961 dicit,
1161 1896 1236 1951 Ne
1267 1913 1452 1966 parcas
1487 1903 1744 1970 pecuniis,
1786 1906 1879 1960 scd

294 1983 502 2038 etiamsi
550 2000 742 2040 omnes
785 1996 1032 2055 Oporteat
1077 1989 1388 2058 eliundere,
1421 1993 1485 2046 da
1517 2011 1529 2045 :
1562 2009 1660 2050 nos
1697 2009 1877 2053 autent

295 2074 536 2128 videntes
563 2073 837 2141 suffocari,
869 2077 1168 2142 lamentari,
1198 2081 1346 2136 mille
1377 2083 1641 2138 mortibus
1663 2087 1877 2156 gravio-

293 2179 352 2220 ra
379 2168 518 2237 pati,
547 2176 608 2224 et
636 2183 784 2238 saepe
822 2168 1042 2239 injuste,
1075 2172 1344 2242 parcimus
1379 2177 1620 2246 pecuniis
1640 2219 1656 2244 ,
1685 2187 1740 2234 et
1767 2194 1874 2235 non

3490 243 3578 295 θυι

1992 357 2260 429 parcimus
2291 354 2574 417 fratribus;
2606 368 2782 407 rerum
2814 349 3168 404 inanimarum
3199 364 3380 402 curam
3426 351 3570 418 geti-

1991 464 2130 515 lllllS,
2159 449 2390 502 animam
2421 456 2598 500 autem
2629 444 2965 514 negligimus.
3001 443 3156 512 Atqui
3184 442 3309 496 dicit
3356 443 3566 498 Paulus.-

1988 541 2054 596 In
2082 540 2463 596 mansuetudine
2480 539 2680 593 erudire
2694 555 2778 592 eos
2789 538 2874 609 qui
2897 538 3228 590 adversantur
3252 553 3268 590 :
3287 555 3348 590 ne
3367 539 3568 608 quando

1992 633 2126 689 Deus
2151 633 2232 688 det
2260 633 2363 686 illis
2393 631 2737 702 penitentiam
2767 629 2832 682 ad
2860 627 3258 699 cognoscendam
3290 629 3566 691 veritatem,

1986 736 2032 781 et
2061 726 2358 796 resipiscam
2382 740 2414 776 a
2438 722 2628 776 diaboli
2658 720 2852 791 laqueis
2873 762 2889 787 ,
2920 737 2952 773 a
2978 735 3076 790 quo
3123 720 3310 789 captivi
3341 730 3572 772 leltt’tlltlr

1984 819 2053 873 ad
2079 817 2237 887 ipsius
2264 816 2568 870 voluntatem
2595 813 2670 881 (2.
2698 810 2832 865 Tim.
2871 810 2927 866 2.
2963 810 3055 865 25.
3083 809 3198 882 26).
3244 809 3328 863 Ne
3367 811 3569 880 quando

1983 905 2114 962 dicit
2159 922 2173 963 :
2221 906 2370 962 vides
2409 916 2603 977 quanta
2636 908 2890 976 patientia
2937 910 3150 976 plenum
3199 909 3267 960 sit
3307 906 3570 961 verbum?

1986 996 2119 1051 Eum
2153 1011 2250 1051 nos
2295 1012 2509 1068 quoque
2552 999 2825 1053 imitantes
2853 998 2920 1051 de
2951 999 3166 1052 nemine
3194 998 3567 1068 desperemus.

1987 1090 2196 1144 Etenim
2230 1090 2526 1159 piscatores
2555 1105 2676 1143 cum
2706 1104 2850 1159 sa-pe
2879 1091 3009 1143 retia
3042 1090 3095 1143 in
3133 1106 3280 1144 mare
3301 1089 3573 1159 jceerint,

1985 1181 2118 1236 nihil
2148 1191 2271 1235 sunt
2308 1181 2615 1251 assequuti;
2663 1196 2785 1235 cum
2831 1190 3016 1250 postea
3060 1191 3238 1234 autem
3276 1181 3573 1250 jecisscnt.

1987 1286 2156 1330 tutum
2184 1284 2528 1344 acceperunt.
2566 1275 2638 1329 lta
2669 1291 2766 1329 nos
2793 1291 3006 1344 quoque
3039 1274 3345 1344 neutiquam
3375 1274 3570 1343 despc-

1986 1382 2186 1431 ramus,
2217 1367 2314 1422 sed
2344 1378 2718 1437 exspectamus
2759 1366 2900 1436 quod
2934 1375 3102 1419 totum
3149 1365 3306 1418 simul
3353 1377 3575 1433 repente

1988 1460 2140 1515 nobis
2168 1458 2466 1515 ostendetis
2496 1460 2722 1513 fructum
2750 1468 3040 1512 maturum.
3071 1457 3206 1511 Nam
3236 1466 3290 1511 et
3316 1455 3579 1525 agricola,

1987 1563 2266 1622 postquam
2296 1552 2643 1606 seminaverit
2669 1593 2684 1616 ,
2717 1551 2952 1620 primum
2987 1551 3129 1604 diem
3175 1559 3232 1603 et
3275 1547 3574 1602 secundum

1988 1644 2346 1714 prazstolatur,
2369 1654 2420 1697 et
2441 1644 2600 1713 longo
2623 1655 2860 1712 tempore
2881 1652 3156 1712 exspectat
3181 1659 3194 1705 ;
3222 1651 3328 1695 tum
3355 1651 3585 1709 repente

1989 1735 2169 1799 ridet,
2203 1734 2438 1804 undique
2485 1733 2690 1788 fructus
2729 1734 2887 1788 simul
2930 1733 3316 1803 get-minantes.
3366 1731 3476 1785 lloc
3523 1732 3574 1782 in

1989 1829 2140 1883 vobis
2171 1842 2385 1899 quoque
2415 1828 2649 1881 futurum
2697 1836 3071 1897 exspectamus
3113 1826 3280 1895 gratia
3325 1833 3380 1878 et
3421 1822 3574 1876 beni-

1988 1923 2191 1991 gnitate
2243 1920 2455 1974 Domini
2501 1921 2668 1973 nostri
2714 1918 2841 1974 Jcsu
2886 1916 3120 1983 Christi,
3151 1915 3236 1971 cui
3264 1930 3387 1972 cum
3420 1913 3578 1968 Patro

1992 2031 2094 2069 una
2140 2031 2260 2070 cum
2305 2021 2492 2068 sancto
2534 2011 2738 2083 Spiritu
2776 2013 2968 2083 gloria,
3013 2009 3318 2079 imperium,
3365 2008 3583 2075 honor,

1992 2123 2132 2164 nunc
2153 2118 2205 2162 et
2233 2123 2466 2177 semper,
2492 2117 2546 2162 et
2573 2108 2625 2160 in
2651 2105 2846 2161 smcula
2877 2103 3219 2160 saeculorum.
3248 2103 3444 2158 Amen.

305 2299 3558 2324 ’Μή-ὴ

1636 2397 1984 2464 HOMILIA
2038 2405 2129 2466 XI
2147 2451 2160 2464 .

305 2544 432 2597 (In.
464 2543 516 2596 6.
544 2557 596 2592 ν.
628 2539 713 2593 l5.
749 2537 965 2590 Abralue
993 2536 1123 2589 enim
1152 2535 1444 2602 promittens
1478 2533 1626 2598 Deus,
1659 2552 1772 2588 cum
1802 2555 1886 2592 ne-

377 2637 556 2687 minem
584 2633 782 2686 haberet
809 2647 897 2699 per
915 2645 1060 2697 quem
1079 2630 1277 2698 juraret
1303 2629 1566 2696 majorem,
1581 2628 1775 2697 juravit
1799 2646 1888 2699 per

374 2728 613 2796 seipsmn,
641 2725 810 2776 dii-ens
835 2723 955 2777 εΗ.
994 2718 1111 2773 Nisi
1135 2719 1430 2772 benedicens
1461 2721 1746 2773 benedicam
1773 2723 1884 2787 tibi,

331 2851 334 2854 «
377 2828 422 2871 et
459 2816 804 2884 ntultiplisatrs
835 2809 1181 2880 multiplicabo
1217 2819 1282 2863 te.
1323 2811 1410 2864 15.
1444 2810 1508 2863 Et
1537 2812 1609 2863 sic
1653 2813 1888 2881 longani-

379 2912 524 2964 miter
562 2913 727 2978 ferens
763 2906 978 2973 adeptus
1019 2913 1091 2957 est
1138 2903 1590 2972 repromissionem.
1643 2902 1886 2958 Homines

377 3004 509 3056 «tim
537 3015 628 3069 per
646 2999 890 3059 maiorem
919 3011 972 3048 se
990 2996 1169 3064 jurant
1192 3010 1210 3046 :
1235 2994 1320 3048 16.
1346 3005 1391 3046 et
1412 2995 1574 3046 omnis
1595 3004 1887 3048 controver-

375 3097 464 3148 site
485 3093 603 3159 ﬁnis
626 3091 676 3143 in
701 3088 1150 3158 conformationem
1178 3095 1249 3138 est
1269 3087 1643 3156 juramentum.

379 3189 430 3239 t.
468 3183 603 3237 Cum
633 3180 890 3234 Hebraeos
914 3168 1258 3231 Vehementer
1294 3185 1348 3231 et
1389 3176 1596 3231 fortiter
1626 3179 1889 3249 tetigisset

306 3289 361 3333 et
387 3292 480 3332 eos
506 3276 639 3329 satis
665 3272 944 3327 terruisset
967 3290 983 3339 ;
1020 3271 1246 3340 primum
1273 3269 1486 3339 quidem
1517 3286 1612 3325 eos
1641 3273 1888 3326 consola-

309 3385 393 3424 tur
417 3368 696 3427 laudibus:
727 3363 964 3420 secundo
985 3374 1185 3426 autem,
1209 3363 1348 3431 quod
1371 3371 1453 3416 est
1483 3364 1641 3417 etiam
1675 3364 1884 3432 fortius,

309 3463 445 3531 quod
475 3477 537 3516 ea
569 3476 689 3530 quae
717 3467 934 3530 sperant
975 3457 1082 3510 sint
1118 3456 1337 3509 omnino
1374 3459 1779 3527 consequutnri.
1821 3458 1889 3513 Et

307 3556 636 3618 consolatur,
681 3568 786 3606 non
830 3567 860 3602 a
905 3549 1256 3618 prtesentihus
1282 3589 1298 3614 ,
1345 3548 1437 3601 sed
1484 3564 1510 3600 a
1554 3551 1883 3617 praeteritis:

309 3647 447 3719 quod
475 3646 692 3716 quidem
716 3643 798 3697 cis
829 3642 994 3710 magis
1025 3641 1396 3708 persuadebat.
1425 3640 1882 3705 Quemadmodqu

308 3733 446 3786 enim
487 3733 540 3784 in
584 3728 850 3798 supplicio
884 3743 978 3796 per
1002 3727 1088 3780 illa
1123 3725 1290 3794 magis
1319 3732 1515 3788 terret,
1545 3723 1618 3776 ita
1644 3725 1803 3778 etiam
1837 3725 1887 3776 in

310 3823 542 3892 muniis
573 3835 670 3890 per
698 3819 813 3874 tunc
843 3818 1169 3881 consolatur,
1200 3817 1288 3870 Dei
1320 3831 1440 3870 esse
1471 3831 1674 3870 morem
1707 3825 1890 3869 osten-

312 3915 442 3969 dens
473 3933 487 3968 :
519 3913 566 3966 is
595 3920 774 3966 auteln
807 3917 908 3972 est,
941 3923 1046 3962 non
1078 3907 1257 3961 statim
1297 3907 1552 3960 exhibere
1595 3909 1891 3974 promissa,

311 4007 400 4060 sed
427 4007 590 4074 longo
617 4013 739 4072 post
765 4012 1022 4069 tempore.
1060 3999 1169 4053 lloc
1195 4008 1374 4052 autem
1405 3997 1548 4060 facit,
1579 4006 1631 4051 et
1657 4011 1766 4049 sum
1797 4011 1891 4064 po-

313 4098 488 4150 tentia:
518 4109 770 4164 magnum
799 4091 1075 4161 proferens
1103 4089 1355 4144 indicimn
1378 4130 1392 4151 ,
1420 4097 1475 4142 et
1507 4105 1603 4141 nos
1634 4088 1894 4143 inducens

314 4189 375 4239 ad
407 4187 589 4251 fidem,
615 4192 673 4237 nt
697 4182 790 4252 qui
823 4183 1003 4234 vivunt
1043 4181 1094 4234 in
1123 4178 1531 4243 afﬂictionibus,
1562 4187 1616 4232 et
1641 4193 1740 4232 nec
1768 4194 1890 4247 pro-

316 4279 473 4330 missa
520 4275 788 4344 accipiunt
831 4287 929 4326 nec
968 4270 1262 4333 mercedes,
1295 4269 1359 4322 ad
1395 4269 1605 4324 labores
1633 4283 1736 4322 non
1765 4271 1899 4323 dcti-

314 4371 474 4422 ciant.
529 4368 594 4422 Et
639 4381 831 4420 omnes
873 4363 1184 4426 dimittens,
1228 4362 1353 4416 licet
1397 4361 1616 4415 haberet
1663 4362 1883 4429 multos,

317 4460 586 4514 Abraham
620 4459 675 4512 in
709 4457 945 4510 medium
971 4455 1230 4517 adduxit,
1258 4463 1312 4507 et
1339 4462 1558 4524 propter
1587 4452 1682 4505 viri
1711 4460 1890 4504 aucto-

318 4553 563 4612 ritatem,
593 4560 651 4605 et
675 4549 816 4619 quod
846 4548 897 4602 id
930 4546 1158 4600 maxime
1203 4544 1256 4598 in
1297 4559 1362 4596 co
1405 4544 1664 4597 evenerit.
1705 4545 1901 4607 Quam-

317 4658 477 4710 quam
505 4641 641 4694 dicit
668 4640 722 4693 in
749 4641 854 4692 line
876 4635 1140 4705 Epistolte,
1168 4633 1306 4704 quod
1336 4633 1419 4686 isti
1450 4648 1636 4686 ontues
1660 4647 1781 4685 cum
1808 4644 1901 4685 eas

319 4733 508 4802 procul
537 4730 796 4785 vidissent
834 4736 889 4781 et
927 4726 1158 4796 amplexi
1194 4733 1412 4788 essent,
1445 4739 1547 4777 non
1580 4729 1902 4791 acceperunt

320 4823 750 4893 promissiones,
799 4834 866 4871 ne
921 4819 1122 4884 absque
1180 4815 1330 4868 uoltis
1381 4821 1900 4866 consummarentur.

315 4891 535 4968 llbrahc
558 4909 713 4972 enim,
748 4903 953 4975 inquit,
994 4897 1287 4968 promittens
1315 4893 1470 4958 Deus,
1496 4907 1611 4944 cum
1642 4891 1892 4942 neminem

318 5009 523 5059 haberet
564 5015 653 5071 per
686 5013 835 5069 quem
861 4995 1062 5064 iuraret
1097 4984 1576 5056 majoran,'juravit
1599 4997 1687 5051 per
1713 4987 1898 5035 semet.

315 5102 502 5167 ipsum,
537 5094 709 5146 dicens
732 5106 751 5144 :
777 5086 894 5142 Nisi
919 5084 1211 5139 benedicens
1237 5078 1529 5133 benedicam
1555 5074 1669 5139 tibi,
1697 5081 1741 5126 et
1772 5072 1904 5125 ntul-

314 5166 558 5258 tiplicans
597 5179 946 5249 multiplicabo
989 5185 1055 5228 te.
1100 5172 1164 5227 Et
1206 5171 1278 5223 sie
1318 5166 1672 5237 longanimiter
1713 5168 1899 5234 ferens,

319 5256 529 5349 adeptus
571 5286 645 5330 est
685 5269 1144 5342 repromissiouem.
1186 5260 1465 5327 Quomodo
1505 5259 1663 5325 igitur
1701 5256 1754 5309 in
1799 5256 1904 5308 lino

317 5343 474 5434 dicit,
509 5365 634 5421 Non
661 5364 857 5431 accepit
883 5356 1241 5427 prcmissiones
1281 5353 1296 5419 (
1330 5350 1486 5404 Ilcbr.
1515 5350 1600 5402 il.
1629 5347 1698 5402 59
1727 5348 1775 5414 );
1820 5343 1906 5400 hic

323 5479 470 5525 vero,
502 5454 889 5528 Longanimiter
909 5447 1318 5522 ferens,adeptus
1339 5455 1410 5499 est
1435 5438 1909 5512 repromissionem.’

321 5551 593 5624 qumnodo
639 5564 746 5602 non
797 5542 1043 5612 accepit?
1087 5538 1357 5610 quomodo
1387 5545 1464 5590 est
1498 5533 1760 5601 adeptus?
1788 5530 1903 5586 Non

323 5651 388 5706 de
408 5648 608 5707 iisdem
635 5643 721 5698 hic
752 5650 806 5697 ct
835 5638 943 5695 illic
965 5636 1121 5702 dicit;
1153 5631 1246 5691 sed
1275 5630 1540 5701 duplicem
1568 5625 1691 5683 facit
1719 5641 1906 5682 cons-o-

1991 2536 2264 2583 Iattonem.
2350 2519 3000 2579 Promisit‘Abrahanet
3048 2531 3166 2585 qua:
3214 2515 3302 2571 hic
3349 2515 3564 2584 quidem

1989 2625 2135 2684 sunt,
2181 2615 2329 2672 dedit
2369 2616 2526 2683 longo
2567 2623 2684 2682 post
2726 2620 2994 2678 tempore;
3040 2624 3159 2678 qua:
3197 2616 3375 2661 autem
3421 2605 3565 2671 illic,

1992 2712 2225 2767 nomium
2259 2728 2272 2763 :
2306 2718 2359 2763 et
2385 2708 2462 2760 sic
2489 2707 2643 2772 longa
2677 2718 2806 2756 usus
2836 2699 3086 2770 patientia
3110 2741 3124 2765 ,
3157 2697 3568 2768 promissionem

1990 2815 2070 2859 e~t
2110 2799 2371 2871 adeptus?
2418 2796 2576 2852 Vides
2614 2793 2754 2865 quod
2789 2809 2894 2846 non
2925 2792 3037 2843 sola
3072 2789 3358 2858 promissio
3399 2798 3565 2841 totum

1990 2897 2184 2957 eliecit,
2226 2892 2320 2947 sed
2361 2890 2521 2945 etiam
2564 2886 2721 2956 longa
2766 2881 3058 2955 patientia?
3107 2881 3201 2935 llic
3245 2895 3339 2934 eos
3380 2889 3566 2944 terret,

1989 2987 2279 3043 ostendens
2309 2983 2447 3052 quod
2476 2995 2618 3050 saepe
2644 2977 2929 3047 impeditur
2954 2975 3237 3045 promissio
3268 2987 3362 3042 per
3390 2970 3576 3042 pusilli

1989 3080 2152 3137 animi
2181 3077 2390 3132 vitium.
2425 3075 2489 3127 Et
2519 3073 2620 3126 hoc
2647 3069 2859 3141 quidem
2887 3065 3122 3122 ostendit
3148 3079 3244 3136 per
3275 3063 3523 3134 populum
3551 3079 3566 3116 :

1991 3189 2110 3230 nam
2133 3171 2383 3241 quoniam
2407 3165 2602 3235 pusillo
2633 3161 2846 3217 fuerunt
2875 3160 3075 3223 animo,
3106 3171 3208 3212 noo
3238 3163 3362 3210 sunt
3389 3154 3566 3221 adepti

1989 3262 2398 3337 promissionem
2422 3279 2435 3312 :
2456 3255 2782 3310 contrarium
2811 3262 2987 3306 autent
3017 3248 3249 3303 ostendit
3277 3263 3372 3317 per
3393 3247 3567 3301 Abra-

1989 3357 2133 3410 ham.
2176 3349 2378 3407 Deinde
2418 3348 2470 3401 in
2512 3345 2618 3399 ﬁne
2666 3343 2793 3398 facit
2839 3341 3000 3396 etiam
3044 3337 3242 3409 aliquid
3285 3337 3563 3406 amplius:

1986 3443 2218 3502 ostendit
2255 3439 2396 3512 quod
2430 3439 2588 3492 etiam
2627 3449 2748 3490 cum
2791 3433 2944 3502 longa
2977 3431 3225 3500 patientia
3255 3443 3359 3484 non
3389 3437 3570 3482 essent

1983 3537 2188 3606 adepti,
2219 3547 2392 3602 neque
2419 3530 2496 3584 sic
2523 3525 2737 3598 quidem
2765 3531 2892 3577 sunt
2916 3521 3126 3575 tristitia
3156 3520 3353 3574 allecti.
3386 3517 3567 3572 H‘oini-

1987 3647 2071 3681 nes
2099 3628 2230 3681 enim
2262 3641 2352 3696 per
2377 3622 2620 3689 majorem
2639 3617 2843 3685 jurant,
2868 3622 2914 3666 et
2938 3612 3062 3682 ipsis
3092 3611 3252 3662 omnis
3283 3618 3570 3663 controuer-

1985 3719 2075 3770 sia?
2102 3717 2219 3784 ﬁnis
2247 3716 2297 3766 in
2328 3709 2766 3778 conﬁrmationem
2795 3714 2867 3756 est
2887 3704 3236 3770 juramentum
3263 3715 3281 3754 :
3309 3699 3444 3752 Deus
3473 3713 3568 3749 au-

1983 3816 2081 3861 tem
2111 3820 2226 3858 cum
2265 3801 2461 3855 nullum
2503 3797 2702 3849 haberet
2749 3793 2995 3860 majorem
3034 3806 3123 3858 per
3159 3805 3306 3858 quem
3340 3790 3564 3857 juraret,

1982 3897 2171 3968 iuravit
2192 3910 2280 3965 per
2304 3890 2644 3960 semetipsum.
2679 3883 2864 3938 Recte.
2892 3881 3023 3950 Quis
3043 3889 3126 3935 est
3151 3894 3279 3949 ergo
3304 3879 3392 3948 qui
3417 3880 3567 3947 jura-

1986 3965 2057 4035 γει
2088 3980 2348 4035 Abrahae?
2385 3991 2562 4030 annon
2597 3973 2799 4029 Filius?
2843 3970 2989 4037 Non,
3034 3968 3224 4037 inquit.
3277 3965 3425 4021 Unde
3465 3965 3566 4016 hoc

1981 4071 2153 4125 dicis?
2200 4068 2431 4124 Maxime
2483 4064 2701 4136 quidem
2754 4063 2902 4132 ipse;
2957 4059 3053 4115 sed
3109 4073 3216 4113 non
3269 4055 3559 4112 eoatendo.

1983 4161 2206 4232 Quando
2233 4175 2362 4230 ergo
2390 4160 2502 4227 ipse
2526 4157 2672 4227 jurat
2716 4155 2816 4208 hoc
2855 4155 2971 4222 ipso
3006 4151 3333 4222 jurameuto,
3367 4149 3526 4201 Amen
3550 4186 3562 4205 ,

1985 4273 2129 4309 amen
2153 4255 2263 4307 dico
2285 4253 2456 4314 vobis;
2482 4264 2656 4304 annon
2681 4248 2801 4302 ideo
2819 4246 3044 4311 scilicet,
3066 4242 3207 4314 quod
3239 4257 3344 4297 non
3375 4238 3577 4293 habeat

1988 4346 2246 4416 majorem
2275 4359 2367 4412 per
2393 4356 2551 4411 quem
2579 4339 2762 4410 juret?
2791 4337 2860 4393 Ut
2886 4336 3028 4391 enim
3051 4334 3250 4403 juravit
3281 4333 3460 4397 Pater,
3495 4329 3581 4384 ita.

1989 4441 2149 4496 etiam
2180 4439 2506 4507 Filiusjurat
2535 4451 2628 4504 per
2648 4449 2707 4489 se
2731 4434 2937 4497 dicens,
2969 4430 3147 4491 Amen,
3175 4443 3322 4481 amen
3349 4425 3464 4478 dico
3484 4438 3571 4476 eo-

1990 4535 2082 4587 bis.
2128 4533 2223 4586 llic
2266 4531 2394 4600 ipsis
2437 4535 2654 4583 revocat
2697 4528 2748 4580 in
2791 4523 3101 4579 memoriam
3125 4517 3328 4574 Christi
3353 4530 3594 4587 quoque-

1988 4626 2312 4694 juratnenta,
2352 4635 2471 4690 qnze
2515 4617 2726 4672 dicebat
2759 4614 2972 4668 assidue
3003 4630 3017 4666 :
3044 4612 3220 4673 Amen,
3264 4622 3412 4660 amen
3456 4605 3571 4656 dice

1995 4716 2104 4780 tibi,
2130 4715 2214 4783 qui
2242 4713 2399 4767 credit
2427 4712 2481 4764 in
2509 4726 2616 4772 me,
2651 4724 2750 4761 non
2776 4707 3019 4761 morietur
3045 4703 3098 4756 in
3127 4709 3368 4756 wternum
3393 4694 3574 4766 (Joun.

1996 4807 2082 4862 ll.
2116 4806 2233 4875 26).
2262 4803 2398 4869 Quid
2429 4809 2532 4865 cst,
2565 4799 2630 4853 Et
2659 4799 2820 4852 onmis
2850 4793 3200 4849 Controversia
3225 4790 3338 4854 linis
3366 4788 3416 4840 in
3447 4802 3572 4838 con-

1998 4898 2334 4970 ﬁrmationem
2364 4904 2432 4948 est
2457 4889 2842 4964 juramentum?
2878 4888 2933 4943 Id
2967 4895 3050 4941 est
3080 4903 3092 4938 :
3122 4899 3188 4939 ex
3219 4883 3324 4937 hoc
3351 4880 3576 4935 solvitur

1998 4992 2173 5047 omnis
2203 4987 2586 5044 controversiae
2613 4984 2874 5040 dubitatio
2908 5000 2921 5036 :
2953 4995 3058 5035 non
3086 4977 3266 5048 hujus,
3294 4983 3386 5029 aut
3413 4973 3578 5035 illius,

2001 5085 2094 5139 sed
2125 5081 2322 5137 omnis.
2355 5081 2526 5147 Atque
2554 5076 2834 5147 oportebat
2859 5073 3074 5143 quidem
3101 5072 3264 5124 etiam
3291 5067 3406 5121 sine
3432 5065 3582 5133 jura—

2003 5185 2184 5231 mento
2229 5173 2337 5227 Deo
2379 5169 2621 5224 credere.
2651 5168 2738 5221 l7.
2782 5164 2846 5217 In
2874 5181 2992 5229 quo,
3022 5161 3211 5229 inquit,
3242 5157 3588 5212 abundantius

2003 5271 2171 5324 volens
2200 5265 2338 5318 Deus
2365 5261 2624 5316 ostendere
2654 5255 3032 5328 pollicitationis
3062 5250 3325 5305 heredibus
3351 5246 3581 5300 inuuobi-

2006 5363 2198 5417 litatem
2219 5357 2418 5412 consilii
2447 5355 2546 5418 sui,
2577 5350 2872 5418 interposuit
2895 5343 3282 5417 jusjurandum.
3316 5339 3412 5392 llic
3440 5354 3586 5392 COIII-

2005 5451 2290 5525 prehendit
2310 5449 2468 5503 etiam
2498 5445 2699 5499 lideles.
2728 5443 3013 5506 Propterea
3041 5433 3282 5488 meminit
3302 5431 3462 5484 etiam
3490 5427 3591 5480 lm-

2007 5520 2090 5618 jus
2135 5538 2526 5614 promissionis,
2556 5553 2673 5604 qua:
2716 5530 2860 5600 prior
2907 5529 3040 5581 facta
3091 5534 3170 5577 cst
3213 5520 3589 5578 communiter.

2087 5638 2099 5670 ¹
2133 5611 2222 5685 iiic
2247 5632 2414 5693 incipit.
2439 5626 2631 5678 ilUluiilil
2655 5619 2908 5671 undecima
2937 5617 2981 5662 in
3006 5611 3140 5657 tiu-lt).
