3980 6142
407 203 468 255 θ¹
1105 230 1160 282 s.
1203 230 1480 286 JO.\N.\‘IS
1511 230 1977 290 cnnvsosrotn
2030 233 2345 294 AREHIEP.
2385 238 2917 298 coxsraurmor.
3595 249 3664 304 an

400 332 736 401 lnierposuit,
770 333 962 404 inquit,
985 338 1368 407 Jusjurandum.
1406 339 1499 394 llic
1530 357 1714 396 rursus
1738 343 1864 398 dicit
1895 345 1972 398 1πᾷ-

398 422 523 475 lium
558 422 723 477 fuisse
765 425 1212 493 intercessorem,
1257 429 1395 482 inter
1437 429 1679 486 homines
1707 445 1753 486 et
1790 434 1974 488 Deum.

398 512 485 566 £8.
523 511 590 566 Ut
619 530 710 582 per
732 515 861 568 duas
899 533 977 569 res
1011 517 1308 586 immobiles,
1344 521 1521 589 quibus
1559 523 1866 596 impossibile
1905 537 1976 584 est

395 606 595 658 mentiri
625 605 806 660 Deum.
842 607 942 661 Per
969 624 1225 675 quasnam
1257 613 1382 666 res?
1427 613 1527 673 [’cr
1557 615 1655 671 hoc
1678 620 1814 687 quod
1843 621 1976 678 dixit

393 713 452 748 ae
484 699 744 768 promisit,
769 709 820 752 et
849 715 942 768 per
971 700 1073 756 hoc
1099 704 1240 772 quod
1269 707 1606 775 promissioni
1639 709 1832 780 adjecit
1859 713 1972 782 jus-

391 788 692 855 juratnhnn.
734 790 865 845 Nam
908 794 1161 860 quoniam
1187 797 1325 862 apud
1358 796 1600 852 homines
1630 799 1734 861 hoc
1762 801 1971 857 videtur

388 896 507 934 esse
561 880 898 948 credibilius,
952 900 1183 956 nempe,
1236 887 1639 963 juramentum,
1692 906 1971 966 propterea

388 973 561 1038 ipsum
591 989 806 1043 quoque
834 975 1057 1030 addidit.

457 1055 514 1108 ‘3.
551 1057 708 1110 Vides
736 1057 878 1125 quod
923 1072 1026 1110 non
1057 1073 1209 1109 suam
1248 1067 1455 1125 spectet
1483 1056 1799 1127 dignitatem
1820 1103 1835 1128 ,
1878 1063 1974 1117 sed

392 1146 659 1214 quomodo
691 1145 997 1199 hominibus
1027 1146 1378 1214 persuadeat,
1407 1158 1487 1202 'et
1534 1150 1600 1203 de
1650 1166 1710 1204 se
1757 1150 1973 1221 indigna

390 1237 493 1290 dici
523 1237 772 1299 su5tinet,
813 1246 871 1289 ιιι
901 1237 990 1304 qui
1025 1236 1153 1289 velit
1202 1238 1414 1306 plenam
1448 1249 1500 1291 et
1547 1249 1748 1293 certam
1779 1241 1976 1296 ali'erre

388 1327 798 1394 probationem?
835 1327 900 1379 Et
941 1327 993 1379 in
1037 1328 1345 1381 Ahrahamo
1385 1329 1602 1398 quidem
1631 1332 1865 1385 ostendit
1898 1342 1975 1386 to-

387 1431 498 1472 tum
523 1436 645 1473 esse
678 1419 771 1473 Dei
795 1462 808 1482 ,
840 1437 945 1473 non
977 1421 1120 1474 illius
1150 1422 1418 1476 diuturnie
1450 1426 1722 1493 patientia:
1744 1468 1758 1490 ,
1809 1427 1976 1496 siqui-

387 1510 510 1561 dem
561 1511 815 1562 sustinuit
866 1511 1023 1564 etiam
1076 1511 1278 1566 addere
1324 1513 1726 1582 juramentmn;
1783 1517 1826 1569 si
1881 1533 1975 1586 per

383 1616 543 1666 quem
569 1599 750 1668 jurant
783 1599 1048 1663 licuiines,
1089 1601 1230 1657 Deus
1261 1619 1473 1673 quoque
1503 1621 1596 1674 per
1632 1606 1971 1676 ipsumjura-

384 1694 480 1756 ιιι,
516 1708 708 1763 nempe
751 1709 843 1761 per
891 1693 1150 1763 seipsnm.
1195 1695 1298 1751 Sed
1333 1699 1404 1751 illi
1438 1699 1650 1768 quidem
1700 1709 1970 1772 tamquam

385 1799 479 1848 per
509 1783 786 1852 majOretn,
839 1785 924 1838 hic
968 1797 1144 1838 autent
1196 1804 1300 1839 non
1353 1803 1622 1859 tamquam
1657 1807 1749 1859 per
1803 1793 1971 1860 majo-

366 1891 494 1928 '-rem
527 1893 539 1927 :
571 1863 624 1928 et
673 1886 849 1930 tanien
906 1877 1051 1931 let-it.
1095 1877 1208 1931 Non
1261 1891 1384 1933 sunt
1438 1882 1579 1934 enim
1626 1883 1811 1951 paria,
1874 1883 1969 1936 lto-

380 1969 576 2020 tninetn
610 1984 704 2037 per
728 1971 1007 2036 scjnrare,
1037 1981 1088 2024 et
1122 1971 1286 2025 Deum
1315 1991 1328 2026 :
1360 1972 1522 2026 homo
1551 1976 1693 2028 enim
1735 1992 1840 2030 non
1873 1975 1968 2029 lia-

382 2062 470 2113 bet
514 2063 596 2114 sui
659 2072 1001 2128 potestatem.
1063 2064 1226 2120 Vides
1275 2066 1416 2135 quod
1470 2067 1573 2123 hoc
1629 2084 1735 2124 non
1795 2072 1965 2141 magis

377 2155 607 2208 Ahrahm
633 2155 832 2209 dictum
861 2157 927 2208 sit
955 2173 1114 2226 quam
1141 2159 1336 2212 nobis?
1361 2159 1739 2227 Fortissimum,
1767 2162 1968 2232 inquit,

379 2243 618 2296 solatium
645 2246 919 2298 habeamus
964 2248 1049 2314 qui
1076 2250 1400 2318 confugimus
1437 2251 1506 2302 ad
1533 2252 1798 2304 tenendam
1845 2270 1965 2322 pro-

377 2337 597 2402 positam
628 2353 790 2406 spent.
822 2337 918 2391 llic
947 2353 1160 2407 quoque
1188 2355 1376 2393 rursus
1406 2341 1560 2411 longa
1592 2358 1721 2397 usus
1751 2345 1961 2412 patien-

378 2425 468 2483 tia,
501 2436 823 2493 assequntus
857 2437 940 2481 est
977 2429 1411 2496 promissionem.
1446 2430 1595 2484 Nunc
1618 2472 1632 2495 ,
1670 2433 1876 2503 inquit,
1908 2445 1964 2490 et.

377 2529 481 2567 non
531 2515 708 2569 dixit:
739 2517 1003 2584 Quoniam
1043 2518 1264 2586 juravit.
1311 2520 1450 2588 Quid
1483 2523 1551 2576 sit
1593 2533 1772 2578 autem
1814 2523 1963 2593 jura-

377 2617 637 2673 meutmn,
666 2610 922 2675 Ostendit,
954 2611 1172 2676 dicens,
1198 2611 1391 2668 .lurare
1421 2629 1518 2685 per
1546 2614 1826 2686 majorem.
1854 2617 1960 2673 Sed

374 2699 625 2765 quoniam
654 2709 737 2754 est
763 2701 1092 2755 incredulmn
1122 2717 1294 2772 genus
1323 2703 1618 2769 hominum,
1649 2706 1714 2762 ad
1744 2707 1956 2773 eadem,

373 2788 438 2840 ad
461 2806 579 2859 qua:
603 2807 718 2855 nos,
747 2808 808 2847 se
838 2793 1076 2851 dimittit.
1102 2797 1250 2849 Sicut
1279 2811 1406 2866 ergo
1426 2796 1572 2865 jurat
1599 2807 1815 2870 pmpter
1836 2816 1958 2867 nos,

374 2883 586 2936 etiamsi
628 2883 722 2940 illo
767 2887 838 2939 sit
871 2887 1142 2956 indignum
1188 2889 1330 2958 quod
1382 2906 1486 2946 non
1528 2892 1782 2946 credatur
1822 2910 1836 2948 :
1886 2895 1956 2950 ita

371 2997 383 3019 ι
407 2976 532 3028 tiam
561 2976 763 3031 dictum
805 2989 886 3033 est
928 2979 1055 3033 illud
1079 3021 1092 3041 ,
1129 2980 1324 3034 Didicit
1351 2997 1415 3035 ex
1447 2983 1508 3036 iis
1532 2999 1644 3050 qua:
1677 3001 1856 3054 passus
1885 2997 1956 3040 est

375 3065 558 3130 (Hebr.
585 3067 638 3120 5.
666 3069 724 3136 8)
759 3086 772 3120 :
802 3070 1054 3136 quoniam
1082 3072 1390 3126 existimant
1416 3072 1662 3130 homines
1698 3075 1802 3130 hoc
1835 3091 1955 3133 esse

372 3158 539 3226 tttagis
567 3160 668 3212 lide
695 3159 913 3230 dignum
937 3204 950 3225 ,
972 3153 1201 3232 ~assequi
1247 3179 1341 3232 per
1379 3166 1788 3234 experientiam.
1816 3168 1953 3233 Quid

371 3259 474 3314 est,
513 3247 836 3316 I’mpositam
869 3269 1008 3321 spent
1032 3252 1057 3306 ?
1082 3252 1160 3307 Es
1193 3253 1275 3306 his
1299 3294 1315 3320 ,
1345 3255 1554 3324 inquit,
1586 3255 1759 3310 futura
1788 3258 1954 3327 eonji-

369 3341 577 3394 cimus:
612 3359 731 3398 nam
759 3345 802 3395 si
835 3345 948 3398 ltzttc
975 3355 1096 3412 post
1137 3354 1342 3398 tantum
1385 3355 1594 3416 tempus
1634 3359 1949 3418 evenerunt,

369 3450 588 3486 omnino
630 3436 716 3488 illa
745 3451 976 3504 quoque.
1020 3437 1379 3501 Quamohrem
1418 3456 1534 3508 qn;e
1571 3440 1708 3493 facta
1739 3441 1952 3495 luerunt

363 3521 615 3585 Abrahat,
647 3525 800 3579 nobis
825 3541 1039 3596 quoque
1062 3526 1220 3582 ﬁdem
1251 3528 1452 3583 faciunt
1479 3529 1546 3586 de
1573 3529 1790 3587 futuris.
1815 3534 1830 3562 ¹
1864 3533 1947 3591 19.

367 3614 530 3678 Quam
550 3617 678 3672 sicut
705 3635 945 3676 ancoram
974 3620 1214 3674 habemus
1241 3623 1427 3680 animi:
1449 3633 1605 3678 tutam
1637 3641 1697 3678 ac
1723 3626 1942 3692 ﬁrmant,

362 3718 409 3759 et
439 3707 750 3765 incedentem
789 3727 947 3782 usque
991 3713 1059 3768 ad
1104 3714 1349 3768 interi-ora
1393 3715 1655 3771 velaminis
1685 3731 1704 3770 :
1730 3715 1820 3772 90.
1865 3717 1946 3772 ubi

363 3816 648 3867 praecentor
670 3819 763 3874 pro
791 3806 935 3860 nobis
961 3806 1182 3863 introivit
1206 3805 1377 3872 Iesus,
1409 3809 1687 3863 secundum
1717 3811 1944 3863 ordinem

361 3892 733 3952 Melchisedech
760 3901 989 3970 pontifex
1019 3898 1185 3963 factus
1218 3901 1271 3959 in
1308 3911 1572 3958 (sternam.
1605 3902 1736 3956 Cum
1769 3903 1944 3957 adhuc

361 3987 532 4042 simus
581 3991 632 4042 in
680 3991 901 4055 mundo,
932 4001 988 4048 et
1032 4005 1065 4047 θ
1107 3992 1213 4049 vita
1247 3993 1485 4054 nondum
1528 3998 1940 4057 escesserimus,

361 4079 596 4132 ostendit
621 4080 728 4148 jam
761 4096 882 4136 esse
925 4081 979 4136 in
1010 4082 1289 4148 promissis
1322 4099 1336 4136 :
1370 4099 1492 4140 nam
1523 4099 1618 4152 per
1655 4099 1804 4154 spem
1833 4086 1942 4154 jam

362 4183 547 4221 smnus
591 4169 642 4223 in
691 4171 858 4224 ca‘lis.
903 4171 1262 4238 Exspectate,
1314 4173 1516 4242 inquit;
1561 4175 1777 4232 otnnino
1801 4177 1940 4230 enim

361 4261 482 4312 erit.
523 4259 720 4315 Deinde
752 4262 962 4330 plenatn
995 4261 1227 4318 alierens
1279 4266 1676 4330 PCI'alliISiOIICIIl
1705 4308 1720 4330 ,
1764 4265 1894 4320 dicit
1928 4285 1940 4320 :

359 4351 524 4420 Magis
552 4363 731 4406 autem
763 4368 857 4421 spe
883 4353 994 4421 jam
1020 4356 1336 4424 consequuti
1366 4356 1518 4410 estis.
1559 4357 1622 4410 lit
1651 4372 1754 4410 non
1785 4357 1940 4424 dixit,

359 4442 561 4496 Sumus
590 4442 770 4506 intus;
802 4443 919 4504 sed.
956 4443 1069 4512 Ipsa
1117 4457 1196 4498 est
1241 4447 1474 4512 ingressa
1510 4465 1522 4499 :
1554 4449 1695 4517 «(und
1728 4449 1941 4517 quidem

358 4543 474 4587 erat
503 4535 682 4588 verius
726 4544 780 4591 et
821 4536 1172 4604 probabilius.
1223 4536 1368 4592 Sicut
1415 4539 1555 4592 enim
1596 4554 1792 4594 ancora
1822 4542 1942 4595 navi

357 4641 592 4694 appensa
619 4667 633 4690 ,
667 4641 773 4682 non
806 4628 937 4685 sinit
982 4643 1100 4684 eam
1143 4627 1480 4682 circumferri
1510 4669 1524 4689 ,
1569 4630 1778 4684 etiamsi
1821 4646 1939 4684 eam

359 4719 499 4772 venti
530 4721 774 4789 quatiant
819 4719 1277 4782 innumerabiles,
1319 4720 1409 4773 sed
1452 4735 1689 4790 appensa
1735 4722 1940 4776 lit-mam

357 4811 533 4866 reddit
555 4823 610 4868 et
638 4813 886 4868 stabilem
921 4831 933 4864 ε
966 4813 1036 4866 ita
1059 4814 1219 4864 etiarn
1251 4828 1394 4881 spes.
1433 4813 1562 4877 Vide
1584 4824 1760 4870 autem
1784 4831 1939 4885 quatit

356 4903 511 4958 valde
545 4913 930 4974 congruentem
977 4904 1242 4960 invenerit
1285 4905 1567 4973 imaginem
1615 4923 1628 4959 :
1663 4921 1767 4961 non
1797 4909 1939 4962 enim

355 4997 488 5052 dicit
509 4996 938 5059 fuitttlaittentutn.
964 4997 1104 5066 quod
1135 4997 1514 5066 disct‘epassct.
1541 4997 1636 5055 sed
1664 5013 1936 5054 ancoram.

354 5089 488 5143 Nam
516 5088 658 5155 quod
697 5099 781 5143 cst
829 5093 880 5142 in
919 5090 1080 5142 ﬂuctu
1129 5089 1310 5149 utaris,
1344 5097 1398 5142 ct
1438 5105 1543 5142 non
1587 5089 1799 5146 videtur
1824 5105 1941 5148 esse

355 5179 642 5232 admodum
678 5180 889 5235 [irinum
921 5189 975 5233 et
1004 5180 1193 5233 stabile
1215 5220 1227 5242 ,
1262 5188 1367 5232 Stal
1394 5194 1556 5247 super
1583 5195 1772 5250 aquam
1811 5189 1941 5236 tam-

353 5287 513 5339 quam
545 5287 703 5338 supra
737 5279 972 5333 terram,
1019 5270 1344 5339 lalniseitque
1394 5282 1449 5324 et
1497 5287 1601 5324 non
1635 5271 1852 5328 labascit
1893 5273 1935 5329 ³.

411 5407 425 5436 ¹
457 5405 576 5463 Qum
600 5409 1054 5468 sequunt_tn;tts_:pte
1076 5398 1416 5468 adhntunerum
1440 5398 1470 5445 4
1491 5399 1669 5468 desunt
1694 5399 1744 5468 in
1763 5401 1902 5468 colb.

410 5469 430 5500 ³
461 5461 510 5515 In
545 5461 821 5534 Mssfapud
847 5461 1002 5534 [Sat-il.
1045 5461 1222 5534 legitur
1249 5475 1259 5507 :
1291 5468 1406 5534 Nam
1431 5461 1558 5534 quod
1596 5469 1665 5532 est
1701 5462 1748 5534 in
1786 5461 1933 5534 [luctu

350 5529 498 5578 muris
535 5535 578 5577 et
613 5526 661 5574 in
704 5525 886 5582 liquido
918 5527 1146 5572 elemento
1171 5535 1261 5570 non
1297 5531 1443 5581 poturi
1479 5525 1667 5574 inutilia
1707 5527 1931 5580 stabiliri.

346 5603 435 5642 nec
460 5597 587 5636 sine
613 5587 812 5647 perinde
836 5599 891 5634 uc
917 5584 956 5634 si
981 5584 1026 5633 in
1051 5591 1181 5633 terra
1204 5591 1323 5632 esset
1340 5621 1351 5643 ,
1388 5582 1461 5646 ειη
1495 5584 1625 5634 idem
1659 5584 1856 5636 labascit
1890 5592 1936 5636 et

351 5665 440 5702 non
465 5650 662 5698 (abusa!
671 5683 680 5692 .

2078 346 2210 401 Nam
2266 349 2316 402 in
2366 349 2429 403 iis
2479 350 2696 421 quidem
2753 355 2841 424 qui
2895 365 3021 412 sunt
3080 359 3231 417 valde
3276 363 3424 418 lirtni
3477 367 3664 423 solidi-

2076 454 2181 522 que
2211 450 2266 494 et
2310 440 2641 514 phiIOSOplii,
2694 447 2821 502 illud
2863 463 3226 510 consentanea
3283 459 3461 526 posuit
3500 461 3660 516 Chri-

2087 517 2240 602 stus,
2297 535 2483 591 dicens
2536 553 2549 590 :
2600 538 2699 604 Qui
2736 538 3008 606 cediﬁeavit
3060 541 3268 597 domum
3318 561 3463 599 suam
3507 565 3671 608 suum

2088 643 2280 700 petram
2327 628 2558 700 (Matth.
2591 631 2643 684 Ἰ.
2676 630 2787 700 24)
2818 648 2832 684 :
2867 633 2918 685 in
2967 632 3031 688 iis
3077 642 3256 688 autem
3295 637 3384 706 qui
3412 648 3538 692 sunt
3569 638 3671 693 de-

2086 723 2244 788 fessi,
2295 733 2351 778 et
2389 723 2585 779 debent
2630 738 2725 793 spe
2753 726 2989 794 portari,
3031 728 3415 784 convenienter
3442 729 3543 787 hoc
3576 749 3670 801 po-

2084 819 2189 871 suit
2220 817 2433 872 Paulus.
2457 815 2590 872 Nam
2619 818 2810 874 ﬂuctus
2836 816 3053 888 quidem
3082 828 3138 874 et
3163 837 3351 892 magna
3376 833 3670 895 tempestas

2082 907 2333 976 scapham
2365 909 2537 978 quatit
2567 927 2580 962 :
2614 923 2738 979 spes
2767 919 2945 965 autem
2982 927 3087 965 non
3137 912 3266 967 sinit
3306 915 3668 984 circumferri,

2080 1000 2289 1056 etiamsi
2316 1015 2432 1054 eam
2457 1005 2596 1055 venti
2620 991 2821 1070 agitent
2843 1002 3277 1061 innumerabiles.
3303 1006 3668 1075 Quamobrem

2075 1091 2119 1145 si
2151 1107 2266 1145 eam
2296 1107 2399 1146 non
2424 1091 2814 1156 habuissemus,
2835 1094 2944 1162 jam
2975 1095 3100 1149 olim
3129 1112 3378 1153 essemus
3401 1099 3664 1157 demersi.

2078 1180 2195 1236 Non
2228 1183 2401 1238 solum
2444 1193 2621 1237 autem
2667 1184 2719 1238 in
2751 1184 3116 1253 Spiritualibus
3142 1229 3157 1255 ,
3200 1189 3296 1244 sed
3324 1191 3486 1244 etiam
3518 1193 3571 1246 in
3600 1193 3668 1251 iis

2077 1289 2198 1346 qua:
2225 1274 2290 1327 ad
2320 1273 2456 1328 hanc
2487 1274 2648 1328 vitam
2680 1276 2990 1344 pertinent,
3023 1293 3269 1347 magnam
3299 1280 3416 1350 ejus
3443 1282 3548 1336 vim
3578 1284 3665 1337 iu-

2076 1365 2288 1430 veneris
2313 1406 2326 1431 ,
2379 1365 2431 1420 in
2481 1374 2779 1420 mercatura
2802 1407 2818 1431 ,
2847 1366 2900 1421 in
2941 1369 3302 1437 agricultura,
3339 1371 3391 1424 in
3428 1373 3611 1427 militia
3645 1392 3661 1428 ε

2075 1457 2175 1512 nisi
2205 1456 2348 1510 enim
2379 1456 2642 1526 quispiam
2681 1471 2799 1511 eam
2828 1459 3010 1513 statim
3045 1459 3146 1515 sibi
3177 1464 3523 1531 proposuerit
3545 1506 3560 1528 ,
3592 1481 3669 1522 no

2072 1561 2206 1619 Opus
2235 1546 2448 1616 quidem
2476 1546 2732 1617 attigerit.
2773 1553 3044 1604 Ancoram
3071 1561 3250 1608 autem
3281 1568 3386 1608 non
3414 1554 3550 1610 dixit
3572 1557 3666 1612 ab-

2071 1641 2267 1706 solute,
2297 1637 2392 1694 sed
2420 1638 2624 1695 ﬁrmam
2663 1649 2719 1694 et
2747 1641 3015 1707 stabilem,
3047 1652 3104 1697 ut
3127 1645 3378 1700 ostendat
3405 1647 3523 1716 ejtts
3559 1649 3661 1702 lir-

2069 1731 2306 1785 mitatem
2339 1731 2405 1785 iis
2425 1731 2514 1802 qui
2545 1732 2631 1785 illa
2660 1730 2951 1788 l‘ulciuntur
2976 1734 3042 1789 ad
3070 1737 3298 1794 salutem
3329 1755 3340 1789 :
3369 1739 3492 1794 ideo
3521 1741 3657 1796 sub-

2070 1821 2260 1892 iungit,
2291 1821 2416 1888 Qua:
2444 1822 2730 1892 ingreditur
2763 1823 2814 1877 in
2843 1823 3089 1880 interiora
3130 1827 3390 1885 uelaminis
3407 1847 3428 1894 ;
3465 1830 3516 1886 id
3546 1842 3654 1898 est,

2066 1930 2184 1985 qua:
2211 1913 2452 1982 pervadit
2477 1929 2644 1984 usque
2671 1915 2736 1967 ad
2765 1915 2979 1970 caelum.
3012 1916 3212 1974 Deinde
3252 1919 3411 1976 ﬁdem
3439 1938 3666 1994 quoque

2065 2005 2358 2076 snbjunxit,
2389 2016 2445 2060 ut
2485 2023 2590 2060 non
2635 2006 2811 2060 solum
2856 2008 2927 2061 sit
2953 2023 3076 2077 spes
3101 2050 3114 2073 ,
3161 2011 3255 2066 50d
3299 2014 3461 2068 etiam
3502 2015 3658 2070 valde

2065 2097 2362 2157 vera.Nant
2387 2107 2506 2167 post
2543 2097 2912 2167 jusjurandum
2963 2101 3111 2168 ponit
3147 2103 3308 2160 etiam
3352 2105 3529 2169 aliam,
3559 2123 3659 2176 per

2063 2207 2152 2260 res
2174 2192 2313 2261 ipsas
2327 2189 2837 2252 demonstrationem
2847 2233 2864 2258 ,
2883 2208 3074 2262 nempe
3087 2211 3117 2264 q
3127 2195 3226 2249 uod
3241 2194 3542 2258 Prwcursor
3557 2217 3655 2269 pro
3673 2222 3680 2236 τ

2063 2285 2204 2340 nobis
2224 2285 2448 2340 introivit
2466 2283 2642 2339 Jcsus.
2663 2284 2972 2340 Pro-cursor
3013 2297 3189 2342 autem
3222 2297 3306 2342 est
3345 2289 3650 2359 aliquorum

2063 2391 2381 2446 praecursor,
2409 2377 2545 2430 sicut
2571 2376 2802 2431 Joannes
2818 2377 3039 2431 Christi.
3066 2378 3131 2432 Et
3161 2395 3266 2433 non
3296 2382 3425 2435 dixit
3448 2383 3647 2451 solum,

2061 2464 2322 2532 Introivit,
2377 2467 2493 2529 sed,
2553 2466 2648 2521 Ubi
2697 2483 2984 2536 pra'cursor
3037 2486 3131 2537 pro
3195 2473 3336 2524 nobis
3382 2473 3649 2541 introivit;

2063 2566 2246 2626 utpote
2276 2573 2396 2611 cum
2418 2572 2514 2611 nos
2539 2573 2751 2628 quoque
2780 2558 3071 2614 debeamus
3100 2577 3165 2615 eo
3188 2565 3493 2632 pervenire.
3529 2567 3646 2622 Non

2063 2659 2141 2702 ext
2175 2649 2316 2705 enim
2342 2649 2564 2704 tnultutn
2598 2650 2945 2706 interstititnn
2978 2653 3116 2706 inter
3156 2669 3541 2724 ριἐυοιιιδοιριιι
3589 2669 3647 2713 et

2061 2757 2156 2801 eos
2212 2744 2300 2812 qui
2351 2752 2692 2812 sequuntur:
2727 2759 2850 2798 nam
2906 2745 3105 2816 alioqui
3154 2763 3262 2802 non
3302 2761 3447 2804 esset
3502 2768 3646 2820 pra:-

2067 2849 2275 2888 cur3or.
2309 2834 2703 2889 Prii-cursorem
2751 2835 2892 2890 enim
2945 2849 2994 2892 et
3041 2853 3134 2892 eos
3181 2840 3270 2907 qui
3302 2852 3600 2909 sequuntur
3628 2886 3644 2911 ,

2057 2935 2268 2994 oportet
2294 2940 2414 2980 es:e
2444 2925 2494 2978 in
2514 2925 2700 2980 eadem
2729 2928 2848 2992 via;
2883 2927 3027 2981 illum
3056 2929 3193 2984 riam
3219 2929 3444 3000 ingredi,
3463 2946 3519 2988 et
3541 2933 3644 2989 bos

2055 3014 2334 3085 Consequi.
2383 3015 2677 3071 Secundum
2719 3016 2948 3074 ordinem
2997 3017 3366 3077 Melchisedech
3412 3025 3642 3094 pontifex

2055 3109 2104 3160 in
2156 3118 2398 3162 (sternunt
2444 3107 2630 3177 factus.
2688 3108 2827 3163 Ecce
2885 3110 2985 3164 alia
3039 3127 3252 3181 quoque
3304 3118 3640 3184 con3olati0,

2052 3202 2096 3259 si
2144 3203 2357 3271 quidem
2403 3217 2560 3271 supra
2607 3211 2686 3257 est
2715 3213 2900 3258 noster
2933 3205 3168 3273 pontifex
3195 3247 3209 3270 ,
3243 3218 3297 3262 et.
3327 3209 3494 3266 multo
3523 3227 3640 3267 me-

2054 3295 2152 3348 lior
2183 3295 2244 3348 iis
2272 3296 2358 3362 qui
2391 3294 2672 3363 suntapud
2703 3293 2938 3356 Jttdauos,
2973 3314 3075 3350 non
3108 3301 3279 3356 solum
3321 3304 3500 3360 modo,
3545 3305 3636 3358 sed

2051 3378 2210 3432 etiam
2241 3379 2400 3445 loco,
2464 3383 2842 3451 tabernaculo,
2897 3393 3218 3444 testamento
3267 3394 3320 3442 et
3383 3400 3634 3454 persona.

2051 3467 2256 3535 Dictum
2287 3482 2371 3528 est.
2395 3484 2579 3530 autem
2623 3477 2690 3532 de
2739 3493 2804 3532 co
2844 3479 2985 3548 quod
3033 3489 3116 3535 est
3162 3479 3460 3538 secundent
3518 3494 3641 3535 car-

2049 3575 2190 3615 πριιι.

2119 3652 2174 3706 5.
2199 3652 2419 3722 Oportet
2455 3671 2583 3726 ergo
2620 3666 2674 3712 et
2701 3673 2796 3713 eos
2822 3674 3046 3728 quorum
3077 3672 3160 3716 est
3201 3661 3455 3717 sacerdos
3475 3662 3653 3731 longe.

2048 3756 2170 3798 esse
2239 3745 2532 3813 meliores;
2592 3757 2645 3804 ct
2711 3760 2970 3819 quantum
3044 3753 3183 3806 inter
3253 3756 3528 3816 Aaronem
3585 3763 3640 3808 et

2049 3834 2316 3891 Christum
2374 3838 2633 3902 interest,
2689 3849 2893 3899 tantum
2947 3843 3209 3899 interesse
3255 3846 3394 3900 inter
3433 3862 3536 3902 nos
3583 3857 3642 3902 et

2048 3926 2286 3984 Judzcos.
2321 3931 2458 3985 Ecce
2484 3933 2626 3986 enim
2671 3933 2722 3987 in
2784 3937 2993 4003 superis
3027 3937 3287 3994 habemus
3316 3939 3630 4004 victimam,

2050 4021 2102 4074 in
2129 4021 2336 4090 superis
2376 4025 2753 4092 sacerdotem,
2812 4028 2862 4080 in
2903 4030 3112 4098 superis
3152 4032 3497 4086 sacriﬁcium.
3532 4034 3639 4086 Eas

2053 4127 2182 4181 ergo
2231 4113 2522 4168 olleramus
2575 4115 2777 4171 hostias
2805 4135 2924 4188 (ιιιιιε
2971 4120 3023 4176 in
3054 4121 3145 4175 illa
3173 4138 3265 4178 ara
3306 4124 3513 4191 possim
3558 4125 3641 4178 of—

2053 4201 2221 4256 ferri:
2270 4220 2374 4258 non
2423 4208 2651 4275 amplius
2707 4225 2836 4264 oves
2890 4222 2945 4266 et
3001 4211 3203 4279 boves,
3252 4231 3356 4269 non
3398 4218 3636 4285 amplius

2056 4293 2370 4364 sanguinem
2401 4306 2451 4350 et
2483 4299 2724 4353 nidorem
2755 4319 2768 4356 :
2801 4301 2913 4356 lia-c
2940 4306 3117 4358 ontttia
3167 4317 3290 4360 sunt
3316 4307 3548 4371 abolita,
3584 4319 3643 4363 et

2052 4397 2147 4452 pro
2195 4385 2276 4440 eis
2305 4395 2386 4440 est
2432 4387 2769 4444 introductus
2811 4393 2988 4448 cultus
3036 4397 3328 4450 rationalis.
3367 4397 3504 4464 Quid
3555 4409 3643 4455 est

2049 4488 2227 4533 autem
2257 4479 2433 4534 cultus
2474 4482 2799 4536 rationalis?
2849 4485 2980 4553 Qua:
3013 4502 3107 4554 per
3135 4489 3369 4544 annnam
3399 4490 3636 4546 otl‘eruu-

2052 4580 2156 4635 tur,
2185 4587 2304 4642 qua:
2353 4588 2446 4641 per
2475 4574 2723 4643 spiritum
2757 4575 3046 4646 (Spiritus,
3095 4579 3284 4648 inquit.
3347 4593 3418 4635 est
3464 4582 3640 4647 Delli;

2050 4672 2096 4717 et
2126 4679 2209 4715 eos
2230 4665 2314 4732 qui
2347 4666 2511 4732 ipsum
2537 4672 2754 4720 adorant
2781 4709 2795 4733 ,
2828 4671 2879 4720 in
2911 4671 3092 4739 spiritu
3139 4681 3184 4726 et
3211 4675 3420 4726 ueritate
3442 4687 3641 4743 oportet

2050 4755 2265 4807 adorare
2294 4755 2472 4825 [.Ioan.
2503 4763 2554 4809 4.
2579 4757 2719 4828 2η),
2737 4775 2852 4828 qtuu
2884 4777 2989 4814 ll')l|
3016 4779 3148 4830 opus
3171 4763 3368 4819 habent
3391 4781 3639 4836 corpote,

2051 4861 2154 4899 non
2197 4862 2330 4913 opus
2362 4847 2559 4901 habent
2605 4851 2994 4917 instrumentis,
3027 4870 3133 4906 non
3160 4854 3292 4909 locis
3325 4875 3338 4909 :
3374 4857 3485 4912 haec
3514 4874 3641 4914 uero

2050 4945 2176 4989 sunt
2209 4937 2493 5001 ntotlcslia,
2530 4944 2902 5008 temperantia,
2933 4945 3298 5016 elcemosyoa,
3331 4949 3639 5018 tolerantia,

2052 5027 2276 5089 leuitas,
2332 5039 2384 5082 et
2427 5030 2703 5097 patientia.
2763 5031 2886 5087 llatc
2929 5037 3190 5089 sacrilicia
3234 5039 3436 5094 videris
3477 5043 3640 5096 etiam

2050 5119 2230 5172 ιιιιιιιίς
2272 5131 2414 5174 retro
2445 5124 2656 5176 smcnlis
2685 5127 3047 5195 prmligurata.
3098 5129 3401 5199 Sacriﬁcute
3427 5173 3443 5197 ,
3471 5133 3641 5203 inquit

2053 5209 2242 5276 David,
2268 5211 2370 5264 Deo
2401 5215 2707 5282 sacriﬁcium
2727 5218 2946 5287 justitia:
2970 5235 2988 5272 :
3011 5231 3065 5274 et
3096 5237 3304 5286 rursus,
3323 5222 3641 5290 Sucriﬁcubo

2053 5301 2138 5354 tibi
2164 5303 2473 5368 sacri/icium
2525 5305 2732 5371 laudis;
2763 5316 2838 5373 et,
2873 5309 3200 5378 Sacri/icium
3247 5313 3414 5367 laudis
3439 5315 3639 5383 gloriﬁ-

2053 5395 2187 5450 cabit
2258 5412 2372 5461 me;
2425 5408 2519 5463 ct,
2569 5397 2895 5467 Sacri/icium
2953 5400 3062 5456 Deo
3135 5405 3345 5473 spirims
3397 5407 3640 5461 contritus

2056 5485 2238 5553 (Psal.
2270 5486 2322 5541 4.
2378 5488 2432 5542 6.
2476 5499 2521 5540 et
2551 5489 2674 5544 H5.
2711 5493 2795 5544 17.
2831 5501 2875 5544 et
2925 5494 3014 5548 ἆυ.
3042 5493 3113 5547 9.5
3155 5505 3200 5547 et
3241 5496 3329 5549 δυ.
3389 5496 3517 5566 i9):
3551 5508 3635 5560 et,

2057 5580 2192 5645 Quid
2241 5597 2271 5630 α
2323 5590 2369 5632 te
2413 5583 2620 5650 requirit
2678 5582 2928 5640 Dominus
2978 5587 3079 5638 nisi
3138 5599 3189 5639 ut
3243 5589 3409 5654 ipsum
3458 5591 3638 5640 audias

2060 5669 2241 5738 (Mich.
2273 5672 2322 5724 (ἱ.
2356 5674 2412 5741 8)
2433 5673 2452 5721 1’
2497 5671 2806 5728 llalocunstu
2833 5686 2875 5731 et
2903 5694 2993 5745 pro
3032 5689 3233 5745 peccatu
3273 5697 3370 5732 non
3411 5681 3494 5732 tibi
3523 5682 3633 5745 {ite-
