3980 6142
306 278 371 334 93
1081 274 1146 330 IN
1186 271 1403 329 EPIST.
1445 270 1537 326 AD
1568 268 1933 328 IIEBRIEOS.
1976 270 2132 329 CAP.
2179 273 2262 330 Vl.
2316 276 2546 332 IIOSIIL.
2591 277 2683 332 XI.
3484 274 3551 330 θι

301 401 407 438 rttnt
457 384 621 451 (l’sal.
652 385 742 439 EO.
778 385 884 453 18).
921 383 1058 438 Tunc
1087 387 1215 449 dixi,
1235 385 1364 440 Ecce
1384 389 1546 446 renio.
1581 400 1634 441 ut
1661 393 1866 460 facium,

302 481 431 535 Drns
455 522 468 542 ,
500 481 803 532 roltantatrm
826 490 962 531 tuum
1008 479 1179 550 (l’sal.
1232 480 1320 535 59.
1363 483 1413 535 8.
1449 482 1537 551 9);
1581 492 1636 535 et
1661 498 1868 548 rursus,

305 575 433 640 Quin
483 572 606 624 nuhi
657 572 772 624 thus
813 569 1007 637 a/Icrtis
1047 588 1110 626 ea:
1152 571 1293 626 Saba
1334 573 1470 644 (Jer.
1501 574 1554 630 6.
1595 575 1728 644 εορ
1779 585 1868 642 et,

299 669 476 722 Amore
512 683 542 718 a
568 682 644 719 ine
686 681 866 720 sonum
894 666 1205 720 canticorum
1256 677 1493 734 tuorum;
1532 677 1578 722 et
1608 671 1860 736 psalmum

297 761 733 811 instrumentorum
782 764 987 810 tuorum
1033 773 1134 811 non
1162 757 1372 811 audiam
1397 757 1600 831 (Amos.
1639 760 1693 814 5.
1732 759 1868 829 23):

299 854 387 912 sed
437 870 536 926 pro
577 854 663 909 his
712 852 1120 910 liscricordiam
1165 855 1280 909 uolo
1321 863 1370 910 et
1415 870 1517 909 non
1565 854 1875 922 sacriﬁcium

299 948 444 1016 (ονε
484 950 539 1003 6.
570 948 651 1015 6).

364 1039 502 1094 Deus
524 1037 828 1110 quibusnam
855 1038 1120 1107 sacriﬁciis
1137 1039 1388 1108 placatur.
1407 1069 1478 1082 -—
1501 1038 1660 1094 Vides
1681 1038 1877 1110 quibus

297 1130 568 1186 sacriﬁciis
617 1131 860 1200 placatur
893 1131 1076 1185 Deus?
1119 1131 1270 1185 vides
1309 1140 1362 1185 et
1387 1130 1570 1185 multis
1587 1131 1697 1199 jam
1727 1139 1876 1185 retro

297 1223 500 1284 smcnlis
526 1223 619 1277 illa
651 1222 866 1291 quidem
889 1223 1208 1286 excessisse,
1243 1223 1357 1275 hanc
1387 1236 1514 1277 vero
1540 1236 1725 1276 eorum
1756 1223 1874 1276 loco

298 1313 554 1370 Subitsse?
612 1310 741 1370 [hec
789 1315 949 1384 igitur
989 1312 1294 1367 aderamus.
1345 1312 1474 1367 Nam
1523 1313 1611 1366 illa
1657 1313 1873 1383 quidem

296 1414 416 1461 sunt
447 1405 754 1459 divitiarum
802 1414 857 1460 et
897 1421 1083 1459 eorum
1115 1405 1202 1473 qui
1244 1403 1478 1469 habent;
1531 1404 1647 1459 ha:c
1692 1415 1874 1458 autem

297 1497 500 1551 virtutis
529 1514 546 1561 ;
579 1496 668 1550 illa
697 1505 824 1552 sunt
845 1495 1182 1549 extrinsecus
1205 1536 1219 1557 ,
1255 1495 1353 1548 ista
1386 1495 1712 1549 intrinsecus
1737 1511 1752 1559 ;
1784 1494 1874 1550 illa

296 1589 375 1644 vel
419 1587 648 1658 quilibet
695 1586 910 1657 operari
964 1587 1238 1656 potuerit,
1293 1587 1407 1639 haec
1454 1595 1636 1641 autent
1695 1587 1869 1654 pauci.

293 1683 496 1748 Quanto
529 1679 682 1735 etiim
729 1694 830 1734 ove
861 1679 1022 1732 homo
1065 1687 1150 1732 est
1192 1679 1384 1733 melior
1412 1688 1467 1734 et
1512 1682 1872 1748 prmstantior,

295 1782 433 1825 tanto
463 1769 572 1825 hoc
621 1772 715 1825 illo
743 1770 1062 1825 sacriﬁcium
1099 1788 1110 1824 :
1146 1770 1232 1824 hic
1261 1771 1404 1824 enim
1447 1772 1680 1825 animam
1729 1781 1872 1830 tuam

291 1866 441 1916 alii-rs
483 1863 743 1917 hostiam.
797 1862 936 1918 Sunt
990 1873 1168 1917 autem
1208 1862 1328 1916 alia:
1374 1878 1589 1932 quoque
1645 1862 1867 1935 hostia!"

289 1971 404 2010 vere
436 1955 758 2008 holocausta
781 1995 797 2021 ,
853 1969 1045 2024 nempe
1069 1962 1376 2009 sanctorum
1409 1964 1709 2025 martyrum
1749 1971 1872 2010 cor-

291 2063 409 2118 pora
440 2064 457 2102 :
489 2046 606 2100 illic
647 2055 832 2100 sancta
863 2055 918 2100 et
943 2045 1120 2099 anima
1148 2054 1203 2099 ct
1230 2060 1424 2115 corpus
1462 2064 1474 2100 :
1509 2046 1595 2098 illa
1624 2061 1876 2115 maguum

291 2141 480 2197 habent
525 2139 760 2195 odorem
794 2138 1192 2192 suaveolentiaz.
1237 2135 1394 2192 Potes
1441 2147 1494 2192 tu
1546 2153 1796 2206 quoque,
1828 2138 1875 2193 si

289 2232 448 2298 velis,
484 2230 602 2289 tale
651 2230 846 2288 oll'erre
876 2229 1220 2284 sacrificium.
1272 2230 1408 2298 Quid
1451 2231 1590 2284 enim
1620 2272 1633 2294 ,
1678 2233 1722 2284 si
1754 2232 1875 2301 igne
1918 2272 1932 2284 .

281 2339 469 2393 corpus
510 2338 628 2379 non
665 2323 1080 2377 combusseris?
1133 2321 1228 2375 sed
1269 2332 1422 2390 potcs
1457 2323 1562 2376 alio
1591 2323 1743 2386 igne;
1793 2332 1875 2376 ut-

282 2426 399 2487 pnta
442 2416 575 2485 igne
620 2415 955 2485 paupertatis
996 2413 1342 2478 voluntariae,
1398 2413 1516 2482 igne
1547 2415 1870 2469 afflictionis.

289 2505 473 2562 Licere
518 2506 675 2562 enim
727 2506 954 2559 delicate
999 2505 1248 2574 lauteque
1305 2514 1356 2558 ct
1396 2505 1671 2573 Splendida
1712 2507 1872 2559 vitam

279 2615 471 2669 agere;
506 2597 843 2652 laboriosam
873 2604 1050 2650 autem
1082 2605 1137 2651 et
1177 2597 1425 2650 acerbam
1459 2597 1618 2650 vitam
1648 2597 1870 2666 eligere,

276 2700 329 2744 et
365 2705 572 2759 corpus
607 2697 778 2742 morte
825 2687 1042 2742 afﬁcere
1075 2705 1087 2740 :
1125 2702 1302 2741 annon
1345 2697 1427 2742 est
1473 2687 1672 2741 oblatio
1722 2687 1870 2741 holo-

275 2781 483 2835 causti?
528 2780 749 2849 Corpus
781 2788 926 2833 tuum
983 2789 1155 2832 unirte
1183 2777 1340 2832 attice
1390 2787 1445 2832 ct
1489 2781 1772 2850 crucilige,
1819 2789 1874 2834 et

279 2874 392 2951 ipse
415 2888 645 2944 quoque
685 2871 918 2940 accipies
948 2884 1204 2926 coronam
1249 2869 1406 2940 hujus
1438 2872 1707 2942 martyrii.
1742 2871 1872 2926 Nam

275 2964 412 3036 quod
462 2963 583 3019 illic
630 2973 884 3034 operatur
914 2963 1088 3028 ensis,
1131 2961 1232 3017 hoc
1281 2962 1369 3016 hic
1416 2963 1576 3016 faciat
1623 2973 1869 3032 prompta

274 3037 434 3111 animi
482 3057 770 3110 alacritas.
819 3051 935 3109 Non
1015 3063 1170 3118 urat,
1222 3070 1392 3122 neque
1439 3054 1676 3109 detmeat
1722 3071 1874 3110 amor

275 3148 518 3219 pectinia:
540 3190 558 3213 ,
618 3147 711 3201 sed
741 3154 925 3200 uratur
953 3157 1008 3201 et
1055 3145 1425 3217 exstinguatur
1475 3146 1585 3215 ipsa
1621 3148 1789 3216 turpis
1820 3157 1875 3202 et

277 3241 477 3298 nefaria
537 3238 816 3308 cupiditas
870 3238 990 3307 igne
1023 3236 1284 3307 Spiritus,
1343 3238 1658 3292 Concidatur
1689 3239 1869 3308 gladio

271 3331 521 3400 Spiritus.
559 3330 682 3384 Hoc
705 3337 789 3384 est
817 3329 1094 3398 pulchrum
1125 3328 1446 3384 sacriﬁcium
1470 3371 1483 3395 ,
1513 3331 1655 3398 quod
1683 3347 1870 3386 sacer-

270 3424 390 3479 dote
412 3438 559 3494 opus
619 3438 727 3476 non
770 3421 966 3488 habet,
1020 3422 1112 3476 sed
1144 3422 1260 3490 ipso
1306 3432 1509 3475 tantum
1557 3421 1865 3478 offerente:

271 3517 413 3589 quod
489 3516 712 3571 inferne
766 3513 980 3585 quidem
1042 3515 1342 3584 peragitur,
1399 3530 1632 3583 superne
1684 3525 1864 3571 autem

270 3611 557 3664 confestim
622 3607 888 3663 ascendit.
934 3607 1121 3662 Nonne
1169 3606 1501 3660 admiramur
1545 3607 1688 3674 quod
1737 3608 1867 3662 olim

273 3692 402 3762 ignis
451 3691 805 3747 descendens
848 3693 1027 3747 omnia
1058 3693 1461 3748 consumebat?
1515 3692 1698 3748 i'otest
1752 3691 1875 3750 fieri

273 3792 325 3837 ut
368 3783 508 3853 ignis
542 3797 773 3853 quoque
821 3798 963 3838 nunc
1010 3783 1302 3837 descendat
1353 3783 1446 3837 illo
1501 3783 1656 3852 [euge
1697 3782 1872 3836 admi-

273 3876 506 3938 rabilior,
564 3885 627 3930 et
677 3875 855 3929 omnia
890 3891 1010 3944 quae
1056 3886 1180 3929 sunt
1236 3877 1506 3946 proposita
1551 3885 1870 3934 consmnat:

274 3967 376 4020 imo
408 3983 547 4022 vere
603 3981 713 4020 non
755 3976 1074 4032 consumat,
1105 3967 1200 4021 sed
1233 3970 1411 4022 onmia
1461 3969 1509 4020 in
1542 3970 1730 4021 Caelum
1762 3967 1867 4022 tol-

276 4057 344 4114 lat
369 4076 383 4114 :
410 4075 523 4111 non
559 4058 764 4125 redivit
791 4058 876 4111 illa
901 4059 952 4112 in
979 4059 1240 4124 cinerem,
1273 4059 1368 4114 scd
1402 4060 1510 4113 Deo
1530 4061 1687 4114 offert
1710 4060 1870 4116 dona.

342 4148 719 4208 Misericordia
761 4167 883 4222 erga
909 4168 1157 4221 pauperes
1184 4154 1586 4207 commendatur.
1617 4183 1688 4193 —
1712 4153 1872 4208 Tales

276 4253 422 4300 erant
450 4243 706 4298 Cornelii
738 4243 1044 4298 oblationes
1075 4263 1088 4296 :
1135 4244 1404 4299 Orationes
1449 4246 1626 4310 enim,
1670 4246 1871 4314 inquit,

277 4348 370 4391 tua:
412 4348 461 4390 et
491 4339 840 4408 cleemosyna:
880 4338 1213 4392 ascenderunt
1255 4344 1307 4392 in
1334 4340 1627 4393 memoriam
1669 4342 1720 4392 in
1750 4357 1867 4392 con-

276 4438 443 4493 spectu
466 4426 572 4482 Dei
591 4426 731 4500 (Act.
754 4427 842 4483 10.
863 4429 940 4498 4).
961 4429 1122 4486 Vides
1143 4432 1396 4501 optimam
1421 4432 1874 4501 ('Onjugationctn?

276 4518 420 4575 Tunc
440 4520 726 4585 audimur,
758 4519 974 4590 quando
997 4522 1095 4592 ipsi
1118 4539 1329 4592 quoque
1351 4523 1595 4578 audimus
1616 4525 1874 4578 acceden-

279 4618 353 4664 tes
367 4627 664 4682 pauperes.
686 4612 787 4681 Qui
808 4613 1042 4680 obstruit,
1066 4616 1257 4685 inquit,
1285 4633 1435 4670 aures
1464 4633 1583 4670 suas
1605 4634 1666 4670 ne
1694 4617 1875 4670 audiat

280 4721 578 4773 pauperem,
632 4724 803 4776 preces
823 4711 934 4778 ejus
962 4725 1062 4762 non
1108 4711 1341 4762 exaudiet
1373 4709 1508 4763 Deus
1547 4709 1730 4778 (Prov.
1778 4710 1870 4765 2f.

281 4796 389 4864 l3).
419 4797 620 4852 Beatus
645 4801 730 4869 qui
758 4800 994 4870 intelligit
1022 4817 1176 4868 super
1203 4817 1413 4869 egenum
1459 4811 1505 4852 et
1551 4817 1822 4870 pauperem
1856 4817 1872 4854 :

281 4887 331 4941 in
372 4889 458 4942 die
477 4889 628 4942 mala
654 4889 882 4944 liberabit
907 4907 1022 4944 eum
1050 4889 1298 4946 Dominus
1324 4890 1495 4962 (Psal.
1526 4891 1614 4946 40.
1647 4893 1723 4962 2).
1751 4892 1865 4946 Non

280 4987 456 5033 autem
489 4981 638 5036 alius
656 4981 771 5036 dies
797 4981 1003 5047 malus,
1044 4984 1148 5037 nisi
1176 4983 1265 5037 ille
1307 4983 1421 5038 dies
1474 4985 1870 5053 peccatoribus.

280 5069 414 5133 Quid
449 5080 582 5137 est,
633 5073 733 5139 Qui
755 5072 1036 5144 intelligit?
1077 5073 1177 5141 Qui
1218 5083 1400 5128 mente
1437 5083 1613 5130 versat
1636 5075 1761 5144 quid
1805 5076 1874 5128 sit

285 5174 507 5230 pauper,
558 5165 649 5230 qui
694 5165 812 5233 ejus
857 5163 1017 5218 discit
1038 5164 1380 5220 afﬂictionem
1421 5181 1588 5219 :uam
1620 5165 1708 5235 qui
1752 5166 1868 5234 ejus

288 5256 463 5313 didicit
493 5257 866 5328 afﬂictionem,
918 5261 1139 5314 omnino
1169 5260 1285 5328 ejus
1319 5260 1677 5315 miserebitur.
1709 5261 1763 5314 Si
1795 5261 1874 5311 vi-

289 5349 425 5404 deris
451 5366 771 5420 pauperem,
821 5367 888 5405 ne
920 5361 1303 5420 ltra‘tercurras
1325 5395 1338 5416 ,
1369 5351 1460 5406 sed
1490 5352 1670 5404 statim
1703 5352 1875 5418 cogita

290 5442 532 5510 quisnam
558 5457 733 5508 esses,
757 5445 800 5497 si
825 5454 880 5496 tu
900 5443 987 5497 ille
1004 5458 1156 5498 esses
1175 5459 1187 5494 :
1207 5443 1330 5513 quid
1363 5459 1465 5496 non
1488 5443 1655 5496 velles
1680 5457 1869 5496 oniucs

294 5529 502 5586 facere?
530 5533 637 5599 Qui
663 5530 935 5603 intelligit,
981 5533 1171 5601 inquit.
1217 5535 1400 5603 Cogita
1431 5532 1571 5602 quod
1620 5542 1700 5586 cst
1727 5547 1877 5600 atque

298 5619 429 5675 iiber
476 5633 645 5690 atque
671 5636 722 5677 tu
747 5667 760 5687 ,
810 5634 865 5677 et
903 5635 983 5678 est
1011 5625 1251 5692 ejusdem
1281 5625 1435 5693 cujus
1480 5635 1532 5676 tu
1560 5624 1874 5685 nobilitatis,

300 5722 350 5767 et
372 5717 550 5770 omina
572 5724 745 5771 tecum
778 5715 1012 5785 possidet
1040 5717 1341 5771 ccutumnia
1377 5735 1388 5771 :
1427 5726 1476 5771 et
1508 5732 1647 5785 sepe
1691 5731 1754 5773 ne
1785 5729 1874 5785 pa-

1975 412 2088 451 rem
2135 393 2352 464 quidem
2407 396 2538 448 facis
2596 392 2702 448 tuis
2747 392 3012 457 canibus;
3070 391 3167 447 sed
3217 389 3291 445 illi
3339 390 3556 460 quidem

1977 488 2275 549 satiantur,
2323 485 2409 538 hic
2451 496 2628 539 autem
2675 499 2819 552 stupe
2844 483 3042 537 dormit
3081 483 3358 544 esuriens;
3389 491 3444 536 et
3470 481 3561 551 qui

1973 588 2055 631 est
2089 578 2242 641 liber,
2291 592 2436 646 stepe
2468 577 2575 630 tuis
2601 577 2773 631 servis
2804 575 2975 630 factus
3006 585 3090 631 est
3143 576 3301 628 vilior
3329 585 3384 630 et
3413 573 3562 642 abje-

1973 672 2130 726 etior.
2177 673 2242 723 At
2269 669 2344 723 illi
2377 669 2533 724 nobis
2561 679 2819 740 przestant
2848 684 3065 736 Operam
3091 708 3108 734 ,
3138 668 3365 736 inquies.
3412 667 3563 734 Quat-

1977 779 2097 816 nam
2130 778 2191 816 ea
2232 761 2360 815 cst?
2393 761 2529 816 bene
2561 762 2652 814 tibi
2682 762 2965 815 serviunt?
3006 760 3143 829 Quid
3171 761 3321 816 dices
3343 800 3359 823 ,
3389 760 3434 813 si
3465 759 3562 814 tibi

1974 854 2262 909 ostendero
2303 853 2447 908 hunc
2495 853 2652 922 longe
2700 853 2960 921 majorem
3001 853 3095 907 tibi
3127 863 3383 923 prmsmre
3428 865 3560 920 opes

1976 963 2090 1002 ram
2115 988 2131 1013 ,
2175 963 2334 1018 quam
2362 947 2480 1001 illos
2511 945 2534 999 ?
2578 947 2670 1000 tibi
2699 945 2841 1000 enim
2873 945 3046 999 aderit
3076 946 3130 998 in
3156 945 3245 998 die
3269 943 3481 1015 judicii,
3509 951 3564 997 et

1975 1049 2031 1096 te
2060 1042 2130 1094 ab
2161 1041 2282 1111 igne
2306 1039 2518 1108 eripiet.
2550 1039 2688 1105 Quid
2718 1037 2985 1106 ejusmodi
3017 1037 3109 1090 tibi
3139 1036 3342 1091 faciunt
3369 1051 3560 1090 names

1977 1132 2162 1185 servi?
2206 1131 2429 1199 Quando
2459 1142 2664 1185 mortua
2704 1137 2788 1184 est
2833 1127 3060 1182 Tabitha
3107 1127 3242 1196 (Act.
3277 1125 3392 1194 10),
3431 1125 3553 1193 quis

1974 1235 2091 1275 eam
2131 1217 2442 1274 suscitavit?
2470 1221 2608 1276 servi
2634 1219 3092 1274 circumsistentes
3116 1257 3132 1279 ,
3173 1232 3244 1270 an
3271 1214 3552 1270 mendici?

1974 1311 2052 1366 Tn
2083 1323 2260 1365 autem
2291 1327 2357 1366 ne
2380 1311 2604 1368 liberum
2625 1311 2838 1379 quidem
2859 1311 2938 1363 vis
2961 1323 3118 1364 servo
3142 1322 3329 1378 parem
3353 1307 3536 1360 facere

1977 1401 2068 1456 Est
2095 1413 2342 1470 maguum
2373 1400 2541 1471 frigus
2566 1412 2620 1456 et
2646 1401 2787 1470 jacet
2818 1414 3021 1476 pauper
3053 1412 3347 1466 pannosus,
3371 1411 3546 1448 emor-

1977 1501 2118 1553 tuus.
2151 1491 2384 1547 stridens
2408 1493 2659 1546 dentibus
2680 1530 2696 1558 ,
2746 1502 2800 1545 et
2827 1491 2917 1560 qui
2943 1497 3164 1558 aspectu
3205 1499 3255 1542 ct
3287 1487 3468 1538 habitu
3499 1494 3552 1540 te

1978 1592 2153 1653 potest
2176 1598 2520 1638 commovere
2553 1601 2570 1638 :
2615 1595 2671 1637 ιιι
2702 1592 2880 1636 autem
2908 1580 3093 1635 calens
3112 1588 3168 1633 et
3196 1578 3379 1633 ebrius
3409 1592 3548 1644 prm-

1975 1675 2101 1729 teris
2125 1691 2140 1728 :
2173 1683 2226 1728 et
2253 1673 2525 1744 quomodo
2553 1673 2633 1727 vis
2659 1683 2715 1726 ut
2745 1673 2884 1726 Deus
2909 1681 2960 1726 te
2984 1671 3206 1740 eripiat,
3246 1666 3460 1738 quando
3489 1682 3551 1720 es

1978 1764 2031 1818 iu
2055 1765 2400 1820 calamitate?
2422 1763 2579 1833 Saepe
2606 1772 2781 1818 autem
2803 1761 2903 1816 hoc
2927 1776 3140 1830 quoque
3166 1761 3331 1814 dicis:
3367 1757 3478 1828 Ego
3504 1757 3549 1810 si

1973 1870 2176 1917 essem.
2221 1865 2276 1910 et
2326 1855 2489 1909 multa
2523 1863 2830 1923 peccantem
2880 1853 3109 1920 aliquem
3167 1849 3493 1917 accepissem
3529 1888 3546 1911 ,

1975 1963 2096 2004 eum
2114 1947 2459 2010 dimisissem,
2481 1955 2535 2000 et
2554 1945 2691 1999 Deus
2710 1959 2813 1998 non
2831 1941 3083 1996 dimittit?
3100 1940 3174 1995 Ne
3195 1941 3294 1994 hoc
3312 1939 3546 1992 dixeris:

1977 2048 2030 2093 tu
2069 2037 2212 2093 enim
2239 2051 2361 2090 eum
2418 2037 2508 2106 qui
2555 2036 2607 2088 in
2639 2043 2690 2089 te
2717 2033 2847 2087 nihil
2885 2032 3154 2101 peccavit,
3197 2045 3354 2099 quem
3401 2039 3552 2097 potes

1977 2129 2236 2192 liberare,
2265 2126 2518 2197 despicis.
2565 2127 2620 2183 Si
2673 2127 2832 2181 talem
2884 2135 2938 2178 tu
2968 2125 3230 2192 despicis,
3280 2121 3552 2192 quomodo

1977 2219 2116 2274 Deus
2133 2229 2184 2272 te
2199 2218 2288 2288 qui
2313 2220 2364 2272 in
2393 2219 2563 2288 ipsum
2589 2231 2776 2284 peccas
2800 2215 3037 2268 dimittet
3056 2217 3080 2266 ‘t
3099 2229 3277 2268 annon
3298 2215 3409 2266 hzec
3447 2227 3553 2266 me-

1975 2319 2158 2364 rentur
2172 2309 2509 2379 gehennam?
2538 2309 2602 2363 Et
2621 2307 2745 2378 quid
2772 2306 3005 2361 mirtnn?
3027 2321 3222 2374 corpus
3248 2319 3389 2373 saepe
3414 2319 3551 2357 mor-

1980 2411 2158 2464 tuum,
2183 2401 2331 2455 nullo
2356 2415 2515 2456 sensu
2555 2400 2854 2470 praeditum,
2888 2397 3145 2452 honorem
3167 2413 3269 2451 non
3311 2397 3545 2464 amplius

1972 2493 2232 2559 sentiens,
2258 2490 2733 2546 innumerabilibus
2749 2488 2910 2543 variis
2929 2499 2982 2544 et
3004 2488 3184 2542 aureis
3203 2502 3364 2541 ornas
3381 2486 3550 2539 vesti-

1972 2582 2068 2636 bus
2090 2603 2101 2637 :
2124 2583 2248 2636 illud
2271 2593 2448 2636 autem
2477 2581 2617 2651 quod
2645 2580 2812 2647 dolet,
2836 2581 3100 2635 laceratur
3121 2589 3174 2632 et
3201 2587 3479 2647 torquetur
3496 2589 3552 2632 et

1969 2686 1996 2724 a
2028 2672 2165 2726 fame
2189 2681 2242 2726 et
2273 2671 2476 2741 frigore
2503 2672 2795 2737 cruciatur,
2828 2671 3080 2740 despicis,
3108 2677 3163 2724 et
3189 2670 3331 2722 inani
3361 2670 3547 2739 gloria:

1971 2764 2089 2832 plus
2142 2763 2355 2834 largiris
2384 2779 2544 2831 quam
2597 2763 2688 2816 Dei
2733 2761 2934 2816 timori.
2982 2763 3158 2828 Atque
3188 2759 3392 2813 utinam
3424 2760 3548 2813 hac-

1971 2863 2125 2907 tenus
2149 2870 2164 2918 ;
2195 2853 2290 2908 sed
2309 2853 2555 2923 protinus
2582 2854 2928 2907 accedentem
2953 2866 3176 2905 accusas
3199 2869 3213 2904 :
3243 2851 3353 2905 Cur
3378 2852 3547 2915 enim,

1974 2944 2171 3016 inquis,
2227 2960 2332 2999 non
2360 2944 2655 3014 operetur?
2702 2959 2798 2996 cur
2826 2957 2955 2996 vero
2999 2943 3202 2995 otiosus
3231 2942 3425 2995 alitur?
3458 2942 3550 2995 Die

1973 3037 2102 3090 mihi
2134 3055 2148 3090 :
2177 3045 2230 3090 tu
2258 3045 2434 3090 autem
2453 3049 2752 3105 operansne
2773 3035 2942 3089 habes
2971 3049 3091 3104 quae
3115 3033 3300 3099 habes,
3322 3049 3427 3087 non
3455 3051 3552 3087 au-

1972 3135 2079 3182 tcm
2104 3137 2321 3197 accepta
2343 3127 2638 3181 hereditate
2666 3137 2880 3195 paterna
2899 3124 3086 3192 ‘lQuod
3106 3125 3150 3178 si
3174 3126 3333 3178 etiam
3355 3141 3516 3194 opera
3529 3155 3549 3165 -

1973 3219 2049 3274 ris
2075 3259 2090 3284 ,
2146 3229 2428 3288 propterea
2481 3219 2573 3274 alii
2601 3217 2937 3287 exprobras?
2989 3232 3096 3270 non
3143 3216 3298 3270 audis
3329 3217 3550 3270 Paulum

1971 3309 2282 3364 dicentem?
2311 3309 2598 3378 Postquam
2645 3310 2787 3362 enim
2829 3307 2997 3372 dixit,
3036 3307 3136 3374 Qui
3176 3325 3276 3360 non
3308 3321 3553 3374 operatur

1973 3417 2062 3455 nec
2083 3403 2390 3468 manducet,
2418 3402 2546 3455 dicit
2581 3419 2595 3456 :
2635 3398 2732 3454 Vos
2766 3409 2932 3453 autent
2961 3400 3145 3453 bonum
3176 3402 3417 3469 facientes
3451 3419 3552 3453 nou

1973 3495 2220 3562 deﬁciatis
2281 3494 2374 3564 (2.
2426 3492 2604 3547 Thess.
2651 3493 2708 3549 5.
2755 3491 2842 3546 ιο.
2895 3489 3026 3561 15).
3084 3491 3190 3546 Sed
3243 3491 3418 3558 dicis,
3463 3493 3554 3548 Est

1976 3588 2256 3656 impostor.

2043 3701 2075 3755 4
2124 3699 2254 3762 Quid
2286 3709 2340 3752 tu
2365 3699 2518 3761 dicis,
2549 3714 2582 3747 o
2609 3697 2768 3750 homo
2783 3696 2805 3748 ?
2839 3706 3056 3764 propter
3085 3709 3247 3749 unum
3279 3710 3468 3764 panem
3496 3708 3551 3752 et

1971 3799 2171 3843 vestem
2203 3805 2323 3843 eum
2351 3789 2589 3857 appellas
2615 3787 3008 3856 impostorcm?
3041 3789 3107 3839 At
3129 3789 3309 3839 Statim
3345 3788 3394 3840 id
3421 3803 3517 3842 ven
3536 3821 3549 3829 -

1971 3880 2085 3943 dit,
2113 3879 2300 3948 inquit.
2329 3879 2408 3932 Tu
2439 3889 2616 3930 autem
2651 3877 2827 3929 omnia
2873 3887 2958 3929 tua
2994 3885 3140 3930 recte
3164 3876 3552 3930 administras?

1973 3959 2108 4026 Quid
2138 3973 2266 4012 vero
2285 3959 2310 4010 ?
2337 3973 2598 4012 omnesne
2643 3966 2766 4010 sunt
2792 3971 3052 4023 pauperes
3097 3964 3314 4022 propter
3342 3955 3510 4005 otium
3532 3954 3555 4003 t

1973 4066 2132 4107 nemo
2162 4059 2381 4120 propter
2407 4049 2739 4118 naufragium
2763 4049 2786 4100 εδ
2815 4063 2974 4101 neuio
3000 4055 3220 4117 propter
3245 4045 3505 4113 judicium
3530 4043 3579 4096 ἓ·

1973 4159 2132 4198 nemo
2161 4151 2377 4213 propter
2405 4140 2646 4195 furtum?
2672 4155 2829 4194 nemo
2847 4149 3066 4208 propter
3091 4136 3371 4208 pericula?
3395 4149 3555 4187 nemo

1974 4244 2194 4304 propter
2225 4233 2440 4286 morbos
2464 4232 2484 4284 ἲ
2528 4245 2687 4284 nemo
2715 4238 2933 4298 propter
2961 4228 3124 4281 alium
3154 4227 3378 4280 casum?
3405 4223 3511 4277 Sed
3535 4264 3551 4284 ,

1972 4324 2016 4377 si
2061 4323 2386 4377 audierimus
2437 4322 2668 4390 aliquem
2701 4321 2815 4373 tunc
2863 4319 3269 4387 deplorantem,
3300 4326 3354 4370 ct
3398 4315 3554 4370 valde

1972 4414 2349 4468 vociferantem
2376 4455 2390 4475 ,
2420 4424 2475 4468 et
2525 4412 2723 4465 nudum
2755 4413 2805 4464 in
2835 4410 3026 4465 caelum
3052 4411 3472 4477 suspicientem,
3499 4414 3554 4461 et

1975 4506 2289 4574 promissam
2307 4520 2513 4558 comam
2535 4505 2789 4563 alentem,
2814 4513 2866 4556 et
2893 4502 3346 4572 pannisobsitum,
3375 4499 3554 4552 statim

1974 4612 2094 4650 eum
2115 4597 2476 4666 impostorem,
2493 4596 2706 4666 planum
2727 4604 2780 4650 et
2802 4594 3166 4647 simulatorem
3194 4590 3549 4660 appellamus.

1975 4690 2089 4745 Non
2141 4700 2190 4744 te
2239 4689 2436 4759 pudet?
2469 4705 2753 4756 quemnam
2797 4702 2956 4740 vocas
3006 4683 3387 4755 impostorem?
3414 4682 3556 4737 Nihil

1973 4781 2191 4836 dederis
2213 4822 2225 4843 ,
2249 4791 2304 4835 ct
2349 4797 2416 4834 ne
2441 4796 2563 4835 eum
2609 4793 2851 4834 accuses.
2883 4777 2989 4833 Scd
3044 4777 3202 4830 habet
3225 4818 3238 4838 ,
3271 4775 3472 4844 inquit,
3501 4785 3557 4830 et

1975 4874 2208 4927 simulat.
2245 4871 2356 4926 Hoc
2384 4881 2466 4926 est
2497 4872 2610 4934 tui,
2644 4887 2750 4926 non
2791 4870 2932 4923 illius
2975 4869 3249 4922 accusatio
3280 4885 3292 4919 :
3320 4867 3423 4920 scit
3449 4867 3550 4919 sibi

1976 4980 2089 5018 rem
2119 4979 2240 5017 esse
2281 4977 2404 5016 cum
2453 4961 2792 5026 crudelibus,
2823 4974 2947 5014 cum
2978 4957 3170 5012 helluis
3198 4957 3365 5026 magis
3391 4973 3548 5025 quam

1975 5071 2096 5110 cum
2146 5054 2449 5108 hominibus
2468 5092 2485 5119 ,
2515 5063 2567 5108 et
2595 5052 2736 5123 quod
2764 5051 2972 5106 etiamsi
3025 5052 3245 5103 verbum
3276 5048 3557 5115 eloquatur

1976 5147 2284 5202 miserabile
2303 5187 2317 5211 ,
2351 5147 2622 5200 neminem
2658 5145 2852 5214 poterit
2899 5142 3169 5196 attrahere
3195 5159 3207 5194 :
3237 5150 3292 5194 et
3319 5140 3438 5194 ideo
3467 5156 3558 5192 ne-

1976 5253 2129 5292 cesse
2156 5237 2316 5290 habet
2343 5252 2401 5290 se
2429 5237 2800 5295 miscrabiliori
2832 5233 3015 5288 habitu
3047 5233 3289 5294 induere,
3322 5241 3378 5285 ut
3409 5241 3555 5284 tuum

1975 5330 2185 5397 frangat
2211 5329 2470 5381 animum.
2496 5328 2552 5381 Si
2582 5326 2870 5380 viderimus
2913 5323 3216 5391 quempiam
3259 5325 3310 5375 In
3354 5322 3558 5376 liberali

1978 5421 2158 5474 habitu
2189 5419 2568 5482 accedentem;
2599 5415 2724 5481 Iste,
2755 5417 2946 5484 inquit,
2981 5424 3065 5468 est
3096 5416 3387 5482 impostor,
3419 5424 3472 5466 ct
3503 5425 3561 5467 ut

1978 5514 2218 5568 videatur
2245 5513 2469 5565 honesto
2497 5511 2615 5564 loco
2642 5526 2761 5564 csse
2811 5519 2995 5571 natus,
3030 5509 3098 5559 ita
3130 5507 3334 5559 accedit
3363 5523 3376 5556 :
3408 5508 3451 5558 si
3481 5508 3560 5558 vi-

1979 5609 2060 5661 det
2079 5608 2214 5660 imus
2243 5606 2294 5658 in
2325 5605 2507 5657 habitu
2525 5605 2817 5663 contrario,
2838 5616 2959 5653 eum
2988 5600 3149 5653 etiam
3181 5599 3558 5665 vituperamus.

1980 5699 2112 5767 Quid
2135 5699 2242 5768 jam
2279 5696 2516 5751 facient?
2546 5695 2588 5750 Ο
2639 5692 2931 5750 svitiam!
2978 5708 3009 5747 ο
3043 5691 3425 5746 indolentiam!
3456 5691 3560 5745 Car
