3980 6142
419 222 488 277 95

417 334 680 399 t‘nembra,
714 333 881 404 inquit
910 376 924 401 ,
970 336 1218 404 aperiunt
1267 338 1546 393 mutilata?
1569 339 1796 413 Propter
1828 357 1877 400 te
1908 367 1920 400 :
1953 351 1997 405 si

416 439 659 477 essemus
689 425 1086 492 misericordes,
1106 441 1213 478 non
1232 437 1373 482 esset
1391 429 1469 482 eis
1489 444 1625 499 opus
1653 431 1735 488 his
1761 436 1997 496 artibus;

416 514 461 566 sti
484 529 512 566 a
542 515 712 582 primo
728 528 942 568 accessu
968 516 1375 584 persuasissent,
1395 534 1500 572 non
1525 530 1631 575 tam
1646 524 1807 578 multa
1819 539 2001 585 essent

418 607 727 660 machinati.
759 606 890 674 Quis
905 619 984 661 est
1008 607 1146 662 adeo
1168 609 1352 674 miser,
1384 620 1441 665 ut
1461 621 1668 668 tantum
1699 616 1828 672 velit
1850 622 1995 676 voci-

416 696 597 759 ferari,
625 706 680 750 ut
705 712 762 750 se
784 697 909 751 velit
926 697 1179 752 indecore
1201 714 1411 769 gerere,
1438 712 1497 757 ut
1523 704 1647 758 velit
1666 707 1876 774 publice
1899 710 1993 764 de-

416 788 549 841 tlere
568 797 624 842 et
647 787 923 842 lamentari
938 804 1059 843 cum
1077 791 1215 845 nuda
1234 807 1426 862 uxore,
1443 810 1563 849 cum
1583 796 1704 853 ﬁliis
1719 806 1997 875 conspergi

415 877 636 933 cinere?
656 877 788 934 Haec
811 888 940 935 sunt
987 882 1176 951 quavis
1221 894 1534 956 paupertate
1560 887 1853 947 deteriora.
1890 896 1996 952 Sed

408 974 633 1039 propter
663 968 777 1024 haec
804 985 908 1026 nos
928 982 1040 1026 non
1067 973 1240 1027 solum
1278 990 1462 1030 eorum
1489 993 1597 1033 non
1625 982 1952 1041 miseremur
1978 1032 1993 1057 ,

411 1060 509 1117 sed
535 1061 695 1117 etiam
734 1074 831 1117 eos
874 1078 1207 1123 accusamus.
1237 1067 1303 1122 Et
1340 1070 1516 1126 adhuc
1557 1079 1998 1136 succensehimus

412 1153 558 1224 quod
585 1154 752 1209 Deum
771 1167 1022 1227 rogantes
1044 1174 1149 1214 non
1181 1161 1564 1219 exaudiamnr?
1586 1175 1640 1222 et
1657 1166 1832 1227 adhuc
1854 1187 1999 1243 aegre

413 1242 671 1309 feremus,
695 1246 835 1316 quod
862 1255 1078 1302 orantes
1097 1264 1201 1304 non
1245 1254 1702 1320 persuadeamus?
1724 1258 1841 1314 Non
1871 1242 1999 1318 hor-

408 1333 694 1398 nscimus,
722 1349 756 1387 ο
780 1333 1003 1391 dilecti?
1034 1336 1103 1390 At
1126 1349 1291 1406 sape,
1312 1338 1503 1408 inquit,
1531 1338 1679 1395 dedi.
1710 1341 1791 1396 To
1810 1352 1989 1398 autem

409 1435 516 1476 non
563 1438 777 1492 semper
800 1425 1079 1481 comedis?
1127 1442 1321 1497 pueros
1349 1438 1527 1485 atatem
1575 1446 1719 1502 saepe
1743 1443 1990 1502 petentes

408 1526 536 1566 num
567 1512 777 1581 abigis?
805 1513 851 1569 0
896 1516 1309 1586 impudentiam!
1342 1521 1636 1591 Pauperem
1682 1539 1844 1579 vocas
1891 1526 1990 1580 inp

409 1603 699 1672 pudentem
723 1606 746 1660 ?
770 1615 825 1662 et
855 1617 910 1662 tu
953 1610 1168 1678 quidem
1196 1612 1415 1681 rapiens
1444 1629 1550 1669 non
1579 1630 1637 1670 es
1666 1617 1987 1687 impudens:

408 1692 503 1749 ille
529 1705 707 1751 autem
738 1713 933 1767 rogans
960 1709 1016 1754 ut
1040 1701 1137 1756 des
1187 1718 1378 1772 panem
1409 1714 1492 1759 est
1525 1706 1842 1775 impudens?
1871 1708 1986 1764 Non

406 1786 608 1855 cogitas
636 1799 830 1858 quanta
859 1790 929 1843 sit
952 1792 1155 1846 ventris
1181 1795 1520 1850 necessitas?
1549 1810 1730 1851 annon
1771 1808 1993 1867 propter

407 1876 509 1931 hoc
521 1878 650 1933 facis
677 1880 887 1934 omnia?
903 1895 1080 1936 annon
1100 1893 1386 1953 propterea
1415 1886 1636 1956 negligis
1661 1888 1988 1957 spiritualia?

403 1983 581 2025 annon
606 1977 932 2042 propositum
960 1984 1043 2029 est
1071 1977 1260 2030 cmlum
1288 1988 1340 2031 et
1368 1990 1589 2048 regnum
1612 1980 1906 2035 cmlorum?
1932 1990 1988 2038 tu

404 2071 586 2117 autem
616 2063 758 2118 illius
800 2065 997 2120 timens
1047 2067 1386 2136 tyrannidem
1417 2069 1599 2124 omnia
1639 2071 1905 2138 sustines,
1933 2078 1988 2127 et

407 2168 513 2208 non
541 2154 818 2225 despicis?
844 2156 970 2211 llaec
1011 2167 1092 2213 est
1118 2157 1466 2226 impudentia.
1493 2159 1610 2213 Non
1651 2160 1802 2215 vides
1828 2176 1987 2217 senes

404 2258 622 2299 mancos
650 2255 703 2300 et
725 2247 984 2301 mutilos?
1014 2246 1142 2313 Sed,
1170 2264 1204 2302 ο
1230 2248 1479 2303 delirium
1504 2250 1518 2303 !
1541 2250 1662 2317 llic,
1697 2251 1885 2321 inquit,
1912 2260 1988 2309 tot

403 2349 594 2389 aureos
622 2334 713 2389 dat
743 2334 974 2399 faenori;
1009 2338 1103 2391 ille
1133 2348 1310 2392 autem
1346 2349 1442 2402 tot,
1466 2351 1522 2394 et
1544 2342 1829 2398 mendicat.
1856 2344 1987 2398 Par-

403 2440 592 2480 vorum
626 2444 911 2496 puerorum
946 2433 1175 2484 narratis
1223 2432 1460 2499 fabulas,
1496 2450 1769 2507 nnga~que
1804 2446 1859 2493 et
1885 2430 2009 2493 de"

405 2515 522 2569 liria
557 2535 570 2569 :
603 2532 727 2571 nam
771 2519 843 2572 illi
877 2520 1083 2575 fabulas
1116 2522 1250 2577 tales
1286 2538 1313 2576 a
1343 2526 1551 2580 nutrice
1590 2528 1831 2583 audiunt.
1864 2528 1997 2584 Non.

405 2605 509 2660 hoc
538 2620 848 2674 persuasum
881 2608 1075 2676 habeo,
1109 2627 1214 2666 non
1241 2613 1439 2679 credo,
1472 2615 1630 2669 absit.
1668 2617 1986 2674 Fwneratur

403 2696 639 2767 aliquis,
667 2708 722 2752 et
773 2715 894 2753 cum
952 2702 1190 2757 ahundet
1216 2705 1405 2773 opibus
1448 2709 1759 2764 mendicat?
1801 2726 1987 2780 quam-3

404 2786 616 2853 obrem,
634 2789 743 2855 die,
760 2792 979 2860 quaeso?
1002 2794 1128 2863 quid
1150 2805 1230 2849 est
1250 2798 1452 2866 tttrpius
1470 2814 1627 2868 quam
1644 2801 1984 2860 mendicare?

403 2878 571 2933 satius
600 2890 683 2935 est
706 2883 845 2936 mori
870 2924 885 2948 ,
913 2899 1074 2952 quam
1103 2886 1431 2942 mendicare.
1457 2889 1746 2960 Quousque
1784 2894 1984 2951 erimus

401 2973 527 3026 δευνί
552 2981 606 3027 ει
637 2974 951 3031 inhumani?
995 2976 1133 3043 Quid
1165 2994 1321 3044 vero,
1341 2997 1601 3039 omnesne
1625 2982 1978 3054 fmuerantur,

401 3074 660 3118 omnesne
698 3074 822 3119 sunt
880 3067 1244 3137 impostores?
1272 3085 1501 3127 nemone
1550 3089 1675 3129 vere
1722 3091 1925 3146 pauper
1955 3077 1983 3133 ἲ

400 3150 578 3214 Certe,
600 3154 789 3224 inquit,
807 3167 929 3212 sunt
948 3161 1129 3215 inulti.
1153 3162 1260 3217 Cur
1277 3178 1404 3233 ergo
1431 3165 1537 3220 illis
1554 3183 1658 3221 non
1678 3168 1783 3224 fers
1799 3185 1981 3241 opem,

400 3261 522 3300 eum
543 3248 617 3301 sis
644 3263 827 3302 eorum
851 3252 972 3305 vita:
998 3262 1217 3307 exactus
1236 3263 1288 3308 ει
1313 3267 1594 3312 accuratus
1615 3262 1982 3317 examinator?

402 3335 527 3389 llaec
551 3346 675 3390 sunt
702 3347 989 3407 pra-textus
1013 3352 1068 3397 et
1089 3344 1385 3398 excusatio.
1413 3344 1499 3398 Da
1521 3349 1657 3400 omm’
1683 3353 1908 3419 petenti;
1935 3359 1983 3407 et

400 3443 514 3479 eum
539 3469 553 3491 ,
586 3428 675 3497 qui
701 3429 816 3482 velit
844 3440 1019 3485 mutuo
1047 3433 1303 3503 accipere,
1337 3452 1400 3490 ne
1427 3440 1672 3493 averseris
1701 3456 1719 3495 :
1748 3443 1981 3499 extende

401 3531 615 3571 manum
647 3529 813 3586 tuam,
839 3538 906 3577 ne
932 3523 1000 3577 sit
1029 3533 1326 3580 contracta.
1356 3527 1470 3583 Non
1494 3546 1679 3586 sumus
1708 3535 1829 3588 vita:
1854 3551 1982 3591 exa-

402 3608 729 3675 minatores;
781 3612 973 3683 alioqui
1032 3615 1230 3669 nullius
1276 3617 1344 3671 ita
1392 3620 1784 3678 tniserehimur.
1829 3624 1972 3693 Cur,

396 3696 614 3764 quando
655 3700 819 3755 lienm
846 3718 1003 3769 rogas
1022 3743 1038 3768 ,
1060 3703 1236 3762 dicis;
1265 3705 1344 3762 Ne
1373 3710 1685 3766 memineris
1734 3726 1983 3782 peccato-

398 3790 524 3833 rum
550 3785 829 3839 meorum?
849 3784 1236 3858 Quamobrem,
1250 3792 1463 3851 etiamsi
1486 3795 1575 3851 ille
1592 3796 1663 3850 sit
1684 3794 1838 3852 valde
1860 3812 1983 3866 pec.

399 3879 572 3938 sator,
599 3874 702 3932 hoc
725 3877 779 3931 itt
807 3878 924 3947 ipso
947 3896 1166 3952 quoque
1188 3897 1396 3953 reputa,
1420 3894 1475 3940 et
1493 3889 1805 3943 memineris
1830 3890 1981 3948 illius

399 3975 774 4034 peccatorum.
812 3970 1168 4041 Benignitatis
1194 3985 1247 4029 et
1283 3978 1582 4033 clementiae
1612 3991 1700 4034 est
1737 3989 1972 4051 tempus,

402 4070 511 4111 non
531 4069 801 4115 accuratas
817 4070 869 4115 et
882 4072 1089 4118 exacta:
1105 4068 1542 4135 exatninationis;
1567 4071 1975 4137 misericordiae,

401 4162 511 4200 non
538 4150 995 4207 ratiocinationis.
1018 4152 1147 4207 Vult
1168 4157 1366 4211 nutriri
1391 4176 1405 4211 :
1429 4161 1473 4213 si
1498 4161 1579 4214 vis
1598 4162 1838 4229 quidem,
1871 4164 1975 4229 du;

400 4237 486 4294 sin
536 4239 743 4307 minus,
773 4244 1025 4310 etuianda,
1059 4247 1192 4303 nihil
1225 4248 1558 4318 disceptans.
1585 4249 1768 4318 Quare
1809 4255 1974 4309 miser

360 4367 364 4371 ί
398 4345 463 4386 es
495 4339 549 4385 et
585 4331 809 4389 infelix?
844 4332 1027 4401 Quale
1058 4352 1159 4393 nec
1190 4341 1304 4409 ipse
1332 4342 1639 4410 misereris,
1671 4353 1725 4399 et
1751 4359 1846 4401 eos
1877 4347 1973 4416 qui

400 4423 591 4476 rohmt
622 4427 867 4482 avertis?
891 4426 1027 4482 Nam
1065 4433 1287 4500 quando
1328 4433 1415 4489 hic
1454 4436 1532 4490 vel
1586 4436 1678 4490 ille
1708 4452 1738 4490 a
1786 4448 1837 4491 te
1870 4454 1974 4492 au-

398 4511 564 4566 dierit
594 4516 738 4585 quod
767 4517 869 4575 iste
896 4520 1114 4585 quidem
1154 4534 1237 4578 est
1271 4525 1546 4595 deceptor,
1579 4525 1671 4579 ille
1704 4541 1836 4581 vero
1869 4529 1975 4596 hy:

392 4620 539 4633 ...-

544 4620 776 4632 ς--α

1075 229 1133 286 8.
1172 231 1445 294 JOANNIS
1480 241 1953 301 CIIRYSOSTOMI
1991 243 2304 313 ARCHIEP.
2344 253 2870 318 CONSTANTINOP.

3587 289 3662 343 {Hi

2103 340 2305 417 poérita
2347 366 2403 411 et
2432 360 2716 418 simulator
2738 405 2754 430 ,
2789 344 2891 422 iste
2940 379 3118 427 autem
3150 373 3479 440 faeneratur:
3507 402 3684 455 nerine

2101 439 2183 495 his
2210 444 2319 511 dat,
2337 464 2507 519 neque
2534 453 2637 507 illis
2663 473 2676 509 :
2696 458 3000 527 suspicatur
3014 465 3157 518 enim
3177 482 3364 526 omnes
3384 488 3506 532 esse
3520 439 3677 536 tales.

2096 531 2253 588 Scitis
2277 538 2415 591 enim
2434 543 2571 611 quod
2605 547 2738 601 mala
2762 548 2914 606 facile
2934 556 3306 625 suSpieamur;
3336 578 3460 634 quze
3489 580 3680 629 autem

2096 623 2257 692 bona,
2287 643 2392 682 non
2422 631 2569 687 item.
2590 634 2769 692 Simus
2798 623 3198 714 misericordes,
3227 666 3332 707 non
3355 623 3675 731 utcumque,

2090 716 2186 769 sed
2214 727 2272 771 ut
2292 718 2451 776 Pater
2482 737 2664 782 noster
2687 731 2918 788 caelestis
2950 753 2963 790 :
2993 737 3105 806 ipse
3128 743 3293 797 nutrit
3319 716 3595 808 adulteros

2089 817 2418 919 scortatores
2446 824 2499 867 et
2526 821 2940 891 prtestigiatorcs
2968 819 3064 881 :et
3092 831 3220 900 quid
3245 833 3365 889 dico
3381 836 3409 895 ,?
3445 856 3544 897 eos
3575 849 3678 919 qui

2090 897 2335 956 laborant
2381 907 2526 962 omni
2557 926 2754 980 genere
2787 918 2919 972 vitii.
2951 920 3080 976 Nam
3134 941 3355 985 necesse
3381 943 3465 991 est
3518 897 3678 995 ut'its

2089 998 2236 1044 tanto
2264 998 2463 1052 mundo
2494 1003 2642 1058 multi
2670 1007 2777 1061 sint
2808 1011 2939 1066 tales
2965 1029 2981 1066 :
3011 1014 3105 1070 sed
3137 1016 3328 1074 tamen
3350 1000 3539 1081 omnes
3567 1045 3671 1084 nu-

2087 1081 2177 1134 trit
2203 1122 2217 1146 ,
2248 1099 2434 1142 θιιηιεε
2464 1090 2633 1147 induit
2665 1112 2678 1149 :
2707 1114 2865 1154 nemo
2894 1119 3141 1175 umquam
3172 1107 3314 1168 fame
3335 1116 3525 1183 periit,
3555 1120 3663 1176 nisi

2086 1170 2207 1239 quis
2228 1173 2364 1231 forte
2390 1193 2483 1233 sua
2509 1194 2721 1249 Sponte.

2156 1261 2211 1315 Μ
2219 1267 2402 1319 onaclti
2421 1269 2787 1345 eleentosynam
2803 1289 3044 1346 petentes.
3071 1285 3404 1362 Eleemosyna
3417 1299 3672 1363 quomodo

2079 1351 2272 1407 danda.
2298 1386 2370 1397 —
2406 1359 2475 1413 lta
2508 1364 2682 1419 simus
2718 1370 3093 1432 misericordes
3128 1397 3142 1433 :
3174 1390 3229 1435 et
3254 1351 3497 1456 si'egeat,
3527 1399 3581 1443 et
3615 1390 3664 1446 si

2079 1443 2148 1497 sit
2171 1446 2221 1499 in
2242 1453 2579 1520 necessitate,
2600 1457 2647 1512 ei
2667 1459 2746 1514 fer
2762 1476 2938 1532 opem.
2955 1466 3107 1524 Nunc
3127 1485 3306 1529 autem
3332 1443 3572 1532 venimus
3596 1496 3665 1536 eo

2081 1533 2581 1609 irrationabilitatis,
2614 1556 2671 1601 ut
2700 1564 2805 1605 non
2836 1555 3008 1610 solum
3036 1557 3137 1614 hoc
3160 1559 3422 1619 faciamus
3451 1568 3502 1620 in
3534 1586 3673 1642 path

2078 1625 2291 1726 peribus
2318 1629 2405 1698 qui
2429 1634 2703 1693 ambulant
2731 1656 2830 1710 per
2867 1634 3113 1719 compita
3130 1661 3183 1706 et
3210 1625 3547 1726 angiportus:
3568 1660 3668 1718 sed

2074 1715 2236 1821 etiam
2260 1721 2311 1774 in
2343 1726 2639 1782 monachis.
2664 1730 2760 1787 llic
2791 1736 2871 1791 vel
2901 1737 3009 1804 ille,
3038 1742 3228 1814 inquit,
3252 1759 3332 1802 est
3357 1750 3644 1821 impostor.

2074 1805 2192 1915 lyon
2239 1810 2343 1915 hoc
2387 1817 2551 1915 modo
2588 1821 2830 1915 dicebam
2853 1869 2869 1896 ,
2901 1833 3041 1900 quod
3073 1805 3125 1890 si
3165 1805 3416 1896 omnibus
3435 1805 3661 1915 quidem

2073 1898 2262 1959 demus
2311 1905 2774 1971 indiscriminatim
2800 1959 2817 1986 ,
2857 1934 3079 1993 semper
3118 1898 3529 2000 miseri-bimus;
3566 1936 3673 1993 sin'

2082 2007 2259 2055 autem
2289 2008 2613 2074 cmperimns
2636 2025 2756 2066 esse
2781 2014 2978 2068 curiosi
3006 2057 3022 2080 ,
3053 2028 3342 2088 numquam
3379 2023 3683 2078 misere-bi:

2084 2093 2245 2149 mur?
2268 2095 2402 2164 Quid
2426 2099 2593 2156 dicis?
2624 2112 2681 2157 ut
2703 2119 2892 2174 panem
2915 2110 3141 2180 accipiat
3167 2122 3250 2165 est
3278 2112 3661 2182 impostor‘t'Si

2083 2190 2288 2251 peteret
2316 2188 2530 2259 quidem
2582 2193 2778 2249 talenta
2807 2197 2921 2252 auri
2964 2208 3018 2254 et
3056 2202 3300 2271 argenti,
3349 2214 3441 2258 aut
3486 2214 3671 2262 vestes?

2080 2277 2342 2343 pretiosas
2377 2289 2433 2335 et
2481 2285 2825 2355 magnificas,
2859 2300 2950 2345 aut
2980 2294 3244 2365 mancipia
3268 2335 3284 2360 ,
3317 2297 3511 2351 merito
3536 2296 3665 2353 ωιτη

2076 2378 2297 2424 vocares
2322 2371 2701 2443 deceptorem:
2730 2381 2773 2435 si
2802 2390 2979 2437 autem
3025 2384 3156 2439 nihil
3184 2385 3401 2455 ltorum,
3432 2388 3527 2443 sed
3558 2380 3678 2444 ali-'

2075 2470 2314 2516 mentum
2335 2474 2390 2518 et
2415 2474 2800 2539 tegumentum,
2824 2490 2944 2544 qua:
2962 2488 3085 2530 sunt
3112 2477 3484 2549 philosophiae,
3507 2497 3663 2547 ιιιιιιι,

2072 2566 2257 2621 qtneso
2281 2595 2296 2619 ,
2321 2556 2443 2612 ideo
2470 2559 2763 2633 deceptor?
2790 2552 3074 2625 cessemus
3095 2572 3162 2625 ab
3188 2571 3287 2627 hac
3314 2574 3618 2644 importuna
3642 2621 3661 2643 ,

2069 2648 2304 2703 satanica
2341 2659 2395 2706 et
2435 2654 2728 2722 perniciosa
2757 2663 3091 2721 curiositate.
3124 2666 3255 2721 Nam
3288 2670 3332 2724 si
3360 2686 3419 2725 se
3443 2672 3493 2726 in
3524 2673 3659 2729 clori

2068 2736 2282 2806 quidem
2314 2757 2596 2801 numerum
2625 2748 2766 2806 dicat
2786 2768 2907 2809 esse
2928 2757 3173 2825 relatum,
3206 2761 3367 2817 ant'si
3395 2777 3454 2817 se
3484 2745 3678 2821 nomi:

2069 2837 2161 2882 net
2194 2833 2868 2912 'sacerdotem,diligenter
2913 2839 3139 2917 inquire,
3164 2860 3217 2905 et
3255 2851 3330 2906 sis
3377 2856 3657 2925 curiosus;

2068 2933 2174 2973 non
2200 2925 2455 2980 est'enim
2488 2943 2682 2999 expers
2710 2934 2930 3009 periculi
2963 2955 3083 3009 quae
3112 2942 3230 2998 sine
3271 2947 3518 3002 examine
3545 2948 3660 3005 illic

2066 3006 2126 3062 til
2149 3016 2602 3083 communicatio;
2636 3022 2705 3078 de
2734 3006 2894 3081 rebus
2923 3030 3067 3084 enim
3098 3035 3305 3102 magnis
3333 3046 3414 3090 est
3444 3040 3660 3107 pericu-

2064 3097 2171 3155 lum
2204 3119 2218 3155 :
2246 3106 2387 3175 quod
2414 3110 2457 3164 si
2484 3113 2660 3168 cibum
2688 3128 2852 3185 petat,
2884 3120 3011 3176 nihil
3034 3123 3343 3192 examines;
3375 3145 3479 3184 non
3508 3133 3653 3188 enim

2063 3192 2179 3293 das,
2210 3199 2303 3293 sed
2328 3204 2551 3293 accipis:
2576 3206 2810 3293 Exquire
2836 3213 2879 3266 si
2906 3214 3003 3293 ris,
3039 3225 3093 3270 et
3118 3229 3358 3274 scrutare
3382 3225 3656 3293 quomodo

2074 3281 2343 3335 Abraham
2376 3297 2437 3338 se
2465 3285 2744 3343 exhiberet
2775 3289 3092 3362 hospitalem
3137 3297 3189 3351 in
3218 3281 3414 3354 eumes-
3436 3303 3528 3372 qui
3567 3310 3665 3359 ac?

2071 3370 2352 3427 cedebant.
2373 3373 2428 3430 Si
2454 3376 2522 3431 de
2544 3378 2606 3433 iis
2628 3381 2716 3448 qui
2748 3381 2814 3437 ad
2844 3384 3016 3454 ipsum
3046 3388 3424 3460 confugiebant
3443 3370 3674 3454 curioso

2071 3472 2217 3518 esset
2244 3475 2532 3535 scrutatus,
2551 3469 2783 3540 hoSpitio
2810 3490 2914 3528 non
2939 3480 3237 3548 excepisset
3263 3482 3515 3554 angelos;
3547 3485 3673 3542 for-'

2072 3564 2213 3610 tasse
2229 3558 2371 3610 enim
2400 3573 2505 3614 non
2531 3562 2845 3620 existimans
2868 3581 2962 3622 eos
2981 3582 3101 3624 esse
3123 3572 3362 3643 angelos,
3392 3588 3512 3632 cum
3535 3574 3673 3636 aliis'

2074 3646 2194 3702 illos
2221 3666 2432 3719 quoque
2470 3655 2763 3723 expulisset
2795 3678 2808 3712 :
2838 3659 2931 3712 sed
2966 3662 3217 3730 quoniam
3264 3681 3454 3722 omnes
3501 3670 3673 3725 εκεῖ-⁸

2073 3740 2277 3809 piebat,‘
2301 3745 2510 3815 excepit
2531 3748 2693 3802 etiam
2715 3751 2954 3819 angelos.
2981 3752 3113 3809 Num
3133 3772 3197 3811 ex
3220 3757 3323 3811 vita
3351 3774 3538 3816 eorum
3560 3764 3671 3838 qui

2071 3834 2368 3901 accipiunt,
2401 3836 2492 3890 tibi
2519 3840 2821 3894 mercedem
2851 3842 2940 3897 dat
2966 3844 3145 3901 Deus?
3186 3847 3264 3902 Ex
3292 3849 3462 3905 libero
3488 3834 3669 3929 animi

2072 3924 2333 3991 instituto,
2356 3943 2418 3982 cx
2444 3931 2607 3984 multa
2629 3925 2950 3991 liberalitate
2975 3946 3028 3991 et
3046 3941 3433 4009 munificentia,
3463 3960 3530 3999 ex
3560 3932 3667 4000 he?

2072 4018 2326 4087 nignitate
2356 4031 2411 4074 et
2444 4022 2679 4079 bonitate
2713 4044 2725 4079 :
2757 4025 2873 4082 inre
2902 4030 3059 4096 adsit,
3105 4042 3155 4086 et
3180 4034 3360 4087 omnia
3399 4035 3537 4090 bona
3564 4036 3671 4090 as;

2071 4111 2335 4176 sequeris.
2362 4111 2490 4179 Qua:
2514 4113 2671 4168 detur
2696 4119 2948 4174 omnibus
2975 4122 3130 4178 nobis
3155 4125 3409 4196 consequi
3434 4168 3450 4192 ,
3480 4128 3655 4197 gratia

2070 4210 2123 4254 et
2152 4200 2475 4273 benignitate
2508 4206 2719 4263 Domini
2771 4213 2938 4267 nostri
2969 4213 3095 4269 Jesu
3124 4215 3323 4272 Christi
3350 4261 3364 4284 ,
3393 4235 3513 4273 cum
3545 4237 3667 4311 quer

2073 4293 2213 4348 Patri
2259 4311 2359 4349 una
2412 4313 2533 4352 cum
2583 4309 2769 4357 sancto
2813 4304 3014 4374 Spiritu
3057 4309 3227 4378 gloria
3256 4353 3272 4375 ,
3327 4311 3655 4385 imperium,

2073 4383 2278 4450 honor,
2313 4402 2456 4442 nunc
2497 4397 2553 4444 et
2597 4406 2845 4462 semper,
2884 4404 2940 4451 ct
2968 4395 3021 4451 in
3068 4398 3265 4455 smcula
3310 4383 3665 4488 szecuiorum.:

2074 4474 2263 4527 Amen.
3655 4479 3666 4503 ι

1845 4679 2183 4763 HOMILIA
2218 4687 2367 4751 x11.

391 4794 503 4856 ευ
553 4796 599 4848 7.
651 4809 701 4847 ν.
756 4792 804 4846 l.
854 4788 1127 4846 Iﬁcenim
1176 4788 1583 4857 Melchisedech,
1621 4806 1712 4847 res
1759 4791 1977 4860 Solem,

463 4903 701 4947 secernas
734 4885 829 4939 Dei
849 4887 1049 4943 mari.
1080 4883 1169 4952 qui
1195 4882 1403 4939 obuiauit
1435 4881 1652 4937 Abrath
1673 4899 1903 4951 regresso
1946 4901 1981 4941 α

464 4978 607 5034 crede
627 4994 824 5050 regum,
857 4986 905 5031 et
930 4976 1179 5032 benedixit
1205 4977 1255 5030 ei
1282 4992 1303 5029 :
1327 4975 1383 5030 2.
1412 4976 1498 5030 cui
1522 4984 1567 5030 et
1607 4974 1829 5030 decimas
1871 4993 1983 5031 om.-

470 5074 612 5125 nism
634 5068 1125 5132 diulsitAbralsam;
1157 5068 1371 5137 prinum
1394 5066 1599 5138 quidem
1623 5067 1981 5136 interpretatur

464 5180 559 5218 res
574 5163 813 5234 justitite;
828 5160 1215 5215 “rimantem
1232 5170 1281 5213 et
1302 5176 1395 5214 rw
1411 5159 1608 5226 Solem,
1638 5160 1773 5229 quod
1795 5168 1868 5215 est
1891 5174 1982 5217 res

471 5258 647 5324 parte;
677 5254 733 5308 5.
763 5255 872 5308 sine
897 5253 1217 5323 μεγακήτεα
1255 5262 1448 5315 matre,
1495 5252 1607 5306 sine
1644 5250 1978 5323 genealogis,

376 5408 382 5412 η
471 5361 629 5414 atque
652 5345 850 5398 initium
881 5344 1100 5407 diermn,
1130 5360 1289 5415 neque
1312 5343 1465 5412 ﬁneitt
1492 5343 1607 5398 vitta
1642 5343 1831 5398 habens
1849 5384 1864 5407 ,
1893 5359 1982 5397 asa

468 5438 720 5492 similoms
748 5447 915 5492 autem
948 5436 1085 5491 Filio
1110 5435 1233 5505 Dei,
1264 5446 1429 5491 manet
1459 5435 1693 5491 sacerdos
1718 5437 1769 5490 iu
1798 5451 1979 5505 perper

470 5539 630 5589 tuum.

478 5623 523 5681 ἢ.
568 5623 848 5680 Veteriset
875 5623 1004 5679 Novi
1035 5624 1224 5681 volens
1267 5621 1461 5680 Paulus
1501 5619 1786 5680 ostendere
1827 5618 1982 5678 dific.-

2085 4795 2339 4864 rentiam,
2366 4796 2550 4854 multis
2578 4797 2637 4854 in
2666 4799 2797 4855 locis
2824 4801 2877 4856 id
2908 4802 3218 4860 disseminat
3242 4846 3257 4871 ,
3291 4808 3664 4880 prmlrudttque,

2084 4898 2345 4952 auresque
2375 4887 2676 4943 auditorum
2701 4891 2948 4961 explorat
2973 4901 3025 4947 et
3069 4895 3216 4963 prius
3252 4909 3490 4953 exercet.
3534 4899 3665 4964 Nam

2089 4983 2146 5028 et
2174 4976 2352 5030 statim
2382 4978 2448 5032 ab
2478 4979 2632 5035 initio
2660 4980 2764 5037 hoc
2791 4990 3058 5053 tamquam
3083 4986 3486 5045 fundamentum
3509 4992 3665 5062 jecit,

2085 5064 2269 5121 dicens
2301 5084 2314 5121 :
2346 5067 2453 5122 Illis
2483 5071 2698 5141 quidem
2726 5073 2973 5143 loquutus
2998 5086 3080 5131 est
3108 5078 3159 5131 in
3184 5078 3478 5149 prophetis,
3511 5083 3670 5141 nobis

2085 5168 2263 5214 autem
2295 5161 2344 5213 in
2378 5159 2512 5215 Filio
2547 5178 2559 5215 :
2595 5164 2700 5218 illis
2738 5166 3080 5223 multifariam
3131 5172 3416 5243 multisque
3441 5175 3665 5249 .modis,

2085 5251 2239 5306 nobis
2265 5264 2441 5307 autent
2471 5270 2565 5322 per
2591 5256 2812 5311 Filium.
2848 5260 3048 5316 Deinde
3076 5277 3196 5340 cum
3223 5263 3291 5318 de
3341 5265 3476 5321 Filio
3520 5268 3667 5336 quis;

2085 5356 2208 5397 nam
2238 5353 2379 5398 esset
2406 5343 2743 5402 deseruisset
2772 5356 2827 5403 et
2850 5350 2976 5419 quid
3004 5352 3250 5418 fecisset,
3284 5363 3340 5409 et
3380 5357 3427 5409 ei
3468 5372 3683 5428 parere

2085 5436 2360 5500 suasisset,
2395 5453 2461 5493 ne
2491 5438 2643 5494 nobis
2672 5440 2859 5495 eadem
2890 5444 3194 5500 acciderent
3220 5461 3339 5518 qua:
3364 5447 3584 5516 Judaais,
3611 5459 3673 5505 et

2085 5525 2308 5583 dixisset
2350 5545 2471 5585 eum
2516 5546 2636 5587 esse
2685 5532 3021 5590 sacerdotem
3069 5536 3362 5592 secundum
3417 5540 3681 5596 ordinem.

2087 5619 2508 5691 Melchisedech,
2559 5633 2612 5680 et
2650 5641 2793 5697 saepe
2822 5626 3075 5693 voluisset
3101 5627 3237 5685 hanc
3269 5629 3477 5699 ingredi
3506 5632 3667 5686 ditio,
