3980 6142
323 342 394 398 97
1084 355 1150 412 IN
1188 355 1400 413 EPIST.
1445 357 1534 412 AD
1574 356 1897 413 "Elin/EOS

1996 355 2119 412 IAP.
2164 356 2274 413 VII.
2317 355 2542 416 HOMIL.
2588 359 2696 417 Xll.
3498 371 3566 426 98

321 468 563 535 tentiam,
582 471 815 524 etmulta
835 470 980 541 prius
996 470 1380 540 dispensasset,
1400 489 1598 544 eosque
1617 483 1886 546 tamquam

325 561 610 615 imbecillos
637 563 972 634 increpasset
998 575 1050 619 et
1101 581 1286 620 rursus
1317 578 1553 621 curasset
1580 579 1630 621 et
1655 582 1894 623 recreas-

321 664 399 708 set
421 663 476 706 ut
495 653 827 708 conﬁderent
848 673 860 707 :
883 664 1007 711 tunc
1030 656 1248 712 auribus
1270 658 1379 727 jam
1400 659 1697 727 vigentibus
1720 669 1774 714 et
1801 676 1895 714 ve-

323 743 619 814 getisaﬂ'ert
636 745 900 801 rationem
930 747 1244 803 dill'ercmia:
1274 767 1288 804 :
1318 766 1439 803 nam
1469 751 1786 821 quidejecto
1813 765 1892 811 est

322 838 516 902 animo.
533 856 639 894 non
658 840 814 896 facile
827 842 1075 897 audierit.
1098 845 1158 897 Et
1180 843 1232 898 id
1257 854 1311 897 ut
1333 845 1490 909 scias,
1511 846 1634 898 audi
1656 847 1743 900 Set
1759 857 1896 914 ipiu-

319 947 428 985 ram
472 933 740 987 dicentem
776 951 790 987 :
823 935 889 988 Et
941 952 1041 988 non
1085 937 1354 990 audierunt
1405 937 1635 1008 Moysen:
1688 949 1895 1008 propter

317 1024 785 1095 pttsillattitttitatent
813 1025 1006 1095 (Exod.
1034 1025 1087 1082 6.
1130 1027 1212 1098 9).
1245 1028 1534 1099 Propterea
1569 1045 1690 1084 cum
1747 1030 1894 1098 prius

316 1116 491 1168 multis
535 1125 594 1169 et
645 1116 972 1172 terribilibus
1021 1126 1077 1172 et
1123 1119 1344 1189 placidis
1367 1136 1428 1173 ac
1454 1120 1696 1190 benignis
1718 1121 1895 1176 verbis

313 1219 494 1258 eorum
522 1207 874 1263 exinaniisset
895 1209 1057 1262 animi
1086 1211 1460 1279 aegritudinem
1479 1253 1493 1275 ,
1529 1221 1654 1266 tunc
1685 1211 1751 1266 de
1791 1229 1898 1266 ca:-

317 1306 427 1350 tero
469 1298 755 1352 descendit
781 1299 848 1354 ad
880 1302 1141 1355 rationem
1172 1301 1488 1357 diﬂ‘erentia:
1519 1323 1531 1357 :
1562 1315 1615 1360 et
1644 1305 1769 1374 quid
1810 1306 1896 1358 di-

311 1387 418 1440 cit?
451 1387 551 1440 llic
573 1391 708 1442 enim
740 1389 1138 1446 Melchisedech.
1170 1411 1258 1447 rea:
1281 1395 1488 1461 Salem,
1517 1397 1753 1452 sacerdos
1798 1397 1894 1452 Dei

310 1479 512 1530 suninn'.
548 1479 615 1532 Et
645 1481 784 1549 quod
812 1491 895 1537 est
925 1484 1166 1538 mirabile
1189 1527 1205 1550 ,
1236 1485 1289 1540 in
1321 1486 1436 1555 ipso
1487 1499 1611 1558 typo
1657 1489 1896 1544 ostendit

311 1571 533 1624 multam
568 1588 690 1626 esse
715 1573 1096 1629 dill'crentiom.
1128 1577 1258 1631 Nam
1304 1580 1444 1633 sicut
1491 1581 1634 1647 dixi,
1686 1597 1716 1636 a
1767 1591 1894 1653 typo

309 1675 524 1730 semper
570 1663 726 1718 tidem
767 1664 891 1719 facit
919 1669 1169 1734 veritati,
1198 1685 1261 1723 cx
1293 1672 1576 1739 prasterttis
1608 1674 1892 1740 praesentia

306 1753 524 1820 asserit,
563 1766 782 1824 propter
808 1756 1224 1814 imbecillitatem
1253 1762 1574 1816 auditorum.
1609 1763 1710 1818 llic
1736 1767 1890 1833 enim,

308 1843 494 1916 inquit.
539 1845 934 1914 Melchisedech,
964 1866 1054 1904 rex
1080 1850 1276 1917 Solent,
1307 1855 1540 1909 sacerdos
1566 1853 1657 1908 Dei
1677 1858 1890 1923 stumni,

305 1947 351 1988 et
378 1939 463 2001 qui
487 1937 714 1993 obuiauit
737 1940 954 1994 Abraha:
973 1960 1197 2014 regresso
1218 1961 1249 1996 a
1274 1946 1408 1998 ccede
1433 1964 1604 2017 regum
1623 1989 1637 2010 ,
1667 1959 1712 2002 et
1742 1951 1893 2002 bene-

305 2027 430 2082 dixit
469 2031 518 2083 ei
555 2047 570 2082 :
608 2032 692 2083 cui
739 2041 786 2084 et
826 2032 1046 2087 decimas
1086 2036 1308 2088 omnium
1353 2037 1520 2091 divisit
1567 2040 1839 2094 Abraham.
1875 2043 1891 2074 ί

275 2118 432 2172 ’ϐυηι
485 2121 733 2174 breviter
785 2132 949 2178 totam
1005 2126 1269 2194 posuisset
1319 2130 1722 2196 narrationem,
1775 2149 1893 2188 cam

304 2213 527 2280 mystice
557 2225 639 2267 est
660 2216 1082 2286 contemplatus:
1107 2227 1161 2273 et
1184 2219 1408 2288 primum
1431 2237 1459 2274 a
1488 2223 1702 2277 nomine
1729 2241 1743 2277 :
1780 2225 1896 2280 1)νί-

303 2319 436 2354 mum
465 2304 704 2374 quidem,
733 2307 920 2375 inquit,
948 2311 1309 2377 interpretatur
1330 2315 1664 2384 rexjustitiw.
1694 2317 1893 2377 Recte;

303 2395 505 2450 Sedcch
543 2397 694 2451 cnim
725 2399 918 2453 dicitur
942 2400 1170 2469 justitia,
1193 2403 1378 2459 Melchi
1403 2415 1580 2463 autem
1605 2425 1695 2464 rex
1725 2429 1736 2464 :
1765 2429 1895 2481 ergo

302 2484 704 2542 Melchisedech
729 2505 824 2543 rex
852 2489 1073 2558 jUSlililB
1099 2503 1199 2548 est.
1233 2493 1393 2550 Vides
1419 2499 1576 2552 etiam
1621 2499 1672 2554 in
1718 2504 1892 2557 nomi-

301 2577 455 2632 nibus
497 2591 817 2635 accuralam
861 2582 1230 2652 diligentiam?
1275 2585 1405 2654 Quis
1448 2597 1532 2644 est
1568 2602 1746 2646 autem
1791 2609 1892 2648 rex

295 2670 542 2738 justitiie,
572 2673 677 2726 nisi
700 2674 954 2728 Dominus
985 2685 1168 2732 noster
1193 2677 1350 2734 Jesus
1379 2680 1668 2738 Christus?
1694 2685 1897 2741 Deinde

299 2762 456 2816 etiam
492 2780 600 2818 rex
631 2764 827 2831 Salem,
858 2783 887 2821 a
915 2768 1130 2824 civitate
1161 2791 1174 2825 :
1208 2770 1311 2828 hoc
1339 2783 1422 2830 est
1443 2762 1546 2832 rex
1573 2778 1717 2846 pacis
1750 2795 1764 2830 :
1796 2779 1896 2834 hoc

299 2855 442 2908 enim
471 2855 758 2926 signiﬁcat
784 2858 982 2915 Salem.
1019 2862 1171 2930 Quod
1205 2880 1389 2921 rursus
1409 2877 1492 2924 est
1519 2867 1758 2925 Christi:
1811 2872 1897 2928 hic

300 2944 442 2998 enim
475 2962 587 3000 nos
619 2946 744 3002 fecit
768 2949 945 3018 justas
964 2993 978 3012 .
1006 2963 1059 3007 et
1090 2954 1386 3023 pacilicavit
1413 2973 1534 3029 quae
1557 2970 1679 3014 sunt
1710 2962 1760 3015 in
1789 2980 1894 3017 em-

297 3035 382 3092 lis.
410 3047 466 3090 et
494 3053 628 3107 qua:
658 3038 900 3094 interra.
933 3043 1063 3111 Quis
1112 3045 1272 3102 homo
1312 3058 1394 3102 est
1441 3065 1533 3103 rex
1577 3050 1802 3120 justiti;c
1844 3064 1899 3109 ct

297 3127 488 3191 pacis?
538 3128 735 3182 Nullus
782 3141 864 3185 est
907 3134 1006 3188 nisi
1058 3136 1204 3190 solus
1239 3137 1497 3194 Dominus
1526 3152 1709 3196 noster
1737 3143 1900 3200 Jesus

297 3220 577 3274 Christus.
619 3217 822 3273 Deinde
861 3221 1018 3274 aliam
1067 3235 1278 3289 quoque
1321 3221 1592 3291 subiungit
1636 3221 1894 3278 dill‘eren-

300 3309 448 3363 tiam.
484 3309 626 3364 Sine
647 3320 809 3377 patre,
849 3309 956 3364 sine
992 3320 1186 3374 matre,
1227 3311 1336 3365 sine
1371 3313 1697 3384 genealogia,
1738 3330 1895 3384 neque

300 3399 500 3453 initium
523 3400 756 3463 dierum,
782 3417 940 3470 neque
963 3401 1078 3454 vitae
1122 3401 1274 3468 ﬁnem
1315 3401 1502 3456 habens
1526 3446 1541 3468 ,
1585 3405 1895 3460 assimilatas

302 3502 465 3545 autem
500 3491 651 3545 Filio
684 3490 809 3556 Dei,
838 3502 1002 3545 manet
1034 3495 1268 3548 sacerdos
1306 3495 1358 3547 in
1397 3507 1711 3564 perpetuum.
1752 3497 1895 3566 Quo-

302 3583 441 3636 niam
474 3600 622 3652 ergo
648 3583 699 3638 ei
728 3582 1146 3638 adversabantur
1181 3601 1298 3654 qua:
1346 3586 1485 3640 dicta
1530 3596 1682 3650 sunt,
1731 3588 1810 3642 Tu
1845 3605 1897 3644 es

303 3675 539 3727 sacerdos
574 3676 632 3727 in
652 3684 902 3728 internum
929 3675 1202 3728 secundum
1226 3678 1454 3730 ordinem
1489 3677 1898 3745 Melchisedech;

305 3762 386 3818 ille
407 3774 601 3818 autem
634 3772 749 3818 erat
776 3772 1040 3830 mortuus,
1068 3774 1247 3820 etnon
1277 3766 1373 3820 luit
1402 3767 1724 3824 sacerdosin
1748 3780 1897 3825 :cter-

305 3869 426 3909 ttnm
461 3872 476 3908 :
512 3855 648 3910 vide
676 3856 947 3926 quomodo
981 3857 1081 3911 hoc
1106 3857 1178 3912 sit
1204 3859 1615 3928 contemplatus.
1659 3861 1736 3916 Ne
1777 3862 1900 3930 quis

302 3946 444 4000 enim
469 3946 765 4016 obiiceret,
801 3945 866 4000 Et
898 3946 1016 4015 quis
1048 3947 1150 4002 hoc
1181 3947 1250 4002 de
1280 3950 1495 4005 homine
1524 3951 1755 4006 dixerit?
1781 3951 1899 4008 Non

306 4051 364 4090 re
390 4036 503 4106 ipsa
528 4078 544 4100 ,
578 4036 778 4107 inquit,
833 4037 955 4092 dico
979 4059 993 4093 :
1018 4037 1119 4094 hoc
1148 4048 1251 4104 est,
1283 4039 1563 4096 Nescimus
1603 4058 1759 4111 quem
1793 4043 1897 4098 Pa-

306 4137 436 4182 trem
461 4129 743 4188 habuerit.
774 4139 865 4182 aut
884 4145 1041 4199 quam
1062 4141 1287 4185 matrem
1316 4147 1329 4184 :
1365 4149 1470 4187 non
1497 4133 1712 4202 quando
1738 4150 1896 4190 acce-

307 4221 443 4288 perit
471 4221 692 4274 initium
716 4260 734 4285 ,
766 4237 871 4276 non
901 4222 1113 4290 quando
1140 4223 1209 4276 sit
1237 4233 1499 4279 mortuus.
1526 4225 1591 4279 Et
1615 4226 1739 4296 quid
1763 4237 1895 4295 tum,

313 4311 529 4381 inquit?
554 4328 687 4366 num
715 4315 964 4383 quoniam
992 4316 1260 4370 nescimus
1282 4357 1298 4380 ,
1343 4333 1445 4371 non
1494 4328 1577 4372 est
1621 4330 1860 4375 mortuus
1878 4361 1899 4386 ,

309 4419 404 4458 nec
434 4403 634 4457 habuit
665 4405 954 4473 parentes?
982 4407 1146 4460 Recte
1175 4407 1330 4474 dicis,
1363 4417 1416 4462 et
1439 4419 1675 4464 mortuus
1697 4422 1778 4466 est
1797 4453 1813 4478 ,
1845 4420 1900 4466 et

312 4493 501 4551 habuit
540 4506 815 4566 parentes.
848 4497 1124 4563 Quomodo
1153 4514 1300 4568 ergo,
1330 4499 1454 4553 Siue
1479 4511 1622 4570 patre
1644 4512 1688 4555 et
1710 4505 1901 4558 matre!

309 4589 615 4653 quomodo,
653 4586 831 4657 Neque
869 4588 1069 4640 initium
1115 4589 1343 4652 dierum,
1387 4606 1546 4657 neque
1594 4594 1744 4660 finem
1789 4595 1902 4648 vita

312 4677 496 4733 habens
515 4681 546 4733 .9
577 4678 900 4746 Quomodo?
931 4696 996 4735 eo
1023 4682 1162 4750 quod
1193 4683 1245 4736 in
1277 4684 1549 4751 Scriptura
1580 4702 1684 4740 non
1711 4686 1905 4740 alieru-

313 4779 413 4825 tur.
450 4772 519 4825 Et
553 4771 684 4841 quid
710 4773 811 4826 hoc
833 4773 955 4826 est?
1005 4773 1074 4828 Ut
1118 4775 1204 4828 hic
1251 4775 1366 4829 sine
1420 4776 1607 4836 Patre.
1649 4778 1904 4846 quoniam

313 4876 415 4916 non
446 4873 769 4917 recensctur
791 4864 1100 4934 genealogia
1133 4879 1148 4916 :
1184 4866 1254 4918 ita
1284 4865 1528 4923 Christus
1559 4867 1669 4938 ipsa
1700 4869 1776 4923 rei
1805 4884 1906 4923 na-

313 4959 449 5004 tura.

381 5041 437 5097 2.
469 5042 623 5098 Ecce
649 5059 750 5100 nec
776 5044 981 5099 initium
1017 5061 1115 5100 nec
1139 5045 1297 5100 linem
1326 5045 1546 5108 habens.
1576 5048 1722 5105 Sicut
1749 5049 1906 5118 huius

317 5134 600 5188 nescimus
625 5151 794 5205 neque
818 5137 1026 5190 initium
1056 5136 1265 5192 dierum
1292 5179 1306 5201 ,
1337 5153 1509 5207 neque
1538 5139 1659 5194 vita:
1705 5139 1862 5196 linem
1888 5181 1906 5207 ,

318 5238 380 5279 eo
409 5225 559 5291 quod
601 5242 699 5280 non
729 5230 924 5297 scripta
955 5229 1064 5282 sint
1098 5247 1109 5282 :
1142 5229 1212 5284 ita
1258 5231 1384 5285 Jesu
1435 5233 1702 5288 nescimus
1727 5276 1743 5299 ,
1798 5249 1907 5288 non

321 5317 458 5382 quod
494 5334 609 5370 non
639 5320 832 5389 scripta
870 5320 980 5374 sint
1001 5363 1016 5383 ,
1042 5321 1135 5376 sed
1166 5323 1290 5391 quia
1325 5340 1427 5377 non
1459 5333 1606 5379 sttut.
1637 5325 1767 5381 Nam
1817 5327 1908 5383 ille

323 5407 538 5474 quidem
568 5419 650 5461 est
678 5411 865 5478 ﬁgura,
892 5421 945 5466 ct
974 5412 1095 5466 ideo
1123 5430 1227 5468 non
1252 5424 1333 5467 est
1364 5415 1621 5484 scriptum
1650 5433 1664 5468 :
1695 5418 1779 5471 hic
1808 5433 1906 5477 an-

327 5506 427 5550 tem
459 5501 682 5558 veritas.
701 5511 754 5554 et
780 5500 898 5558 ideo
926 5519 1030 5558 non
1050 5514 1132 5558 est
1152 5505 1453 5559 talis.Sicut
1475 5507 1635 5560 etiam
1660 5507 1710 5561 in
1741 5509 1910 5562 nomi-

327 5588 479 5642 nibus
507 5606 522 5642 :
563 5604 685 5644 nam
715 5591 798 5645 hic
835 5594 1046 5663 quidem
1072 5604 1223 5648 erant
1249 5597 1656 5665 appellationes,
1685 5598 1790 5653 Res
1817 5599 1906 5667 ju-

402 5753 420 5785 ⁸
446 5753 535 5803 ille
562 5756 727 5816 incipit
750 5756 797 5803 in
819 5754 946 5804 Coll).
974 5755 1166 5806 lioniilia
1192 5759 1494 5814 duodecima.

1989 476 2148 529 stitim
2176 486 2229 530 et
2252 478 2421 547 pacis,
2453 478 2559 531 illic
2589 485 2768 530 autem
2799 490 2976 530 rerum
3013 475 3209 530 veritas
3253 492 3266 529 :
3307 475 3378 529 ita
3410 477 3572 529 etiam

1992 567 2301 636 hiequoque
2331 579 2453 622 sunt
2478 569 2886 636 appellationes,
2911 567 3018 619 illic
3044 576 3221 620 autem
3239 582 3414 620 rerum
3434 565 3572 619 veri-

1993 669 2093 714 tas.
2126 660 2404 728 Quomodo
2431 676 2558 730 ergo
2590 660 2750 716 habet
2781 660 3030 714 initium?
3061 659 3216 713 Vides
3233 659 3422 714 Filium
3451 675 3573 713 esse

1994 751 2110 805 sine
2133 751 2303 816 initio,
2321 766 2426 807 non
2445 751 2587 821 quod
2605 768 2708 806 non
2728 753 3145 806 habeatcausam
3164 769 3178 818 ;
3197 751 3298 806 hoc
3309 752 3450 805 enim
3472 765 3578 806 non

1995 850 2170 917 petest
2215 841 2364 907 ﬁeri;
2407 842 2566 896 habet
2600 843 2744 896 enim
2774 843 2983 896 Patrem
3017 862 3032 897 :
3064 857 3186 894 nam
3219 841 3417 911 alioqui
3443 857 3579 911 quo-

1998 931 2158 988 modo
2184 931 2362 986 Illius?
2388 931 2482 986 sed
2506 931 2647 1002 quod
2670 947 2772 984 non
2796 931 2988 985 habeat
3006 930 3214 984 initium
3234 928 3378 991 vitae,
3410 941 3582 996 neque

2000 1024 2180 1080 linem.
2228 1025 2548 1080 Assimilatus
2578 1035 2744 1078 autent
2792 1022 2930 1076 Filio
2969 1021 3084 1076 Dei.
3122 1021 3222 1078 Ubi
3263 1031 3347 1076 est
3393 1018 3585 1074 simili~

2001 1117 2167 1172 tudo?
2209 1117 2362 1183 Quod
2412 1125 2467 1170 et
2511 1116 2667 1185 hujus
2707 1123 2763 1170 et
2809 1115 2951 1170 illius
3000 1114 3158 1169 linem
3195 1114 3502 1183 ignoramus
3528 1123 3583 1166 ct

2002 1205 2208 1260 initium
2238 1221 2252 1258 :
2283 1206 2378 1261 sed
2405 1205 2562 1275 hujus
2606 1205 2856 1277 quidem,
2907 1220 2972 1259 ex
3014 1220 3082 1259 eo
3129 1203 3271 1272 quod
3318 1219 3422 1258 non
3474 1203 3583 1257 sint

1998 1299 2229 1364 scripta;
2261 1298 2403 1352 illius
2429 1314 2586 1365 vero,
2615 1314 2677 1352 es
2708 1313 2773 1352 eo
2801 1297 2942 1368 quod
2973 1312 3081 1350 non
3107 1297 3233 1349 sint.
3266 1295 3361 1350 llic
3389 1305 3473 1350 est
3510 1295 3582 1348 si-

1999 1390 2262 1443 mllitndo.
2288 1390 2345 1444 Si
2377 1400 2552 1445 autem
2601 1390 2798 1459 ubique
2843 1389 3018 1443 futura
3067 1397 3210 1443 esset
3254 1386 3581 1451 similitudo,

1999 1485 2101 1535 tton
2133 1481 2313 1549 utique
2340 1490 2522 1537 essent
2554 1490 2709 1550 typus
2737 1489 2788 1533 et
2817 1479 3015 1534 veritas
3037 1520 3049 1544 ,
3081 1476 3176 1532 sed
3205 1477 3365 1531 ambo
3399 1485 3584 1532 essent

1999 1580 2175 1641 typus.
2208 1572 2356 1626 Sicut
2387 1574 2546 1626 etiam
2581 1571 2632 1625 in
2663 1570 2984 1636 imaginibus
3009 1578 3089 1624 est
3139 1567 3336 1639 aliquid
3363 1567 3581 1639 quidem

1995 1667 2194 1729 simile,
2215 1666 2410 1734 aliquid
2443 1682 2570 1720 vero
2594 1664 2858 1718 dissimile
2890 1681 2905 1718 :
2937 1678 3057 1716 nam
3085 1662 3346 1715 linearum
3361 1661 3579 1732 quidem

1995 1765 2051 1811 et
2098 1756 2466 1811 eharaetcrum
2515 1766 2597 1812 cst
2648 1754 2891 1826 quaedam
2939 1753 3264 1817 similitudo;
3319 1751 3584 1822 impositis

1997 1859 2170 1902 autem
2201 1848 2475 1902 coloribus
2495 1888 2509 1911 ,
2541 1858 2666 1901 tunc
2698 1845 2980 1901 manifeste
3009 1845 3309 1898 ostenditur
3329 1843 3583 1898 differen-

1996 1939 2065 1991 tia
2090 1977 2104 1998 .
2151 1948 2205 1994 et
2250 1938 2351 1992 hoc
2402 1939 2616 2008 quidem
2646 1938 2822 1991 simile
2844 1978 2859 2000 ,
2897 1936 3027 1990 illud
3054 1952 3182 1990 vero
3205 1935 3490 1989 dissimile.
3523 1936 3577 1989 4.

1998 2025 2274 2081 Intuemini
2300 2038 2465 2080 autem
2493 2039 2708 2098 quantus
2734 2029 2797 2080 sit
2825 2027 2927 2092 hic,
2959 2026 3042 2079 cui
3080 2035 3126 2078 et
3174 2026 3396 2077 decimas
3441 2025 3581 2078 dedit

1995 2117 2055 2170 de
2076 2119 2346 2187 prmeipuis
2377 2117 2633 2171 Abraham
2659 2117 2966 2184 patriarcha.
2999 2115 3114 2170 Jam
3146 2115 3418 2183 adaptavit
3450 2115 3582 2184 ligu-

1998 2224 2132 2262 ram.
2170 2209 2240 2262 De
2271 2219 2470 2264 cmtero
2509 2208 2788 2263 coiilideus
2834 2207 3067 2262 ostendit
3112 2221 3230 2260 eam
3275 2220 3396 2260 esse
3446 2221 3583 2274 pra:-

1995 2301 2276 2356 clariorem
2303 2303 2442 2356 veris
2471 2303 2631 2356 rebus
2663 2318 2783 2372 qme
2830 2301 2968 2370 apud
3013 2299 3247 2354 Judzeos.
3292 2300 3351 2356 Si
3400 2311 3580 2355 autem

1995 2392 2082 2460 qni
2111 2401 2291 2460 typum
2320 2393 2478 2446 habet
2527 2391 2766 2457 Christi,
2820 2401 2902 2445 est
2951 2391 3086 2445 adeo
3135 2391 3476 2459 prmstantior
3517 2405 3582 2446 ac

1997 2484 2209 2546 melior,
2231 2500 2337 2539 non
2365 2485 2539 2539 solum
2569 2484 2959 2546 sacerdotibus,
2992 2483 3086 2538 sed
3116 2482 3232 2554 ipso
3259 2485 3418 2538 etiam
3443 2485 3582 2554 prin-

1995 2575 2114 2642 cipe
2149 2575 2364 2645 generis
2392 2577 2731 2631 sacerdotum
2767 2593 2778 2628 :
2812 2575 2937 2646 quid
2971 2575 3172 2629 dixeris
3201 2575 3269 2629 de
3314 2577 3535 2630 veritate
3559 2576 3584 2628 ?

1999 2663 2160 2720 Vides
2190 2682 2349 2736 quam
2372 2667 2586 2722 abunde
2616 2667 2851 2722 ostendit
2875 2668 3376 2738 exsuperatiouem?
3407 2667 3581 2722 Intue-

1997 2759 2142 2821 mini,
2179 2760 2366 2828 inquit,
2401 2770 2620 2831 quantus
2646 2760 2709 2813 sit
2733 2761 2813 2812 hic
2860 2761 2942 2812 cui
2986 2770 3032 2812 et
3073 2760 3295 2830 decimas
3338 2760 3473 2813 dedit
3519 2761 3584 2814 de

1996 2850 2265 2920 prrecipuis
2294 2851 2610 2918 patriarcha.
2643 2850 2914 2920 Przecipna
2944 2850 3197 2905 dicantur
3240 2851 3431 2920 spolia.
3473 2851 3582 2908 Nec

1996 2941 2097 2995 dici
2127 2950 2300 3010 potest
2323 2941 2462 3010 quod
2497 2941 2615 2995 illas
2644 2943 2690 2995 ei
2723 2941 2964 3003 dederit.
2999 2950 3056 2994 ut
3089 2941 3177 3010 qui
3220 2952 3362 2996 esset
3403 2943 3584 2998 socius

1999 3035 2121 3088 belli
2157 3052 2169 3085 :
2205 3042 2484 3102 propterea
2537 3034 2682 3088 enim
2730 3033 2892 3094 dicit.
2940 3033 3186 3088 Obviavit
3227 3048 3474 3104 regresso
3513 3049 3580 3089 ex

1996 3129 2142 3182 caule
2167 3143 2371 3198 regum.
2405 3126 2584 3192 Domi,
2614 3126 2804 3196 inquit,
2829 3125 3046 3181 sedebat
3069 3166 3087 3194 ,
3113 3133 3168 3181 et
3201 3125 3354 3180 dedit
3380 3126 3429 3181 ei
3467 3127 3580 3198 pri-

1999 3219 2174 3273 mitias
2201 3233 2388 3272 eorum
2414 3233 2532 3288 qua:
2556 3218 2668 3272 suis
2693 3217 2963 3271 laboribus
2989 3217 3330 3286 acquisierat.
3359 3215 3412 3270 5.
3441 3215 3586 3270 Etea:

1997 3310 2119 3379 filiis
2147 3309 2349 3378 quidem
2379 3309 2500 3362 Levi
2529 3309 2866 3361 sacerdotium
2897 3308 3198 3376 accipientes
3221 3347 3238 3372 ,
3283 3305 3584 3360 mandatum

1998 3399 2180 3454 habent
2203 3399 2425 3454 decimas
2450 3415 2645 3452 smnere
2669 3415 2699 3452 a
2727 3398 2919 3469 papulo
2949 3399 3226 3452 secundum
3274 3400 3432 3469 legem
3461 3437 3477 3462 ,
3526 3397 3581 3451 id

1997 3488 2104 3540 est,
2134 3494 2165 3528 a
2212 3477 2454 3544 fratribus
2502 3477 2605 3528 suis
2635 3490 2977 3543 :quamquam
3025 3485 3072 3525 et
3117 3475 3213 3540 ipsi
3257 3474 3468 3524 exierint
3519 3473 3584 3526 de

1996 3567 2177 3621 lumbis
2205 3566 2437 3620 Abrahae.
2468 3565 2638 3619 Tanta
2666 3564 2970 3627 sacerdotii,
3003 3564 3207 3632 inquit,
3241 3573 3322 3617 est
3345 3578 3580 3628 exsupe-

1998 3660 2155 3720 ratio,
2188 3667 2244 3710 ut
2273 3657 2359 3726 qui
2391 3656 2595 3709 honore
2623 3665 2743 3708 sunt
2762 3670 2921 3726 pares
2944 3670 2972 3706 a
3001 3655 3291 3720 majoribus
3307 3663 3360 3706 et
3382 3653 3582 3707 habent

1995 3747 2242 3802 eumdem
2275 3747 2358 3800 sui
2385 3747 2596 3816 generis
2627 3746 2923 3816 principem
2947 3786 2960 3806 ,
2994 3745 3101 3796 sint
3129 3745 3297 3797 multo
3329 3744 3582 3797 meliores

1989 3851 2045 3895 et
2071 3841 2468 3910 prmstantiores
2514 3839 2653 3892 aliis.
2684 3838 2926 3890 Decimus
2961 3835 3174 3906 quidem
3201 3844 3347 3890 certe
3381 3833 3450 3889 ah
3472 3833 3580 3889 illis

1991 3932 2275 4002 accipiunt.
2311 3930 2534 3999 Quando
2574 3945 2702 3998 ergo
2724 3928 2967 3982 inventus
3001 3926 3157 3981 fuerit
3186 3926 3377 3997 aliquis
3401 3925 3470 3980 ab
3497 3923 3583 3980 his

1995 4025 2124 4094 ipsis
2147 4024 2381 4079 decimas
2409 4021 2680 4092 accipiens
2703 4062 2717 4087 ,
2752 4035 2932 4073 annon
2965 4018 3018 4072 hi
3049 4018 3263 4088 quidem
3288 4018 3464 4072 locum
3495 4026 3580 4072 te-

1994 4126 2121 4171 nent
2145 4117 2420 4179 laicorum,
2442 4115 2530 4168 ille
2548 4123 2725 4167 autem
2744 4121 2824 4167 est
2847 4112 2984 4166 inter
3009 4109 3358 4166 sacerdotes?
3397 4110 3582 4178 Neque

1995 4208 2096 4264 hoc
2121 4208 2317 4272 solum,
2343 4206 2436 4260 sed
2467 4223 2533 4260 ne
2554 4206 2617 4259 iis
2632 4202 2848 4275 quidem
2876 4212 2992 4258 erat
3022 4217 3117 4272 par
3140 4201 3366 4268 honore,
3392 4201 3485 4255 sed
3512 4216 3578 4256 es

1993 4301 2098 4355 alio
2127 4314 2345 4369 genere.
2367 4297 2724 4366 Quamobrem
2748 4312 2854 4350 non
2881 4294 3119 4350 dedisset
3134 4292 3370 4348 decimas
3391 4292 3582 4346 alieni-

1993 4406 2164 4462 genre,
2197 4389 2296 4443 nisi
2329 4389 2528 4442 multus
2558 4388 2744 4441 luisset
2772 4386 2967 4441 honor.
2995 4380 3187 4454 Pspze!
3218 4383 3342 4454 quid
3364 4382 3583 4438 etl'ecit‘t

1995 4481 2168 4551 majus
2197 4496 2354 4550 quam
2387 4490 2441 4532 ut
2485 4479 2631 4533 credi
2676 4477 2884 4548 possit,
2937 4476 3149 4547 agitans
3188 4475 3481 4551 declaravit
3527 4475 3583 4528 in

1999 4571 2230 4640 Epistola
2260 4569 2324 4624 ad
2353 4569 2644 4624 Romanos.
2672 4567 2804 4623 Nam
2833 4567 2943 4622 illic
2967 4575 3022 4621 et
3049 4574 3245 4619 nostra:
3271 4575 3325 4618 et
3349 4565 3584 4619 iudaicai

1997 4663 2210 4717 vivendi
2243 4663 2465 4716 rationis
2494 4672 2547 4715 et
2574 4659 2798 4715 instituti
2829 4658 3123 4728 principem
3154 4667 3207 4709 et
3232 4657 3458 4723 pritmnn
3491 4671 3586 4726 pa-

1999 4761 2133 4808 trem
2164 4753 2294 4808 dicit
2320 4769 2440 4808 esse
2470 4752 2738 4806 Abraham
2775 4769 2788 4802 :
2824 4749 2908 4803 hic
2937 4758 3115 4801 autem
3159 4747 3416 4801 adversus
3459 4762 3583 4801 eum

1996 4844 2159 4900 sudet
2179 4846 2504 4910 admodum,
2549 4855 2603 4898 et
2643 4842 2878 4898 ostendit
2917 4838 3292 4909 praeputialnm
3341 4853 3408 4892 eo
3463 4853 3585 4894 esse

1998 4939 2166 4990 multo
2192 4937 2638 5006 prmstanliorem.
2663 4931 2939 4999 Quomodo
2956 4939 3132 4984 autem
3150 4929 3422 4983 ostendit?
3443 4927 3586 5000 quod

1999 5027 2127 5083 Levi
2155 5029 2390 5082 decimas
2420 5025 2677 5080 dederit?
2705 5023 2970 5077 Abraham
2989 5063 3004 5088 ,
3047 5021 3252 5090 inquit,
3300 5020 3466 5074 dedit.
3518 5020 3588 5077 Et

1999 5119 2125 5188 quid
2155 5117 2255 5171 hoc
2283 5117 2346 5170 ad
2378 5116 2513 5171 nos?
2539 5114 2762 5168 Maxime
2787 5112 2998 5182 quidem
3025 5110 3091 5164 ad
3116 5125 3210 5164 vos
3240 5128 3252 5163 :
3297 5126 3401 5164 non
3440 5110 3586 5166 enim

1999 5208 2336 5265 contendetis
2358 5208 2573 5262 Levilas
2595 5220 2713 5260 esse
2742 5204 3145 5273 praestantiorcs
3173 5201 3496 5256 Abrahamo.
3528 5202 3585 5259 6.

2001 5301 2158 5370 Cujus
2185 5309 2350 5352 autem
2376 5303 2630 5368 generatio
2658 5313 2756 5348 non
2785 5304 3151 5347 annumeratur
3177 5296 3228 5346 in
3249 5294 3338 5356 eis,
3364 5294 3589 5348 decimas

1999 5393 2209 5461 sumpsit
2235 5391 2297 5443 ab
2330 5389 2606 5442 Abraham.
2647 5387 2846 5440 Deinde
2888 5401 2993 5438 non
3025 5385 3215 5439 leviter
3243 5384 3584 5453 pertransiit,

2001 5484 2094 5538 sed
2126 5482 2355 5548 addidit,
2388 5480 2453 5533 Et
2483 5481 2614 5533 hunc
2638 5480 2723 5548 qui
2752 5479 2967 5530 habebat
2997 5477 3410 5546 repromissioues
3438 5476 3589 5529 bene-

2002 5577 2151 5632 dixit.
2195 5573 2459 5643 Quoniam
2505 5572 2605 5626 hoc
2647 5581 2762 5624 erat
2809 5571 2953 5623 omni
2986 5585 3050 5624 ex
3092 5578 3240 5637 parte
3273 5569 3584 5638 prteclarnm

2004 5670 2226 5733 ludatis,
2255 5665 2492 5722 ostendit
2521 5665 2668 5718 illum
2697 5665 2774 5718 eis
2801 5677 2921 5715 esse
2951 5662 3316 5716 honestiorem
3359 5672 3410 5715 et
3452 5676 3588 5730 prm-

2005 5763 2288 5818 clariorem
2315 5775 2378 5812 ex
2410 5757 2678 5812 communi
2710 5754 2947 5809 oninium
2976 5754 3196 5823 judicio.
3231 5755 3280 5807 7.
3315 5753 3439 5805 Sine
3479 5754 3589 5804 alia
