3980 6142
407 288 473 337 9i)

406 405 572 446 autem
602 393 1019 454 contradictione,
1054 378 1408 462 inquit,quod
1433 394 1596 446 minus
1623 403 1695 447 est
1721 412 1752 446 α
1784 392 1988 445 meliora

1121 296 1159 348 ς
1218 290 1490 345 .liHNNiS
1530 285 2003 343 Clli‘iYSOSTOMI
2045 287 2358 344 ARCHIEP.
2398 288 2930 347 CONSTANTINOP.

3556 283 3658 334 1οΊ

2076 388 2207 441 Nam
2235 407 2353 444 cum
2379 393 2618 456 dixisset,
2653 395 2914 464 Scriptum
2943 408 3014 450 est
3034 438 3048 463 ,
3078 399 3348 453 Miserebor
3374 403 3520 467 ruins
3556 409 3648 454 iui-

408 487 733 542 lieuedicitur.
765 486 871 538 lloc
892 495 993 548 est,
1024 486 1273 538 omnibus
1303 485 1513 540 videtur
1541 487 1612 547 id.
1643 488 1783 557 quod
1811 489 1986 544 minus
2067 481 2284 543 scrcbor,
2315 493 2359 536 et
2385 489 2774 541 commiserabor
2799 493 2946 561 cujus
2976 494 3363 546 commisernbor
3393 498 3408 562 (
3433 493 3564 547 Ibid.
3595 512 3644 550 ιν.

401 597 502 653 est,
537 584 772 640 benedici
802 600 828 636 a
861 582 1255 652 prmstantiore.
1317 579 1480 650 igitur
1509 579 1702 633 melior
1744 588 1798 633 ct
1840 595 1978 646 prze-

401 677 629 730 stantior
650 685 731 730 est
759 685 914 745 typus
943 671 1163 735 Christi,
1193 672 1351 725 etiam
1380 686 1446 724 eo
1479 671 1595 739 ipso
1621 669 1710 738 qui
1749 669 1974 723 habebat

402 767 799 835 promissiones.
849 765 902 819 8.
960 763 1025 817 Et
1093 763 1173 815 hic
1228 763 1432 834 quidem
1488 762 1707 814 decimas
1760 760 1980 814 morieu~

397 867 468 910 (es
541 856 766 924 liciiiiiies
818 855 1116 923 accipiunt:
1145 853 1212 906 ibi
1265 862 1432 904 autent
1485 860 1792 904 contestatur
1841 850 1978 919 quod

395 949 530 1002 vivit.
578 945 682 1003 Sed
733 964 802 1001 ne
849 946 938 1001 illa
982 943 1395 1006 dicerent,Cur
1423 944 1693 1011 superiora
1739 953 1974 1012 tempora

394 1040 698 1110 adis?quid
727 1039 792 1092 ad
820 1038 1129 1092 sacerdotes
1152 1045 1394 1099 nostros,
1438 1037 1480 1088 si
1529 1035 1795 1088 Abraham
1834 1036 1975 1089 deci-

393 1146 508 1184 mas
551 1131 736 1184 dedit?
791 1129 877 1183 dic
925 1145 985 1182 ea
1017 1143 1133 1197 qure
1163 1127 1228 1180 ad
1260 1143 1355 1179 nos
1380 1134 1622 1194 spectant
1655 1142 1668 1176 :
1703 1125 1973 1196 sulijungit

387 1236 450 1275 ac
490 1220 667 1276 dicit:
709 1219 763 1274 9.
811 1218 900 1286 Et,
958 1227 1012 1271 ut
1053 1219 1123 1270 ita
1155 1217 1342 1269 dictum
1391 1217 1474 1270 sit.
1532 1214 1697 1268 Recte
1765 1215 1812 1268 id
1865 1233 1969 1270 non

385 1323 573 1382 aperte
618 1311 772 1371 dixit,
828 1325 896 1364 ne
943 1309 1154 1378 gravius
1183 1306 1519 1375 percelleret.
1575 1303 1676 1357 Per
1715 1305 1970 1359 Ain-aliam

385 1413 431 1456 et
460 1402 601 1468 Levi,
625 1403 712 1474 qui
739 1402 958 1454 decimus
986 1400 1197 1469 accepit,
1230 1397 1507 1450 decimatas
1532 1403 1624 1449 est.
1655 1396 1969 1461 Quomodo?

387 1494 476 1550 10.
506 1494 686 1548 Adhuc
715 1494 848 1547 enim
872 1492 924 1544 in
951 1491 1129 1544 (inubts
1159 1488 1316 1559 patris
1346 1495 1485 1551 erat,
1519 1487 1720 1553 quando
1757 1488 1968 1540 obviavit

383 1588 428 1640 ei
459 1583 854 1640 illeichisedecli.
889 1581 1000 1635 lloc
1026 1589 1128 1645 est,
1162 1579 1287 1632 Levi
1317 1587 1431 1632 erat
1463 1577 1514 1631 in
1555 1578 1705 1646 ipso,
1760 1578 1964 1631 etiamsi

384 1677 618 1733 nondum
648 1684 762 1732 erat
792 1683 946 1728 natus
974 1690 985 1725 :
1023 1688 1115 1741 per
1141 1687 1261 1724 eum
1295 1671 1556 1724 decimam
1589 1669 1754 1723 dedit.
1791 1669 1941 1723 Vide.

382 1783 489 1822 non
514 1765 674 1830 dixit,
731 1763 952 1826 Levita},
1001 1762 1118 1826 sed,
1168 1759 1290 1813 Levi
1336 1775 1355 1813 :
1399 1760 1541 1828 quod
1593 1760 1765 1826 majus
1813 1771 1960 1815 erat,

380 1860 550 1913 libens
601 1856 807 1911 induxit
859 1855 925 1908 ad
981 1853 1234 1922 majorem
1288 1853 1740 1923 exsuperantiam.
1776 1852 1962 1906 Vidisti

375 1960 630 2022 quantum
684 1948 894 2003 intersit
946 1948 1085 2000 inter
1125 1944 1390 1999 Abraham
1432 1954 1486 1998 et
1534 1944 1958 2009 Melchisedech,

376 2045 463 2115 qui
511 2043 614 2098 fert
666 2051 846 2112 typum
889 2039 1056 2093 nostri
1096 2035 1400 2106 pontiﬁcis?
1451 2035 1517 2090 Et
1554 2035 1788 2091 Ostendit
1829 2051 1961 2105 prte-

371 2136 673 2192 cellentiam
729 2133 893 2188 fuisse
946 2139 1245 2202 potestate,
1299 2145 1404 2184 non
1449 2127 1790 2183 necessitate.
1858 2129 1952 2184 lile

373 2230 518 2284 enim
547 2227 695 2281 dedit
722 2225 983 2279 decimam
1007 2264 1020 2283 ,
1065 2221 1203 2292 quod
1233 2220 1447 2292 quidem
1495 2229 1579 2275 est
1623 2219 1955 2275 sacerdotis:

375 2325 461 2378 hic
483 2319 782 2382 benedixit,
820 2317 960 2388 quod
991 2315 1206 2386 quidem
1237 2324 1318 2370 est
1346 2313 1587 2368 melioris
1615 2329 1678 2368 ac
1706 2323 1960 2383 praistan-

374 2414 544 2468 tioris.
581 2412 704 2465 ll:cc
736 2409 1097 2480 prmcellentia
1145 2407 1339 2461 transit
1386 2406 1546 2459 etiam
1595 2405 1660 2459 ad
1710 2415 1954 2475 nepotes.

375 2504 778 2560 Admirabiliter
804 2510 858 2556 et
884 2516 1002 2556 cum
1039 2499 1289 2568 praeclara
1319 2497 1538 2552 victoria
1581 2512 1668 2550 res
1711 2496 1956 2551 Judaicas

373 2597 516 2650 foras
576 2592 798 2662 expulit.
857 2589 1144 2658 Propterea
1201 2585 1773 2642 dicebaulmbecillcs
1833 2587 1955 2658 facti

370 2689 489 2742 estis
515 2685 709 2757 (Hebr.
762 2681 817 2738 5.
870 2682 1018 2751 H):
1071 2680 1320 2750 quoniam
1363 2678 1478 2732 hinc
1521 2677 1734 2732 volebat
1774 2677 1954 2746 jacere

370 2777 712 2833 fundamenta
742 2817 757 2840 ,
788 2789 856 2828 ne
888 2772 986 2843 ipsi
1021 2772 1310 2826 resilirent.
1361 2770 1436 2825 Ea
1484 2777 1570 2823 est
1613 2769 1755 2823 enim
1808 2768 1951 2823 Pauli

367 2867 628 2939 sapientia
661 2883 675 2920 :
708 2865 938 2936 primum
970 2863 1356 2932 praunuuiens,
1388 2859 1581 2914 deinde
1607 2875 1667 2913 ea
1693 2875 1809 2929 quae
1834 2861 1946 2915 vult

365 2959 690 3030 aggreditur.
715 2957 808 3010 Est
831 2954 972 3010 enim
997 2968 1164 3023 genus
1187 2951 1464 3005 hominum
1490 2950 1706 3004 difﬁcile
1732 2950 1794 3003 ad
1826 2965 1942 3019 per-

363 3049 718 3112 suadendum,
750 3055 806 3099 et
831 3045 994 3098 multa
1023 3059 1148 3097 cura
1173 3043 1435 3111 indigens,
1469 3049 1522 3095 et
1561 3040 1748 3110 majori
1785 3056 1942 3110 quam

364 3141 582 3210 plantae.
614 3136 746 3190 Nam
779 3135 891 3189 illic
933 3133 1148 3203 quidem
1199 3143 1281 3186 est
1325 3143 1513 3186 natura
1560 3146 1844 3200 corporum
1889 3137 1946 3186 et

366 3240 546 3292 terrae,
579 3226 778 3282 cedens
807 3224 1053 3279 manibus
1081 3223 1436 3292 agricolarum
1463 3239 1475 3274 :
1507 3221 1592 3276 hic
1635 3232 1813 3276 autem
1861 3230 1947 3276 est

365 3318 529 3373 libera
559 3316 788 3387 eligendi
821 3314 1084 3377 voluntas,
1113 3328 1230 3382 qua:
1256 3313 1454 3366 multas
1503 3313 1727 3380 suscipit
1774 3323 1945 3365 nmia-

364 3411 560 3476 tiones,
591 3417 645 3462 et
670 3421 811 3462 nunc
835 3403 1047 3476 quidem
1076 3402 1195 3466 hoc,
1230 3417 1370 3456 nunc
1397 3411 1576 3456 autem
1599 3401 1729 3454 illud
1756 3403 1903 3470 eligit
1926 3418 1940 3455 :

364 3501 474 3568 ipsa
505 3500 648 3552 enim
677 3506 760 3552 est
785 3509 1048 3566 propensa
1076 3493 1142 3547 ad
1167 3493 1376 3547 vitium.

429 3584 483 3637 5.
522 3584 878 3650 Quamobrem
910 3593 1119 3654 oportet
1157 3599 1255 3639 nos
1296 3597 1509 3651 semper
1532 3578 1834 3642 custodire,
1863 3589 1932 3630 ne

355 3676 726 3730 dormitemus.
753 3664 883 3730 Ecce
908 3677 1048 3730 enim
1078 3691 1180 3730 non
1217 3672 1528 3736 dormitubit,
1559 3669 1746 3741 inquit,
1775 3682 1934 3737 neque

357 3768 570 3822 dormiet
596 3769 681 3836 qui
693 3768 908 3822 custodit
924 3766 1090 3822 Israel
1112 3786 1131 3834 ;
1157 3780 1230 3834 et,
1253 3763 1338 3820 Ne
1366 3765 1454 3819 des
1477 3765 1530 3818 in
1549 3761 1932 3817 commotionem

356 3860 532 3930 pedem
561 3871 701 3915 tuum
726 3859 900 3930 (Psai.
935 3861 1056 3916 i20.
1085 3862 1136 3916 4.
1168 3860 1248 3931 3).
1279 3855 1394 3914 Non
1417 3857 1570 3922 dixit,
1595 3854 1671 3910 Ne
1695 3866 1933 3908 commo-

355 3953 558 4015 vearis,
585 3952 680 4006 sed
705 3993 722 4018 ,
767 3952 843 4007 Ne
869 3951 985 4008 des.
1018 3953 1152 4007 Dare
1198 3966 1326 4022 ergo
1355 3958 1440 4006 est
1468 3949 1520 4003 in
1566 3954 1746 4001 nostra
1777 3949 1932 4014 pote-

354 4051 526 4105 state,
558 4057 664 4096 non
696 4042 748 4095 in
775 4042 1000 4111 alicujus
1028 4042 1269 4095 alterius.
1310 4039 1443 4094 Nam
1471 4037 1515 4094 si
1543 4037 1767 4091 velimus
1790 4043 1933 4088 stare

356 4133 495 4188 tirmi
521 4174 536 4198 ,
565 4132 786 4187 stabiles
823 4144 876 4187 et
908 4132 1209 4187 immobiles
1231 4174 1247 4198 ,
1277 4147 1382 4185 non
1426 4127 1884 4184 commovehimur
1917 4140 1930 4178 :

355 4225 438 4278 his
464 4225 604 4279 enim
634 4223 809 4277 verbis
832 4223 958 4277 illud
977 4222 1352 4277 subindicavit.
1375 4219 1512 4288 Quid
1539 4219 1707 4289 ergo?
1731 4215 1934 4271 nihilne

355 4322 436 4369 est
464 4315 514 4368 in
560 4314 650 4368 Dci
694 4315 996 4383 potestate?
1023 4315 1077 4368 lu
1108 4313 1198 4367 Dei
1237 4312 1451 4383 quidem
1494 4317 1758 4380 potestate
1811 4315 1936 4359 sunt

353 4408 554 4472 oiimia,
581 4405 674 4460 sed
702 4421 806 4459 non
833 4407 902 4459 ita
931 4413 991 4461 ut
1015 4415 1258 4460 nostrum
1285 4404 1510 4458 liberum
1544 4400 1766 4454 liedatur
1792 4397 1936 4451 arbi-

357 4499 534 4552 trium.
587 4497 642 4550 Si
693 4513 856 4568 ergo,
898 4497 1105 4566 inquit,
1151 4508 1227 4552 est
1260 4497 1312 4550 in
1355 4495 1446 4550 Dei
1495 4502 1793 4564 potestate,
1838 4505 1935 4544 cur

357 4589 408 4643 in
461 4604 558 4642 nos
596 4587 803 4643 confert
848 4585 1097 4656 culpam?
1140 4585 1427 4656 Pr0pterea
1455 4583 1586 4648 dixi,
1619 4583 1690 4636 Ita
1723 4591 1779 4636 ut
1826 4596 1932 4635 non

357 4679 579 4732 hedatur
628 4688 868 4732 nostrum
923 4677 1151 4731 liberum
1215 4675 1513 4729 arbitrium.
1566 4673 1658 4728 Est
1711 4686 1837 4741 ergo
1881 4670 1933 4724 in

355 4779 538 4822 nostra
561 4809 574 4832 ,
601 4777 656 4822 et
701 4769 752 4822 in
799 4768 914 4837 ejus
943 4776 1205 4837 potestate
1236 4783 1248 4819 :
1276 4773 1489 4834 oportet
1518 4763 1660 4818 enim
1690 4776 1787 4815 nos
1831 4758 1936 4827 pri-

355 4876 499 4914 mum
552 4859 688 4912 bona
727 4860 960 4930 eligere,
1012 4867 1214 4914 etcum
1245 4856 1584 4926 elegerimus,
1632 4863 1756 4907 tunc
1779 4849 1936 4905 aliert

354 4967 472 5022 qua:
503 4966 594 5004 sua
625 4960 768 5004 sunt.

426 5043 506 5095 De
531 5042 685 5096 libero
705 5041 932 5095 arbitrio.
967 5071 1039 5081 —
1069 5038 1182 5095 Non
1221 5037 1478 5110 praevenit
1512 5045 1717 5089 nostras
1747 5031 1933 5086 volun-

358 5143 515 5200 tates,
546 5150 613 5188 ne
643 5133 831 5203 perdat
852 5141 1093 5186 nostrum
1126 5132 1351 5185 libermn
1379 5128 1656 5182 arbitrium
1684 5143 1695 5178 :
1722 5122 1933 5194 quando

357 5237 532 5279 autem
586 5240 683 5278 nos
725 5224 1062 5293 elegerimus,
1118 5233 1242 5276 tunc
1293 5219 1445 5274 nobis
1502 5217 1728 5271 multum
1775 5213 1932 5268 aliert

358 5318 634 5372 auxilium.
668 5315 948 5383 Quomodo
975 5330 1102 5384 ergo
1128 5357 1143 5380 ,
1170 5313 1214 5368 si
1239 5314 1290 5367 in
1323 5320 1500 5365 nostra
1539 5317 1798 5379 potestate
1827 5313 1929 5372 est,

355 5412 486 5464 dicit
511 5409 705 5463 Paulus
739 5425 751 5460 :
781 5406 899 5461 Non
940 5407 1151 5461 volemis
1183 5421 1338 5476 neque
1367 5403 1610 5458 currentis
1633 5444 1647 5467 ,
1672 5401 1759 5456 sed
1782 5401 1930 5454 mise-

356 5504 512 5555 reutis
533 5513 605 5558 est
655 5500 747 5554 Dei
775 5502 792 5571 (
821 5499 967 5554 Rom.
995 5499 1048 5554 9.
1084 5498 1189 5567 16)
1215 5498 1237 5551 ?
1285 5496 1518 5550 Primum
1561 5492 1775 5564 Quidem
1829 5506 1931 5545 non

361 5602 624 5662 tamquam
653 5610 802 5647 suam
830 5591 1122 5646 introduxit
1147 5587 1484 5652 sententiam,
1514 5586 1606 5640 sed
1627 5582 1842 5654 collegit
1864 5595 1931 5635 ex

364 5685 586 5738 souuod
620 5695 735 5738 erat
764 5685 1114 5749 prepositum,
1148 5692 1202 5738 et
1230 5697 1294 5735 ex
1327 5695 1391 5735 eo
1411 5678 1550 5756 quod
1578 5677 1932 5748 przcmissum.

2063 571 2150 641 ’i);
2180 573 2328 638 dicit,
2357 574 2476 629 Non
2507 595 2626 648 ergo
2661 581 2872 637 volemis
2899 622 2913 646 ,
2939 601 3026 636 nec
3067 586 3317 638 currentis
3336 629 3350 649 ,
3384 588 3472 640 scd
3501 591 3650 641 mise-

2085 663 2215 716 cutis
2244 673 2314 718 est
2353 665 2466 720 Dei.
2504 669 2655 723 Dices
2677 682 2855 725 autem
2887 673 3016 728 mihi
3044 717 3058 733 .
3090 675 3227 743 Quid
3259 676 3434 731 adhuc
3462 682 3642 747 queri-

2060 753 2188 807 tur?
2217 755 2518 814 Sccundum
2549 773 2748 829 autem,
2780 765 2905 818 illud
2939 767 3065 822 licet
3089 769 3286 834 dicere,
3323 771 3462 838 quod
3487 774 3645 838 cujus

2059 855 2140 897 est
2172 845 2221 898 id
2253 849 2390 915 quod
2431 861 2512 904 est
2539 854 2765 922 amplius
2789 895 2804 921 ,
2829 856 2944 925 ejus
2970 857 3098 912 dicit
3128 875 3250 913 esse
3285 871 3476 915 totum.
3506 862 3639 917 Nam

2057 945 2297 989 nostrum
2329 941 2540 1008 quidem
2581 954 2660 998 est
2702 947 3011 1018 prmeligere
3052 961 3106 1004 et
3143 952 3308 1018 velle;
3339 955 3428 1008 Dei
3457 939 3638 1009 autem

2055 1035 2137 1079 est
2189 1029 2443 1097 perlicere
2485 1041 2538 1089 et
2565 1035 2630 1090 ad
2685 1037 2847 1093 ﬁnem
2878 1039 3166 1098 deducere.
3198 1045 3460 1111 Quoniam
3507 1062 3639 1118 ergo

2055 1117 2195 1185 quod
2227 1119 2348 1189 plus
2375 1131 2457 1178 est
2483 1165 2498 1190 ,
2531 1133 2609 1180 est
2639 1127 2781 1184 illius
2805 1171 2820 1196 ,
2852 1138 3021 1186 totum
3050 1133 3191 1188 illius
3216 1151 3338 1190 esse
3362 1135 3526 1200 dicit,
3551 1117 3635 1191 lt)-

2062 1229 2230 1286 quens
2259 1215 2640 1270 convenienter
2669 1215 2912 1269 humanae
2940 1218 3334 1272 consitetudini.
3377 1219 3509 1273 Nam
3544 1236 3643 1274 nos

2059 1320 2268 1375 quoque
2310 1306 2388 1359 sic
2429 1303 2655 1360 facimus
2705 1321 2720 1359 :
2772 1315 2829 1360 ut
2877 1308 3105 1377 exempli
3159 1322 3340 1375 causa,
3394 1312 3642 1369 videmus

2055 1395 2198 1448 aedes
2222 1394 2441 1465 pulchre
2467 1394 2755 1450 mdilicatas
2779 1439 2792 1462 ,
2821 1408 2873 1452 et
2898 1397 3126 1453 dicimus
3154 1409 3322 1454 totum
3356 1417 3476 1459 esse
3502 1407 3639 1458 arti-

2059 1485 2175 1540 ficis
2203 1504 2216 1540 :
2245 1501 2565 1556 quamquam
2615 1502 2718 1541 non
2749 1497 2914 1542 totmn
2948 1489 3018 1543 sit
3061 1491 3176 1560 ejus
3199 1531 3214 1554 ,
3245 1493 3338 1546 sed
3365 1502 3419 1546 et
3443 1510 3639 1563 opera-

2053 1591 2276 1638 riorum.
2300 1585 2354 1631 et
2375 1577 2574 1632 domini
2599 1579 2686 1648 qui
2716 1580 2916 1648 pricbet
2947 1583 3244 1645 materiam,
3273 1587 3638 1641 etmultorum

2054 1671 2281 1724 aliorum
2307 1687 2322 1734 ;
2356 1670 2448 1725 sed
2483 1683 2658 1726 tamen
2685 1671 2936 1742 quoniam
2964 1674 3053 1729 ille
3073 1676 3214 1744 quod
3247 1677 3362 1745 plus
3393 1687 3476 1732 est
3498 1688 3641 1733 attn-

2052 1761 2150 1827 lit.,
2187 1762 2324 1816 illius
2370 1772 2540 1816 totum
2583 1778 2703 1818 esse
2743 1764 2989 1819 dicimus.
3041 1766 3115 1820 Ita
3161 1767 3246 1821 hic
3292 1783 3526 1838 quoque.
3578 1771 3641 1824 Et

2050 1869 2234 1909 rursus
2273 1856 2326 1910 in
2366 1854 2724 1920 multitudine,
2769 1857 2857 1911 ubi
2899 1867 3025 1913 sunt
3057 1861 3208 1913 multi
3235 1901 3251 1926 ,
3293 1876 3483 1916 onmes
3513 1878 3637 1916 esse

2050 1946 2312 2012 dicimus;
2339 1947 2429 2002 ubi
2473 1961 2650 2003 autem
2681 1951 2829 2018 pauci
2858 1992 2872 2014 ,
2904 1951 3194 2005 neminem.
3226 1951 3315 2007 Sic
3345 1955 3506 2008 eliam
3553 1957 3642 2009 hic

2049 2037 2179 2091 dicit
2203 2036 2398 2091 Paulus
2420 2078 2433 2102 ,
2467 2036 2586 2092 Non
2616 2039 2828 2093 volentis
2855 2055 3012 2109 neque
3050 2043 3302 2096 currentis
3327 2084 3342 2108 ,
3373 2044 3461 2097 sed
3491 2046 3641 2098 mise-

2049 2127 2204 2181 rentis
2225 2137 2297 2181 est
2333 2127 2444 2181 Dei.
2474 2128 2567 2182 llic
2589 2139 2766 2183 autem
2807 2129 2912 2183 duo
2943 2146 3132 2200 magna
3155 2141 3210 2185 et
3234 2134 3488 2202 pneclara
3520 2135 3641 2189 erli-

2049 2219 2124 2272 cit
2151 2236 2163 2271 :
2197 2235 2359 2272 umun
2386 2217 2598 2288 quidem
2619 2260 2633 2284 ,
2665 2235 2731 2274 ne
2756 2220 3042 2276 etTeramur
3065 2222 3133 2277 de
3161 2222 3314 2277 bonis
3343 2228 3599 2293 operibus
3623 2244 3638 2282 :

2047 2312 2364 2376 secundum,
2387 2321 2445 2366 ut
2469 2321 2618 2368 recte
2645 2312 2903 2368 factorum
2931 2329 3145 2370 causam
3175 2316 3284 2370 Deo
3316 2319 3637 2373 tribuamus.

2047 2402 2270 2458 Etiamsi
2333 2418 2567 2472 curras,
2613 2404 2820 2459 etiamsi
2871 2405 3104 2461 studium
3174 2421 3383 2477 ponas,
3440 2411 3634 2480 inquit,

2047 2510 2116 2549 ne
2141 2505 2287 2548 tuum
2320 2509 2440 2549 esse
2463 2495 2738 2551 existimes
2769 2497 2910 2565 quod
2945 2508 3088 2553 recte
3112 2509 3320 2569 gestum
3347 2509 3431 2555 est
3462 2517 3474 2555 :
3508 2518 3633 2556 nam

2047 2585 2148 2640 nisi
2172 2600 2456 2660 supernam
2479 2600 2637 2655 opem
2661 2587 2994 2659 adipiscaris,
3026 2588 3221 2643 frustra
3246 2601 3400 2645 erunt
3428 2593 3632 2647 omnia.

2045 2677 2149 2733 Sed
2177 2686 2260 2733 est
2293 2677 2630 2750 perspiCuum
2658 2677 2773 2735 fore
2798 2690 2858 2734 ut
2883 2681 2976 2736 illo
3001 2683 3292 2738 auxiliante
3321 2686 3633 2756 assequaris

2039 2767 2090 2823 id
2128 2767 2180 2822 in
2218 2786 2327 2839 quo
2359 2773 2520 2842 ponis
2541 2773 2785 2828 studium
2806 2793 2819 2838 ;
2845 2775 2939 2830 sed
2958 2777 3002 2831 si
3020 2786 3076 2832 et
3095 2787 3150 2834 tu
3171 2795 3384 2847 curras,
3404 2785 3448 2836 si
3464 2784 3621 2840 velis.

2039 2858 2158 2914 Non
2191 2862 2296 2916 hoc
2327 2878 2458 2933 ergo
2485 2862 2639 2929 dicit,
2664 2866 2809 2935 quod
2827 2867 3026 2924 frustra
3042 2872 3339 2937 currimus,
3358 2873 3452 2928 sed
3474 2875 3624 2946 quod

2040 2951 2245 3007 frustra
2277 2954 2574 3021 currimus,
2605 2956 2649 3012 si
2687 2966 2861 3012 totum
2891 2975 3010 3016 esse
3045 2970 3298 3017 nostrum
3336 2965 3623 3021 existima-

2041 3056 2183 3101 mus.
2215 3043 2260 3098 si
2294 3059 2403 3098 non
2446 3043 2570 3114 plus
2598 3047 2709 3103 Deo
2745 3049 3073 3105 tribuamus.
3121 3053 3239 3108 Non
3277 3056 3426 3111 enim
3459 3072 3622 3112 suum

2035 3143 2156 3184 esse
2195 3141 2368 3187 totum
2401 3135 2580 3188 voluit
2607 3136 2772 3202 Deus,
2798 3154 2868 3194 ne
2889 3139 3171 3196 videretur
3186 3159 3288 3198 nos
3302 3153 3507 3200 temere
3522 3162 3619 3202 θος

2037 3234 2264 3289 ronare;
2293 3239 2472 3294 neque
2502 3241 2694 3281 rursus
2722 3238 2991 3297 nostrum,
3019 3249 3087 3288 ne
3113 3234 3424 3291 incidamus
3451 3238 3505 3291 in
3526 3253 3619 3292 ar-

2037 3313 2361 3380 rogantiam.
2389 3314 2523 3369 Nam
2546 3317 2592 3369 si
2614 3333 2737 3370 cum
2761 3319 3030 3376 minorem
3054 3322 3355 3380 habeamus
3383 3337 3618 3396 partem,

2035 3398 2339 3466 eﬂ‘erimur,
2388 3410 2444 3456 et
2501 3407 2762 3473 praeclare
2813 3409 2880 3463 de
2928 3410 3091 3467 nobis
3142 3415 3447 3469 sentimus:
3482 3411 3617 3486 quid

2035 3489 2361 3556 iaceremus,
2393 3493 2438 3548 si
2463 3502 2636 3550 totum
2658 3509 2804 3555 esset
2830 3501 2884 3556 in
2907 3512 3092 3558 nostra
3116 3507 3427 3574 potestate?
3448 3505 3614 3564 Multa

2035 3580 2185 3634 enim
2241 3581 2371 3637 fecit
2431 3584 2576 3641 Deus
2613 3597 2673 3643 ut
2714 3600 2957 3646 nostram
2997 3605 3306 3664 amputaret
3356 3612 3613 3670 arrogan—

2038 3668 2190 3723 tiam.
2227 3670 2297 3726 Et
2330 3685 2586 3744 prwterea
2619 3679 2823 3734 excelsa
2858 3699 3045 3738 manus
3080 3687 3192 3755 ejus
3235 3687 3387 3758 (lsai.
3424 3668 3612 3759 535),

2035 3762 2238 3833 inquit.
2263 3763 2408 3833 Quot
2430 3783 2532 3824 nos
2556 3769 2923 3828 circumdedit
2947 3776 3319 3842 passionibus,
3351 3790 3410 3835 ut
3436 3783 3611 3837 elatos

2034 3861 2241 3908 resecet
2267 3854 2534 3923 spiritus?
2561 3869 2719 3925 quam
2745 3856 2932 3912 multis
2953 3857 3119 3913 cinxit
3139 3858 3369 3915 bestiis?
3395 3859 3617 3928 Quando

1973 3954 1975 3956 '
2031 3942 2176 3998 enim
2224 3943 2408 3998 dicunt
2449 3945 2635 4016 aliqui,
2675 3944 2814 4014 Quid
2855 3945 3002 4004 hoc?
3028 3965 3285 4020 quorsum
3333 3951 3476 4007 hoc?
3505 3951 3621 4008 lucc

2030 4034 2215 4091 dicunt
2243 4045 2435 4105 praeter
2465 4036 2558 4092 Dei
2584 4037 2860 4108 placitum.
2888 4039 2954 4096 in
2977 4049 3127 4098 tanto
3156 4052 3207 4098 te
3237 4045 3424 4098 statuit
3446 4055 3610 4110 metu,

2030 4133 2086 4180 et-
2126 4142 2194 4180 ne
2244 4141 2320 4182 sic
2371 4125 2589 4199 quidem
2647 4129 2715 4185 de
2768 4138 2822 4185 te
2867 4131 3141 4188 humiliter
3195 4135 3382 4199 sentis,
3424 4131 3519 4190 sed
3569 4135 3613 4190 si

2029 4215 2244 4285 quando
2289 4217 2372 4273 vel
2421 4233 2614 4288 parvus
2660 4220 2756 4276 tibi
2798 4221 3003 4278 faustus
3041 4226 3283 4280 everterit
3311 4237 3613 4291 successus,

2029 4307 2094 4363 ad
2122 4308 2292 4376 ipsum
2325 4324 2490 4380 usque
2517 4312 2706 4366 cadum
2737 4313 2926 4383 spiritu
2958 4317 3252 4372 extolleris.

2099 4399 2152 4452 4.
2180 4398 2467 4468 Propterea
2493 4401 2788 4458 celerrimae
2829 4403 2964 4459 tiunt
2997 4405 3318 4462 mutationes
3342 4417 3396 4462 et
3421 4416 3611 4468 casas;

2029 4500 2084 4548 et
2111 4509 2177 4549 ne
2206 4495 2283 4549 sic
2312 4493 2526 4565 quidem
2552 4498 2908 4568 castigamur:
2939 4499 3060 4554 ideo
3089 4500 3393 4570 frequentes
3412 4511 3615 4556 mortes

2028 4592 2083 4638 et
2113 4584 2409 4642 immaturae
2439 4603 2453 4653 ;
2487 4601 2587 4642 nos
2629 4598 2808 4644 autem
2842 4599 3113 4660 tamquam
3156 4592 3486 4647 immortales
3518 4606 3614 4647 su-

2032 4677 2191 4744 perbe
2217 4676 2286 4732 de
2307 4677 2462 4733 nobis
2487 4680 2748 4734 sentimus
2772 4721 2787 4746 ,
2821 4681 2972 4750 quasi
3003 4695 3290 4752 numquam
3315 4682 3557 4737 morituri
3595 4701 3611 4738 :

2029 4766 2100 4821 ita
2130 4767 2398 4837 rapimus,
2428 4769 2499 4822 ita
2548 4769 2599 4825 in
2629 4769 2856 4824 aliorum
2887 4771 3025 4826 bona
3067 4772 3407 4840 invadimus,
3453 4774 3612 4843 quasi

2031 4871 2320 4929 numquam
2349 4860 2608 4916 reddituri
2635 4861 2895 4917 rationem
2942 4880 2956 4917 :
2996 4863 3067 4918 ita
3107 4861 3433 4920 aediﬁcamus
3473 4874 3615 4918 tam“

2030 4964 2189 5018 quam
2236 4949 2324 5006 hic
2363 4967 2578 5022 semper
2610 4964 2923 5025 manentes;
2966 4963 3023 5010 et
3049 4971 3224 5026 neque
3255 4957 3347 5011 Dei
3393 4957 3612 5012 verbum

2029 5041 2265 5110 quotidie
2295 5045 2345 5097 in
2379 5045 2574 5099 nostris
2615 5045 2869 5101 insOnans
2896 5045 3136 5112 auribus,
3170 5062 3344 5116 neque
3369 5061 3458 5102 res
3485 5048 3612 5118 ipsa:

2029 5147 2127 5187 nos
2155 5133 2425 5188 erudiunt.
2455 5134 2568 5190 Non
2600 5136 2726 5190 licet
2772 5137 2954 5192 videre
2984 5137 3127 5192 diem
3181 5152 3283 5193 nec
3315 5137 3524 5204 horam,
3558 5137 3610 5192 in

2026 5238 2130 5296 qua
2157 5241 2262 5280 non
2309 5227 2524 5282 assidue
2568 5229 2736 5284 videri
2768 5230 2972 5299 possint
3000 5229 3163 5284 multa
3196 5229 3343 5284 edcri
3372 5229 3554 5284 {itinera
3592 5247 3605 5281 :

2025 5317 2120 5372 sed
2152 5318 2346 5372 frustra
2367 5319 2567 5384 omnia,
2599 5335 2699 5376 nec
2724 5321 3014 5392 quidquam
3043 5326 3108 5375 ad
3140 5332 3376 5376 nostram
3406 5319 3608 5391 pertiu-
3679 5389 3687 5396 _

2025 5410 2102 5481 git
2143 5410 2414 5466 duritiem.
2446 5410 2629 5482 Neque
2675 5413 2726 5467 in
2757 5413 2948 5469 alienis
2989 5413 3384 5469 calamitatibus
3421 5428 3612 5482 possu-

2024 5513 2144 5557 mus
2179 5502 2319 5558 eﬁici
2366 5506 2654 5570 meliores;
2705 5505 2813 5560 imo
2859 5519 2986 5561 velo
3029 5508 3277 5561 nolumus
3310 5523 3322 5559 :
3353 5507 3447 5561 sed
3487 5519 3607 5562 cum

2023 5595 2122 5650 soli
2151 5594 2423 5665 lugemus,
2455 5604 2583 5651 tunc
2622 5597 3028 5663 contrahimur;
3058 5609 3114 5652 et
3139 5599 3181 5652 si
3219 5599 3360 5653 Dens
3391 5611 3606 5653 manum

2027 5685 2333 5754 remiserit,
2361 5701 2547 5744 rursus
2577 5703 2675 5744 nos
2701 5704 2917 5745 manum
2944 5690 3268 5747 extollimus.
3294 5689 3461 5746 Nemo
3491 5704 3606 5761 qua:
