3980 6142
322 283 418 341 ibi

318 407 530 447 sursum
580 399 705 446 sunt
736 389 897 463 sapit.
927 405 1086 446 nemo
1122 393 1347 462 deepicit
1378 402 1587 449 terrena
1612 434 1629 460 ,
1656 410 1817 451 nemo
1845 396 1912 452 ad

314 483 756 555 emtum‘aspicit;
784 483 878 539 sed
896 482 1042 539 sicut
1068 485 1216 553 porci
1245 484 1397 555 proni
1423 494 1619 541 terram
1644 495 1910 557 spectant,

315 577 364 631 in
405 585 650 631 ventrem
701 574 984 641 inclinati,
1025 573 1078 629 in
1111 588 1277 631 cano
1303 574 1523 631 volutati
1570 593 1586 631 :
1635 576 1709 632 its
1747 577 1910 633 etiam

314 668 458 724 multi
490 667 743 723 homines
788 665 1067 722 teterrima
1093 680 1255 722 omne
1304 679 1365 722 se
1396 666 1774 738 inquinantes,
1802 685 1911 726 non

312 761 545 814 sentiunt
591 776 608 814 :
655 759 851 815 melius
883 759 1028 815 enim
1088 765 1173 814 est
1221 759 1500 815 immundo
1573 759 1685 817 luto
1743 761 1909 832 pollui

311 866 465 919 quam
511 851 770 920 peccatis.
813 848 948 905 Nam
978 850 1071 920 qui
1115 849 1210 905 illo
1256 859 1338 906 cst
1377 849 1725 921 inquinatus,
1756 852 1907 908 brevi

315 952 553 1011 tempore
570 940 826 1005 abluitur,
849 952 906 997 et
926 939 1166 996 redditur
1177 940 1226 995 ei
1255 940 1446 997 similis
1465 942 1554 1011 qui
1571 955 1670 997 nec
1697 940 1766 997 ab
1788 942 1899 997 iui-

313 1033 384 1086 tio
431 1033 483 1086 in
516 1031 666 1086 illam
708 1031 895 1088 incidit
923 1032 1234 1104 voraginem
1263 1049 1278 1087 :
1309 1032 1400 1104 qui
1429 1042 1608 1088 autem
1628 1033 1822 1089 cecidit
1851 1033 1904 1089 in

323 1122 629 1177 baratth
652 1123 880 1194 peccati,
898 1123 1105 1192 accepit
1122 1122 1582 1192 inquinamentum
1601 1123 1742 1193 quod
1762 1136 1901 1192 aqua

325 1227 422 1267 non
452 1214 745 1269 mandatur
762 1255 779 1280 ,
805 1213 902 1269 sed
932 1214 1100 1269 multo
1126 1223 1251 1284 eget
1291 1222 1534 1284 tempore
1557 1211 1901 1285 perfectaque

324 1304 631 1373 paenitentia
655 1345 672 1371 ,
718 1305 969 1379 lacrymis
1005 1314 1060 1360 et
1100 1305 1440 1374 planctibus,
1494 1306 1794 1377 majorique
1844 1315 1902 1362 et

323 1395 707 1450 vehementiori
736 1395 1116 1452 lamentatione
1150 1412 1308 1465 quam
1336 1412 1456 1465 qua:
1484 1406 1704 1467 prepter
1742 1397 1901 1454 caris.

324 1485 484 1539 simos
532 1486 845 1542 ostenditis.
890 1486 1024 1542 Nam
1070 1487 1152 1542 lue
1195 1486 1412 1558 quidem
1458 1487 1647 1543 sordes
1684 1489 1751 1544 ad
1798 1505 1900 1547 nos

326 1577 653 1632 extrinsecus
681 1577 992 1646 adveniunt,
1025 1588 1080 1633 et
1121 1578 1243 1633 ideo
1277 1594 1369 1636 eas
1401 1579 1508 1634 cito
1532 1579 1852 1650 deponimus
1881 1598 1896 1638 :

322 1664 423 1718 illa:
460 1676 639 1720 autem
670 1668 919 1743 oriuntur
946 1669 1301 1737 intrinsecus,
1333 1679 1387 1724 et
1420 1670 1542 1726 ideo
1569 1670 1652 1725 vix
1678 1686 1772 1727 eas
1801 1672 1899 1727 ab-

321 1755 524 1813 luentes
561 1759 938 1815 emundamus.
986 1759 1066 1815 Ea:
1105 1761 1256 1815 corde
1284 1761 1436 1828 enim,
1490 1761 1679 1833 inquit,
1711 1774 1895 1820 exeunt

320 1848 640 1916 cogitationes
668 1850 838 1916 malta,
865 1852 1243 1922 fornicationes.
1270 1853 1544 1918 adulteria,
1573 1856 1734 1924 furta,
1759 1857 1895 1925 falsa

319 1940 595 1995 testimonia
620 1941 834 2011 (Matth.
860 1944 946 1999 l5.
981 1944 1089 2014 19).
1114 1945 1176 1999 Et
1203 1945 1323 2000 ideo
1351 1945 1562 2000 dicebat
1586 1946 1852 2018 Propheta
1876 1968 1892 2006 :

320 2028 416 2083 Cor
454 2032 700 2085 mundum
727 2049 845 2087 crea
869 2035 921 2088 in
959 2050 1038 2088 me
1063 2033 1199 2089 Deus
1219 2035 1239 2106 (
1262 2035 1405 2090 Psal.
1449 2035 1538 2092 50.
1572 2036 1712 2108 12);
1755 2038 1893 2097 alius

316 2132 510 2189 autem,
540 2123 704 2178 Ablue
724 2141 757 2178 a
782 2125 900 2179 vitio
923 2142 1010 2179 cor
1030 2135 1192 2191 tuum,
1219 2124 1503 2181 Jerusalem
1527 2126 1660 2199 (Jer.
1690 2128 1743 2183 4.
1773 2130 1889 2198 Η).

318 2210 472 2266 Vides
495 2213 638 2283 quod
658 2224 808 2270 recte
827 2230 986 2285 agere
1009 2225 1248 2272 nostrum
1276 2217 1346 2271 sit
1360 2226 1417 2272 et
1438 2217 1530 2273 Dei
1548 2218 1570 2272 ?
1587 2218 1652 2272 Et
1673 2234 1890 2275 rursus:

318 2300 454 2356 Beati
501 2307 694 2361 mundo
760 2309 949 2373 corde,
1005 2309 1245 2379 quoniam
1297 2309 1397 2377 ipsi
1439 2307 1608 2365 Deum
1653 2310 1892 2368 videbunt

316 2394 521 2463 (Matth.
552 2398 607 2453 5.
638 2397 719 2469 8).

382 2486 599 2541 Peccata
619 2489 872 2559 quomodo
895 2490 1243 2562 abStergenda.
1269 2521 1341 2533 —
1367 2490 1681 2548 Elliciamur
1701 2494 1889 2551 mundi

314 2594 405 2646 pro
431 2580 629 2635 nostris
642 2580 885 2647 viribus;
909 2582 1277 2653 abstergamus
1291 2593 1469 2637 nostra
1492 2593 1727 2653 peccata.
1744 2586 1893 2651 Quo.

222 2730 225 2737 λ
313 2669 465 2723 modo
482 2681 664 2725 autem
683 2673 887 2741 possint
904 2672 1157 2744 abstergi,
1175 2674 1332 2729 docet
1354 2673 1637 2743 propheta,
1657 2674 1841 2732 dicens
1871 2692 1885 2730 ;

315 2759 425 2812 Lavi
449 2763 594 2826 mini,
620 2764 796 2817 mundi
813 2774 986 2830 estote,
1008 2771 1202 2835 aufme
1217 2766 1334 2819 sitia
1353 2766 1414 2819 ab
1434 2766 1697 2822 animabus
1715 2773 1890 2824 vestris

312 2868 474 2904 coram
499 2855 659 2907 oculis
681 2855 806 2908 meis
838 2854 992 2926 (lsai.
1022 2857 1070 2911 ι.
1104 2857 1169 2911 l6
1190 2859 1228 2924 ).
1257 2856 1395 2924 Quid
1425 2865 1533 2926 cst,
1556 2856 1743 2917 Coram
1763 2875 1889 2915 ocu-

315 2941 373 2993 li.
396 2945 550 2995 uncis?
574 2944 705 2999 Ouia
730 2946 975 2998 violentur
1000 2947 1214 3008 quidem
1238 2949 1541 3017 aliquiesse
1560 2951 1670 3007 vitii
1697 2968 1888 3021 exper-

328 3028 1675 3051 ————-——————————_——_

1680 3038 3480 3071 Μ

1111 281 1179 343 IN
1216 283 1434 343 EPIST.
1478 285 1567 341 AD
1605 284 1969 347 HEBREOS.
2009 290 2162 349 CAP.
2206 291 2319 353 VII.
2360 296 2593 358 IIOMIL.
2634 300 2777 362 χιιι.

2017 410 2119 469 tes,
2149 403 2245 460 sed
2276 402 2601 476 hominibus,
2631 411 2740 466 Deo
2766 421 2943 467 autem
2969 422 3094 468 sunt
3122 413 3388 470 manifesti
3416 420 3597 488 st-pul-
3646 446 3651 451 ι

2013 506 2106 548 cra
2154 494 2402 552 dealbata
2428 517 2442 554 :
2472 500 2596 558 ideo
2618 501 2767 569 dicit,
2789 503 2881 560 Sic
2897 505 3104 561 auferte
3127 508 3267 563 sicut
3295 524 3395 579 ego
3417 510 3594 565 viden.

2012 582 2206 642 Discite
2236 586 2425 643 bonum
2453 594 2642 660 facere,
2670 595 2917 664 exquirite
2947 597 3203 666 judicium
3230 639 3244 663 ,
3275 599 3518 654 humilem
3547 611 3596 658 et

2011 693 2288 749 pauperem
2325 683 2606 752 justi/iacto
2655 703 2676 740 :
2706 695 2754 741 et
2793 676 2954 743 venite
2978 700 3025 744 et
3053 690 3428 760 disceptemus,
3467 692 3595 750 dicit

2005 774 2288 839 Dominus;
2326 785 2375 830 et
2418 777 2464 831 si
2507 779 2608 832 sint
2653 790 2856 847 peccata
2906 791 3071 837 uestra
3111 783 3242 838 sicut
3297 800 3589 856 puniceum,

2003 866 2133 921 sicut
2160 867 2323 921 nivem
2361 867 2640 933 dealbabo;
2674 870 2717 923 si
2754 872 2855 926 sint
2908 884 3078 928 autem
3114 875 3245 932 sicut
3302 878 3585 946 coccinum,

2005 967 2260 1027 tamquam
2285 959 2457 1012 lanam
2479 959 2722 1015 dealbabo
2755 960 2906 1032 (Isai.
2941 965 2992 1019 1.
3021 966 3110 1021 17.
3141 967 3246 1037 l8).
3274 968 3587 1040 Videsqnod

2003 1057 2250 1116 oporteat
2273 1062 2368 1104 nos
2392 1050 2599 1118 priores
2615 1050 2895 1120 mundare,
2927 1063 2982 1109 et
3008 1066 3133 1111 tunc
3160 1059 3298 1115 Deus
3325 1063 3589 1119 nnmdatl

2001 1135 2133 1194 Nam
2179 1153 2300 1194 cum
2347 1142 2497 1210 prius
2544 1141 2813 1212 dixisset,
2846 1144 3134 1212 Laoamini,
3176 1152 3356 1207 utendi
3394 1165 3583 1220 estote,

2004 1239 2131 1284 tunc
2177 1229 2491 1299 subjunxit,
2526 1232 2637 1304 Ego
2689 1233 2956 1298 dealbabo.
3005 1235 3176 1294 Nemo
3217 1256 3345 1312 ergo
3398 1259 3462 1298 ex
3523 1244 3588 1301 iis

2000 1321 2093 1390 qui
2120 1321 2340 1377 veniunt
2380 1322 2447 1378 ad
2486 1337 2754 1381 summum
2801 1327 3011 1401 vitium,
3053 1330 3122 1387 de
3170 1346 3230 1387 se
3272 1332 3518 1404 desperet
3570 1356 3584 1396 :

1998 1411 2131 1467 Nam
2157 1414 2367 1469 etiamsi
2394 1415 2632 1484 intratis,
2664 1418 2857 1489 inquit,
2888 1419 2957 1476 ad
2989 1421 3228 1478 habitum
3255 1465 3270 1485 .
3311 1435 3366 1479 et
3393 1443 3591 1498 prope-

1999 1506 2216 1561 modum
2242 1504 2309 1560 ad
2333 1515 2578 1563 naturam
2612 1509 2781 1579 ipsius
2801 1511 2937 1580 vitii,
2963 1527 3031 1569 ne
3056 1524 3268 1570 luncas.
3291 1516 3586 1588 Propterea

1998 1610 2105 1652 non
2147 1597 2376 1654 exilibus
2414 1608 2470 1655 et
2513 1601 2755 1658 evanidis
2778 1605 3015 1676 acceptis
3044 1602 3312 1663 eoloribns
3336 1651 3350 1674 ,
3375 1611 3469 1666 sed
3497 1615 3585 1682 qui

1998 1697 2122 1742 sunt
2151 1703 2320 1759 prope
2343 1689 2397 1744 in
2425 1691 2538 1760 ipsa
2567 1692 2646 1747 rei
2673 1694 2930 1763 essentia,
2970 1710 3063 1751 eos
3091 1698 3222 1754 dicit
3247 1710 3501 1756 venturos
3532 1705 3583 1758 in

1996 1788 2193 1835 statum
2224 1782 2575 1837 contrarium.
2593 1782 2712 1839 Non
2728 1784 2903 1841 solum
2927 1788 3074 1843 enim
3100 1789 3237 1845 dixit
3256 1791 3458 1861 lavare,
3488 1796 3585 1851 sed

1999 1879 2270 1942 tamquam
2301 1872 2477 1928 nivem
2506 1881 2562 1929 et
2592 1883 2863 1945 tamquam
2891 1877 3066 1934 lanam
3094 1879 3369 1947 dealbare,
3401 1895 3459 1939 ut
3488 1886 3584 1940 bo-

1995 1979 2120 2020 nam
2141 1980 2293 2036 spem
2324 1967 2479 2023 nobis
2508 1968 2762 2037 praebeat.
2797 1970 2940 2042 Ergo
2967 1987 3157 2045 magna
3198 1974 3280 2031 vis
3311 1977 3581 2046 pauitan-

1996 2056 2105 2125 tize,
2132 2057 2396 2128 siquidem
2423 2075 2525 2115 nos
2554 2059 2680 2117 facit
2703 2063 2857 2133 quasi
2879 2064 3078 2131 nivem,
3108 2081 3165 2122 et
3191 2066 3406 2124 dealbat
3429 2074 3582 2141 quasi

1994 2145 2193 2215 lanam,
2223 2149 2433 2205 etiamsi
2460 2151 2607 2222 quod
2636 2153 2830 2209 invasit
2857 2165 3134 2225 peccatum
3163 2171 3375 2216 nostras
3407 2164 3583 2220 tinxe-

1992 2240 2307 2297 ritanimas.
2333 2243 2656 2301 Studeamus
2678 2261 2807 2318 ergo
2838 2248 2956 2304 ﬁeri
2987 2250 3171 2307 mundi
3201 2269 3217 2308 :
3259 2253 3393 2309 nihil
3420 2271 3582 2325 grave

1987 2332 2147 2402 jussit
2174 2351 2188 2388 :
2212 2333 2454 2391 Judicate
2478 2338 2726 2408 orphano,
2749 2348 2798 2394 et
2826 2340 2992 2396 vidule
3010 2343 3147 2411 quod
3178 2354 3251 2399 est
3270 2346 3469 2417 justum
3494 2347 3582 2418 fa-

1989 2426 2086 2481 cite
2127 2426 2292 2496 (lbid.
2337 2445 2387 2483 υ.
2431 2430 2559 2501 l7),
2602 2431 2793 2502 inquit.
2845 2432 3009 2490 Vides
3051 2437 3322 2506 quomodo
3372 2439 3577 2512 ubique

1989 2518 2131 2588 apud
2177 2518 2343 2575 Deum
2384 2535 2575 2591 magna
2613 2522 2840 2580 habetur
2882 2525 3020 2582 ratio
3069 2528 3478 2597 misericordiae.
3522 2546 3581 2607 et

1988 2608 2318 2666 delensionis
2346 2626 2534 2669 eorum
2561 2613 2652 2685 qui
2674 2614 2985 2672 afﬁciuntur
3013 2618 3249 2689 injuria?
3275 2621 3400 2679 Hcce
3429 2623 3569 2680 bona

1987 2703 2362 2772 aggrediamur
2407 2719 2594 2775 opera,
2639 2716 2694 2762 et
2731 2708 3025 2778 poterimus
3073 2709 3168 2766 Dei
3216 2715 3384 2785 gratia
3431 2715 3572 2771 bona

1986 2796 2147 2850 etiam
2180 2796 2351 2851 futura
2382 2798 2639 2868 consequi
2674 2817 2687 2854 :
2716 2801 2909 2871 quibus
2940 2817 3037 2860 nos
3078 2820 3268 2862 omnes
3296 2810 3575 2880 contingat

1986 2889 2176 2961 dignos
2209 2891 2320 2945 ﬁeri
2352 2892 2403 2945 in
2429 2892 2647 2948 Christo
2668 2893 2793 2950 Jesu
2819 2895 3051 2952 Domino
3078 2907 3285 2954 nostro.

3489 3062 3596 3078 ἰ’-ι,

1723 3117 1930 3181 HOMI
1940 3116 2071 3180 UA
2110 3114 2288 3181 XIII.

331 3184 455 3238 Car.
486 3184 541 3239 7.
572 3199 628 3239 ν.
664 3185 753 3240 li.
787 3183 849 3239 St
894 3200 1012 3254 ergo
1041 3185 1406 3238 consummatio
1436 3201 1525 3254 per
1565 3183 1905 3239 sacerdotium

397 3273 672 3329 Leviticum
693 3284 802 3329 erat
824 3275 1069 3345 (populus
1085 3277 1216 3329 enim
1242 3278 1330 3330 sub
1352 3278 1462 3345 ipso
1489 3276 1647 3346 legem
1666 3275 1905 3346 accepit),

396 3368 515 3436 quid
571 3368 742 3420 adhuc
803 3369 1138 3422 necessarium
1198 3368 1294 3438 fuit
1344 3368 1621 3423 secundum
1680 3368 1909 3423 ordinent

398 3456 774 3512 Melchisedech
812 3459 969 3513 alium
1012 3459 1361 3523 sacerdotem,
1398 3471 1443 3513 et
1486 3477 1586 3513 non
1633 3459 1908 3514 secundum

400 3550 627 3604 ordinem
672 3550 845 3605 Aaron
870 3551 1012 3604 dici?
1062 3551 1148 3605 l2.
1182 3555 1423 3605 translato
1454 3553 1586 3605 enim
1626 3552 1907 3606 sacerdotia

398 3658 593 3696 necesse
620 3650 695 3695 est
716 3652 768 3694 ut
788 3653 833 3695 et
861 3642 981 3711 legis
1008 3644 1273 3697 translatio
1304 3643 1411 3711 ﬁat.
1437 3644 1521 3697 15.
1549 3642 1614 3695 1η
1641 3660 1738 3711 quo
1774 3642 1909 3696 enim

397 3734 499 3787 lucc
526 3732 800 3797 dicuntur,
834 3731 898 3787 de
929 3733 1033 3786 alia
1063 3734 1195 3787 tribu
1220 3744 1312 3794 est,
1343 3734 1407 3787 de
1431 3749 1531 3801 qua
1564 3736 1736 3786 nullus
1756 3733 1908 3786 altari

397 3836 577 3894 prmsto
604 3827 723 3895 fuit.
757 3827 845 3881 14.
879 3825 1207 3898 Manifestum
1237 3838 1308 3879 est
1348 3828 1480 3878 enim
1519 3827 1654 3895 quod
1682 3842 1745 3878 ea:
1768 3824 1909 3879 Juda

396 3930 527 3973 ortus
551 3921 618 3973 sit
652 3917 897 3972 Dominus
925 3927 1092 3973 noster
1112 3958 1127 3983 ,
1177 3918 1229 3971 in
1258 3933 1357 3987 qua
1390 3917 1520 3971 tribu
1548 3918 1677 3972 nihil
1716 3919 1779 3972 de
1823 3934 1908 3972 sa-

398 4009 619 4063 cerdotio
648 4008 851 4079 Moyses
878 4009 1110 4079 loquutus
1145 4023 1234 4063 est.

396 4102 446 4155 l.
493 4102 554 4155 Si
599 4117 719 4169 ergo
757 4103 1122 4157 consummatio
1152 4119 1238 4173 per
1265 4103 1601 4157 sacerdotium
1630 4102 1907 4159 Leviticum

331 4202 452 4256 erat,
483 4194 677 4263 inquit.
710 4192 841 4249 Cum
865 4194 1089 4249 dixisset
1113 4196 1180 4250 de
1206 4196 1616 4265 Melchisedech,
1648 4210 1702 4252 et
1722 4207 1906 4253 osten-

326 4283 493 4340 disset
516 4294 779 4355 quantum
806 4295 951 4341 esset
976 4287 1282 4342 Abrahamo
1310 4291 1673 4359 praestantior,
1705 4300 1761 4345 et
1790 4306 1906 4344 ma-

327 4390 482 4443 gnam
512 4376 921 4446 pronuntiasset
965 4377 1356 4444 dill'erentiam;
1389 4379 1513 4434 hinc
1538 4380 1792 4451 deinceps
1814 4383 1908 4439 de-

325 4477 583 4523 monstrat
611 4467 739 4538 quid
769 4469 979 4523 intersit
1010 4470 1152 4535 inter
1175 4469 1578 4526 Testamentum
1609 4474 1780 4542 ipsum
1802 4517 1816 4541 ,
1856 4485 1910 4529 et

325 4558 590 4627 quomodo
641 4558 770 4614 illud
800 4560 1017 4626 quidem
1064 4561 1135 4616 sit
1185 4564 1587 4632 imperfectum,
1633 4566 1739 4620 hoc
1780 4582 1908 4622 vero

320 4652 641 4725 perlectum.
674 4651 742 4707 Et
765 4653 999 4709 nondum
1023 4653 1089 4708 ad
1115 4670 1201 4710 res
1226 4657 1367 4726 ipsas
1396 4658 1624 4722 accedit,
1656 4659 1747 4715 sed
1768 4660 1907 4714 inte-

322 4744 417 4796 rim
447 4743 807 4815 depugnatex
829 4745 1126 4801 sacerdotio
1151 4756 1204 4801 et
1230 4747 1589 4803 Testamento.
1612 4749 1736 4806 ch
1765 4754 1907 4808 enim

321 4842 447 4890 tunc
469 4835 763 4891 incredulis
793 4845 947 4892 erant
974 4838 1141 4907 magis
1169 4837 1465 4905 credibilia,
1506 4841 1721 4910 quando
1746 4858 1813 4897 ex
1844 4843 1909 4901 iis

327 4944 443 4997 qua:
464 4929 618 4999 prius
634 4938 848 4998 accepta
865 4928 1144 4985 luerantet
1159 4930 1360 4985 credita
1393 4932 1451 4985 lit
1499 4931 1904 4988 demonstratio.

322 5019 568 5077 Ostendit
594 5021 729 5077 Levi
754 5030 811 5076 et
827 5021 1131 5077 Abrahamo
1162 5023 1318 5094 longe
1340 5038 1459 5079 esse
1480 5026 1908 5096 praestantiorem

323 5112 941 5184 Melchisedechum,qui
968 5114 1019 5168 in
1046 5115 1236 5171 ordine
1273 5116 1611 5171 sacerdotum
1641 5118 1741 5172 luit
1767 5120 1909 5189 apud

324 5221 434 5261 eos.
449 5206 530 5263 Ex
552 5207 661 5263 alio
681 5222 869 5263 rursus
889 5219 1311 5278 argumentatur.
1326 5209 1407 5264 Ex
1428 5226 1658 5279 quonam
1680 5214 1795 5268 ?Ex
1818 5230 1909 5268 sa-

326 5299 559 5354 cerdotio
585 5299 910 5371 praesentiet
937 5315 1000 5355 ex
1019 5301 1260 5356 Judaico.
1280 5301 1346 5355 Et
1374 5304 1493 5358 vide
1522 5304 1649 5358 mihi
1674 5307 1912 5378 pruden-

326 5391 445 5445 tiam
474 5393 752 5461 ingentem
780 5408 794 5444 :
823 5405 890 5447 ex
920 5407 1026 5460 quo
1053 5394 1193 5447 enim
1229 5404 1345 5447 crat
1368 5396 1658 5452 verisimile
1688 5412 1811 5453 cum
1843 5417 1911 5456 ex

324 5483 619 5538 sacerdotio
639 5484 1018 5556 expellendum
1038 5500 1177 5551 esse,
1198 5487 1445 5555 quoniam
1467 5506 1570 5542 non
1594 5498 1908 5546 eratsccun-

326 5576 442 5630 dum
466 5581 711 5632 ordinem
766 5580 969 5645 Aaron,
998 5595 1060 5632 ex
1090 5578 1312 5633 coltunc
1332 5581 1544 5650 quidem
1567 5586 1769 5649 statuit,
1794 5587 1910 5640 illos

328 5687 447 5725 vero
474 5674 644 5742 ejicit.
681 5672 794 5725 Hoc
838 5682 1017 5725 autem
1047 5670 1167 5724 facit
1214 5688 1275 5729 se
1306 5682 1574 5744 tamquam
1611 5677 1676 5730 de
1728 5680 1905 5749 aliquo

344 5761 669 5819 dubitantem
702 5762 981 5827 inducens,
1012 5777 1108 5816 cur
1130 5777 1235 5816 non
1266 5762 1477 5821 dicatur
1502 5769 1790 5825 secundum
1822 5789 1906 5827 01‘-

630 5855 905 5916 ΡΑΤιιοι..
961 5862 1076 5921 (in.
1128 5861 1350 5922 LXlil.
1778 5884 1787 5887 ‘
1860 5876 1863 5878 ’

2010 3199 2194 3259 dinem
2223 3203 2401 3257 Aaron
2427 3244 2443 3271 ,
2471 3203 2655 3275 sicque
2681 3203 2899 3263 dubium
2926 3207 3229 3266 solventem
3269 3227 3287 3268 :
3328 3212 3397 3269 Et
3445 3230 3545 3285 ego
3572 3256 3590 3287 ,

2011 3293 2218 3365 inquit,
2248 3294 2347 3349 hac
2385 3294 2454 3351 de
2484 3310 2544 3352 re
2574 3295 2760 3354 dubito
2782 3340 2797 3364 ,
2830 3315 2927 3355 cur
2972 3316 3079 3358 non
3110 3302 3270 3359 fuerit
3297 3306 3591 3367 secundum

2009 3387 2253 3444 ordinem
2278 3389 2526 3451 Aaronis.
2560 3390 2673 3447 Hoc
2701 3392 2843 3447 enim
2876 3394 3140 3465 signiﬁcat
3163 3396 3371 3468 dicens,
3401 3398 3463 3455 Si
3488 3416 3592 3456 au-

2010 3489 2107 3535 tem
2146 3482 2511 3537 consummatio
2536 3497 2626 3553 per
2654 3484 2992 3539 sacerdotium
3034 3486 3308 3545 Leviticum
3339 3499 3462 3550 erat,
3518 3491 3589 3549 Ει

2013 3570 2141 3625 illud
2162 3612 2177 3635 ,
2213 3571 2351 3643 Quid
2378 3572 2547 3629 adhuc
2598 3576 2934 3634 necessarium
2978 3577 3109 3646 fuit,
3144 3594 3387 3653 magnam
3417 3580 3580 3639 habet

2021 3660 2341 3728 emphasim.
2364 3661 2497 3714 Nam
2518 3662 2560 3715 si
2591 3673 2718 3722 ante
2746 3674 2890 3719 essm
2915 3667 3421 3736 quidemCltristus,
3440 3673 3586 3747 quod

2017 3748 2084 3801 ad
2108 3765 2324 3805 carnem
2347 3753 2559 3815 attinet,
2577 3755 2879 3809 secundum
2898 3756 3144 3811 ordinem
3166 3759 3583 3831 Melchisedech,

2007 3843 2201 3899 deinde
2221 3846 2406 3901 luisset
2428 3846 2532 3911 lex,
2565 3856 2620 3901 et
2645 3862 2764 3917 qua:
2794 3857 2950 3902 erant
3007 3849 3267 3910 Aaronica
3294 3852 3592 3911 :vcrislnn-

2009 3937 2131 3991 liter
2161 3937 2263 3992 dici
2317 3946 2533 4009 posset,
2567 3937 2698 4002 lucc,
2727 3946 2784 3993 nt
2820 3954 2939 4009 qure
2968 3940 3077 3995 sint
3125 3942 3461 4010 perfectiora,
3500 3944 3590 4002 illa

2007 4028 2320 4095 dissolvere,
2345 4038 2530 4100 utqum
2554 4032 3008 4100 supervenissent.
3040 4033 3094 4088 Si
3125 4042 3302 4088 autem
3348 4032 3590 4093 Clnistus

2008 4131 2089 4180 cst
2116 4122 2403 4194 posterior,
2435 4134 2488 4177 et
2518 4122 2681 4181 alium
2712 4124 2905 4194 accipit
2958 4133 3138 4196 typum
3170 4126 3477 4194 sacerdotii,
3506 4140 3594 4190 est

2010 4214 2346 4283 pet-Spicuum
2378 4216 2426 4267 id
2452 4215 2633 4280 luisse,
2656 4214 2798 4285 quod
2843 4215 2929 4272 illa
2951 4226 3131 4271 essent
3170 4218 3588 4287 imperfectinrn,

2008 4303 2276 4360 Ponamus
2314 4307 2454 4360 enim
2482 4348 2495 4371 ,
2544 4306 2749 4379 inquit,
2783 4307 2930 4361 vcrbi
2959 4322 3118 4363 causa
3149 4351 3164 4376 ,
3194 4312 3370 4370 omnia
3426 4312 3591 4368 fuisse

2007 4395 2243 4466 impleta,
2264 4406 2314 4451 ct
2345 4396 2475 4451 nihil
2502 4397 3001 4466 esseimperl'ectum
3022 4400 3072 4452 in
3096 4401 3397 4456 sacerdotio
3422 4400 3436 4457 ξ
3464 4404 3590 4468 quid

2007 4506 2136 4558 ergo
2185 4505 2318 4563 Opus
2367 4498 2482 4546 erat
2534 4499 2592 4543 ut
2658 4488 2957 4559 diceretur,
3010 4489 3304 4547 Secundum
3364 4493 3591 4553 ordinem

2009 4582 2398 4648 Melchisedech,
2418 4592 2473 4639 et
2500 4599 2627 4646 non,
2652 4583 2959 4639 Secundum
2991 4584 3232 4639 ordinem
3250 4586 3469 4644 Aaron?
3495 4604 3591 4642 cur

2007 4673 2228 4728 dimisso
2257 4675 2466 4731 Λιποηο
2504 4673 2731 4731 alterum
2765 4675 2968 4731 induxit
2996 4676 3373 4741 sae-rdotium,
3398 4693 3590 4748 nempe

2008 4766 2374 4823 Melcltisedcci
2395 4768 2419 4818 ?
2441 4767 2502 4822 Si
2521 4769 2886 4825 consummatio
2899 4777 3008 4824 erat
3029 4786 3117 4838 per
3131 4768 3403 4823 Leviticum
3430 4787 3592 4827 sacer-

2007 4860 2236 4930 dotium,
2276 4873 2465 4928 nempe
2495 4860 2538 4913 si
2562 4874 2740 4914 rermn
2772 4871 2825 4913 et
2845 4860 2965 4915 vita:
2993 4859 3298 4929 dogmatum
3337 4862 3592 4933 perfectio

2008 4966 2104 5021 per
2137 4948 2432 5005 Leviticum
2465 4962 2579 5005 erat
2624 4949 3005 5008 sacerdotium.
3052 4949 3185 5005 Vide
3229 4963 3406 5007 autem
3455 4967 3592 5020 quo-

2008 5040 2168 5093 mmlo
2212 5049 2355 5096 recta
2385 5038 2465 5093 via
2500 5040 2889 5111 progrediatur.
2924 5041 3093 5106 Dixit,
3127 5042 3265 5114 quod
3297 5042 3495 5097 sccnnd
3520 5061 3587 5094 nn

2006 5132 2247 5186 ordinem
2295 5131 2720 5200 Melchisedech,
2753 5133 3042 5189 ostendens
3091 5134 3231 5204 quod
3276 5134 3349 5187 sit
3398 5135 3591 5190 melius

2008 5224 2059 5280 id
2102 5225 2242 5296 quod
2277 5233 2359 5280 est
2413 5225 2703 5280 secundum
2745 5227 2985 5285 ordinem
3032 5224 3461 5283 Melchisedech:
3506 5239 3590 5282 e-t

2007 5317 2148 5370 enim
2201 5316 2369 5371 multo
2435 5316 2645 5370 melius.
2696 5317 2957 5389 Deinceps
3007 5316 3108 5371 hoc
3157 5332 3315 5372 cuam
3361 5319 3591 5372 ostendit

2008 5424 2073 5464 ex
2106 5417 2379 5476 tempore,
2413 5408 2552 5479 quod
2582 5409 2787 5463 scilicet
2818 5418 2938 5478 post
2965 5409 3230 5462 Aaronem
3276 5411 3344 5461 sit
3384 5410 3466 5470 is,
3500 5411 3589 5475 qui

2009 5512 2091 5554 cst
2136 5502 2488 5569 prmstantior.
2538 5500 2602 5554 Et
2645 5500 2769 5569 quid
2814 5499 2911 5553 sibi
2964 5498 3074 5551 vult
3140 5500 3281 5568 quod
3336 5500 3590 5567 deinceps

2008 5593 2280 5661 sequitur,
2314 5592 2543 5659 Papulas
2578 5593 2707 5645 enim
2735 5590 2823 5641 sub
2854 5592 2961 5657 ipso
2990 5592 3147 5657 legem
3195 5592 3383 5657 accepit
3408 5592 3432 5644 ?
3461 5592 3586 5659 quid

2008 5693 2124 5749 est,
2161 5684 2267 5738 Sub
2309 5684 2456 5751 ipso?
2515 5685 2612 5737 l’cr
2665 5684 2835 5751 ipsum
2885 5681 3213 5750 ingreditur.
3270 5700 3363 5752 per
3418 5686 3588 5753 ipsum

2008 5777 2144 5847 gerit
2174 5775 2352 5829 omnia
2384 5792 2395 5828 :
2441 5792 2541 5828 non
2573 5783 2744 5845 potest
2795 5773 2897 5826 dici
2955 5772 3092 5843 quod
3125 5775 3242 5826 aliis
3290 5778 3357 5829 sit
3387 5779 3588 5834 datum.

3233 5862 3270 5927 7
