3980 6142
261 4463 275 4493 ι
339 4440 579 4494 exercuit
626 4458 638 4493 :

331 295 448 351 103

353 409 581 464 ιουυηιιις
623 409 712 460 sub
761 407 868 474 ipso
927 405 1082 474 lrgem
1127 400 1314 469 accepit
1343 415 1359 453 :
1388 401 1484 453 hoc
1513 409 1631 464 est,
1681 415 1742 453 ea
1790 415 1922 456 usus

346 517 448 561 est.
480 504 592 556 Non
645 507 818 569 potest
870 497 973 551 dici
1023 493 1162 564 quod
1204 491 1431 561 perlecta
1477 491 1688 561 quidem
1735 502 1916 558 esset,

347 597 540 667 populo
589 603 764 646 autem
828 599 931 642 non
988 584 1268 655 prmposita
1307 582 1483 638 fuerit.
1535 582 1644 637 Sub
1692 587 1804 652 ipso
1847 583 1921 636 te-

347 705 455 758 gent
500 684 689 756 accepit
735 697 751 734 :
801 679 901 733 hoc
955 684 1076 742 est,
1127 675 1244 743 ipso
1297 688 1424 731 usus
1463 683 1567 727 est.
1621 672 1756 740 Quid
1787 687 1916 743 ergo

343 797 476 850 opus
504 786 638 831 erat
664 774 768 828 alio
809 769 1104 826 sacerdmio
1126 809 1139 831 ,
1169 767 1214 820 si
1261 765 1386 819 illud
1437 765 1727 832 perlectum
1769 764 1919 820 erat?

343 869 621 926 Translata
662 866 802 920 enim
873 859 1213 922 sacerdotio,
1280 871 1500 910 necesse
1543 866 1625 910 est
1679 866 1736 908 ιιι
1793 857 1920 924 legis

304 977 552 1033 vquoque
585 954 858 1012 translatio
889 952 1020 1006 fiat:
1065 950 1108 1003 si
1154 959 1328 1001 autem
1358 961 1574 1001 necesse
1617 956 1699 999 est
1746 957 1802 999 ut
1851 947 1920 998 sit

340 1042 476 1109 alius
523 1048 793 1110 sacerdos,
819 1043 905 1099 vel
954 1041 1128 1112 potius
1163 1039 1307 1092 aliud
1347 1037 1700 1092 sacerdotium
1723 1078 1739 1103 ,
1762 1037 1917 1090 aliam

341 1157 552 1213 quoque
597 1140 767 1208 legem
797 1149 918 1190 esse
942 1145 1163 1187 necesse
1193 1139 1297 1183 est.
1344 1129 1454 1183 lloc
1498 1129 1562 1182 ad
1592 1143 1686 1182 cos
1713 1129 1801 1198 qui
1831 1128 1917 1180 di-

341 1244 501 1289 cunt:
525 1231 662 1298 Quid
684 1242 818 1298 opus
841 1233 958 1280 erat
981 1236 1118 1276 novo
1137 1220 1523 1276 Testamento?
1549 1219 1678 1273 Nam
1709 1226 1919 1287 poterat

340 1324 555 1394 quidem
585 1320 747 1375 etiam
773 1332 838 1372 ex
864 1311 1142 1386 prOphetis
1163 1312 1343 1366 dicere
1369 1310 1731 1364 testimonium
1760 1327 1771 1361 :
1805 1308 1918 1366 lloc

342 1427 422 1472 est
483 1419 856 1469 testamentum
932 1405 1073 1476 quod
1139 1404 1374 1473 disposui
1435 1402 1672 1472 patrilms
1728 1403 1918 1456 vestris

346 1509 480 1579 (Act.
545 1505 600 1558 ὅ.
627 1502 719 1570 25)
749 1519 764 1555 :
793 1498 1002 1553 interim
1058 1504 1235 1549 autem
1283 1503 1478 1564 pugnat
1503 1509 1567 1548 ex
1595 1493 1914 1549 sacerdotio.

341 1600 408 1653 Et
436 1597 550 1651 vide
580 1607 737 1664 quam
778 1599 985 1658 optaret
1010 1586 1062 1642 id
1113 1584 1284 1640 eilari.
1326 1585 1484 1646 Dixit,
1514 1583 1803 1638 Secundum
1830 1601 1915 1638 or-

341 1692 508 1743 dinem
538 1681 927 1740 Melchisedech.
956 1678 1067 1734 Hoc
1089 1677 1248 1747 ejecit
1267 1676 1626 1739 sacerdotium
1657 1678 1913 1731 Aaronis:

340 1799 374 1835 ll
415 1796 446 1833 ιι
476 1779 617 1834 enim
641 1775 864 1828 dixisset
887 1812 901 1834 ,
935 1769 1226 1825 Secundum
1252 1769 1480 1820 ordinent
1522 1765 1912 1832 Melchisedech,

338 1874 382 1926 si
434 1869 560 1924 ilhul
590 1874 734 1922 esset
781 1863 989 1918 melius.
1023 1861 1078 1915 Si
1107 1874 1234 1930 ergo
1263 1859 1618 1913 introductum
1650 1859 1744 1914 fuit
1771 1861 1930 1917 aliud.

338 1961 713 2024 sacerdotium,
739 1957 966 2010 alterum
991 1967 1200 2022 quoque
1220 1951 1450 2020 oportuit
1481 1965 1600 2012 esse
1632 1960 1934 2007 testamen-,

339 2065 449 2109 tum
476 2072 488 2108 :
523 2065 694 2121 neque
734 2048 876 2103 enim
904 2045 1015 2100 ﬁeri
1049 2053 1222 2114 potest
1252 2051 1308 2097 ut
1335 2042 1402 2095 sit
1431 2043 1682 2099 sacerdos
1710 2045 1932 2116 absque.

342 2153 661 2201 testamento
698 2151 751 2196 et
777 2138 984 2210 legibus
1023 2147 1079 2192 et
1103 2135 1424 2206 princeptis;
1454 2150 1646 2206 neque
1691 2151 1782 2202 ut,
1810 2139 1917 2194 alio

338 2249 556 2310 accepto
585 2233 884 2291 sacerdotio
903 2273 919 2298 ,
948 2230 1037 2284 illo
1067 2237 1264 2283 utatur.
1315 2227 1517 2283 Deinde
1539 2267 1555 2294 ,
1584 2228 1728 2298 quod
1755 2230 1914 2300 objici

336 2340 584 2406 poterat,
615 2324 887 2398 quomodo
911 2322 1068 2378 luerit
1092 2319 1344 2376 sacerdos
1367 2360 1382 2383 ,
1409 2320 1500 2389 qui
1539 2333 1647 2375 nou
1673 2333 1787 2376 erat
1813 2322 1915 2377 Le-

337 2428 443 2479 vita
473 2443 486 2476 :
518 2423 638 2487 hoc,
660 2434 786 2475 cum
817 2432 912 2486 per
938 2412 1213 2483 superiora
1241 2411 1405 2466 veluti
1432 2410 1700 2480 quoddam
1728 2412 1914 2467 funda-

337 2525 573 2572 utentum
602 2512 747 2582 prius
767 2508 985 2579 jecisset
1014 2546 1029 2569 ,
1058 2519 1124 2558 ne
1152 2501 1264 2556 vult
1292 2501 1508 2571 quidem
1537 2503 1748 2557 solvere
1775 2545 1789 2569 ,
1818 2504 1912 2559 sed

339 2620 606 2676 tamquam
639 2595 1097 2672 praetercurreudo
1125 2593 1226 2648 hoc
1253 2591 1490 2648 inducit:
1528 2593 1683 2658 Dixi,
1720 2596 1910 2664 inquit,

337 2698 654 2755 translatum
683 2705 806 2749 esse
830 2687 1186 2744 sacerdotium
1214 2703 1224 2737 :
1256 2699 1384 2754 ergo
1411 2693 1465 2738 et
1509 2693 1907 2739 testamentum.

336 2786 630 2845 Transtulit
682 2792 859 2837 autem
908 2793 1012 2832 non
1061 2777 1234 2830 solum
1301 2774 1494 2838 modo,
1541 2789 1713 2844 neque
1781 2790 1913 2844 νι-ω-

335 2886 524 2956 ceplis,
556 2879 652 2936 sed
683 2878 844 2934 etiam
877 2874 1016 2928 tribu
1044 2889 1058 2924 :
1088 2869 1369 2940 oportebat
1397 2868 1536 2922 enim
1560 2869 1718 2924 etiam
1749 2869 1910 2924 tribu.

333 2974 650 3046 Quomodo?
701 2969 972 3024 Translata
1019 2962 1331 3024 sacerdotio,
1384 2961 1574 3031 inquit.
1629 2960 1742 3016 lloc
1789 2971 1908 3028 εει,

331 3073 461 3128 ideo
490 3067 799 3124 translatum
842 3071 926 3117 est
955 3076 983 3114 a
1019 3059 1157 3113 tribu
1185 3058 1235 3111 in
1267 3055 1461 3110 tribum
1493 3096 1505 3118 ,
1536 3069 1564 3107 a
1596 3053 1910 3111 sacerdotali

337 3163 402 3218 ad
431 3160 664 3231 regalem
691 3198 705 3221 ,
737 3162 794 3210 ut
819 3153 1006 3208 eadem
1053 3157 1195 3204 esset
1223 3155 1278 3202 et
1303 3146 1494 3218 regalis
1525 3157 1577 3200 et
1606 3145 1910 3203 sacerdota-

333 3258 418 3313 lis.
471 3250 604 3306 Vide
652 3257 831 3303 autem
877 3237 1485 3314 mysterium:primum
1532 3236 1748 3306 quidem
1792 3247 1910 3294 erat

334 3345 529 3415 regalis
549 3386 564 3410 ,
593 3354 647 3398 et
689 3357 829 3397 nunc
861 3341 996 3395 facta
1027 3350 1110 3395 est
1139 3337 1483 3392 sacerdotalis
1512 3353 1525 3388 :
1555 3337 1692 3390 sicut
1737 3335 1895 3390 etiam

327 3435 380 3490 iu
411 3435 626 3488 Christo
651 3451 664 3486 :
698 3448 817 3486 nam
841 3445 1054 3501 semper
1077 3428 1287 3499 quidem
1314 3427 1413 3481 fuit
1443 3442 1537 3480 rex
1561 3467 1575 3491 ,
1622 3423 1792 3480 factus
1818 3429 1901 3478 est

327 3536 502 3580 autem
531 3524 815 3590 sacerdos,
866 3517 1077 3592 quando
1124 3534 1339 3575 carnem
1368 3517 1642 3587 suscepit,
1688 3513 1902 3586 quando

331 3616 653 3671 sacriﬁcium
709 3614 920 3669 obtulit.
1016 3610 1177 3666 Vides
1225 3606 1619 3664 mutationem?
1673 3606 1740 3662 Et
1782 3620 1902 3677 qua

327 3718 482 3764 erant
509 3706 844 3778 objicienda,
880 3705 993 3760 bmc
1016 3703 1264 3770 adducit,
1295 3710 1352 3757 ut
1378 3697 1681 3772 postulabat
1723 3711 1901 3753 rerum

326 3799 705 3871 consequentia
736 3816 749 3852 :
793 3797 863 3851 In
917 3811 1014 3867 quo
1041 3795 1212 3862 enim,
1241 3792 1414 3864 inquit
1439 3832 1456 3860 ,
1491 3794 1598 3846 haec
1629 3790 1865 3844 dicuntur
1887 3828 1905 3855 ,

327 3893 371 3944 is
396 3892 458 3945 de
483 3891 586 3944 alia
614 3889 746 3943 tribu
773 3897 884 3954 est,
930 3903 958 3941 e
1003 3902 1104 3956 qua
1145 3884 1319 3938 nullus
1367 3882 1520 3937 altari
1570 3892 1752 3951 praesto
1784 3881 1905 3949 fuit.

335 3982 654 4051 Compertum
681 3990 759 4034 est
779 3979 912 4032 enim
940 3976 1168 4030 omnibus
1195 3975 1328 4046 quod
1354 3973 1606 4028 Dominus
1643 3982 1812 4027 noster
1849 3987 1910 4026 ea:

333 4070 475 4124 Juda
518 4083 684 4125 ortum
730 4069 972 4134 duxerit,
1003 4083 1158 4136 quam
1205 4066 1258 4118 in
1307 4064 1490 4118 tribum
1533 4065 1600 4117 de
1627 4063 1911 4117 sacerdotio

334 4164 463 4216 nihil
498 4163 732 4233 loquutus
759 4169 830 4214 est
863 4158 1086 4230 Moyses.
1117 4157 1269 4224 Quod
1305 4165 1484 4211 autem
1515 4155 1612 4221 ait,
1643 4155 1752 4210 tale
1782 4154 1908 4224 quid

335 4264 459 4310 est:
508 4252 571 4309 Et
600 4267 699 4323 ego
747 4264 957 4321 quoque
988 4248 1109 4303 dico
1149 4256 1204 4302 et
1242 4246 1355 4302 scio
1384 4246 1523 4317 quod
1553 4245 1682 4300 nihil
1731 4244 1915 4300 habuit

260 4401 272 4434 ⁸
336 4346 620 4403 sacerdotii
657 4343 770 4400 lucc
803 4341 1004 4405 tribus,
1042 4354 1141 4393 nec
1190 4338 1328 4392 ullus
1352 4353 1418 4393 ex
1448 4351 1510 4392 ea
1553 4335 1909 4392 sacerdotium

684 4435 825 4507 quod
858 4437 1029 4507 ipsum
1099 4430 1377 4489 manifeste
1425 4429 1659 4489 ostendit
1704 4428 1903 4488 dictum

341 4533 492 4600 illud,
527 4531 715 4586 Nullus
744 4530 892 4584 altari
921 4539 1102 4599 prwsto
1122 4530 1236 4598 fuit.
1262 4528 1356 4583 Est.
1379 4527 1524 4582 enim
1551 4536 1716 4582 totum
1741 4539 1915 4582 trans-

341 4625 488 4681 latio.
541 4623 629 4678 Sic
669 4619 1025 4678 necessarium
1072 4627 1188 4674 erat
1229 4619 1397 4689 legem
1450 4628 1502 4673 ct
1546 4626 1698 4673 vetus
1758 4627 1919 4674 testa-

344 4727 580 4772 mentum
627 4713 944 4778 transferri,
988 4709 1246 4782 siquidem
1275 4719 1329 4764 ει
1369 4710 1478 4780 ipsa
1524 4710 1689 4766 tribus
1719 4718 1918 4765 mutata

343 4819 448 4863 est.
481 4805 638 4861 Vides
665 4813 726 4859 ut
752 4803 910 4858 aliam
953 4801 1189 4858 ostendit
1231 4799 1583 4856 dillereutiam
1620 4815 1776 4870 quam
1803 4815 1922 4871 qua:

345 4916 376 4954 a
416 4898 708 4954 mutatione
751 4895 922 4951 tribus
961 4893 1200 4965 petitur?
1229 4891 1406 4962 Neque
1451 4907 1579 4946 vero
1609 4891 1729 4947 inde
1765 4891 1923 4948 dum-

348 4999 500 5045 taxat
547 4997 745 5060 quanta
793 4986 865 5042 sit
911 4983 1210 5040 differentia
1268 4982 1595 5048 ostenditur,
1628 4983 1721 5040 sed
1767 4983 1926 5038 modo

347 5097 558 5154 quoque
585 5095 617 5135 a
668 5093 914 5149 persona,
940 5091 969 5130 a
997 5085 1315 5132 testamento
1339 5116 1354 5139 ,
1382 5090 1410 5128 a
1461 5074 1621 5130 modo
1644 5116 1660 5142 ,
1703 5075 1770 5128 ab
1811 5075 1928 5145 ipso

351 5188 497 5246 typo.
548 5173 634 5229 lli.
679 5171 778 5240 Qui
819 5186 919 5224 non
945 5168 1219 5224 secundum
1269 5169 1427 5239 legent
1465 5168 1692 5220 mandati
1739 5183 1928 5221 cama-

353 5267 415 5320 lis
442 5270 607 5336 factus
636 5274 727 5329 est,
756 5263 847 5316 sed
883 5260 1158 5314 secundum
1201 5259 1431 5312 virtutem
1478 5256 1596 5311 trita:
1622 5259 1924 5312 insolubilis.

422 5359 479 5412 2.
522 5355 712 5410 Factus
737 5365 829 5418 est,
877 5353 1049 5422 inquit
1086 5349 1359 5413 sacerdos,
1401 5348 1493 5404 sed
1525 5366 1624 5403 non
1651 5351 1928 5404 secundant

363 5452 523 5522 legem
552 5447 774 5502 carnalis
809 5443 1035 5498 mandati
1066 5459 1083 5496 :
1111 5442 1197 5496 lex
1226 5441 1366 5494 enim
1408 5439 1498 5494 illa
1527 5440 1578 5494 iu
1610 5439 1789 5494 multis
1817 5449 1933 5495 erat

356 5559 463 5598 non
495 5540 773 5612 legitima‘.
809 5537 874 5592 Et
900 5545 1045 5592 recte
1084 5534 1292 5589 vocavit
1318 5531 1446 5588 illud
1474 5533 1781 5588 mandatum
1805 5547 1932 5588 ear-

421 5679 439 5711 ι
464 5677 538 5726 lbi
562 5672 698 5725 Coll).
739 5669 906 5720 addit:
935 5665 1056 5729 Quid
1093 5669 1180 5724 est.
1215 5662 1427 5714 comatis
1463 5662 1725 5729 mandati?
1761 5663 1939 5729 Postea

359 5743 420 5792 iis
440 5739 630 5787 omissis
657 5748 766 5795 qua:
792 5734 841 5780 in
879 5727 1018 5780 Fdito
1051 5729 1333 5792 interposita
1356 5735 1494 5790 sunt,
1528 5728 1596 5778 ita
1629 5729 1787 5795 pergit
1822 5727 1937 5778 illc:

357 5799 664 5856 uri-mncide
685 5805 884 5845 carnem
910 5806 926 5854 ;
953 5799 1052 5841 etc.

1032 287 1087 344 ε.
1127 283 1398 342 ιοςιΝΝιε
1434 279 1903 338 cumsosrom
1947 279 2252 335 Αιιιιιιιιῖιι.
2289 284 2827 346 ηοΝετιικιικορ.

3508 291 3612 348 ιω

2027 387 2146 440 nale
2170 407 2180 440 :
2207 387 2386 441 omnia
2413 389 2556 442 enim
2583 406 2700 459 quae
2721 390 2986 446 statuebat
3007 394 3238 449 carnalia
3266 409 3439 453 erant.
3470 400 3600 454 Nam

2023 480 2220 541 dicere,
2254 475 2587 535 Circumcidc
2613 497 2850 549 carnem,
2893 499 3030 554 unge
3055 500 3293 552 carnem,
3328 490 3446 544 lata
3485 508 3603 546 cur-

1997 585 2168 640 ,nem,
2199 570 2392 625 munda
2423 587 2659 638 carnem,
2690 573 2852 628 tonde
2881 589 3116 642 carnem,
3167 580 3324 651 alliga
3353 598 3594 652 carnem,

2022 665 2162 718 nutri
2191 677 2427 726 carnem.
2461 664 2627 717 otium
2658 664 2723 718 da
2748 667 2895 720 carni
2929 684 2943 718 :
2976 665 3090 722 lucc
3133 683 3334 737 annon,
3386 691 3589 742 quaso,

2023 761 2255 814 carnalia
2328 763 2492 816 sunt?
2543 763 2601 818 Si
2649 765 2729 818 vis
2780 765 2990 823 discere
3032 781 3152 840 qua:
3207 770 3343 824 bena
3403 771 3610 839 promi-

2023 849 2174 912 serit,
2218 849 2339 903 audi
2373 849 2596 924 :Longa
2640 854 2745 908 vita
2814 858 2984 922 carni,
3032 859 3220 928 inquit,
3281 861 3365 915 lac
3413 869 3469 915 et
3502 861 3613 915 mel

2029 941 2194 1006 carni,
2229 955 2327 1009 pax
2361 943 2531 1008 carui,
2586 946 2833 1015 voluptas
2874 949 3043 1002 carui.
3095 951 3177 1004 Ab
3226 950 3327 1005 hac
3368 951 3484 1022 lege
3524 965 3616 1006 sa-

2023 1030 2314 1088 cerdotium
2345 1038 2550 1107 act-epit
2591 1039 2766 1092 Aaron
2797 1055 2809 1091 :
2843 1039 3234 1097 Melchisedech
3267 1051 3447 1098 autem
3495 1057 3604 1098 non

2023 1124 2114 1176 ita.
2150 1124 2236 1178 15.
2275 1124 2342 1180 Ει
2367 1128 2590 1198 autplt'us
2623 1129 2794 1183 adhuc
2822 1133 3148 1201 manifestum
3187 1143 3279 1200 est,
3326 1135 3371 1188 si
3415 1143 3604 1189 secun-

2023 1215 2141 1267 dum
2168 1217 2551 1272 similitudinem
2581 1219 2960 1275 Melchisedech
2989 1235 3231 1294 exsurgat
3264 1225 3399 1278 alius
3439 1239 3610 1280 sacer-

2021 1305 2134 1360 dos.
2168 1305 2304 1374 Quid
2345 1318 2429 1363 est
2475 1309 2856 1365 manifesutm?
2903 1311 3172 1378 Quantum
3217 1315 3436 1370 intersit
3468 1316 3611 1370 inter

2024 1407 2312 1469 utrumque
2357 1401 2716 1456 sacerdotium
2741 1443 2754 1465 ,
2783 1412 2837 1456 et
2863 1409 3059 1473 quanta
3086 1408 3154 1460 sit
3183 1405 3483 1460 diﬂerentia
3509 1447 3522 1470 ,
3552 1416 3608 1461 et

2020 1501 2218 1560 quanto
2259 1495 2594 1563 praestantior
2641 1495 2728 1566 qui
2780 1511 2884 1550 non
2944 1496 3116 1552 iactus
3168 1507 3252 1553 est
3300 1499 3606 1553 secundum

2020 1583 2195 1653 legem
2216 1585 2452 1640 mandati
2481 1587 2735 1641 carnalis.
2763 1587 2934 1652 Quis?
2957 1589 3142 1644 hicesl
3166 1588 3608 1644 Melchisedech?

2019 1674 2160 1740 Non,
2191 1676 2282 1731 sed
2313 1675 2580 1730 Christus.
2609 1677 2715 1732 Sed
2739 1679 3016 1731 secundum
3050 1679 3282 1734 virtutem
3312 1680 3426 1733 vita:
3460 1681 3602 1733 inse-

2022 1767 2213 1820 labilis.
2248 1767 2332 1822 17.
2361 1767 2685 1822 Contestatur
2712 1771 2845 1823 enim
2877 1784 2895 1823 :
2924 1767 3002 1822 Tu
3034 1786 3084 1824 es
3111 1771 3348 1824 sacerdos
3375 1773 3426 1824 in
3453 1782 3604 1825 teter-

2020 1875 2161 1925 mnn,
2195 1861 2469 1914 secundum
2502 1861 2732 1915 ordinem
2766 1861 3160 1917 Melchisedech.
3195 1862 3307 1917 Hoc
3347 1872 3450 1926 est,
3497 1878 3604 1917 non

2019 1950 2084 2004 ad
2116 1959 2346 2020 tempus,
2378 1966 2550 2020 neque
2582 1952 2739 2004 ﬁnem
2769 1952 2998 2014 habens,
3024 1952 3140 2017 sed,
3180 1952 3476 2008 Secundum
3501 1956 3605 2007 vir-

2021 2052 2174 2096 tutem
2203 2045 2320 2097 vitta
2347 2043 2654 2098 insolubilis.
2691 2042 2798 2098 lloc
2843 2043 3000 2106 dixit,
3050 2054 3106 2097 ut
3141 2045 3393 2099 ostendat
3431 2046 3604 2114 ipsum

2020 2136 2352 2191 sacerdotem
2384 2151 2502 2192 esse
2531 2139 2724 2191 factum
2760 2151 2853 2206 per
2872 2152 3022 2190 suam
3053 2145 3109 2191 et
3134 2137 3308 2191 Patris
3329 2138 3603 2202 virtutem,

2021 2245 2116 2299 per
2145 2231 2304 2285 vitam
2339 2229 2787 2284 iudissolubilcm.
2832 2231 2990 2297 Atqui
3023 2245 3128 2283 non
3159 2239 3240 2284 est
3279 2229 3380 2284 hoc
3415 2245 3607 2285 conse-

2021 2337 2191 2394 qnens
2217 2322 2266 2377 ei
2296 2321 2436 2392 quod
2467 2322 2666 2376 dictum
2711 2331 2815 2387 est,
2851 2321 2952 2389 Qui
2993 2337 3092 2376 non
3136 2326 3411 2376 secundum
3446 2325 3606 2394 legem

2021 2414 2248 2468 mandati
2289 2415 2510 2468 carnalis
2564 2413 2726 2483 factus
2769 2424 2838 2467 est
2870 2430 2886 2468 :
2917 2424 3032 2468 erat
3078 2415 3220 2468 enim
3263 2428 3605 2484 consequens

2021 2504 2221 2569 dicere,
2255 2502 2362 2558 Sed
2394 2503 2625 2557 mandati
2663 2503 2975 2572 spiritualis.
3012 2502 3115 2559 Sed
3148 2519 3246 2574 per
3275 2506 3489 2560 carnale
3517 2520 3607 2559 os-

2020 2596 2193 2652 tendit
2218 2596 2513 2665 temporale
2543 2612 2555 2648 :
2588 2596 2725 2649 sicut
2763 2597 2923 2650 etiam
2955 2596 3085 2650 dicit
3126 2597 3273 2660 alibi,
3322 2595 3501 2665 Usque
3538 2598 3605 2650 ad

2023 2697 2235 2758 tempus
2284 2686 2637 2742 correctionis
2683 2687 2961 2756 impositas
3025 2688 3168 2756 leges
3209 2688 3606 2756 justiticatiouis

2019 2782 2198 2837 carnis
2235 2780 2528 2837 secundum
2565 2780 2816 2835 virtutem
2850 2779 2971 2832 vita:
3004 2796 3018 2831 :
3049 2777 3150 2833 hoc
3179 2788 3282 2845 est,
3313 2781 3441 2833 vivit
3479 2795 3606 2849 pro-

2026 2877 2140 2946 pria
2170 2875 2385 2930 virtute.
2419 2871 2560 2928 Dixit
2586 2873 2698 2928 ﬁeri
2724 2873 2854 2942 legis
2883 2872 3311 2936 translationem,
3345 2883 3398 2926 et
3428 2881 3608 2926 osten-

2023 2967 2102 3021 dit
2140 2963 2410 3037 quomodo
2460 2981 2473 3016 :
2511 2963 2621 3034 jam
2665 2963 2856 3032 quaerit
2895 2978 3110 3016 causam
3146 2963 3326 3033 :quod
3375 2965 3606 3018 maxime

2021 3055 2259 3112 omnium
2301 3055 2561 3110 satisfacit
2598 3055 2792 3109 animis
2834 3054 3130 3119 hominum,
3167 3070 3356 3125 nempe
3387 3058 3607 3109 omnino

2020 3163 2236 3205 causam
2259 3148 2420 3213 scire,
2449 3156 2504 3201 et
2530 3147 2698 3215 magis
2736 3145 2858 3200 facit
2891 3145 3072 3211 ﬁdem,
3107 3146 3318 3214 quando
3359 3146 3607 3201 didiceri-

2026 3256 2147 3296 mus
2170 3254 2388 3295 causam
2417 3247 2475 3294 et
2510 3238 2770 3292 rationein
2806 3252 2901 3306 per
2943 3252 3101 3306 quam
3146 3237 3223 3291 lit.
3273 3239 3359 3292 l8.
3410 3237 3608 3309 Repra-

2023 3334 2158 3390 batio
2183 3332 2383 3404 quidem
2416 3331 2473 3400 ﬁt
2515 3329 2840 3398 prlecedentis
2885 3329 3117 3383 mandati
3156 3340 3360 3399 promer
3391 3331 3609 3396 inﬁrmi-

2025 3434 2178 3480 tatem
2223 3423 2334 3494 ejus
2373 3431 2419 3475 et
2453 3420 2799 3474 inutilitatem.
2849 3419 2944 3473 llic
2993 3419 3274 3489 insurgunt
3323 3419 3580 3474 lneretiei‘

2028 3515 2290 3592 [dicentes
2315 3531 2326 3566 :
2356 3514 2493 3568 Ecce
2523 3512 2718 3568 Paulus
2748 3512 2945 3565 malum
2966 3511 3089 3565 dicit
3120 3513 3472 3584 mandatum].
3501 3513 3606 3569 Sail

2021 3609 2237 3664 attende
2273 3609 2602 3680 diligenter:
2637 3624 2740 3662 non
2781 3608 2916 3664 dixit
2959 3609 3100 3679 quod
3146 3609 3215 3664 sit
3260 3610 3506 3664 vitiosum
3546 3618 3603 3666 et

2019 3717 2259 3772 pravum,
2287 3702 2407 3768 sed,
2436 3701 2658 3773 Propter
2684 3702 3027 3770 inﬁrmitatem
3054 3704 3163 3774 ejus
3189 3713 3233 3758 et
3255 3703 3602 3760 inutilitatem.

2019 3792 2157 3848 Alibi
2187 3807 2400 3863 quoque
2425 3793 2659 3848 ostendit
2683 3793 2798 3862 ejus
2829 3793 3267 3860 imbecillitatem,
3296 3804 3355 3849 ut
3375 3796 3592 3864 quando

2019 3885 2168 3952 dicit,
2198 3884 2264 3939 In
2288 3902 2387 3957 quo
2423 3886 2778 3955 inﬁrmabatur
2811 3903 2903 3957 per
2929 3903 3151 3942 carnem.
3199 3886 3314 3942 Non
3351 3896 3437 3943 est
3475 3903 3609 3958 ergo

2022 3976 2135 4032 haec
2165 3977 2462 4041 imbecillis,
2495 3977 2590 4032 sed
2622 3993 2740 4033 nos.
2772 3979 2859 4034 19.
2893 3978 3043 4032 Nihil
3073 3980 3208 4032 enim
3237 3980 3306 4032 ad
3332 3979 3611 4049 perfectum

2021 4069 2234 4123 adduxit
2267 4069 2370 4126 lex.
2409 4068 2547 4136 Quid
2591 4078 2695 4137 est,
2746 4069 2897 4123 Nihil
2925 4069 2994 4123 ad
3033 4070 3312 4140 perfectura
3345 4071 3559 4124 adducit
3583 4069 3610 4122 ἒ

2022 4159 2300 4217 Neminem
2347 4161 2470 4215 l'ecit
2512 4159 2804 4230 perlectum
2849 4177 2970 4216 cum
3018 4164 3066 4216 ei
3099 4177 3207 4216 non
3252 4163 3609 4216 obediretur:

2021 4268 2341 4323 quamquam
2367 4267 2465 4306 nec
2491 4251 2536 4306 si
2563 4251 2740 4307 audita
2767 4263 2932 4320 esset,
2963 4252 3256 4323 perfectura
3282 4253 3616 4310 reddidisset

2023 4355 2078 4398 et
2105 4345 2300 4400 virtute
2329 4342 2634 4415 przeditum.
2677 4344 2892 4399 interim
2932 4354 3112 4400 autem
3157 4360 3262 4399 non
3306 4346 3407 4401 hoc
3445 4345 3600 4411 dicit.

2025 4435 2118 4492 sed
2169 4437 2312 4506 quod
2354 4435 2459 4490 vim
2499 4451 2603 4490 non
2645 4435 2926 4502 habuerit;
2988 4446 3043 4492 et
3081 4437 3312 4492 merito:
3347 4438 3417 4491 ita
3469 4438 3616 4492 enim

2024 4528 2140 4583 sitae
2164 4537 2317 4584 erant
2346 4529 2514 4584 litem
2548 4548 2561 4584 :
2597 4529 2710 4584 iloc
2758 4529 2860 4595 lac,
2891 4540 2944 4585 et
2974 4529 3100 4584 illud
3143 4547 3246 4584 non
3291 4529 3370 4584 lac
3400 4548 3413 4584 :
3442 4531 3616 4586 solum

2025 4630 2405 4692 proponentes,
2430 4637 2535 4676 non
2567 4622 2727 4677 etiam
2746 4624 2850 4677 vim
2873 4633 2948 4702 et_
2966 4632 3288 4694 potestatem
3310 4624 3616 4680 allerentes.

2027 4711 2168 4782 Spes
2199 4721 2376 4768 autem
2409 4729 2513 4768 non
2541 4723 2624 4769 est
2652 4714 2937 4784 ejusmodi.
2982 4715 3118 4782 Quid
3149 4725 3233 4772 est
3263 4716 3574 4787 reprobatio
3593 4715 3620 4770 2

2029 4805 2254 4876 Ejectio.
2287 4804 2562 4877 [Quaenam
2608 4815 2786 4860 autem
2837 4805 2952 4861 lucc
2978 4808 3046 4863 sit
3088 4808 3380 4864 ostendens
3408 4807 3608 4873 intulit,

2032 4897 2372 4954 Prtecedentis
2395 4898 2666 4952 mandati?
2689 4897 2778 4955 Sic
2805 4900 2976 4969 legem
3007 4914 3228 4965 vocans,
3253 4900 3375 4969 quia
3399 4907 3621 4971 propter

2031 4991 2392 5046 inﬁrmitatem
2414 5003 2563 5044 suam
2603 4989 2775 5060 ejecta
2803 5000 2920 5057 est;
2949 4989 3077 5045 illud
3105 4999 3280 5045 autem
3310 4989 3622 5060 prmcedens

2032 5092 2187 5138 vocat
2209 5083 2350 5154 quod
2375 5082 2535 5137 desiit
2559 5093 2612 5138 et
2641 5093 2857 5153 propter
2874 5082 3238 5139 inﬁrmitatem
3283 5084 3624 5154 antiquatum

2033 5174 2160 5247 est.]
2189 5173 2508 5244 Reprobatio
2548 5183 2630 5229 est
2657 5173 2931 5244 abrogatio
2957 5183 3011 5228 et
3038 5174 3235 5228 deletio
3276 5189 3462 5229 comm
3505 5189 3624 5245 qua:

2035 5267 2140 5320 vim
2195 5265 2462 5319 habebant
2509 5274 2563 5318 et
2608 5265 2880 5320 valebant.
2939 5265 3074 5320 Hine
3142 5266 3442 5322 ostenditur
3481 5264 3624 5335 quod

2037 5358 2143 5411 vim
2171 5355 2373 5421 habuit,
2397 5367 2452 5410 et
2495 5355 2677 5420 valuit,
2704 5355 2797 5411 sed
2826 5357 2922 5411 l'uit
2951 5357 3132 5412 habita
3163 5357 3457 5426 despectui,
3491 5371 3627 5427 quo-

2040 5448 2181 5502 niam
2217 5446 2345 5500 nihil
2368 5445 2565 5500 el'l'ecit.
2588 5445 2728 5500 Nihil
2753 5461 2882 5517 ergo
2910 5447 2991 5502 lex
3018 5448 3214 5519 proluit
3237 5449 3259 5502 ?
3285 5447 3489 5503 Proluit
3511 5446 3631 5518 qui-

2039 5539 2185 5605 dem,
2231 5550 2285 5594 et
2313 5538 2462 5593 valde
2513 5538 2724 5608 proluit,
2783 5539 2876 5594 sed
2906 5540 2973 5594 ad
3005 5540 3334 5595 reddendum
3365 5539 3628 5610 perfectos

2047 5633 2178 5688 nihil
2203 5631 2419 5702 proluit.
2448 5629 2554 5684 Lex
2577 5631 2716 5684 enim
2749 5631 2876 5685 nihil
2903 5633 3134 5688 reddidit
3167 5633 3484 5700 perlectum.
3517 5621 3524 5625 ’

2113 5737 2127 5766 ι
2158 5735 2275 5791 Qum
2298 5730 2486 5779 uncinis
2509 5727 2669 5793 clausa
2701 5737 2815 5793 sunt
2840 5741 2934 5793 non
2972 5728 3202 5793 leguntur
3237 5730 3284 5775 in
3317 5727 3486 5793 Coll»;
3521 5740 3633 5793 quae

2047 5787 2211 5849 autem
2236 5795 2312 5844 hic
2335 5793 2555 5856 proxime
2579 5790 2839 5841 clausinms
2859 5787 3039 5840 desunt
3064 5792 3112 5839 in
3135 5787 3419 5841 tlouunelia.
