3980 6142
345 305 442 363 107

333 426 452 476 cum
480 410 650 471 lactus
670 412 813 469 esset
841 399 1107 467 minister,
1137 409 1241 449 non
1268 391 1465 451 mansit
1492 387 1736 444 minister
1761 401 1776 440 :
1806 397 1912 438 non

335 511 418 558 est
445 501 586 555 enim
635 495 864 552 ministri
913 490 1124 563 sedere,
1158 485 1250 540 sed
1296 495 1460 538 stare.
1496 483 1610 536 Hoc
1653 493 1784 553 ergo
1830 477 1917 537 hic

336 591 633 649 snhindirat
669 582 1093 656 magnitudinem
1123 575 1389 641 sacriﬁcii,
1419 571 1581 644 quod,
1609 587 1772 629 unum
1796 580 1917 625 cum

338 694 504 750 esset,
527 681 756 742 suffecit,
782 687 835 732 et
856 675 1019 741 semel
1048 674 1099 725 oi
1122 673 1284 727 latum
1309 679 1512 722 tantum
1538 665 1730 737 potuit,
1754 678 1921 741 quan-

340 784 451 829 tum
494 787 596 841 non
638 762 1141 841 [utut-runtomnla.
1184 760 1288 816 Sed
1331 757 1512 815 dehis
1535 756 1918 810 nundnmmon

340 869 483 923 enim
509 865 633 918 dicit
656 862 755 916 nisi
789 877 803 914 :
839 854 951 914 Hoc
971 858 1101 912 enim
1125 899 1141 931 ,
1166 854 1355 927 inquit,
1389 851 1542 919 semel
1577 849 1715 919 fecit.
1743 846 1919 914 Quod-

342 951 509 1013 nam?
542 954 759 1021 Necesse
786 962 894 1019 est,
928 949 1118 1019 inquit.
1149 947 1331 1002 habere
1359 945 1510 998 etiam
1540 943 1675 995 hunc
1703 939 1918 1010 aliquid,

343 1050 536 1120 inquit,
561 1046 695 1118 quod
719 1042 942 1111 oﬂ‘crat;
974 1056 1080 1095 non
1111 1053 1208 1111 pro
1233 1022 1454 1107 seipso':
1484 1033 1752 1105 quomodo
1779 1033 1921 1089 enim

346 1157 444 1213 pro
485 1155 544 1194 se
586 1137 803 1192 nll'erret
830 1150 950 1190 cum
994 1130 1354 1201 impeccabilis
1409 1127 1529 1182 sit?
1582 1124 1683 1205 sed,
1707 1140 1803 1207 pro
1833 1140 1926 1195 pu-

347 1234 492 1313 pnlo.
532 1229 666 1303 Quid
695 1222 867 1284 dicis?
896 1232 953 1280 et
992 1239 1099 1278 non
1127 1235 1263 1292 opus
1294 1219 1452 1274 habet
1495 1216 1692 1272 olferre
1728 1228 1826 1299 pro
1867 1230 1926 1271 se

346 1306 485 1396 ipso,
515 1332 571 1377 et
595 1328 800 1376 tantum
826 1315 1039 1387 potest?
1079 1314 1259 1380 Certe,
1290 1308 1483 1381 inquit.
1530 1307 1662 1362 Nam
1700 1321 1770 1361 ne
1806 1306 1923 1367 cxi-

348 1417 598 1472 stimares
624 1410 752 1466 illud
776 1452 791 1474 ,
827 1407 969 1464 Fecit
993 1406 1145 1461 semel
1169 1445 1185 1469 ,
1216 1403 1284 1457 de
1325 1402 1444 1471 ipso
1472 1410 1685 1471 quoque
1724 1396 1927 1453 dictum

349 1521 509 1581 ese,
547 1496 670 1559 andi
710 1500 838 1572 quid
887 1499 1031 1576 dicat
1067 1515 1079 1550 :
1112 1484 1221 1551 Lex
1257 1494 1391 1549 enim
1420 1492 1649 1548 homines
1677 1489 1931 1546 constituit

351 1593 637 1661 sacerdotes
674 1593 909 1646 habentes
954 1588 1331 1659 inﬁrmitatem;
1379 1592 1434 1640 et
1480 1582 1601 1638 ideo
1630 1581 1797 1643 etiam,
1837 1592 1933 1648 pro

356 1703 415 1749 se
442 1702 651 1757 seraper
678 1684 909 1738 oﬂ'erunt
937 1699 951 1734 :
981 1688 1173 1750 potens
1202 1686 1382 1731 autem
1426 1674 1522 1739 ille
1546 1713 1560 1735 ,
1595 1682 1650 1728 et
1690 1668 1782 1742 qui
1824 1685 1931 1724 nou

358 1780 519 1849 habet
562 1786 835 1850 peceatum
858 1817 874 1841 ,
905 1788 1001 1829 cur
1029 1786 1129 1842 pro
1163 1784 1223 1824 se
1251 1762 1486 1823 offerat?
1527 1764 1668 1835 Ergo
1700 1776 1805 1817 non
1839 1769 1937 1830 pro

357 1848 576 1942 St‘lpSO,
617 1855 711 1925 sed
755 1882 853 1939 pro
882 1862 1080 1937 populo
1123 1857 1353 1924 obtulit,
1407 1854 1567 1926 idque
1610 1851 1801 1909 semel.
1827 1848 1934 1942 28.

361 1937 538 2031 Sermo
566 1972 735 2019 autem
758 1937 1118 2028 vjnrisjnrandi
1144 1953 1229 2022 qni
1261 1958 1371 2028 post
1414 1949 1573 2021 legem
1601 1956 1674 2005 cst
1693 1986 1712 2013 ,
1748 1937 1942 1997 Filium

360 2063 414 2117 in
441 2068 681 2123 a-ternum
711 2052 1007 2123 perfectum.
1032 2044 1170 2115 Quid
1198 2050 1305 2109 est,
1335 2038 1624 2111 Perfectum
1647 2036 1672 2091 ?
1695 2035 1811 2091 Non
1840 2041 1941 2106 po-

363 2149 444 2215 tiit
485 2145 685 2202 Paulus
726 2140 971 2213 proprias
1009 2152 1128 2207 quae
1157 2140 1501 2214 opponuntur
1526 2126 1940 2183 distinctiones:

361 2254 487 2303 nam
514 2246 637 2293 cum
664 2236 920 2300 dixisset,
957 2223 1210 2286 Habentes
1240 2226 1615 2296 inﬁrmitatem,
1650 2236 1756 2276 non
1800 2217 1938 2273 dixit

361 2326 556 2397 Filium
587 2335 858 2398 potentem
883 2365 899 2393 ,
943 2323 1059 2389 sed,
1094 2321 1385 2392 Perfectum
1411 2358 1427 2381 ,
1461 2317 1562 2377 hoc
1586 2321 1670 2370 est
1687 2354 1705 2380 ,
1748 2318 1939 2381 poten-

364 2435 470 2478 tem
493 2438 509 2485 ;
534 2420 685 2491 quasi
716 2418 899 2483 dicas,
931 2415 1046 2470 Non
1079 2413 1227 2467 vides
1265 2406 1408 2482 quod
1455 2421 1650 2462 nomen
1671 2444 1687 2470 ,
1735 2400 1940 2468 Filius,

363 2515 563 2579 dictum
590 2512 680 2576 sit,
705 2521 764 2573 ut
782 2524 906 2566 eum
930 2518 1087 2562 servo
1114 2511 1348 2575 opponat
1375 2509 1428 2555 et
1453 2500 1520 2554 ab
1541 2514 1606 2554 eo
1627 2496 1939 2565 distinguat.

367 2603 730 2663 Inﬁrmitatem
763 2610 940 2658 autem
990 2607 1082 2653 aut
1110 2603 1387 2667 peceatum
1417 2593 1548 2648 dicit
1572 2600 1663 2655 aut
1691 2596 1941 2644 mortem.

364 2694 501 2767 Quid
524 2706 608 2750 est
635 2701 848 2759 autem,
876 2690 944 2745 In
982 2684 1261 2745 cateruam?
1288 2685 1403 2739 Non
1428 2683 1601 2738 solum
1639 2695 1780 2735 nunc
1813 2676 1945 2732 nulli

367 2797 587 2855 peccato
613 2781 864 2849 afﬁnem,
895 2780 988 2836 sed
1031 2793 1263 2848 semper.
1294 2776 1348 2830 Si
1373 2789 1501 2846 ergo
1521 2780 1605 2828 est
1639 2771 1903 2841 perfectus
1926 2808 1943 2833 ,

366 2877 410 2931 sl
440 2886 727 2945 numquam
761 2881 943 2944 peccat
965 2910 980 2934 ,
1011 2870 1055 2926 si
1086 2876 1306 2937 semper
1331 2866 1497 2931 vivit,
1541 2879 1638 2919 cur
1667 2875 1764 2933 pro
1790 2859 1947 2921 nobis

366 2983 512 3038 sirpe
565 2967 756 3023 ofl'cret
794 2963 1096 3022 sacriﬁcia?
1149 2957 1255 3017 Sed
1301 2956 1509 3017 interim
1566 2952 1779 3025 quidem
1846 2949 1949 3013 hoc
1987 3014 1999 3023 ο

367 3063 475 3112 non
515 3057 729 3121 asserit,
758 3054 852 3110 sed
881 3052 1021 3123 quod
1056 3062 1153 3121 pro
1198 3062 1257 3104 se
1303 3047 1528 3107 oll‘erat.
1560 3044 1664 3099 hoc
1711 3042 1966 3096 afﬁrmat.

367 3148 629 3217 Quoniam
658 3156 787 3216 ergo
819 3143 976 3197 tttlem
1009 3142 1267 3203 habemus
1299 3136 1602 3209 pontiﬁcem
1624 3177 1640 3199 ,
1671 3149 1794 3195 eum
1824 3131 1947 3188 imitb

368 3250 565 3304 tenmr,
600 3239 717 3308 ejtts
744 3233 1053 3290 insistamus
1081 3229 1342 3300 vestigiis.
1366 3226 1481 3283 Non
1507 3236 1590 3281 est
1611 3223 1754 3280 aliud
1778 3223 1949 3277 sacri-

369 3331 549 3393 ﬁcium
584 3347 598 3383 :
631 3342 793 3389 ιιιιιιιιι
837 3338 935 3380 nos
965 3321 1251 3393 purgavit;
1286 3328 1473 3388 postea
1502 3323 1683 3370 autem
1730 3312 1869 3384 ignis
1898 3319 1953 3365 et

367 3420 633 3489 gehenna.
668 3417 953 3485 Propterea
995 3413 1136 3471 enim
1170 3410 1273 3465 hoc
1313 3423 1509 3478 susque
1537 3406 1711 3476 deque
1736 3411 1949 3471 versat,

368 3511 554 3565 dicens
582 3523 744 3562 ιιιιιιιιι
771 3520 893 3563 esse
918 3502 1278 3563 sacerdotem.
1307 3506 1471 3555 unum
1507 3495 1855 3563 sacriﬁcium,
1882 3507 1952 3549 ne

367 3600 630 3671 qniSpiam
657 3595 970 3654 existimans
997 3607 1118 3649 esse
1148 3591 1335 3656 multa,
1365 3602 1554 3643 secure
1577 3592 1779 3657 peccet.

438 3694 494 3748 4.
537 3691 723 3747 Contra
761 3706 843 3744 eos
880 3687 966 3756 qui
1009 3685 1313 3755 baptismum
1359 3670 1661 3748 differebant
1698 3693 1856 3748 usque
1881 3670 1950 3730 ad

366 3794 599 3839 mortem.
620 3813 692 3824 —
709 3781 1044 3852 Quicumque
1064 3760 1191 3847 ergo
1212 3775 1414 3851 dignati
1442 3787 1628 3830 sumus
1649 3770 1948 3843 signaculo,

367 3877 687 3946 quicumque
708 3869 1044 3943 percepimus
1073 3867 1299 3922 fructum
1328 3863 1596 3927 sacriﬁcii,
1628 3862 1950 3933 quicumque

368 3966 684 4029 immortalis
713 3977 913 4016 mensa:
953 3970 1136 4013 sumus
1167 3957 1471 4028 participes,
1506 3966 1822 4009 maneamus
1850 3965 1953 4005 no-

369 4070 535 4121 stram
583 4066 861 4111 servantes
901 4052 1236 4106 nobilitatem
1290 4060 1344 4103 et
1379 4048 1643 4121 honorem
1673 4063 1686 4100 :
1715 4060 1821 4099 non
1870 4054 1954 4099 est

382 4151 527 4214 cuitu
579 4148 756 4216 lapsus
794 4156 993 4214 expers
1021 4139 1263 4212 periculi.
1289 4139 1619 4207 Quicumque
1658 4145 1835 4191 autem
1866 4134 1954 4191 his

372 4241 607 4297 nondum
637 4244 762 4292 sunt
786 4234 1015 4305 dignati,
1063 4248 1129 4286 ne
1160 4231 1192 4285 ii
1217 4231 1431 4301 quidem
1464 4238 1743 4299 pr0pterea
1777 4228 1952 4283 conﬂ-

371 4334 501 4386 dant
527 4350 538 4383 :
566 4339 687 4383 nam
713 4326 925 4395 quando
949 4325 1213 4396 quispiam
1246 4321 1366 4377 ideo
1389 4331 1593 4392 peccat,
1621 4332 1681 4376 ut
1709 4330 1955 4376 sanctum

372 4422 635 4491 baptisma
661 4418 887 4486 accipiat
915 4416 967 4469 in
999 4424 1240 4469 extrema
1272 4412 1644 4482 respiratione,
1674 4427 1817 4481 smpe
1847 4428 1951 4465 non

371 4522 705 4585 asseqnetur.
740 4508 863 4564 Mihi
893 4506 1098 4567 credite
1127 4521 1143 4557 :
1177 4519 1281 4558 non
1311 4520 1404 4556 vos
1433 4512 1637 4557 terrens
1669 4503 1790 4558 dico
1810 4502 1954 4572 quod

372 4622 490 4662 situt
533 4606 773 4659 dicturus
803 4618 816 4654 :
843 4599 963 4655 novi
1011 4596 1209 4655 multos
1245 4595 1438 4668 quibus
1475 4594 1575 4649 hnc
1615 4595 1828 4661 accidit,
1861 4594 1953 4666 qui

374 4713 474 4771 pro
499 4707 595 4748 iter
633 4689 1036 4747 illutninaliunis
1063 4687 1275 4758 quidem
1305 4686 1753 4755 exspectationem
1787 4687 1949 4741 multa

372 4792 684 4879 gemebant,
708 4796 760 4851 in
783 4794 887 4851 ﬁne
906 4802 1084 4861 autem
1109 4788 1362 4845 decessus
1377 4791 1725 4843 excesserunt
1742 4783 1949 4840 inanes.

370 4897 512 4959 licus
535 4891 680 4953 enim
703 4897 983 4961 propterea
1010 4884 1153 4945 dedit
1175 4881 1455 4951 baptisma,
1487 4890 1545 4934 ut
1573 4879 1803 4937 solveret
1827 4894 1953 4945 pec-

370 4990 511 5050 rata,
537 4995 641 5043 non
664 4992 720 5043 ut
743 4988 960 5052 peccata
987 4984 1207 5047 augeret
1226 4992 1239 5028 :
1259 4975 1305 5031 si
1329 4972 1448 5043 quis
1473 4979 1652 5033 autem
1681 4987 1746 5023 eo
1776 4981 1955 5027 utatur

371 5085 429 5133 ut
445 5082 632 5133 secure
653 5071 820 5145 magis
838 5078 1039 5141 peccet,
1063 5067 1163 5120 hoc
1179 5074 1262 5120 est
1278 5072 1435 5120 causa
1452 5062 1707 5118 socordiw
1723 5072 1778 5120 et
1802 5063 1959 5134 negli-

371 5168 587 5247 gentiae.
605 5163 737 5220 Nam
762 5166 805 5221 si
829 5175 933 5215 non
955 5168 1099 5223 esset
1127 5158 1414 5227 lavacrum,
1436 5155 1594 5210 tutius
1619 5157 1877 5215 viverent.
1904 5164 1962 5211 ut

375 5261 463 5331 qui
483 5274 587 5319 non
606 5256 867 5313 haberent
885 5249 1443 5319 remissionemVidt-s
1454 5247 1591 5320 quod
1610 5248 1759 5316 illud,
1775 5247 1963 5311 Facin-

377 5364 488 5413 nam
514 5349 651 5413 mula
668 5356 724 5402 ut
742 5346 942 5407 veniant
965 5344 1093 5398 bona
1114 5344 1131 5411 (
1142 5342 1287 5409 Rom.
1305 5339 1445 5413 3.8),
1462 5355 1559 5395 nos
1578 5355 1761 5395 sumus
1778 5340 1867 5411 qui
1887 5340 1966 5394 fa-

378 5443 550 5497 cimus
572 5447 631 5493 ut
649 5430 1265 5505 dicaturiQnamobrem
1304 5445 1433 5509 rogo
1452 5444 1568 5495 vos,
1597 5428 1688 5502 qui
1708 5446 1813 5483 non
1834 5431 1965 5485 estis

381 5530 657 5603 mysteriis
670 5525 880 5592 initiati,
894 5520 1354 5605 expergiscimini:
1375 5536 1532 5574 nemo
1545 5528 1812 5590 tamquam
1828 5536 1968 5591 mero

378 5621 651 5684 ceuarius,
694 5632 853 5671 nemo
883 5626 1149 5685 tamquam
1180 5613 1417 5685 ingratus
1452 5610 1519 5665 ad
1546 5612 1792 5668 virtutem
1818 5627 1971 5669 acce-

383 5708 509 5777 dat;
539 5683 701 5764 neruo
726 5720 842 5763 eam
869 5683 1208 5777 aggrediatur
1236 5683 1505 5774 tamquam
1532 5717 1645 5765 rem
1673 5718 1888 5773 gravem
1915 5710 1971 5760 et

1053 300 1111 356 S.
1151 293 1428 363 JQANNIS
1465 279 1942 356 CIIRYSOSTOMI
1994 275 2311 343 ARCHIEP.
2351 269 2883 343 QONST.\_NTIN’)P.

3487 259 3588 314 108

2014 381 2315 439 molestam.
2355 376 2432 443 Ad
2472 389 2589 429 eam
2620 385 2748 449 ergo
2775 365 3091 433 accedamus
3130 363 3290 433 alacri
3335 365 3516 418 animo
3543 373 3599 420 et

2017 473 2142 529 laeti.
2173 471 2304 526 Nam
2327 466 2533 523 etiamsi
2559 476 2767 518 merces
2790 473 2893 513 non
2927 468 3074 512 esset
3100 458 3392 531 proposita,
3418 472 3598 509 annon

2016 569 2289 633 Oportcrct
2316 573 2436 614 esse
2467 552 2698 611 boniun?
2741 551 2834 606 sed
2865 560 3039 604 tamen
3082 547 3242 603 etiam
3298 563 3420 601 cum
3453 560 3598 602 mer-

2018 655 2149 710 cede
2177 653 2347 708 simus
2381 646 2525 702 boni.
2559 644 2628 699 Et.
2653 640 2924 714 quomodo
2952 655 3058 695 non
3087 647 3172 694 est
3212 639 3314 694 hoc
3345 639 3601 710 probrum

2019 754 2075 801 et
2112 742 2401 799 niaximum
2445 732 2717 792 dede-ens?
2771 732 2829 787 Si
2874 730 3024 797 mihi,
3070 730 3261 798 inqtttl,
3300 729 3605 784 mercedem

2022 853 2130 893 non
2160 834 2394 898 dederis,
2443 846 2548 895 non
2579 844 2696 884 smn
2736 824 3010 891 modestus
3056 834 3109 879 et
3140 833 3467 894 temperans.
3499 827 3610 878 An-

2026 934 2182 989 deam
2213 931 2388 996 itaque
2415 924 2612 995 aliquid
2644 921 2866 983 dicere?
2886 917 3183 988 Numquam
3210 915 3374 972 .'neris
3405 930 3611 988 tempe-

2026 1040 2152 1091 rans
2178 1032 2231 1078 et
2246 1020 2536 1084 modestus,
2556 1016 2715 1072 etiam
2764 1014 2810 1069 si
2839 1010 3079 1067 modeste
3106 1026 3251 1082 agas,
3272 1011 3315 1065 οἱ
3344 1010 3448 1066 hoc
3480 1012 3613 1066 facis

2028 1115 2277 1174 mercede
2323 1131 2338 1167 :
2385 1111 2635 1165 virtutem
2698 1106 2839 1161 enim
2884 1104 3015 1159 nihil
3057 1105 3352 1169 existimas,
3398 1105 3442 1169 si
3489 1119 3609 1158 eam

2032 1224 2137 1264 non
2181 1218 2351 1260 amas.
2398 1200 2505 1269 Sed
2537 1200 2675 1254 Deus
2702 1206 2916 1279 propter
2943 1209 3187 1273 magnam
3247 1196 3480 1250 nostram
3510 1193 3618 1248 im-

2033 1299 2374 1358 becillitatem
2422 1307 2542 1359 eam
2590 1276 2750 1347 etiam
2797 1276 3047 1357 mercede
3092 1287 3258 1341 voluit
3311 1285 3459 1350 ﬁeri;
3519 1300 3620 1341 nos

2034 1405 2213 1451 autem
2265 1406 2333 1449 ne
2376 1389 2454 1446 sic
2502 1386 2714 1459 quidem
2772 1398 2890 1438 eam
2945 1379 3300 1453 aggredimur.
3349 1379 3621 1434 Ponamns

2036 1496 2236 1552 autem,
2282 1485 2329 1552 si
2359 1483 2510 1547 velis,
2541 1479 2682 1551 quod
2728 1477 2891 1539 homo
2923 1475 3137 1546 quidam
3189 1473 3413 1529 excedat
3461 1474 3624 1529 malis

2040 1578 2359 1661 perpetratis
2385 1571 2882 1641 innumerabilibus,
2928 1577 2983 1624 et
3016 1565 3279 1638 baptismo
3331 1565 3576 1637 dignatus
3607 1585 3622 1622 :

2042 1660 2183 1744 quod
2214 1669 2466 1731 existimo
2509 1678 2618 1721 non
2660 1664 2767 1729 cito
2796 1660 3016 1717 evenire
3046 1674 3059 1713 :
3092 1660 3380 1731 quomodo,
3413 1674 3624 1731 qmeso,

2045 1766 2172 1822 illuc
2195 1761 2398 1821 abibit?
2429 1758 2533 1815 Pro
2560 1757 2625 1810 iis
2650 1754 2863 1824 quidem
2882 1768 3002 1822 quae
3028 1752 3155 1807 fecit
3185 1767 3289 1805 non
3319 1761 3624 1817 accusatus,

2047 1856 2143 1914 sed
2171 1870 2277 1910 non
2305 1853 2507 1907 habens
2534 1848 2803 1909 ﬁduciam.
2837 1828 2997 1914 idque
3018 1844 3230 1897 merito.
3254 1843 3384 1897 Nam
3416 1844 3632 1913 quando

2046 1967 2169 2010 cum
2183 1958 2396 2011 centum
2417 1962 2588 2004 annos
2609 1946 2820 2013 vixerit,
2835 1945 3036 2000 nullum
3062 1944 3201 1999 aliud
3229 1943 3425 1999 bonum
3448 1951 3624 1997 osteno

2041 2042 2254 2110 dit,nlsi
2282 2039 2422 2113 quod
2451 2054 2556 2105 non
2585 2037 2980 2115 peccarit;imo
3009 2050 3136 2093 vero
3155 2050 3223 2090 ne
3249 2034 3351 2089 hoc
3380 2032 3619 2105 quidem,

2040 2135 2137 2191 sed
2162 2133 2328 2205 gratia
2359 2130 2536 2201 potius
2562 2129 2675 2183 sola
2701 2138 2783 2183 est
2811 2134 3073 2192 servatus,
3105 2125 3239 2189 alios
3259 2134 3437 2185 autem
3464 2121 3623 2177 vide-

2041 2227 2109 2284 rit
2138 2233 2443 2285 coronantes,
2472 2221 2756 2289 prmclaros
2797 2224 2852 2272 et
2898 2219 2950 2272 in
2995 2217 3131 2271 bona
3174 2214 3574 2282 existimatione
3602 2228 3620 2265 :

2041 2316 2246 2385 etiamsi
2262 2318 2315 2369 in
2327 2314 2622 2385 gehennam
2644 2325 2748 2366 non
2770 2309 3042 2374 ceciderit,
3064 2308 3283 2373 feretne,
3302 2305 3389 2361 die
3416 2320 3623 2387 qumso,

2043 2424 2294 2485 augurem
2320 2416 2374 2463 et
2411 2402 3006 2485 animia'gritudinem?
3052 2400 3117 2456 Ut
3161 2407 3339 2454 autem
3377 2394 3625 2464 exemplo

2045 2478 2146 2565 hoc
2179 2500 2392 2570 planum
2423 2495 2612 2553 faciam
2632 2510 2648 2552 ε
2666 2478 2777 2556 sint
2806 2493 2913 2546 duo
2936 2491 3152 2556 milites,
3174 2496 3229 2543 et
3248 2488 3383 2542 alter
3410 2486 3627 2556 quidem

2049 2572 2271 2656 furatur,
2301 2587 2461 2653 faciat
2501 2584 2745 2657 injuriam
2790 2590 2845 2636 et
2889 2581 3063 2643 aliena
3095 2577 3349 2643 invadat;
3385 2575 3471 2630 hic
3497 2588 3629 2628 vero

2052 2685 2182 2745 nihil
2230 2684 2415 2737 horum
2448 2678 2625 2741 faciat,
2671 2673 2764 2730 sed
2797 2672 3005 2728 fortiter
3049 2686 3109 2726 se
3148 2677 3322 2741 gerat,
3369 2665 3629 2738 praeclara

2051 2777 2173 2832 edat
2202 2774 2459 2837 facinora,
2490 2768 2720 2825 inbellis
2751 2775 2950 2839 tropaea
2979 2771 3200 2827 statuat,
3230 2761 3465 2816 hostium
3497 2775 3631 2815 sane

2053 2868 2209 2943 guine
2253 2871 2498 2919 cruentet
2536 2860 2812 2923 dexteram
2847 2875 2861 2912 ι
2891 2856 3088 2912 dcimle
3130 2854 3453 2910 adveniente
3496 2862 3631 2907 teme

2055 2974 2206 3033 pore,
2233 2958 2301 3015 ab
2329 2955 2415 3009 illa
2445 2951 2701 3023 dignitate
2728 2949 2781 3004 in
2814 2964 2917 3019 qua
2947 2949 3107 3002 etiam
3141 2944 3224 3000 fur
3250 2944 3340 3000 ille
3375 2952 3512 3010 erat,
3544 2957 3635 2998 re.

2055 3061 2212 3121 ponte
2230 3050 2454 3107 ducatur
2470 3044 2536 3100 ad
2558 3043 2739 3099 sedem
2759 3042 2984 3111 regiam,
3014 3050 3071 3097 et
3096 3039 3343 3094 induatur
3365 3052 3628 3108 purpura;

2054 3143 2140 3197 hic
2156 3150 2334 3196 autem
2366 3138 2477 3192 illic
2505 3144 2738 3199 maneat,
2761 3133 2848 3187 ubi
2876 3141 3013 3196 erat,
3040 3128 3374 3185 solummodo
3394 3130 3646 3183 elemeno'

2055 3236 2124 3291 tia
2145 3233 2313 3305 regia,
2335 3246 2441 3286 non
2456 3229 2545 3285 det
2560 3242 2748 3300 ptenas
2769 3240 2954 3282 eorum
2971 3240 3091 3295 qua:
3111 3221 3343 3287 admisit,
3358 3223 3427 3276 sit
3453 3230 3633 3276 autem

2056 3324 2109 3378 in
2139 3325 2255 3385 loco
2283 3322 2490 3383 ultimo,
2519 3330 2572 3374 et
2600 3317 2703 3372 sub
2746 3332 2871 3386 rege
2907 3314 3196 3371 collocetur
3226 3331 3239 3367 :
3270 3311 3497 3376 feretne,
3547 3310 3636 3367 dic

2055 3430 2257 3489 qumso,
2280 3426 2532 3483 angorem
2553 3417 2608 3465 et
2621 3409 2781 3462 animi
2804 3405 3192 3476 asgritudinem,
3208 3402 3422 3473 quando
3440 3401 3634 3457 viderit

2057 3524 2177 3565 eum
2210 3504 2422 3575 quidem
2448 3502 2536 3572 qui
2565 3508 2683 3555 erat
2709 3513 2830 3552 eum
2860 3499 2996 3567 ipso,
3019 3495 3334 3555 ascendisse
3363 3493 3431 3550 ad
3458 3494 3635 3564 ipsum

2056 3599 2369 3677 dignitatum
2398 3591 2686 3662 fastigium,
2712 3598 2766 3644 et
2790 3588 3026 3644 evasisse
3054 3586 3190 3641 adeo
3219 3583 3556 3655 praeclarum,
3579 3591 3636 3637 et

2058 3676 2206 3748 orbis
2236 3696 2395 3744 terra:
2425 3695 2609 3740 tenere
2639 3681 3030 3759 principatum;
3062 3693 3121 3734 se
3139 3688 3320 3739 autem
3344 3676 3485 3734 infra
3516 3691 3634 3732 ma-

2057 3800 2209 3859 nere,
2234 3790 2290 3838 et
2315 3794 2415 3835 nec
2453 3777 2506 3833 id
2537 3776 2709 3846 ipsum
2735 3773 2975 3844 quidem,
3003 3772 3145 3842 quod
3192 3786 3300 3833 non
3328 3770 3485 3830 luerit
3511 3784 3637 3840 sup-

2059 3878 2298 3948 plicium,
2330 3871 2527 3926 habere
2547 3883 2668 3923 cum
2696 3866 2921 3929 honore,
2945 3864 3038 3918 sed
3067 3878 3096 3917 a
3122 3865 3293 3934 gratia
3321 3871 3376 3918 et
3402 3863 3638 3917 clemen-

2060 3972 2132 4027 tia
2160 3965 2343 4038 regia?
2374 3979 2494 4018 nam
2540 3959 2750 4016 etiamsi
2781 3970 2873 4012 rex
2915 3955 3036 4012 eum
3062 3954 3347 4021 dimiserit,
3379 3964 3439 4015 et,
3464 3970 3493 4008 a
3525 3953 3638 4009 eri-

2061 4060 2296 4118 minibus
2334 4053 2643 4119 absolverit,
2683 4053 2828 4105 vivet
2871 4060 3047 4103 tamen
3079 4047 3281 4118 pudore
3322 4046 3545 4101 affectus
3586 4055 3641 4101 et

2063 4151 2351 4225 ignominia
2383 4163 2396 4200 :
2428 4162 2531 4201 non
2562 4145 2704 4200 enim
2734 4143 2894 4197 etiam
2929 4140 3018 4194 alii
3049 4156 3171 4194 eum
3213 4138 3642 4193 admirabuntur;

2061 4246 2192 4304 Nam
2212 4245 2262 4300 in
2286 4238 2549 4312 ejusmodi
2569 4234 3052 4292 condonationibus
3070 4249 3174 4286 non
3198 4247 3292 4287 eos
3313 4232 3648 4285 admiramur

2059 4336 2152 4407 qui
2196 4333 2484 4403 accipiunt,
2517 4329 2614 4387 sed
2658 4343 2752 4385 eos
2792 4328 2880 4397 qui
2910 4326 3112 4391 donant
3138 4341 3155 4381 :
3185 4332 3241 4379 et
3285 4340 3393 4403 quo
3435 4325 3641 4395 majora

2053 4426 2190 4487 dona
2218 4430 2487 4497 dederint,
2517 4446 2582 4491 eo
2608 4429 2796 4501 majori
2821 4425 3025 4498 pudore
3044 4427 3352 4491 afﬁciuntur
3373 4425 3462 4497 qui
3493 4423 3642 4487 acci-

2055 4526 2222 4597 piunt,
2256 4524 2473 4597 quando
2517 4538 2707 4594 magna
2736 4521 2971 4578 admissa
3015 4528 3139 4575 sunt
3168 4519 3235 4583 ab
3281 4517 3361 4573 eis
3389 4524 3639 4587 peccata.

2052 4615 2253 4691 Quibus
2292 4630 2421 4689 ergo
2447 4613 2618 4668 oculis
2658 4613 2702 4667 is
2730 4610 2925 4668 intueri
2958 4610 3153 4681 poterit
3182 4623 3274 4669 eos
3312 4607 3401 4674 qui
3429 4614 3556 4662 sunt
3582 4604 3639 4663 in

2054 4708 2218 4776 regia,
2259 4707 2367 4760 illis
2396 4704 2627 4759 sudores
2653 4701 3074 4761 innumerabiles
3109 4709 3165 4757 et
3192 4699 3411 4755 vulnera
3445 4704 3634 4759 ostru-

2054 4794 2322 4860 dcntibus,
2368 4809 2489 4850 cum
2535 4795 2649 4862 ipse
2700 4792 2832 4848 nihil
2882 4791 3055 4862 possit
3100 4790 3405 4851 ostemlere,
3443 4786 3539 4841 sed
3588 4794 3643 4838 et

2055 4886 2195 4957 quod
2242 4886 2420 4941 salvus
2472 4885 2631 4942 abeat
2682 4899 2712 4937 ιι
2762 4883 2876 4938 sola
2925 4880 3015 4936 Dei
3059 4879 3388 4948 benignitate
3432 4888 3486 4931 et
3528 4876 3641 4943 cle-

2058 4977 2295 5035 mentia?
2341 4973 2806 5049 Quemadmodum
2850 4972 2993 5035 enim
3036 4969 3081 5022 si
3123 4969 3243 5039 quis
3297 4966 3640 5029 homicidam,

2060 5070 2252 5139 fin-em,
2280 5068 2576 5127 adulterum
2602 5066 2669 5119 ad
2696 5063 3015 5137 supplicium
3039 5060 3232 5130 capitis
3258 5056 3634 5123 adducendum

2058 5160 2246 5227 donari
2276 5158 2376 5223 sibi
2403 5156 2774 5228 postulaverit,
2821 5164 2875 5209 et
2916 5167 3039 5207 eum
3080 5165 3199 5205 esse
3221 5148 3441 5216 jus-serit
3472 5148 3522 5198 in
3546 5158 3612 5195 ve

2061 5253 2274 5317 stibulis
2299 5252 2498 5327 regite;
2530 5250 2618 5306 ille
2643 5249 2751 5319 jam
2780 5258 3071 5314 numquam
3102 5244 3297 5321 poterit
3321 5240 3555 5309 aliquem
3580 5254 3640 5290 es

2061 5344 2287 5409 adverso
2318 5340 2534 5409 intueri,
2566 5339 2778 5403 etiamsi
2801 5339 2872 5395 sit
2898 5336 3155 5399 liberatus
3184 5348 3219 5397 ιι
3242 5329 3544 5401 supplicio:
3576 5329 3644 5390 ita

2062 5434 2225 5503 etiam
2251 5433 2340 5498 hic
2366 5447 2601 5502 quoque.
3238 5481 3245 5487 .

2135 5527 2190 5581 5.
2230 5525 2349 5591 Non
2387 5523 2556 5588 enim,
2598 5520 2852 5593 quoniam
2892 5518 3041 5589 regia,
3067 5516 3284 5581 dicitur,
3330 5509 3645 5567 existimetis

2063 5632 2261 5687 manes.
2283 5615 2472 5683 eadem
2503 5613 2740 5685 assequi.
2770 5611 2904 5675 Nam
2934 5611 2979 5669 si
3010 5611 3096 5675 hic
3122 5615 3325 5673 suntet
3343 5603 3642 5677 praefectus,

2064 5720 2120 5767 et
2143 5723 2330 5777 omnes
2355 5706 2571 5787 quiregi
2601 5704 2879 5770 assistunt,
2914 5708 2968 5757 et
2998 5700 3086 5773 qui
3112 5707 3236 5761 sunt
3267 5697 3347 5755 his
3379 5695 3535 5763 longe
3563 5692 3642 5747 in-
