3980 6142
348 341 440 396 109

344 459 575 531 feriores,
618 464 677 512 et
723 465 904 514 tenent
943 457 1118 513 locum
1163 473 1351 515 corum
1395 461 1484 530 qui
1531 460 1781 516 dicuntur
1817 461 1914 516 de-

344 556 445 605 cani
476 554 582 621 (u),
610 563 744 607 sunt
770 553 821 607 in
848 554 1015 623 regia,
1044 554 1255 608 etiamsi
1285 552 1513 607 multum
1541 553 1753 608 intersit
1775 555 1916 608 inter

345 645 641 709 praefectum
690 652 748 696 et
792 643 1052 697 decanum
1086 660 1100 699 :
1133 645 1303 697 multo
1349 644 1519 714 magis
1574 644 1675 699 hoc
1724 646 1826 698 crit
1864 645 1914 698 in

344 749 558 802 superna
592 734 761 803 regia.
792 735 855 789 Et
879 734 980 789 hoc
1000 750 1104 789 non
1132 750 1199 790 ex
1228 752 1313 789 me
1341 735 1462 791 dico
1491 750 1650 791 :nsm
1678 745 1731 791 et
1760 739 1914 789 aliam

345 825 417 881 liis
441 828 700 895 majorem
731 826 1082 881 differentiam
1113 830 1259 898 pauit
1289 828 1505 883 Paulus.
1545 834 1713 897 Quam
1739 832 1916 883 multa!

344 916 494 981 enim,
528 915 722 986 inquit,
756 917 1071 973 differentia:
1100 929 1271 973 suuta
1304 921 1418 975 sole
1444 935 1613 989 usque
1638 921 1704 975 ad
1736 922 1912 976 lunam

343 1016 388 1059 et
402 1007 585 1060 stellas
608 1017 659 1062 et
693 1009 971 1063 minimam
1002 1011 1236 1074 stellam,
1282 1021 1388 1065 tam
1418 1012 1598 1065 multa!
1627 1014 1790 1068 etiam
1818 1032 1861 1066 ei
1890 1042 1914 1054 -

345 1109 449 1151 rum
474 1098 566 1167 qui
591 1107 719 1153 sunt
743 1100 797 1153 in
826 1102 992 1169 regia.
1025 1101 1091 1155 Et
1113 1101 1252 1168 quod
1286 1103 1441 1171 longe
1465 1104 1636 1172 major
1665 1105 1727 1156 sit
1760 1104 1914 1158 diife-

344 1190 502 1244 reatia
532 1191 724 1246 decani
752 1193 842 1263 qui
869 1192 1075 1248 dicitur
1100 1206 1155 1249 et
1185 1194 1447 1264 prtefecti,
1484 1206 1537 1251 ct
1566 1196 1693 1250 solis
1723 1206 1781 1251 et
1821 1197 1912 1248 mi-

346 1284 491 1337 nimaa
545 1286 754 1351 stella,
804 1297 890 1342 est
938 1288 1188 1344 omnibus
1238 1292 1600 1359 perspicuum.
1647 1289 1779 1344 Nam
1824 1287 1908 1342 sol

345 1373 546 1441 quidem
581 1384 754 1431 totum
782 1379 967 1435 orbem
996 1388 1155 1434 terrm
1180 1381 1335 1435 simul
1361 1381 1591 1436 illustrat
1628 1390 1681 1435 et
1705 1380 1911 1435 exhila-

346 1472 439 1530 rat,
468 1465 754 1536 lunamque
777 1470 1057 1525 abscondit
1079 1480 1134 1526 et
1157 1474 1341 1528 stellas
1369 1492 1381 1527 :
1412 1474 1504 1528 ille
1548 1484 1726 1528 autem
1770 1485 1913 1537 saepe

251 1563 257 1569 '
347 1567 444 1607 non
492 1566 732 1626 apparet,
781 1559 938 1629 idque
981 1563 1031 1614 in
1063 1564 1343 1619 tenebris:
1374 1565 1554 1617 multa:
1595 1564 1739 1618 enim
1789 1571 1913 1616 sunt

347 1644 503 1698 stella:
528 1662 661 1714 quas
691 1663 797 1703 non
823 1651 1087 1706 videmus.
1113 1654 1339 1721 Quando
1360 1670 1486 1724 ergo
1515 1655 1754 1709 videmus
1782 1654 1915 1707 alios

348 1733 451 1791 fieri
479 1739 625 1794 soles
645 1757 790 1829 'ynos
834 1753 1012 1800 autem
1041 1749 1382 1801 minimarum
1411 1750 1767 1804 stellarunnet
1794 1764 1915 1817 qua:

347 1841 408 1882 ne
433 1839 696 1898 apparent
723 1834 936 1902 quidem
968 1837 1142 1891 locum
1173 1849 1377 1900 tenere,
1415 1856 1658 1905 qua-nam
1686 1840 1788 1893 erit
1820 1853 1917 1892 no-

360 1921 434 1974 bis
465 1926 804 1981 consolatio?
829 1928 927 1992 Ne,
956 1947 1108 2000 rogo,
1154 1947 1222 1987 ne
1267 1934 1436 1989 simus
1468 1936 1599 1989 adeo
1637 1934 1789 1997 lardi,
1819 1949 1918 1989 nec

347 2011 472 2068 adeo
501 2016 634 2085 pigri
680 2026 736 2073 et
761 2019 955 2089 ignavi,
988 2038 1053 2075 ne
1091 2025 1324 2092 segniter
1360 2026 1584 2080 Salutem
1617 2026 1707 2079 Dei
1752 2041 1920 2095 appe-

349 2112 533 2175 tatntis,
573 2109 673 2164 sed
719 2123 1068 2169 mercaturam
1121 2130 1187 2170 ex
1235 2133 1297 2171 ea
1344 2134 1689 2173 exerceamus
1722 2130 1773 2173 et
1800 2135 1916 2174 eam

348 2188 775 2269 multiplicemus.
805 2204 937 2260 Nam
961 2207 1167 2261 etiamsi
1193 2212 1311 2275 quis
1367 2215 1433 2263 sit
1476 2211 1911 2272 catechumenos,

347 2297 570 2346 attamen
616 2296 766 2350 novit
805 2295 1097 2364 Christum,
1152 2301 1298 2354 norit
1330 2300 1507 2366 (idem,
1554 2304 1726 2355 divina
1774 2302 1923 2356 audit

347 2382 569 2453 eloquia,
604 2400 712 2441 non
757 2398 842 2443 est
891 2392 1073 2459 procul
1129 2406 1156 2444 a
1194 2393 1368 2446 divina
1424 2396 1746 2462 cognitione,
1777 2396 1924 2449 novit

347 2472 549 2529 Domini
565 2478 648 2530 sui
674 2478 1021 2535 voluntatem.
1043 2481 1154 2536 Cur
1182 2482 1327 2554 igitur
1362 2484 1554 2551 dim-rt,
1586 2501 1682 2539 cur
1701 2496 1922 2540 cuneta-

346 2572 431 2618 tur
451 2576 505 2619 et
522 2571 804 2623 moratur?

413 2662 557 2717 Bona
576 2664 678 2716 cita
702 2664 832 2718 nihil
853 2666 1050 2719 melius.
1069 2697 1138 2706 —
1162 2666 1305 2721 Bona
1332 2669 1435 2722 vita
1467 2685 1498 2722 n
1525 2670 1593 2723 hil
1624 2680 1704 2724 est
1735 2670 1925 2726 melius

346 2764 401 2809 et
425 2755 511 2809 hic
529 2767 586 2811 et
613 2756 725 2811 illic
749 2799 763 2818 ,
797 2768 851 2811 et
881 2758 935 2811 in
969 2757 1034 2812 iis
1064 2761 1153 2829 qui
1185 2762 1553 2817 illuminanlur
1578 2764 1705 2817 etin
1740 2765 1803 2817 iis
1836 2764 1925 2834 qui

346 2849 614 2904 calechcsi
663 2850 1033 2903 instituuntur.
1083 2852 1211 2905 Nam
1254 2853 1397 2919 quid,
1421 2869 1627 2921 quaeso,
1648 2855 1800 2908 nobis
1848 2865 1929 2909 est

351 2952 680 3011 perceptum
721 2958 886 3011 grave
928 2955 983 2998 el
1019 2944 1450 2998 intolerandum?
1481 2947 1625 3000 llabe
1656 2987 1670 3009 ,
1716 2948 1927 3014 inquit,

353 3045 570 3087 morem
599 3072 616 3096 ,
645 3039 700 3084 et
736 3033 809 3085 sis
842 3041 1147 3101 temperans
1182 3045 1235 3089 et
1274 3037 1575 3089 continens.
1626 3037 1808 3090 llucne
1850 3047 1931 3090 est

354 3125 572 3179 difﬁciie
596 3126 620 3179 ?
648 3126 943 3193 quomodo,
973 3142 1093 3180 cmn
1126 3128 1326 3196 absque
1357 3145 1523 3181 uxore
1546 3129 1693 3181 multi
1726 3144 1781 3181 se
1801 3145 1929 3181 cou-

260 3210 273 3217 ’
355 3217 463 3271 tiae
497 3227 557 3269 nt
586 3257 601 3278 ,
639 3232 748 3268 non
788 3217 962 3269 Solum
991 3216 1278 3271 Christiani
1305 3260 1319 3281 ,
1348 3219 1439 3270 sed
1465 3228 1517 3269 et
1545 3218 1754 3271 Gra't'i‘.’
1782 3219 1931 3285 Quod

358 3305 573 3360 Cra-cus
600 3315 825 3373 supcrat
856 3315 1076 3375 propter
1110 3308 1322 3361 inanem
1362 3309 1582 3377 gloriam
1608 3351 1619 3367 .
1657 3320 1708 3362 tu
1740 3326 1803 3362 ne
1836 3311 1935 3363 hoc

356 3397 568 3465 quidem
613 3411 801 3451 servas
847 3408 1069 3466 propter
1110 3399 1199 3451 Dei
1248 3400 1543 3452 timorem?
1583 3399 1689 3460 Da,
1723 3400 1934 3468 inquit,

363 3488 661 3556 pauperibus
689 3504 753 3541 ex
788 3489 890 3541 tuis
920 3488 1247 3556 facultatibus
1277 3490 1423 3557 ('l'ob.
1451 3490 1503 3542 4.
1535 3490 1614 3558 7).
1648 3491 1826 3543 llocue
1857 3500 1939 3543 est

366 3596 518 3649 grave
538 3591 593 3634 et
623 3579 1060 3635 intolerandum?
1082 3581 1183 3635 Sed
1212 3582 1296 3634 hic
1316 3598 1530 3650 quoque
1559 3597 1659 3635 nos
1686 3592 1943 3638 accusant

366 3670 550 3733 (ΣΙ-δὀἱ,
584 3672 675 3740 qui
710 3686 901 3724 omnes
932 3687 1057 3725 snas
1086 3672 1387 3727 cll‘udt-runt
1421 3673 1698 3727 facultates
1729 3684 1943 3744 propter

372 3761 577 3815 inanem
596 3760 846 3829 gloriam.
882 3759 961 3814 Ne
991 3761 1148 3814 verba
1181 3761 1417 3830 loquaris
1440 3764 1695 3817 obscaena
1724 3763 1858 3831 (Col.
1888 3765 1941 3819 '5.

421 3870 581 3942 (α).Ηὶ
608 3872 790 3943 fleo-ani
831 3877 1027 3943 lictores
1066 3885 1203 3943 erant
1233 3877 1283 3925 in
1320 3878 1425 3927 aula
1461 3880 1787 3943 Imperatoris.
1812 3890 1933 3942 Vide

365 3931 581 3990 (lanciunt
606 3936 657 3982 in
681 3935 929 3983 Gloswrio
954 3938 1035 3984 (ir.
1063 3939 1121 3985 ad
1147 3953 1313 3987 vocem
1336 3958 1502 3999 Δυιανός.

389 4028 1614 4051 ————-—_———__—____-

1119 364 1187 420 IN
1226 362 1443 420 EPIST.
1490 364 1576 418 AD
1616 360 1979 418 llEBRIEOS.
2021 361 2174 416 CAP.
2216 361 2352 419 Ylll.
2396 362 2625 421 llOMlL.
2666 362 2805 422 XIV.

3508 383 3609 440 1l0

2028 460 2106 531 8).
2135 463 2316 521 Hocne
2336 479 2418 524 est
2433 471 2690 530 difficile?
2719 477 2937 532 Etiamsi
2969 494 3074 533 non
3098 490 3235 536 esset
3260 491 3607 551 prmceptum,

2026 569 2207 612 annon
2236 572 2515 630 oporteret
2552 581 2652 622 nos
2694 569 2764 623 ita
2792 584 2982 640 gerere
3005 613 3019 638 ,
3054 587 3120 625 ne
3153 572 3255 627 hoc
3282 574 3438 629 nobis
3467 585 3612 631 esset

2024 660 2268 727 probro?
2294 663 2428 719 Nam
2461 666 2601 735 quod
2631 669 2957 722 contrarium
2986 670 3056 724 sit
3088 671 3302 727 difficile
3330 715 3347 739 ,
3378 675 3540 729 verba
3567 715 3584 738 ,

2033 751 2268 822 inquam,
2312 756 2455 823 loqui
2477 761 2749 826 obscaena,
2768 771 2851 815 est
2874 763 3208 831 perspicuum
3233 779 3296 819 ex
3327 764 3429 819 hoc
3453 767 3593 834 quod

2023 843 2230 912 pudore
2272 847 2503 902 adicitur
2535 857 2592 903 et
2635 850 2904 905 erubescit
2948 855 3160 908 animus
3189 896 3206 923 ,
3250 856 3293 910 si
3334 856 3599 914 adductus

2025 934 2184 990 fuerit
2211 946 2268 991 ut
2290 938 2394 991 tale
2423 937 2554 1007 quid
2578 939 2738 1006 dicat,
2767 951 2822 995 et
2850 958 3024 1012 neque
3053 944 3218 1011 dicet,
3249 948 3347 1001 nisi
3380 948 3610 1023 fortesit

2029 1024 2231 1079 ebrius.
2250 1026 2361 1081 Cur
2388 1029 2531 1080 enim
2559 1029 2609 1082 in
2642 1029 2758 1083 loro
2783 1032 2997 1096 sedens,
3019 1037 3227 1090 etiamsi
3250 1037 3393 1092 domi
3422 1039 3604 1099 facias.

2029 1117 2138 1171 illic
2168 1135 2270 1171 non
2300 1117 2433 1175 facis
2460 1118 2484 1170 ?
2515 1135 2695 1175 annon
2727 1132 2946 1193 propter
2971 1140 3066 1179 eos
3099 1128 3184 1196 qui
3224 1129 3420 1184 adsunt
3448 1131 3471 1183 ?
3508 1147 3606 1183 cur

2028 1210 2071 1264 si
2100 1210 2238 1263 adsit
2261 1226 2393 1265 uxor
2419 1220 2528 1273 tua.
2553 1212 2604 1266 id
2629 1229 2733 1268 non
2766 1216 2895 1272 facis
2922 1218 2945 1270 ?
2970 1234 3149 1274 annon
3175 1230 3319 1277 utne
3340 1239 3455 1278 eam
3487 1224 3609 1278 ron-

2031 1302 2243 1355 tumclia
2269 1301 2471 1355 afﬁcias
2494 1305 2517 1355 ?
2545 1304 2696 1371 Quod
2723 1321 2852 1375 ergo
2880 1319 3100 1377 propter
3140 1327 3359 1366 uxorem
3392 1331 3495 1369 non
3527 1316 3605 1368 fa-

2027 1392 2126 1450 cis.
2161 1392 2326 1445 Deum
2355 1396 2674 1449 contumelia
2704 1398 2946 1452 afficiens
2975 1416 3080 1454 non
3109 1403 3427 1457 erubescis?
3456 1407 3609 1459 adest

2029 1483 2170 1535 enim
2202 1484 2395 1553 ubique
2417 1493 2471 1537 et
2496 1485 2643 1539 audit
2675 1490 2875 1541 omnia.
2902 1489 3019 1543 Noli
3051 1532 3065 1552 ,
3109 1492 3322 1561 inquit,
3358 1496 3609 1549 inebriari

2031 1572 2245 1643 (Eplres.
2282 1575 2334 1625 5.
2364 1574 2453 1643 18)
2485 1590 2499 1628 :
2526 1586 2694 1630 recte.
2723 1578 2853 1631 Nam
2884 1581 3046 1633 ctiam
3081 1581 3181 1636 hoc
3215 1584 3386 1650 ipsum
3429 1602 3523 1655 per
3546 1603 3605 1641 se

2030 1678 2204 1717 annon
2231 1671 2313 1717 est
2338 1665 2698 1733 supplicium?
2733 1667 2848 1722 Non
2882 1670 3055 1733 dixit,
3104 1673 3359 1727 Distrnde
3406 1691 3603 1743 corpus

2030 1763 2210 1817 tuum;
2241 1754 2333 1809 sed
2361 1756 2484 1824 quid
2513 1757 2535 1809 7
2565 1756 2680 1812 Noli
2713 1758 2963 1814 inebriari
2994 1779 3007 1815 :
3042 1762 3090 1814 id
3123 1774 3223 1827 est,
3274 1762 3350 1817 Ne
3372 1766 3448 1817 sic
3476 1766 3605 1817 illud

2032 1845 2342 1915 prmcipitcs
2370 1888 2385 1913 ,
2427 1857 2483 1901 ttt
2520 1848 2798 1903 auferatur
2833 1853 3164 1920 principatus
3207 1855 3419 1906 animal.
3470 1856 3609 1918 Qud

2024 1935 2373 2004 ergo?annon
2390 1934 2641 2003 corporis
2654 1935 2905 1990 habenda
2917 1952 3047 1990 cura
3064 1938 3172 1991 est?
3185 1936 3360 2001 Absit,
3374 1953 3482 1990 non
3494 1938 3599 1992 hoc

2026 2027 2172 2089 dico,
2185 2027 2264 2081 sic
2273 2026 2419 2080 enim
2434 2027 2636 2082 Paulus
2646 2028 2929 2098 prrecepit:
2945 2028 3134 2084 Carnis
3147 2047 3331 2083 curam
3346 2047 3408 2083 ne
3423 2031 3604 2099 feceri-

2030 2119 2158 2171 tisin
2177 2118 2446 2172 desideriis
2463 2118 2636 2185 (Rom.
2657 2120 2742 2173 13.
2764 2120 2873 2190 14).
2894 2121 2999 2175 Sed
3020 2136 3086 2175 ne
3109 2137 3296 2175 curam
3316 2138 3471 2190 geras
3485 2124 3604 2191 ejus

2031 2209 2511 2277 concupiscentiae,
2543 2226 2611 2264 ne
2642 2211 2823 2279 rapias
2847 2227 2968 2279 quae
2998 2220 3089 2265 tua
3115 2228 3221 2265 non
3253 2222 3401 2274 sunt,
3426 2229 3494 2268 ne
3509 2229 3603 2281 per

2032 2298 2319 2352 avaritiam
2347 2298 2575 2353 invadas
2598 2301 2798 2364 aliena,
2830 2317 2898 2355 ne
2926 2305 3139 2371 pcjercs
3172 2304 3384 2373 (Matth.
3422 2306 3475 2357 5.
3499 2306 3611 2373 55).

2035 2389 2361 2454 Quibusnam
2390 2398 2547 2457 egent
2577 2389 2693 2443 h:rc
2719 2389 3010 2451 laboribus,
3044 2392 3236 2459 quibus
3260 2409 3363 2445 iam
3388 2394 3601 2446 sudori-

2038 2480 2137 2534 bus
2164 2496 2176 2531 :
2206 2479 2283 2533 Ne
2311 2478 2611 2533 crimineris
2632 2517 2647 2541 ,
2680 2480 2843 2548 inquit
2876 2520 2892 2543 ,
2923 2496 2987 2535 ne
3009 2483 3350 2534 caluiunieris
3378 2481 3525 2547 (an.
3552 2485 3603 2538 ’5.

2040 2571 2152 2641 14).
2184 2571 2313 2637 Quis
2344 2571 2396 2623 in
2425 2569 2522 2623 hac
2553 2585 2610 2624 re
2635 2571 2824 2624 labor?
2853 2570 3189 2627 Contrarium
3216 2574 3429 2642 quidem
3461 2586 3607 2628 certe

2040 2673 2123 2716 est
2151 2663 2319 2717 labor.
2353 2660 2485 2715 Nam
2515 2662 2728 2729 quando
2756 2664 3056 2719 maledictis
3086 2668 3376 2734 appetieris
3396 2709 3408 2731 ,
3439 2668 3614 2719 statim

2041 2776 2099 2813 es
2128 2759 2179 2812 in
2214 2757 2456 2827 periculo
2480 2798 2493 2819 ,
2526 2757 2575 2809 in
2602 2758 2927 2826 suspicione,
2960 2759 3035 2812 Ne
3065 2759 3198 2812 forte
3227 2760 3457 2813 audierit
3486 2761 3529 2811 is
3557 2761 3623 2813 de

2042 2866 2147 2920 quo
2177 2850 2283 2903 dixi
2311 2891 2326 2915 ,
2359 2850 2472 2903 sive
2500 2851 2570 2903 sit
2600 2865 2845 2918 magnus,
2900 2852 3012 2905 sive
3050 2839 3245 2921 parvus
3276 2871 3288 2907 :
3317 2868 3437 2905 nam
3475 2853 3518 2904 si
3553 2853 3623 2907 sit

2046 2942 2259 3011 quidem
2285 2956 2529 3008 magnus,
2558 2943 2734 2993 statim
2770 2956 2825 2994 re
2856 2942 2965 3008 ipsa
2993 2943 3173 2995 venies
3206 2943 3254 2995 iu
3282 2943 3571 3011 periculum
3598 2958 3615 3007 ;

2047 3033 2127 3085 siu
2157 3046 2350 3100 parvus
2377 3073 2389 3088 .
2422 3046 2516 3096 par
2540 3031 2652 3099 pari
2683 3030 2880 3085 referet
2911 3073 2924 3093 ,
2954 3036 3061 3085 imo
3086 3035 3331 3101 graviora
3367 3036 3625 3100 rependet

2046 3133 2099 3175 et
2144 3131 2194 3175 te
2239 3120 2530 3187 majoribus
2572 3130 2787 3188 appetet
2834 3121 3155 3175 maledictis.
3184 3122 3323 3176 Nihil
3358 3125 3572 3177 diflicilo
3608 3167 3622 3185 ,

2050 3213 2180 3265 nihil
2208 3228 2367 3281 grave
2401 3211 2553 3264 nobis
2583 3221 2666 3265 est
2698 3221 3044 3280 prmceptnm,
3074 3214 3114 3266 si
3141 3215 3363 3267 velitum
3388 3233 3399 3267 :
3424 3216 3503 3266 siu
3532 3232 3623 3266 au—

2052 3315 2155 3357 tem
2180 3303 2434 3365 nolimus,
2458 3301 2758 3368 etiamtunc
2789 3310 2913 3355 Sunt
2938 3304 3181 3357 facillima
3217 3347 3230 3366 ,
3270 3307 3422 3357 nobis
3452 3323 3616 3371 appa-

2049 3398 2240 3450 rehunt
2266 3398 2462 3465 gravia.
2490 3397 2623 3463 Quid
2652 3406 2727 3450 cst
2759 3397 2962 3450 facilius
2987 3413 3143 3466 quam
3172 3399 3452 3452 comedere
3479 3400 3501 3452 ?
3531 3401 3623 3453 sed

2056 3498 2273 3555 propter
2314 3490 2532 3541 multam
2577 3490 2853 3542 mollitiem
2882 3490 3029 3542 multi
3062 3489 3110 3541 id
3140 3505 3351 3558 quoque
3380 3506 3522 3559 :rgre
3549 3492 3627 3545 fe-

2054 3587 2182 3632 runt
2212 3596 2224 3631 :
2254 3580 2449 3633 multos
2475 3580 2632 3632 audio
2663 3580 2901 3633 dicentes
2926 3622 2939 3644 ,
2983 3580 3124 3648 quod
3154 3582 3313 3634 etiam
3342 3584 3626 3637 comedere

2052 3675 2136 3722 est
2164 3668 2328 3723 labor.
2361 3669 2501 3723 Nihil
2532 3670 2717 3722 horuvn
2749 3681 2828 3723 est
2859 3671 3199 3735 labor-imum,
3221 3670 3263 3722 si
3279 3672 3447 3724 velis:
3480 3689 3620 3729 nam.

2042 3772 2163 3811 cum
2207 3757 2370 3823 gratia
2414 3770 2662 3823 superna,
2699 3756 2749 3807 in
2796 3758 3062 3806 voluntate
3101 3757 3198 3804 sita
3251 3764 3375 3807 sunt
3420 3760 3618 3815 omnia,

2047 3849 2286 3904 Velimus
2328 3861 2453 3912 ergo
2504 3844 2635 3896 bona
2663 3886 2676 3907 ,
2729 3854 2784 3895 ut
2830 3844 2989 3897 etiam
3040 3844 3177 3899 bona
3221 3860 3611 3915 consequamur

2045 3950 2245 3995 :cterna
2286 3980 2298 3994 .
2331 3937 2494 3999 gratia
2522 3946 2572 3987 et
2600 3934 2959 3995 benignitate.

1700 4113 2043 4175 HOMILIA
2093 4111 2265 4171 XIV.

362 4207 476 4263 CAP.
499 4210 550 4267 8.
579 4213 632 4266 1.
676 4211 968 4282 Capitulum
998 4222 1165 4267 autem
1206 4231 1357 4283 super
1400 4230 1459 4268 ea
1499 4232 1613 4285 qua:
1641 4216 1878 4269 dicuntur
1904 4230 1923 4268 :

424 4301 594 4357 Talem
621 4304 865 4360 [tabanus
898 4308 1189 4375 pontiﬁcem
1216 4349 1231 4371 ,
1261 4309 1349 4375 qui
1377 4310 1600 4361 consedit
1637 4309 1689 4362 in
1719 4309 1928 4361 dextera

422 4396 554 4450 sedis
581 4399 949 4468 magnitudinis
971 4400 1023 4453 in
1045 4400 1181 4454 cwlt's
1202 4443 1216 4462 ,
1248 4400 1301 4453 2.
1333 4409 1618 4452 sanctorum
1648 4402 1875 4453 minister
1908 4440 1922 4461 ,

422 4497 469 4538 et
502 4487 815 4542 tabernaculi
854 4490 964 4543 veri
991 4530 1007 4557 ,
1043 4490 1180 4560 quod
1239 4491 1351 4558 ﬁxit
1391 4488 1640 4543 Dominus
1664 4531 1680 4553 ,
1733 4499 1777 4544 et
1823 4507 1925 4544 non

423 4581 589 4637 homo.

418 4673 471 4726 1.
494 4673 811 4744 (a)llumi|ia
834 4675 1156 4731 sublimibus
1178 4676 1439 4731 admiscet
1460 4677 1671 4742 Paulus,
1688 4678 1772 4747 qui
1787 4692 1928 4731 sem-

353 4773 447 4829 per
467 4778 622 4819 snum
654 4765 895 4820 imitatur
924 4766 1233 4836 Magistrum
1260 4808 1273 4830 ,
1308 4777 1359 4820 ut
1397 4768 1612 4820 humilia
1637 4768 1775 4821 viam
1810 4785 1927 4821 mu-

347 4854 495 4909 niant
531 4855 598 4910 ad
625 4857 873 4912 sublimia
901 4898 915 4920 ,
943 4866 998 4912 et
1029 4873 1125 4927 per
1164 4873 1227 4912 ea
1255 4858 1322 4911 ad
1366 4858 1451 4910 illa
1487 4857 1836 4920 deducamur,
1870 4866 1927 4910 et

343 4958 464 4999 cum
496 4946 564 5002 ad
594 4963 783 5017 magna
808 4951 1230 5015 pervenerimus,
1250 4948 1519 5005 discamus
1542 4966 1603 5003 ca
1634 4951 1794 5003 fuisse
1818 4966 1925 5004 sine

345 5032 688 5092 demissionis
707 5038 771 5093 ad
796 5048 1010 5110 captum
1033 5050 1292 5094 nostrum.
1321 5040 1431 5094 Hoc
1452 5056 1579 5110 ergo
1609 5040 1692 5094 hic
1717 5056 1926 5110 quoque

350 5123 509 5182 facit:
540 5128 730 5184 dicens
773 5130 916 5200 quod
954 5146 1015 5186 se
1052 5131 1337 5193 obtulerit,
1375 5141 1429 5184 et
1464 5147 1584 5184 cum
1614 5132 1919 5203 pontificem

341 5231 465 5274 eum
496 5236 620 5276 esse
654 5221 1002 5288 ostendisset,
1035 5223 1165 5277 dicit
1194 5241 1209 5277 :
1244 5223 1531 5293 Capitulum
1568 5234 1734 5277 autem
1775 5240 1927 5292 super

342 5324 405 5362 ea
426 5328 539 5381 qua
561 5313 804 5367 dicuntur
831 5329 849 5368 :
872 5311 1053 5368 Talem
1078 5314 1315 5367 habemus
1340 5314 1647 5383 pontiﬁcem,
1676 5314 1762 5382 qui
1789 5330 1916 5365 con-

341 5400 470 5454 sedit
495 5402 548 5458 in
569 5402 781 5458 dextera
798 5402 933 5458 sedis
954 5404 1316 5474 magnitudinis
1353 5404 1406 5457 in
1428 5404 1590 5457 cretis.
1631 5403 1793 5473 Atqui
1826 5402 1925 5456 hoc

406 5584 477 5644 (a)
486 5584 750 5635 Homiliam
765 5585 837 5634 sic
849 5583 1016 5680 incipit
1031 5580 1411 5642 Colb.0nomodo
1426 5580 1502 5627 hie
1520 5576 1698 5646 diritnr
1712 5575 1928 5646 minister

416 5647 626 5680 τιήηὸεοον
651 5654 923 5680 ιιπη-ιηιιηπι
989 5644 1065 5680 hs’r
1087 5642 1213 5680 ρηίιη
1251 5640 1605 5680 Inlmrn/yrnlum
1640 5640 1772 5680 (hat-
1809 5637 1928 5680 t'irle

344 5648 396 5693 ﬂ
414 5637 626 5697 minister
648 5637 965 5698 sanctorum?
986 5644 1065 5695 hic
1087 5637 1214 5693 attint
1251 5640 1605 5691 (abc‘l‘iL’K'ttllmt
1640 5637 1773 5686 dicit.
1809 5637 1929 5685 t'ide

340 5710 574 5763 quonme
608 5708 769 5758 erexit
801 5707 988 5756 animas
1025 5706 1322 5755 Juda‘ormn.
1359 5705 1436 5753 Si;
1476 5701 1766 5763 [illlL'lSjlllllS
1796 5714 1929 5747 atm-

347 5775 543 5819 IIUensis
563 5770 647 5820 ille
672 5768 827 5819 multa
851 5768 1236 5832 comprehendit.

2039 4227 2144 4268 non
2174 4221 2257 4268 est
2269 4213 2549 4283 pontiﬁcis,
2581 4213 2674 4270 sed
2695 4213 2832 4283 ejus,
2870 4212 2957 4268 cui
2977 4221 3189 4283 oportet
3216 4213 3359 4283 fungi
3392 4229 3612 4271 munere

2038 4304 2348 4361 sacerdotis.
2372 4305 2675 4358 Sanctorum
2701 4304 2941 4358 minister.
2961 4303 3070 4359 Nec
3084 4304 3320 4359 absolute
3348 4304 3608 4368 minister,

2037 4395 2465 4456 sed,Sanctorum
2510 4397 2754 4451 minister.
2786 4395 2852 4449 Et
2879 4396 3188 4450 tabernaculi
3223 4397 3325 4449 veri
3348 4397 3482 4462 quod
3502 4398 3613 4462 ﬁa‘it

2034 4487 2302 4548 Dominus,
2329 4499 2374 4543 et
2390 4507 2487 4542 non
2504 4490 2669 4541 homo.
2690 4488 2848 4543 Vides
2876 4489 2957 4543 sui
2984 4488 3358 4543 demissioncm
3376 4489 3398 4540 ‘?
3421 4492 3609 4540 Annon

2038 4579 2196 4647 paulo
2220 4589 2342 4632 ante
2367 4580 2627 4643 distinxit,
2660 4579 2841 4633 dicens
2866 4596 2878 4632 :
2908 4577 3091 4632 Nonne
3118 4594 3287 4630 omnes
3308 4588 3421 4628 sunt
3442 4578 3610 4628 admi-

2046 4668 2323 4720 nistratorii
2346 4669 2553 4734 spiritus
2588 4668 2606 4737 (
2637 4667 2793 4721 Hebr.
2826 4669 2877 4721 1.
2912 4668 3061 4735 11)?
3105 4668 3172 4720 Et
3198 4675 3477 4735 propterea
3506 4681 3609 4717 non
3642 4702 3647 4705 -

2035 4757 2255 4810 audiunt
2278 4798 2292 4822 ,
2327 4757 2459 4811 Sede
2502 4774 2534 4811 a
2573 4758 2761 4811 dextris
2804 4758 2945 4810 meis.
2982 4757 3091 4809 lloc
3127 4767 3303 4809 autem
3333 4755 3406 4806 ait
3432 4796 3446 4814 ,
3470 4755 3611 4820 quod

2036 4849 2252 4901 omnino
2282 4865 2385 4902 non
2416 4849 2485 4903 sit
2512 4830 2752 4903 minisier
2776 4848 2864 4917 qui
2893 4846 3062 4901 sedet.
3083 4844 3362 4913 Quomodo
3393 4860 3518 4911 ergo
3532 4844 3612 4895 di-

2037 4949 2153 4991 ctus
2180 4952 2261 4993 est
2283 4939 2369 4994 hic
2390 4941 2630 4994 minister
2642 4938 2973 4994 sanctorum?
2994 4935 3412 5000 Tabernacnlnm
3435 4946 3609 4986 autem

2039 5030 2126 5086 bic
2152 5034 2340 5087 crrlum
2361 5034 2510 5086 dicit.
2545 5033 2666 5087 ldeo
2695 5035 2853 5086 etiam
2880 5040 2937 5083 ut
2961 5029 3202 5083 ostendat
3230 5042 3385 5094 quam
3406 5024 3613 5077 ditl‘erat

2034 5146 2061 5182 a
2087 5128 2323 5189 Judaico,
2372 5123 2519 5186 dicit,
2554 5122 2701 5188 Quod
2733 5123 2840 5188 ﬁxit
2868 5119 3037 5183 Deus,
3067 5128 3112 5170 et
3141 5132 3239 5170 non
3260 5115 3426 5167 homo.
3476 5112 3609 5165 Vide

2033 5216 2303 5283 quomodo
2339 5213 2513 5268 erexit
2556 5213 2765 5266 animos
2805 5224 2990 5264 eorum
3034 5208 3121 5276 qui
3164 5204 3507 5261 crediderunt
3548 5203 3597 5254 iu

2035 5307 2254 5362 ludatis.
2306 5305 2437 5358 Nam
2481 5303 2732 5371 quoniam
2762 5298 3053 5354 verisimile
3084 5305 3201 5350 erat
3231 5309 3324 5348 eos
3355 5293 3611 5362 imagina-

2036 5408 2119 5452 tos
2146 5413 2263 5451 esse
2295 5409 2391 5448 nos
2434 5409 2537 5447 non
2569 5393 2767 5446 habere
2807 5391 2910 5443 tale
2951 5384 3353 5441 tabernaculum
3388 5401 3401 5435 :
3437 5385 3606 5447 Ecce,

2039 5488 2228 5557 inquit,
2258 5485 2531 5549 sacerdos,
2564 5493 2615 5536 et
2646 5495 2889 5550 magnus,
2922 5488 2975 5531 et
3003 5477 3093 5530 illo
3117 5475 3286 5528 nmlto
3317 5473 3485 5540 major
3511 5514 3524 5533 ,
3557 5482 3614 5524 ut

2038 5576 2406 5632 admirabilius
2448 5575 2639 5628 obtulit
2694 5568 3037 5625 sacrificium.
3087 5566 3156 5618 At
3202 5561 3457 5630 numquid
3502 5562 3613 5613 huic

2041 5677 2163 5722 sunt
2199 5666 2453 5735 jactantia
2501 5675 2554 5719 et
2597 5661 2755 5715 animi
2798 5655 3127 5710 oblectatio?
3164 5654 3451 5719 Pr0pterca
3500 5667 3611 5705 rem

2046 5765 2187 5833 ptius
2221 5762 2341 5814 facit
2372 5756 2678 5813 credibilem
2708 5768 2768 5806 ex
2793 5746 3140 5817 jurejurando
3165 5788 3177 5809 ,
3215 5743 3411 5798 deinde
3455 5744 3613 5797 etiam
