3980 6142
391 362 415 417 1
435 362 453 415 l
469 359 490 413 ι
1108 356 1164 415 S.
1205 354 1482 414 JOANNIS
1518 340 1995 407 CllRYSOSTOMl

382 495 446 534 ex
482 471 847 533 tabernaculo.
881 469 1009 527 Erat
1027 465 1239 538 quidem
1262 462 1379 519 haec
1407 476 1622 534 quoque
1648 469 1835 531 aperta
1858 457 1957 514 dil-

379 569 608 627 fereutia
634 585 646 620 :
678 567 792 634 ipse
814 576 944 618 vero
962 560 1120 615 aliam
1147 571 1360 629 quoque
1385 555 1652 625 excogitat
1683 570 1698 610 :
1735 552 1880 619 Quod
1897 551 1958 620 ﬂ—

381 663 457 727 uit
483 702 498 726 ,
531 659 738 728 inquit,
764 655 926 718 Deus,
959 662 1006 707 et
1054 667 1157 706 non
1186 651 1353 705 homo.
1389 647 1491 703 Ubi
1512 654 1637 701 sunt
1659 645 1746 714 qui
1774 643 1961 699 dicunt

381 750 587 815 moveri
633 748 823 809 caelum
850 745 873 798 ?
901 744 989 801 ubi
1040 750 1168 807 sunt
1207 741 1296 810 qui
1344 737 1694 811 pronuntiant
1745 734 1798 795 id
1841 747 1962 793 esse

381 841 703 913 Spbwricum
725 838 829 908 (a)?
852 845 1074 906 utraque
1093 832 1237 891 enim
1260 831 1344 891 hic
1359 839 1481 884 sunt
1497 828 1719 885 sublata.
1747 824 1963 891 Capitur»

382 934 490 987 lunt
511 940 700 995 autem,
723 927 917 998 inquit,
947 940 1101 993 super
1122 940 1181 979 ea
1201 936 1314 990 quis
1338 920 1594 975 dicuntur.
1622 916 1796 985 Caput
1824 930 1964 969 sem-

384 1038 485 1095 per
523 1020 721 1081 dicitur
767 1016 820 1072 id
866 1013 1007 1086 quod
1042 1020 1127 1068 est
1166 1011 1477 1071 niaximum.
1513 1008 1717 1065 Rursus
1743 1003 1965 1065 dimittit

387 1116 682 1173 orationem
712 1132 726 1165 :
757 1123 880 1165 cum
908 1106 1135 1163 dixisset
1161 1101 1305 1173 quod
1333 1110 1416 1156 est
1445 1099 1676 1159 sublime
1697 1138 1712 1163 ,
1746 1096 1964 1151 humilia

394 1216 580 1278 pOStca
610 1202 781 1258 libere
822 1197 1045 1271 profert.
1096 1192 1301 1250 Deinde
1343 1201 1401 1246 ut
1434 1191 1572 1244 scias
1613 1187 1757 1259 quod
1786 1186 1963 1278 illud,

389 1275 625 1361 itinister
651 1337 667 1361 ,
697 1293 903 1349 dictum
937 1289 1004 1343 sit
1034 1287 1104 1342 de
1146 1283 1478 1343 humanitate
1503 1323 1520 1348 ,
1551 1280 1672 1335 vide
1693 1275 1966 1348 quomodo

387 1402 581 1445 rursus
610 1388 712 1439 hoc
734 1379 1018 1452 significet.
1049 1378 1102 1432 5.
1127 1374 1303 1431 Omnis
1324 1374 1458 1427 etaim
1480 1372 1708 1442 pontifex
1726 1411 1741 1436 ,
1770 1367 1963 1436 inquit,

389 1480 457 1533 ad
500 1473 815 1543 oﬂ'erendum
854 1485 1069 1523 munera
1104 1476 1149 1521 et
1193 1465 1380 1519 hostias
1417 1461 1738 1517 constituitur
1768 1474 1787 1512 :
1820 1456 1967 1513 Unde

390 1583 590 1625 necesse
635 1573 708 1619 est
751 1573 796 1618 et
837 1561 969 1614 hunc
1015 1559 1198 1617 habere
1233 1553 1426 1625 aliquid
1453 1550 1587 1622 quod
1616 1546 1819 1616 o/Ierat.
1848 1546 1924 1601 Nc
1951 1586 1965 1611 ,

392 1658 644 1731 quoniam
661 1653 813 1711 audis
831 1634 952 1708 eum
974 1648 1181 1713 sedere,
1204 1646 1476 1702 existimes
1496 1657 1617 1699 esse
1642 1655 1808 1712 nugas
1826 1638 1966 1710 quod

393 1752 568 1813 dictus
602 1749 673 1803 sit
701 1745 936 1816 pontilex
962 1760 974 1795 :
1002 1754 1123 1799 nam
1162 1738 1289 1793 illud
1319 1736 1533 1809 quidem
1561 1745 1647 1790 est
1678 1734 1768 1788 Dei
1797 1731 1968 1802 digni-

392 1843 519 1899 tatis
542 1882 557 1908 ,
591 1851 779 1906 nempe
816 1834 1042 1898 sedere;
1085 1832 1187 1886 hoc
1210 1837 1389 1885 autem
1416 1827 1598 1883 multa:
1638 1826 1690 1880 in
1718 1824 1966 1879 homines

392 1930 779 1990 benevolentiae
808 1936 862 1982 et
889 1938 1094 1995 magna)
1115 1935 1257 1977 cura‘.
1285 1935 1442 1990 quam
1471 1919 1636 1973 nostri
1659 1916 1812 1987 gerit.
1835 1915 1969 1970 Pro-

394 2036 575 2095 pterea
604 2022 706 2079 hoc
737 2019 891 2084 lenit,
917 2028 973 2071 et
998 2017 1051 2070 in
1075 2030 1141 2073 eo
1165 2014 1364 2075 diutius
1393 2013 1710 2069 immoratur
1739 2027 1752 2062 :
1796 2009 1978 2065 timu’t

395 2109 539 2165 enim
588 2124 656 2163 ne
697 2108 826 2165 illud
866 2113 1152 2163 everteret.
1195 2105 1488 2172 Propterea
1535 2101 1602 2159 ad
1648 2102 1750 2159 hoc
1790 2112 1978 2155 rursus

396 2198 612 2255 deducit
630 2201 947 2263 orationem,
968 2198 1219 2268 quoniam
1239 2195 1549 2266 qumrebant
1571 2192 1733 2262 aliqui
1760 2210 1774 2248 :
1800 2193 1980 2259 Quare

398 2298 482 2345 est
517 2298 761 2344 mortuus
784 2331 800 2353 ,
827 2304 949 2344 cum
987 2296 1132 2343 esset
1174 2284 1476 2342 εθοετιίθεῗ
1504 2283 1755 2341 sacerdos
1796 2290 1977 2339 autem

400 2394 509 2436 non
541 2389 626 2436 est
663 2380 865 2451 absque
910 2378 1174 2437 sacriﬁcio
1204 2395 1218 2432 :
1248 2385 1460 2447 oportet
1500 2389 1629 2445 ergo
1673 2388 1795 2429 eum
1843 2386 1980 2443 quo-

398 2484 505 2539 que
540 2469 741 2527 habere
780 2468 1124 2529 sacriﬁcium.
1179 2468 1431 2537 Alioquin
1485 2476 1664 2521 autem
1719 2479 1839 2519 cum
1890 2463 1979 2517 di-

400 2561 574 2617 xisset
624 2560 764 2629 quod
824 2561 895 2614 sit
955 2559 1096 2629 apud
1144 2573 1368 2627 superos
1399 2596 1415 2624 ,
1463 2557 1593 2612 dicit
1644 2564 1697 2610 et
1747 2553 1982 2611 ostendit

400 2652 545 2723 quod
598 2653 672 2715 sit
722 2653 976 2711 sacerdos
1026 2652 1297 2721 undique,
1324 2666 1390 2707 ex
1444 2647 1875 2714 Melchisedech,
1912 2662 1979 2702 ex

394 2746 739 2816 iuramento,
781 2761 842 2801 ex
886 2761 954 2802 eo
995 2745 1139 2816 quod
1172 2744 1361 2799 oll‘erat
1389 2742 1728 2809 sacrificium.
1774 2740 1851 2794 Ex
1878 2738 1980 2794 hoc

401 2837 471 2897 de
501 2847 700 2900 cetero
726 2838 885 2893 ctiam
927 2837 1093 2892 alium
1132 2836 1370 2892 contexit
1412 2834 1799 2906 syllogismum.
1830 2832 1883 2888 4.
1917 2831 1979 2885 Si

400 2944 525 2999 ergo
545 2940 692 2993 esset,
712 2931 903 3000 inquit,
919 2946 1071 3000 super
1089 2939 1294 2992 terram,
1327 2944 1415 2981 nec
1435 2938 1562 2983 esset
1588 2929 1840 2991 sacerdos,
1862 2941 1980 2978 cum

401 3029 561 3074 essent
582 3020 869 3074 sacerdotes
893 3019 980 3089 qui
1007 3017 1246 3085 offerrent
1269 3017 1541 3073 secundum
1563 3017 1722 3087 legem
1747 3030 1975 3071 munera.

401 3111 459 3167 Si
490 3128 617 3183 ergo
654 3121 737 3167 est
771 3112 1023 3169 sacerdos
1048 3152 1063 3177 ,
1091 3112 1230 3166 sicut
1254 3118 1403 3166 certe
1430 3119 1532 3172 est,
1565 3118 1774 3178 Oportet
1804 3109 1977 3177 ipsum

403 3224 647 3279 qumrcre
688 3210 851 3264 alium
892 3209 1091 3264 locum.
1133 3206 1266 3262 Nam
1308 3207 1352 3261 si
1392 3214 1535 3261 esset
1576 3206 1788 3276 quidem
1818 3218 1980 3273 super

402 3310 622 3368 terram,
643 3316 746 3355 non
760 3308 907 3356 esset
924 3298 1194 3355 sacerdos.
1222 3298 1499 3366 Quomodo
1518 3296 1702 3351 enim?
1732 3296 1846 3351 Non
1875 3296 1978 3352 ob-

401 3393 630 3459 tulisset,
650 3408 756 3448 non
772 3393 980 3448 iunctus
996 3401 1141 3448 esset
1157 3406 1379 3446 munere
1403 3390 1754 3454 sacerdotali;
1787 3399 1843 3445 et
1860 3390 1982 3459 jure

399 3484 617 3554 quidem
641 3501 654 3539 :
685 3499 806 3539 nam
835 3484 954 3539 istic
973 3492 1128 3539 erant
1144 3483 1473 3538 sacerdotes.
1495 3480 1565 3536 Et
1585 3480 1819 3536 ostendit
1839 3479 1981 3550 quod

400 3591 501 3633 nec
523 3576 639 3632 ﬁeri
662 3577 829 3646 potuit
855 3584 917 3630 ut
940 3585 1082 3631 esset
1111 3574 1364 3630 sacerdos
1390 3590 1552 3643 super
1574 3582 1768 3629 terram
1803 3591 1816 3628 :
1850 3588 1983 3643 quo-

400 3668 565 3723 modo
578 3668 719 3723 enim
736 3668 759 3720 ?
779 3666 1048 3738 Siquidem
1079 3680 1255 3736 neque
1278 3665 1604 3719 assurreetio
1631 3672 1767 3731 erat,
1787 3662 1979 3734 inquit.

473 3758 631 3814 Pauli
654 3758 943 3830 prudentia.
970 3786 1042 3798 —-
1062 3757 1158 3811 Hic
1209 3771 1433 3812 necesse
1457 3765 1541 3811 est
1589 3765 1820 3811 mentem
1867 3756 1981 3811 eri-

399 3868 550 3923 gere,
596 3862 655 3907 et
692 3850 1041 3921 apostolicam
1082 3849 1435 3919 contemplari
1461 3847 1800 3920 prudentiam
1824 3865 1837 3902 :
1865 3861 1986 3902 rur-

399 3960 494 4002 sus
537 3945 682 4000 enim
732 3943 969 3999 ostendit
1016 3941 1372 3997 differentiam
1421 3939 1728 3996 sacerdotii.
1782 3942 1837 3997 5.
1883 3940 1984 4008 Qui

415 4034 733 4104 exemplari,
781 4032 988 4102 inquit,
1036 4041 1083 4084 et
1129 4031 1320 4085 umbrtc
1365 4032 1645 4085 deserviunt
1688 4030 1980 4085 ccclestium.

405 4125 662 4191 Quaenam
691 4123 778 4178 hic
802 4122 931 4177 dicit
955 4121 1226 4176 caelestia?
1246 4121 1552 4189 Spiritualia
1580 4138 1593 4173 :
1623 4136 1752 4175 nam
1776 4121 1983 4174 etiamsi

403 4216 630 4288 mystice
661 4215 791 4269 ﬁant
823 4227 989 4284 super
1016 4222 1236 4276 termm,
1265 4220 1392 4268 sunt
1431 4221 1607 4267 tamen
1639 4212 1795 4282 digna
1824 4213 1984 4267 caele-

403 4308 596 4363 stibus.
624 4304 851 4373 Quando
875 4305 1019 4360 enim
1053 4304 1311 4358 Dominus
1341 4311 1523 4357 noster
1561 4302 1717 4356 .lesus
1745 4300 1987 4356 Christus

403 4397 723 4469 proponitur
746 4402 1013 4449 mactatus
1052 4402 1107 4449 et
1147 4392 1487 4456 immolatus,
1518 4391 1731 4459 quando
1773 4390 1986 4446 advenit

406 4488 675 4560 Spiritus,
704 4485 922 4557 quando
968 4485 1057 4541 hie
1092 4484 1249 4539 adest
1287 4483 1379 4553 qui
1416 4482 1569 4539 sedet
1607 4482 1675 4537 ad
1714 4481 1987 4536 dexteram

406 4580 602 4646 Patris,
634 4577 853 4649 quando
881 4577 1015 4631 liunt
1044 4575 1138 4629 lilii
1166 4589 1262 4645 par
1290 4573 1582 4633 lavacrum.
1624 4572 1842 4642 quando
1864 4581 1990 4627 sunt

406 4672 553 4727 cives
577 4684 763 4727 eorum
787 4668 876 4738 qui
905 4675 1028 4721 sunt
1053 4666 1107 4721 in
1138 4664 1287 4718 cadis
1308 4704 1325 4730 ,
1352 4661 1564 4731 quando
1592 4662 1704 4717 illic
1733 4660 1989 4716 habemus

406 4764 637 4834 patriam
666 4769 719 4816 et
756 4760 1060 4823 civitatem,
1105 4755 1320 4824 quando
1350 4753 1438 4809 hic
1491 4765 1678 4808 sumus
1717 4752 1985 4821 peregrini

406 4864 462 4910 et
505 4852 741 4919 hospites
777 4848 1046 4920 quomodo
1083 4861 1190 4900 non
1235 4853 1360 4900 sunt
1383 4844 1497 4898 hac
1521 4842 1697 4896 omnia
1721 4840 1988 4894 o'elestia?

477 4942 532 4995 2.
565 4940 704 5008 Quid
736 4941 900 4995 vero?
947 4939 1128 5010 hymni
1160 4952 1267 4993 non
1310 4947 1435 4993 sunt
1480 4936 1764 4993 cmlestes?
1807 4950 1986 4989 annon

407 5031 699 5103 qumapud
730 5044 957 5101 superos
991 5038 1192 5085 canunt
1233 5028 1385 5084 chori
1417 5027 1685 5082 Virtutum
1736 5027 1987 5095 ξηροτρο-

409 5138 647 5188 reamur,
675 5136 739 5177 ea
767 5134 871 5176 nos
893 5135 1107 5191 quoque
1134 5121 1225 5191 qui
1253 5118 1390 5175 intra
1412 5134 1600 5174 sumus
1621 5119 1864 5172 canimus
1885 5117 1990 5173 illis

409 5214 799 5270 consonantia?
824 5229 1002 5268 annon
1043 5223 1099 5268 et
1125 5227 1215 5267 ara
1247 5223 1326 5268 est
1354 5209 1623 5266 celestis?
1669 5209 1990 5278 Quomodo?

411 5308 546 5364 nihil
575 5307 733 5364 habet
757 5306 973 5362 carnale
1002 5322 1016 5360 :
1046 5314 1172 5360 sunt
1194 5304 1489 5374 spiritualia
1521 5303 1701 5356 omnia
1727 5317 1847 5372 quae
1867 5309 1992 5355 sunt

411 5403 688 5473 proposita
722 5417 735 5453 :
766 5414 872 5453 non
901 5399 955 5452 in
990 5396 1224 5452 cinerem
1249 5437 1265 5461 ,
1308 5411 1413 5450 non
1443 5396 1494 5448 in
1528 5395 1727 5449 iunium
1755 5435 1770 5460 ,
1803 5407 1908 5447 non
1938 5394 1991 5447 in

414 5493 659 5547 nidorem
688 5489 1009 5546 diﬂ'unditur
1035 5487 1376 5552 sacriﬁcium,
1407 5485 1501 5542 sed
1532 5484 1809 5552 splendida
1842 5484 1993 5539 heta-

415 5598 522 5653 que
548 5581 715 5638 elllcit
739 5595 863 5652 quae
888 5589 1013 5636 sunt
1038 5578 1334 5651 proposita.
1365 5575 1647 5646 Quomodo
1675 5582 1855 5630 autem
1887 5588 1994 5629 non

477 5785 865 5851 ((1)8phatrlcum
891 5803 1001 5839 esse
1013 5790 1183 5838 cadum
1196 5789 1405 5851 negabat
1421 5787 1796 5851 Uirysostomus.
1814 5785 1913 5851 Qua
1930 5785 1994 5835 de

418 5857 473 5898 τε
500 5848 615 5899 vide
633 5864 741 5914 qua:
764 5852 975 5901 diximus
992 5854 1041 5901 in
1066 5848 1350 5901 Prwl’atiéue
1380 5852 1436 5899 ad
1462 5852 1676 5901 Cosmum
1702 5848 1990 5912 .iigyp’ium.

2061 338 2378 400 ARCHIEP.
2420 329 2950 392 CONSTANTINOP.
3542 318 3560 371 l
3577 320 3640 374 22

2063 447 2186 492 sunt
2211 438 2443 497 caelestia
2472 453 2590 506 quae
2617 438 2964 507 perﬁciuntur
2987 439 3263 510 mysteria,
3285 456 3407 495 cum
3439 454 3504 495 ex
3535 457 3644 510 quo

2064 527 2265 589 dictum
2285 537 2388 593 est,
2419 527 2646 596 Quarum
2678 520 2980 585 retinueritis
3018 543 3242 600 peccata,
3262 543 3452 587 retenta
3481 544 3597 587 sunt
3622 550 3643 598 ;

2062 635 2273 689 quarunt
2292 620 2599 683 remiseritis,
2617 623 2936 676 remittuntur
2955 621 3129 693 (Joan.
3147 622 3237 679 90.
3255 624 3369 695 35),
3391 625 3484 695 qui
3502 639 3646 681 nunc

2064 713 2368 766 ministrant
2388 712 2490 767 sibi
2534 713 2664 783 ipsis
2690 712 2745 768 id
2774 714 2947 782 ipsum
2974 713 3197 768 audiunt
3225 714 3467 771 dictum?
3513 731 3641 786 quo-

2064 805 2222 860 modo
2250 820 2354 859 non
2392 805 2568 861 omnia
2587 806 2817 862 eelostia
2838 819 2959 860 cum
2989 805 3040 860 hi
3070 808 3228 861 etiam
3247 808 3421 862 claves
3450 808 3649 863 habent

2064 896 2212 965 regni
2239 896 2529 950 caelorum?
2585 895 2686 962 Qui
2711 897 3007 966 exemplari,
3035 897 3221 967 inquit,
3248 907 3295 953 et
3337 897 3527 952 umbrae
3554 900 3647 952 de-

2064 988 2590 1055 serviuntctelestium,
2618 989 2748 1043 sicut
2774 1005 3065 1059 responsum
3085 1000 3156 1044 est
3186 989 3357 1062 lloysi
3384 1008 3495 1045 cum
3520 1008 3644 1045 con-

2064 1089 2336 1134 summaret
2370 1079 2747 1135 tabernaculum
2776 1094 2795 1135 :
2829 1079 2974 1147 Vide,
2997 1081 3175 1154 inquit,
3201 1082 3369 1136 omnia
3392 1085 3547 1154 facito
3570 1100 3651 1138 se-

2065 1170 2287 1224 cundum
2303 1170 2560 1239 exemplar
2584 1169 2719 1240 quod
2744 1170 2831 1225 tibi
2855 1180 3109 1225 ostensum
3132 1180 3203 1227 est
3224 1173 3277 1226 in
3303 1184 3488 1227 tuente.
3504 1173 3650 1239 Qum

2068 1262 2213 1323 niam
2251 1262 2460 1316 auditus
2489 1271 2670 1317 noster
2710 1270 2795 1317 est
2832 1263 2896 1316 ad
2927 1262 3240 1321 discendum
3262 1265 3463 1320 tardior
3488 1282 3650 1335 quam

2069 1354 2214 1411 visus
2242 1358 2370 1427 (non
2398 1356 2539 1411 enim
2561 1370 2686 1427 quae
2710 1356 3035 1411 audierimus
3076 1356 3326 1412 similiter
3355 1357 3426 1412 ita
3452 1358 3634 1414 animo

2070 1448 2382 1505 mandamus
2418 1458 2577 1518 atque
2622 1462 2741 1518 quae
2784 1447 3121 1520 viderimus),
3168 1449 3402 1505 ostendit
3431 1451 3482 1505 ei
3532 1465 3652 1506 om-

2071 1543 2177 1599 nia.
2228 1544 2335 1598 Aut
2376 1542 2478 1597 hoc
2513 1542 2581 1597 ab
2605 1541 2854 1613 exemplo
2872 1540 3108 1598 ostendit
3130 1550 3186 1596 et
3216 1542 3423 1605 umbra,
3467 1552 3557 1596 aut
3584 1543 3654 1598 de

2069 1636 2272 1705 temMo
2310 1635 2698 1704 subintelligit;
2731 1634 3002 1706 subiunxit
3039 1635 3219 1700 enim,
3256 1634 3403 1702 Vide,
3448 1635 3642 1704 inquit,

2070 1726 2243 1780 omnia
2268 1725 2423 1796 facito
2439 1726 2716 1779 secundum
2745 1725 3002 1796 exemplar
3020 1724 3156 1794 quod
3176 1724 3266 1779 tibi
3288 1735 3543 1781 ostensum
3579 1736 3653 1780 est

2071 1817 2127 1871 in
2149 1825 2335 1871 monte.
2361 1815 2628 1886 Numquid
2657 1815 2787 1871 vidit
2819 1814 2888 1871 de
2925 1816 3325 1871 constructione
3350 1816 3531 1884 templi
3559 1831 3653 1868 so-

2072 1907 2206 1976 lum,
2236 1922 2302 1962 an
2326 1907 2393 1964 de
2421 1906 2715 1974 sacriﬁciis,
2737 1915 2792 1962 et
2818 1906 2884 1962 de
2904 1906 3025 1961 aliis
3046 1905 3343 1961 omnibus?
3373 1904 3482 1959 Imo
3527 1921 3656 1959 rere

2072 2014 2173 2056 nec
2210 1999 2532 2055 aberraverit
2560 1997 2649 2068 qui
2680 1998 2781 2052 hoc
2816 1997 2976 2052 etiam
3005 1996 3214 2051 dixerit.
3247 1996 3483 2052 Catlcstis
3508 1995 3657 2051 enim

2071 2104 2155 2148 est
2172 2091 2427 2155 Ecclesia,
2442 2099 2496 2145 et
2519 2091 2649 2146 nihil
2675 2090 2819 2149 aliud
2837 2105 2995 2160 quam
3020 2089 3228 2145 caelum.
3245 2090 3296 2145 6.
3314 2087 3467 2145 Nunc
3493 2100 3662 2143 autem

2074 2178 2254 2242 melius
2275 2184 2480 2239 sortitus
2498 2193 2569 2239 est
2589 2184 2940 2249 ministerium,
2968 2193 3157 2254 quanto
3177 2192 3223 2236 et
3253 2182 3474 2236 melioris
3497 2192 3653 2235 testa-

2076 2278 2230 2337 menti
2255 2276 2502 2331 mediator
2536 2285 2607 2330 est
2636 2275 2733 2346 (α).
2763 2276 2961 2340 Vides,
2994 2275 3199 2344 inquit,
3233 2283 3433 2343 quanto
3463 2273 3661 2328 melius

2077 2377 2162 2425 est
2181 2366 2533 2422 ministerium
2564 2365 2883 2427 ministerio,
2913 2363 3179 2433 siquidem
3208 2363 3342 2419 illud
3361 2374 3439 2418 est
3469 2377 3658 2417 excin-

2085 2460 2198 2530 plar
2219 2468 2265 2514 et
2303 2459 2489 2530 ﬁgura,
2514 2461 2613 2514 hoc
2632 2466 2810 2513 autem
2838 2455 3191 2513 veritas?Sed
3222 2455 3323 2510 hoc
3345 2455 3477 2510 nihil
3500 2454 3667 2525 prod-

2084 2560 2199 2609 erat
2247 2551 2619 2613 audientibus,
2651 2564 2822 2619 neque
2858 2562 2954 2603 eos
2974 2547 3242 2602 alliciebat
3280 2546 3484 2600 laetitia.
3528 2545 3666 2599 Pro-

2085 2657 2265 2718 pterea
2309 2645 2438 2700 dicit
2484 2643 2534 2698 id
2556 2642 2716 2713 quod
2748 2642 2974 2697 maxima
3023 2641 3201 2696 lmtitia
3230 2653 3324 2694 eos
3351 2637 3613 2692 aliieiebat
3647 2652 3663 2691 :

2091 2739 2240 2807 Quod
2265 2740 2316 2792 in
2344 2736 2629 2791 melioribus
2650 2734 3118 2804 repromissionibus
3138 2732 3385 2787 sancitum
3410 2740 3502 2784 est.
3528 2728 3667 2783 Cum

2088 2830 2138 2885 id
2192 2829 2464 2883 extulisset
2495 2842 2524 2881 a
2562 2826 2682 2881 loco
2708 2834 2762 2880 et
2798 2823 3075 2880 sacerdote
3126 2832 3181 2878 et
3222 2821 3506 2884 sacrificio,
3536 2828 3669 2874 tunc

2090 2920 2237 2989 ponit
2308 2927 2360 2973 et
2437 2917 2565 2988 quid
2609 2916 2818 2972 intersit
2874 2915 3010 2969 inter
3055 2921 3459 2976 testamentum;
3513 2919 3675 2964 antea

2086 3024 2297 3080 quoque
2344 3009 2555 3066 dixerat
2598 3007 2738 3078 quod
2788 3015 2934 3062 esset
2991 3003 3310 3058 imbecillum
3366 3011 3420 3057 et
3460 3000 3670 3054 inutile.

2090 3103 2156 3158 Et
2215 3101 2333 3155 vide
2382 3108 2577 3170 quanta
2624 3098 2869 3153 cautione
2914 3104 3125 3161 utatur,
3165 3108 3285 3147 cum
3318 3092 3486 3160 ipsum
3526 3097 3678 3145 esset

2089 3204 2453 3252 accusaturus.
2483 3191 2616 3247 Nam
2641 3206 2763 3246 cum
2791 3190 2899 3244 illic
2929 3189 3175 3253 dixisset,
3196 3184 3487 3241 Secundum
3513 3182 3677 3234 uirtu-

2092 3299 2190 3342 tem
2216 3287 2329 3342 uita:
2364 3283 2666 3347 insolubilis,
2712 3290 2838 3337 tunc
2880 3280 3033 3345 dixit,
3070 3276 3375 3347 Reprébatio
3400 3276 3457 3341 ﬁt
3481 3287 3675 3342 prlece-

2093 3379 2255 3432 dentis
2280 3376 2550 3429 mandati:
2581 3372 2776 3428 deinde
2818 3371 2978 3424 etiam
3024 3378 3210 3439 postea
3255 3378 3504 3435 magnum
3544 3360 3677 3429 quid

2098 3470 2292 3539 posuit,
2324 3467 2530 3532 dicens,
2559 3464 2662 3519 Per
2686 3464 2821 3536 quod
2848 3462 2957 3517 Deo
2987 3459 3457 3530 appropinquamus
3483 3452 3670 3525 (Hebr.

2097 3559 2150 3615 7.
2182 3558 2292 3627 l9).
2318 3558 2414 3612 llic
2438 3565 2618 3611 autem
2646 3571 2769 3610 cum
2798 3570 2897 3609 nos
2923 3554 2975 3607 in
3018 3553 3209 3607 caelum
3238 3547 3579 3609 sustulisset,
3622 3552 3685 3598 et

2095 3650 2417 3706 ostendisset
2452 3648 2593 3719 quod
2639 3662 2739 3717 pro
2785 3645 2980 3714 templo
3011 3644 3200 3699 caelum
3248 3640 3573 3703 habeamus,
3624 3645 3684 3690 et.

2094 3743 2235 3814 quod
2277 3742 2364 3797 illa
2389 3749 2542 3797 erant
2569 3740 2750 3810 ﬁgura:
2778 3753 2956 3792 rerum
2990 3746 3291 3790 nostrarum
3314 3774 3332 3800 ,
3354 3741 3408 3788 et
3439 3746 3535 3801 per
3561 3731 3681 3784 haec

2093 3835 2373 3890 extulisset
2399 3832 2772 3895 ministerium,
2794 3828 3047 3896 deinceps
3071 3828 3234 3881 etiam
3255 3825 3447 3879 merito
3466 3822 3682 3876 extollit

2096 3926 2474 3981 sacerdotium.
2507 3922 2613 3978 Sed
2645 3963 2659 3989 ,
2691 3922 2827 3975 sicut
2850 3919 2957 3974 dixi
2985 3958 3001 3983 ,
3036 3918 3086 3972 id
3130 3915 3273 3985 quod
3305 3930 3398 3969 cos
3443 3914 3680 3967 maxime

2095 4015 2259 4071 al‘ticit
2297 4015 2475 4070 laetitia
2501 4055 2517 4079 ,
2547 4013 2694 4083 ponit
2735 4011 2918 4067 dicens
2946 4026 2960 4064 :
2996 4007 3144 4075 Quod
3172 4009 3225 4061 in
3255 4006 3542 4060 melioribus
3586 4021 3666 4057 rc-

2097 4107 2512 4176 promissionibus
2559 4105 2810 4159 sancitum
2845 4114 2938 4157 est.
2972 4102 3121 4157 Unde
3167 4100 3270 4155 hoc
3299 4100 3554 4153 constat?
3601 4098 3679 4152 Ex

2098 4198 2321 4265 eoquod
2352 4198 2524 4266 ipsum
2563 4195 2779 4267 quidem
2807 4204 2890 4250 est
2934 4194 3169 4263 ejectum
3192 4233 3210 4259 ,
3253 4192 3370 4259 ejus
3400 4205 3530 4243 vero
3560 4190 3681 4243 loco

2098 4288 2227 4344 illud
2259 4287 2617 4343 introductum
2648 4306 2661 4342 :
2693 4296 2974 4358 prapterea
3018 4285 3162 4339 enim
3204 4283 3537 4337 dominatum
3577 4282 3679 4335 Oli-

2099 4380 2232 4435 tinet
2253 4378 2397 4449 quod
2423 4380 2493 4433 sit
2522 4379 2737 4435 melius.
2770 4378 2900 4435 Nam
2928 4378 3069 4433 sicut
3092 4375 3222 4431 dicit
3249 4390 3263 4427 :
3301 4373 3361 4433 Si
3394 4390 3484 4442 per
3511 4374 3681 4442 ipsum

2097 4479 2205 4527 erat
2230 4471 2598 4525 consummatio
2622 4512 2636 4536 ,
2666 4471 2789 4541 quid
2814 4470 2982 4525 adhuc
3009 4485 3143 4538 opus
3164 4467 3263 4538 fuit
3287 4464 3565 4521 secundum
3593 4482 3688 4519 or-

2099 4560 2267 4614 dinent
2293 4560 2658 4615 Melchisedech
2681 4561 2841 4614 alium
2867 4576 3071 4631 surgere
3092 4558 3401 4614 sacerdotem
3423 4556 3449 4610 Ρ
3488 4556 3563 4610 ita
3593 4557 3685 4613 hic

2100 4666 2311 4721 quoque
2336 4667 2463 4707 usus
2489 4661 2573 4709 est
2601 4652 2791 4707 eodem
2821 4651 3152 4721 syllogismo,
3183 4648 3372 4705 dicens
3404 4666 3419 4704 :
3447 4650 3500 4702 7.
3534 4646 3680 4702 Nam

2098 4746 2144 4799 si
2168 4744 2299 4799 illud
2323 4745 2463 4814 prius
2505 4744 2659 4816 culpa
2686 4750 2912 4799 vacasset
2930 4783 2946 4810 ,
2976 4757 3078 4797 non
3103 4741 3273 4811 utique
3300 4739 3511 4795 secundi
3538 4740 3687 4799 locus

2095 4853 2474 4919 inqutrerctur,
2522 4849 2627 4901 hoc
2659 4856 2765 4911 est,
2805 4846 2850 4900 si
2882 4845 3020 4899 nihil
3054 4844 3156 4913 ipsi
3184 4842 3470 4904 defuisset,
3506 4841 3551 4894 si
3578 4855 3674 4893 eos

2096 4940 2370 4995 effecisset
2389 4937 2525 4992 nulli
2546 4937 2721 5006 culpae
2738 4935 2945 4990 aliines.
2970 4934 3104 4989 Nam
3126 4933 3275 5003 quod
3291 4932 3360 4987 de
3383 4932 3487 4985 hoe
3502 4929 3673 4992 dicat,

2098 5031 2225 5086 audi
2262 5029 2551 5099 sequentia
2605 5046 2619 5082 :
2668 5027 2981 5099 Vituperans
3019 5028 3157 5098 ipsos
3186 5025 3331 5078 dicit.
3364 5023 3485 5078 Non
3511 5020 3674 5085 dixit,

2098 5121 2429 5191 Vituperans
2451 5120 2652 5190 ipsum,
2672 5119 2790 5186 sed,
2812 5119 3126 5189 Vita-parans
3148 5134 3233 5173 eos
3248 5117 3390 5171 dicit.
3418 5114 3551 5169 Ecce
3566 5114 3677 5167 dies

2100 5212 2329 5280 venient,
2374 5211 2494 5265 dicit
2519 5210 2787 5277 Dominus,
2828 5220 2875 5264 et
2913 5207 3266 5266 consummabo
3288 5221 3439 5278 super
3463 5205 3673 5258 bonum

2104 5302 2302 5371 Israel,
2333 5313 2381 5359 et
2407 5320 2557 5372 super
2584 5304 2792 5357 domum
2825 5302 2970 5356 Iuda
3007 5310 3359 5356 testamentum
3388 5313 3591 5360 novatn,
3625 5296 3683 5350 9.

2104 5412 2209 5450 non
2237 5395 2517 5450 secundum
2546 5404 2899 5448 testamentum
2932 5393 3067 5462 quod
3109 5393 3209 5461 feci
3232 5390 3457 5461 patribus
3485 5400 3682 5451 somn,

2105 5487 2158 5541 in
2187 5487 2268 5540 die
2295 5503 2395 5554 qua
2423 5486 2739 5554 apprehendi
2764 5501 2968 5538 manum
2996 5499 3190 5550 eorum,
3212 5493 3265 5535 ut
3289 5482 3548 5535 educerem
3570 5477 3687 5529 illos

2107 5581 2169 5633 de
2195 5590 2328 5633 terra
2359 5577 2578 5650 Ai'ggpti
2605 5593 2623 5632 :
2650 5579 2890 5647 quoniam
2928 5578 3027 5647 ipsi
3064 5592 3165 5629 non
3212 5580 3597 5640 permanserunt
3637 5570 3692 5620 in

2110 5679 2404 5724 testamento
2452 5685 2583 5733 meo,
2637 5679 2683 5723 et
2722 5685 2813 5739 ego
2864 5668 3063 5737 neglexi
3110 5683 3227 5728 eos,
3260 5666 3382 5718 dicit
3419 5661 3694 5717 Dominus.

2111 5760 2358 5825 Maxime,
2379 5759 2548 5827 inquit
2574 5777 2587 5812 ε
2616 5767 2670 5813 ct
2723 5760 2861 5813 unde
2897 5766 3104 5814 constat
3154 5757 3294 5831 qum]
3346 5755 3501 5810 liuent
3536 5766 3689 5806 acce~

2167 5857 2239 5921 (α)
2266 5856 2320 5907 In
2345 5854 2477 5905 Colb.
2507 5854 2664 5902 hiatus
2687 5862 2890 5912 magnus
2915 5855 3004 5897 cst.
