3980 6142
253 312 336 369 IIS

246 427 745 503 perit?Ostenderat
776 424 994 497 quidem
1019 438 1073 482 et
1114 442 1180 481 es
1212 424 1491 487 sacerdote
1523 443 1537 477 :
1577 422 1813 479 ostendit

248 537 370 577 nunc
394 536 608 590 quoque
636 519 926 574 dilucidius
965 517 1179 573 disertis
1206 515 1386 571 verbis
1406 557 1421 581 ,
1468 516 1642 586 ipsum
1690 528 1812 569 esse

249 613 478 682 ejectum.
510 610 836 677 Quomodo?
881 610 943 662 In
983 608 1273 662 melioribus
1315 605 1811 678 repromissionibus,

250 705 433 760 dicens.
481 702 581 759 Ubi
615 702 781 765 enim,
809 701 1107 769 dicqmeso,
1128 708 1210 753 est
1240 700 1378 753 inter
1393 698 1583 754 caelum
1620 707 1675 752 et
1707 707 1816 750 ter-

252 810 346 852 ram
372 793 697 864 aequalitas?
737 791 817 847 Tu
854 800 1032 846 autem
1074 789 1350 845 considera
1393 788 1662 857 quomodo
1705 786 1816 840 illic

255 901 448 958 quoque
465 885 618 947 dicit,
647 881 711 937 In
729 881 1219 952 repromissionibus,
1244 895 1310 933 ne
1340 890 1397 933 tu
1424 877 1475 935 id
1496 890 1707 947 quoque
1729 890 1818 929 ac-

253 995 408 1035 cuses.
439 977 652 1032 Etenim
681 975 810 1040 illic,
846 972 944 1027 Per
971 987 1123 1036 quam
1139 987 1277 1042 spem
1294 968 1406 1024 Deo
1438 967 1817 1038 appmpinqua-

254 1086 371 1136 ms,
391 1067 588 1137 inquit,
620 1065 880 1120 meliorem
906 1062 1088 1128 (Hebr.
1120 1063 1171 1115 7.
1202 1060 1291 1132 l9)
1318 1078 1335 1126 ;
1366 1057 1660 1116 ostendens
1684 1056 1825 1127 quod

257 1169 350 1225 illic
370 1181 589 1239 quoque
616 1164 688 1218 sit
711 1177 870 1233 spes;
902 1170 959 1215 et
994 1160 1080 1239 hic
1099 1200 1115 1225 ,
1142 1158 1414 1214 Meliorem
1451 1152 1827 1225 repromissio-

257 1237 769 1326 nem,vsubindicans
796 1252 939 1324 quod
965 1237 1073 1306 illic
1091 1263 1305 1320 quoque
1328 1247 1660 1319 promiserit.
1686 1244 1831 1311 Quo-

258 1353 388 1408 niam
416 1359 597 1405 autem
638 1361 855 1416 semper
879 1343 1238 1408 accusabant,
1271 1340 1403 1395 Ecce
1441 1339 1594 1403 enim,
1639 1338 1831 1406 inquit,

264 1444 361 1497 dies
387 1440 605 1506 venient,
636 1437 761 1491 dicit
798 1434 1047 1489 Dominus
1070 1474 1086 1500 ,
1115 1442 1163 1487 et
1188 1430 1546 1487 consummabo
1575 1444 1727 1497 super
1743 1426 1835 1480 do-

261 1552 388 1589 mum
412 1532 595 1594 Israel,
615 1540 662 1584 et
687 1544 842 1599 super
857 1527 1060 1582 domum
1084 1522 1227 1579 Iuda
1254 1529 1603 1577 testamentum
1630 1532 1833 1573 novum.

261 1626 369 1682 Non
396 1634 548 1679 vetus
576 1620 794 1692 aliquod
837 1626 1212 1673 testamentum
1255 1614 1403 1669 dicit.
1450 1610 1583 1667 Nam
1625 1625 1692 1665 ne
1736 1608 1837 1662 hoc

264 1723 477 1787 possent
525 1713 707 1768 dicere
730 1752 746 1776 ,
797 1719 1008 1779 tempus
1049 1719 1261 1778 quoque
1308 1699 1636 1773 praescripsit
1673 1717 1686 1751 :
1732 1712 1838 1753 non

267 1812 401 1866 enim
433 1808 676 1863 absolute
701 1807 864 1871 dicit,
896 1805 1185 1861 Secundum
1216 1808 1567 1856 testamentum
1591 1793 1724 1866 quod
1746 1792 1843 1864 feci

268 1900 491 1969 patribus
520 1914 726 1962 eorum;
756 1914 824 1952 ne
865 1897 916 1950 id
959 1896 1105 1951 dicas
1132 1893 1276 1963 quod
1309 1893 1505 1947 factum
1550 1887 1842 1944 fuit‘Abra-

270 1992 442 2054 hamo,
472 2000 563 2045 aut
590 1989 733 2060 quod
771 1991 966 2043 luctum
994 1987 1093 2041 luit
1134 1986 1278 2049 Noe;
1311 1984 1405 2039 sed
1432 1981 1700 2053 quodnam
1730 1978 1799 2031 sit
1822 2017 1840 2038 .

268 2082 434 2150 inquit
457 2081 741 2136 declarans
775 2099 788 2135 :
832 2079 952 2134 Non
992 2078 1268 2133 secundum
1316 2083 1666 2129 testamentum
1711 2070 1844 2141 quod

270 2177 362 2245 feci
392 2175 619 2244 patribus
646 2191 822 2228 eorum
846 2214 862 2235 ,
907 2174 992 2241 qui
1020 2182 1160 2226 erant
1187 2172 1237 2223 in
1261 2169 1415 2223 exitu.
1453 2168 1516 2221 Et
1561 2166 1680 2220 idco
1717 2165 1844 2220 sub-

265 2268 453 2338 iunxit,
489 2266 555 2321 In
597 2269 681 2320 die
702 2283 803 2333 qua
832 2263 1145 2335 apprehendi
1165 2278 1368 2315 manum
1407 2277 1599 2325 eorum,
1632 2267 1685 2312 ut
1716 2258 1846 2311 edu-

267 2377 425 2414 cerem
451 2361 569 2413 illos
608 2361 672 2413 de
708 2369 845 2412 terra
874 2357 1092 2427 ngypti
1121 2373 1138 2408 :
1161 2356 1397 2425 quoniam
1443 2353 1536 2420 ipsi
1585 2368 1683 2404 non
1727 2366 1837 2418 per-

267 2463 555 2507 manserunt
582 2454 633 2506 in
656 2460 953 2506 testamento
985 2465 1114 2514 meo,
1147 2459 1191 2501 et
1229 2464 1317 2517 cgo
1344 2445 1539 2516 neglexi
1570 2458 1652 2497 eos
1674 2484 1688 2509 ,
1726 2441 1845 2494 dicit

268 2542 532 2597 Dominus.

336 2639 389 2693 3.
422 2636 582 2692 Vides
606 2636 835 2706 primqu
873 2634 1009 2687 mala
1044 2648 1073 2687 a
1101 2631 1255 2687 nobis
1278 2623 1551 2698 incipi-re?
1602 2626 1723 2694 Ipsi,
1758 2623 1843 2677 in-

267 2733 400 2801 quit,
434 2731 661 2800 primqu
704 2744 809 2782 non
839 2732 1266 2795 permanserunt.
1293 2724 1435 2792 Ergo
1470 2718 1605 2788 apud
1623 2718 1735 2771 'nos
1766 2722 1848 2768 est

268 2824 585 2894 negligentia
611 2837 626 2883 ;
657 2821 796 2873 bona
826 2829 1001 2873 autem
1029 2818 1097 2871 ab
1125 2818 1260 2885 ipso,
1289 2813 1567 2876 beneficia,
1603 2810 1841 2877 inquam.

269 2917 366 2972 lIie
407 2916 555 2986 ponit
602 2924 874 2983 tamquam
922 2910 1311 2970 defensionem,
1361 2908 1528 2974 ipsam
1560 2901 1847 2956 ostendens

271 3023 504 3074 causam,
532 3017 753 3076 propter
772 3019 930 3073 quam
955 3017 1045 3055 eos
1069 2998 1335 3067 re'inquit.
1362 2997 1447 3050 II).
1476 2990 1845 3058 Quoniam‘boc

275 3109 341 3150 est
359 3107 725 3155 testamentum,
758 3094 947 3163 inquit,
985 3091 1119 3162 quod
1159 3091 1424 3159 disponam
1459 3085 1631 3138 domui
1676 3080 1839 3135 Israel

277 3199 383 3256 past
399 3190 502 3242 dies
529 3188 668 3251 illos,
689 3187 810 3239 dicit
841 3183 1090 3237 Dominus
1111 3180 1285 3234 :Dabo
1324 3179 1453 3249 leges
1467 3191 1600 3229 meas
1620 3174 1671 3226 in
1687 3182 1850 3225 mente

278 3297 462 3341 eorum,
489 3293 535 3333 et
553 3282 602 3333 in
620 3280 773 3332 corde
788 3294 960 3331 eorum
981 3276 1195 3328 scribant
1217 3289 1323 3337 eas;
1348 3281 1395 3323 et
1410 3286 1494 3323 ero
1511 3269 1644 3323 eisin
1666 3264 1845 3327 Deum,

282 3386 324 3425 et
349 3375 447 3443 ipsi
473 3383 617 3426 errant
642 3372 765 3424 mihi
784 3372 836 3423 in
865 3369 1131 3438 pupulum.
1157 3365 1304 3419 Adeo
1323 3365 1436 3418 Ita'c
1456 3363 1585 3417 dicit
1611 3362 1677 3417 de
1705 3375 1844 3415 novo

284 3464 755 3532 Testamentoquia
773 3461 899 3516 dicit
915 3479 928 3515 :
942 3459 1056 3513 .Von
1072 3459 1342 3512 secundum
1356 3464 1700 3510 testamentum
1715 3453 1851 3524 quod

286 3559 389 3627 feci.
417 3558 670 3626 Quzenam
702 3563 882 3606 autem
922 3560 1004 3605 est
1051 3550 1151 3604 alia
1181 3564 1336 3620 quam
1365 3548 1477 3600 Iure
1504 3544 1848 3599 dill‘erentia?

288 3650 337 3701 Si
366 3650 474 3718 quis
497 3657 675 3702 autem
699 3646 841 3699 dicat
867 3660 969 3695 non
1002 3643 1052 3695 in
1086 3642 1183 3695 hoc
1202 3656 1320 3694 esse
1344 3637 1726 3701 differentium,
1756 3635 1850 3688 sed

295 3740 423 3807 quod
445 3742 578 3792 datst!
606 3739 714 3793 sint
736 3737 786 3790 itt
813 3735 1065 3789 cordibus
1086 3748 1300 3786 eorum:
1333 3746 1435 3783 non
1465 3734 1851 3797 praceptorum

291 3829 508 3885 ostendit
532 3828 910 3890 dill‘erentiam,
929 3824 1021 3879 sed
1042 3823 1252 3876 modum
1274 3820 1455 3875 dandi.
1483 3818 1594 3871 Non
1625 3817 1852 3883 amplius

293 3925 383 3977 erit
402 3967 417 3989 ,
445 3925 633 3993 inquit,
657 3922 1060 3976 Testamentum
1088 3919 1136 3969 iu
1165 3917 1354 3977 literis,
1384 3914 1475 3967 sed
1501 3915 1552 3966 in
1580 3911 1851 3966 cordibus.

296 4014 396 4070 Hoc
419 4014 705 4084 aliptando
736 4012 932 4066 factum
963 4008 1208 4063 ostendat
1234 4007 1487 4069 .Iudmus;
1521 4003 1612 4057 sed
1636 4018 1741 4057 non
1775 4005 1855 4056 in-

294 4109 496 4162 veniet:
526 4121 714 4161 rursus
756 4104 898 4160 enim
932 4101 1123 4156 laetu-ii
1160 4100 1250 4152 fuit
1282 4101 1331 4151 in
1360 4098 1528 4153 literis
1570 4105 1686 4166 post
1717 4095 1856 4149 redi-

295 4211 393 4256 tum
417 4217 444 4256 a
469 4200 763 4271 Babylone.
816 4198 926 4267 Ego
955 4203 1130 4248 autem
1159 4192 1384 4246 ostendo
1424 4190 1696 4260 apostolos
1724 4187 1855 4243 nihil

292 4294 551 4364 accepisse
590 4289 874 4358 scriptum,
922 4286 1014 4340 sed
1047 4283 1348 4351 suscepisse
1382 4283 1431 4334 in
1466 4281 1716 4334 cordibus
1761 4295 1857 4348 per

284 4384 529 4455 Spiritum
567 4390 836 4439 sanctum.
865 4380 1227 4447 Quamobrem
1258 4378 1503 4431 Christus
1528 4389 1740 4446 quoque
1776 4374 1859 4428 di-

193 4524 199 4529 .
281 4479 424 4533 cebat
451 4496 464 4533 :
499 4475 602 4531 Ille
620 4491 738 4530 cum
768 4473 977 4538 venerit,
1021 4472 1192 4525 omnia
1220 4469 1356 4522 vobis
1386 4466 1634 4521 revocabit
1663 4466 1715 4519 in
1751 4481 1857 4519 me-

279 4573 504 4637 moriam,
539 4577 585 4624 et
611 4566 815 4622 docebit
837 4560 1108 4635 vos(Joan.
1145 4562 1234 4615 M.
1265 4560 1379 4629 26).
1406 4558 1494 4611 11.
1547 4555 1615 4610 Et
1643 4572 1744 4609 non
1765 4557 1857 4608 do-

275 4665 394 4719 cebit
438 4661 785 4732 unusquisque
832 4657 1122 4729 proximum
1174 4671 1357 4718 suum,
1423 4662 1469 4707 et
1514 4652 1860 4718 unusquisque

273 4759 479 4826 fratrem
512 4772 692 4821 suum,
720 4753 893 4807 dicens
916 4767 935 4804 :
985 4749 1240 4820 Cognosce
1262 4746 1536 4799 Dominum
1561 4761 1578 4799 :
1622 4745 1858 4813 quoniam

272 4865 439 4904 omnes
467 4853 630 4903 scient
654 4861 734 4899 me
760 4861 791 4897 a
816 4843 1010 4897 minore
1032 4857 1189 4909 usque
1210 4839 1276 4890 ad
1306 4839 1571 4910 majorem.
1602 4836 1689 4889 12.
1727 4834 1860 4899 Quia

272 4944 525 5011 propitius
555 4955 644 4992 ero
673 4938 893 5006 peccatis
916 4946 960 4988 et
989 4933 1337 5003 iniquitatibus
1366 4946 1560 4995 eorum,
1608 4940 1653 4981 ct
1686 4944 1861 4995 pecca-

270 5044 434 5087 torum
455 5048 633 5087 eorum
658 5034 764 5099 iam
797 5044 899 5080 non
940 5025 1277 5079 memorabor.
1320 5022 1458 5076 Ecce
1478 5021 1619 5074 aliud
1648 5033 1853 5088 quoque

267 5127 517 5197 signum:
577 5123 620 5176 Α
662 5138 837 5194 porro,
888 5118 1083 5189 inquit,
1137 5133 1293 5183 usque
1329 5114 1396 5167 ad
1420 5130 1658 5185 magnum
1686 5128 1856 5189 eorum

269 5234 344 5272 nte
369 5219 554 5280 scient,
582 5224 639 5271 et
667 5230 771 5268 non
794 5213 998 5277 dicent,
1025 5208 1281 5281 Cognosce
1315 5206 1604 5259 Dominum.
1637 5204 1860 5271 Quando:

270 5308 465 5365 factum
494 5316 582 5363 est
608 5304 738 5372 hoc,
781 5302 882 5357 nisi
912 5298 1091 5354 nunc?
1141 5297 1271 5352 Nam
1310 5294 1447 5366 quod
1478 5306 1719 5348 nostrum
1744 5293 1860 5360 qui-

271 5402 391 5458 dem
433 5410 543 5467 est,
590 5405 682 5453 est
730 5392 1074 5449 manifestum
1101 5409 1113 5444 :
1137 5387 1280 5459 quod
1306 5397 1481 5441 autem
1510 5394 1593 5439 est
1623 5384 1858 5447 illorum,

270 5508 614 5567 nequaquam
662 5499 748 5545 est
783 5486 1150 5549 manifestum,
1193 5481 1286 5537 sed
1334 5480 1528 5561 angulo
1573 5478 1861 5531 inclusum.

273 5587 519 5658 Alioquin
546 5596 748 5639 novum
778 5589 905 5634 tunc
932 5576 1146 5640 dicitur,
1174 5572 1385 5643 quando
1413 5570 1569 5624 fuerit
1588 5568 1752 5633 aliud,
1803 5576 1860 5622 et

276 5680 571 5737 estenderit
586 5678 632 5732 si
664 5674 790 5746 quid
807 5672 926 5743 plus
947 5669 1466 5737 habetquamvelus.
1500 5661 1612 5715 iloc
1639 5677 1849 5730 quoque

284 5782 361 5829 est
390 5771 625 5839 Novum,
672 5762 890 5839 quando
927 5760 1045 5829 ejus
1071 5758 1171 5813 alia
1198 5755 1411 5827 quidem
1439 5753 1632 5809 fuerint
1658 5751 1852 5817 ablata,

989 308 1052 365 IN
1090 307 1307 365 EPIST.
1351 308 1441 361 AD
1481 304 1838 363 HEBRA‘JOS.
1881 304 2035 363 CAP.
2077 306 2218 367 VllI.
2261 311 2493 369 HOMIL.
2534 314 2676 372 XIV.

3408 326 3512 385 114

1940 417 2041 473 alia
2069 432 2198 473 vero
2229 434 2335 474 non
2365 439 2378 473 :
2409 430 2466 475 ut
2496 419 2540 476 si
2561 422 2702 489 quis,
2730 423 2965 493 exempli
2993 437 3173 490 causa,
3205 425 3397 484 domus
3422 446 3514 485 ve-

1939 510 2087 575 teris,
2103 527 2221 582 qme
2239 513 2469 567 minatur
2486 513 2715 578 ruinam,
2735 515 2920 573 relicto
2932 518 3525 587 universoJundamen-

1938 614 2048 659 tum
2066 608 2421 673 consarcinat,
2439 606 2725 663 confestim
2738 609 2990 677 dicimus,
3012 611 3143 667 Eam
3164 614 3520 683 Iecitnovam,

1936 710 2056 750 cum
2085 696 2188 751 alia
2215 699 2494 764 exemerit,
2547 699 2651 752 alia
2690 715 2876 755 eorum
2901 701 3021 757 loco
3048 703 3339 761 induxerit.
3386 706 3518 762 Nam

1933 788 2122 842 cazlum
2153 803 2369 859 quoque
2392 789 2589 845 dicitur
2611 805 2827 855 novum,
2868 798 3084 862 quando
3116 812 3224 851 non
3262 797 3362 852 fuit
3398 813 3519 853 am-

1933 880 2071 948 plius
2097 895 2329 942 aeneum,
2377 880 2472 934 sed
2516 879 2664 935 dedit
2708 882 2982 951 pluviam:
3027 885 3280 942 similiter
3304 904 3518 958 quoque

1932 970 2332 1041 terra,qnando
2355 985 2462 1026 non
2493 971 2722 1041 amplius
2752 972 2846 1027 fuit
2866 974 3192 1042 infecunda,
3227 995 3331 1033 non
3347 996 3516 1051 quam

1930 1063 2000 1118 do
2031 1063 2131 1118 fuit
2158 1071 2381 1119 mutata.
2432 1064 2499 1118 Et
2534 1062 2726 1119 domus
2770 1074 2895 1120 tunc
2939 1081 3096 1131 nova,
3149 1071 3360 1138 quando
3411 1075 3511 1128 alia

1927 1156 2141 1227 quidem
2168 1159 2285 1226 ejus
2311 1166 2435 1213 sunt
2479 1158 2677 1221 ablata,
2726 1159 2827 1213 alia
2859 1175 2987 1215 vero
3033 1173 3270 1218 manent.
3314 1166 3515 1232 Quam-

1926 1248 2111 1304 obrem
2137 1258 2193 1304 et
2206 1249 2605 1305 Testamentum
2630 1265 2825 1306 novum
2838 1250 2978 1307 bene
2998 1256 3225 1320 vocarit,
3250 1265 3306 1309 ut
3331 1270 3512 1313 omen-

1925 1340 2079 1423 deret
2106 1340 2247 1411 quod
2277 1341 2404 1395 illud
2432 1340 2836 1396 Testamentum
2877 1342 3074 1397 factum
3118 1344 3188 1397 sit
3215 1355 3504 1413 vetustum,

1927 1446 1993 1487 eo
2022 1430 2167 1501 quod
2200 1430 2403 1485 nullum
2432 1428 2596 1486 faciat
2623 1430 2881 1486 fructum.
2925 1433 2993 1486 Et
3020 1440 3076 1486 ut
3101 1445 3287 1489 exacte
3310 1436 3505 1501 discas,

1940 1525 2054 1593 lege
2082 1524 2207 1594 quid
2231 1527 2374 1578 tliCaI
2405 1527 2651 1594 Aggmus‘,
2681 1524 2806 1594 quid
2835 1524 3140 1589 Zacharias,
3173 1526 3299 1595 quid
3339 1541 3508 1596 ange-

1938 1613 2044 1679 lus,
2074 1615 2200 1684 quid
2234 1615 2430 1669 Esdras
2462 1617 2690 1671 iucuset.
2720 1616 3001 1684 Quomodo
3023 1617 3181 1687 igitur
3203 1634 3323 1672 cum
3352 1633 3515 1673 exce-

1938 1706 2057 1776 pit?
2085 1706 2366 1774 Quomodo
2392 1716 2570 1762 autem
2604 1708 2778 1762 nullus
2802 1718 2956 1777 rogat
2979 1709 3280 1774 Dominum,
3303 1710 3521 1779 quando

1938 1812 1993 1859 et
2026 1803 2127 1873 ipsi
2153 1813 2277 1858 sunt
2308 1805 2647 1874 lransgressi,
2705 1816 2758 1858 et
2789 1820 2854 1858 ne
2895 1805 2995 1873 ipsi
3026 1804 3240 1873 quidem
3282 1785 3522 1859 norunt?

1947 1896 2106 1950 Vides
2133 1896 2403 1965 quomodo
2432 1906 2577 1951 tuum
2617 1899 2686 1951 sit
2718 1898 3007 1951 violatum?
3038 1897 3150 1967 Ego
3177 1907 3353 1951 autem
3379 1913 3521 1965 pono

1943 2005 2145 2053 meum,
2169 2004 2361 2059 nempe
2382 1991 2520 2059 quod
2546 1990 2646 2043 hoc
2671 1992 2888 2061 proprie
2912 1990 3115 2042 dicatur
3138 2005 3352 2043 novum.
3378 1990 3524 2043 Alio-

1944 2082 2068 2152 quin
2097 2090 2276 2135 autem
2312 2095 2376 2134 ne
2406 2081 2533 2135 illud
2561 2080 2774 2151 quidem
2820 2080 3055 2134 concedo
3078 2080 3143 2134 de
3173 2080 3273 2133 hoc
3297 2094 3415 2133 esse
3436 2080 3524 2133 di-

1942 2185 2088 2228 ctqu
2112 2215 2127 2239 ,
2189 2172 2299 2226 Erit
2327 2189 2507 2226 novum
2565 2172 2743 2226 ca’ltun
2792 2170 2941 2232 (Isni.
2968 2173 3057 2227 63.
3088 2172 3197 2240 17).
3239 2171 3347 2224 Cur
3378 2170 3520 2223 enim

1945 2266 2129 2321 dicens
2170 2266 2219 2317 in
2254 2264 2687 2328 Dculcrmomio,
2748 2262 2861 2315 Erit
2893 2265 3072 2315 civium
3102 2278 3290 2315 cereum
3335 2262 3515 2328 (Dent.

1944 2357 2035 2410 28.
2065 2356 2181 2421 25),
2217 2370 2320 2409 non
2353 2354 2454 2409 hoc
2483 2356 2655 2423 posuit
2699 2356 2749 2407 in
2779 2354 3157 2408 distinciio'ic:
3220 2353 3312 2408 Sin
3342 2361 3522 2407 autem

1948 2449 2245 2514 audieritis,
2273 2448 2374 2502 erit
2398 2449 2633 2502 novum?
2656 2447 2815 2516 Atqui
2843 2458 3119 2515 pmpterei
3144 2448 3271 2500 dicit
3297 2463 3357 2500 se
3379 2446 3523 2500 aliud

1947 2540 2194 2594 daturum
2244 2539 2666 2605 Testamentum,
2694 2539 2943 2608 quoniam
2981 2554 3083 2590 non
3116 2547 3526 2607 permanserunt

1949 2634 2000 2687 in
2026 2634 2207 2703 priori.
2238 2632 2351 2687 Iloc
2379 2647 2479 2700 ego
2503 2632 2730 2686 ostendo
2763 2648 2855 2700 per
2884 2648 2944 2685 ea
2987 2647 3105 2700 qua:
3153 2630 3320 2685 dicit:
3374 2630 3521 2685 Nam

1947 2728 2083 2796 quod
2128 2726 2436 2794 impossibile
2478 2734 2583 2778 erat
2629 2725 2772 2795 legis,
2815 2726 2867 2777 in
2912 2740 3011 2793 quo
3052 2723 3407 2791 inﬁrmabatur
3437 2739 3525 2791 per

1948 2835 2187 2883 carnem;
2216 2826 2269 2871 ct
2294 2832 2498 2878 rursus,
2533 2817 2668 2880 Quid
2716 2818 2919 2870 tentatis
2950 2814 3114 2869 Deum
3148 2818 3407 2886 imponere
3427 2819 3522 2887 ju-

1948 2927 2065 2981 gum
2091 2926 2246 2979 super
2262 2910 2449 2962 collum
2470 2908 2854 2977 discipulorum,
2891 2908 3025 2977 quod
3054 2924 3212 2976 neque
3239 2919 3407 2975 patres
3431 2925 3527 2962 no-

1950 3004 2059 3065 stri,
2107 3017 2265 3066 neque
2302 3018 2391 3054 nos
2419 3001 2673 3070 potuimus
2701 3004 2833 3071 ferre
2864 3003 2879 3068 (
2915 2999 3064 3052 Ilout.
3098 3000 3151 3055 8.
3185 3001 3218 3054 3
3254 3001 3403 3066 ;Act.
3433 3002 3522 3055 15.

1950 3097 2015 3150 10
2042 3097 2103 3167 )?
2154 3096 2403 3161 Quoniam
2445 3094 2545 3164 ipsi
2574 3111 2674 3147 non
2716 3103 3118 3163 permanserunt,
3175 3093 3368 3161 inquit.
3427 3092 3525 3147 llic

1947 3188 2179 3243 ostendit
2204 3186 2343 3255 quod
2389 3199 2486 3238 nos
2525 3184 2770 3253 dignatur
2796 3183 3084 3252 majoribus
3132 3191 3186 3236 et
3216 3182 3381 3251 magis
3416 3182 3525 3251 Spi-

1950 3280 2250 3334 ritualibus.
2302 3277 2366 3331 In
2388 3294 2589 3331 onmem
2615 3277 2780 3341 enim,
2831 3277 3021 3346 inquit,
3052 3286 3237 3329 terram
3268 3276 3417 3329 exivit
3439 3291 3528 3329 so-

1947 3389 2041 3425 nus
2080 3387 2272 3434 eorum,
2324 3382 2371 3423 et
2414 3371 2467 3423 in
2488 3370 2615 3437 ﬁnes
2641 3368 2773 3421 orbis
2803 3379 2951 3422 terrae
2983 3378 3124 3423 rei-tm
3155 3388 3325 3421 eorum
3350 3367 3523 3437 (I’sul.

1950 3464 2035 3517 I8.
2068 3464 2143 3532 5).
2195 3463 2304 3516 lloc
2329 3472 2431 3525 est,
2476 3461 2596 3515 Non
2622 3462 2753 3514 dicet
2780 3464 3118 3533 unusquisque
3140 3465 3370 3533 proximo
3391 3482 3481 3518 suo
3511 3476 3530 3515 :

1948 3553 2204 3623 Cognosce
2235 3553 2523 3605 Dominum.
2560 3553 2624 3606 Et
2654 3567 2838 3605 rursus
2868 3572 2879 3605 :
2931 3553 3239 3623 Implebitur
3276 3566 3411 3610 terra
3441 3574 3530 3609 co-

1949 3646 2174 3714 gnitione
2204 3642 2428 3706 Domini,
2460 3643 2587 3696 sicut
2615 3659 2745 3709 aqua
2782 3643 2937 3697 multa
2960 3649 3157 3713 operuit
3189 3665 3328 3702 mare
3367 3649 3385 3721 (
3416 3649 3531 3703 Ila-

1951 3736 2061 3789 bac.
2093 3734 2129 3787 2
2178 3734 2285 3803 14).
2323 3735 2406 3789 15.
2441 3732 2668 3787 Dicenda
2693 3745 2883 3800 autem,
2916 3737 3107 3805 inquit,
3142 3756 3351 3807 novum,
3384 3756 3520 3795 vetc-

1948 3828 2079 3887 ruvit
2108 3826 2271 3896 prius.
2302 3826 2452 3893 Quod
2480 3836 2648 3879 autem
2675 3829 2967 3895 antiqualur
3009 3840 3054 3882 et
3097 3834 3329 3898 senescit,
3372 3851 3531 3905 prope
3605 3841 3611 3845 '

1948 3918 2207 3970 interitum
2232 3926 2326 3970 est.
2378 3916 2508 3971 Vide
2538 3919 2807 3986 quomodo
2848 3921 2988 3989 quod
3040 3931 3157 3975 erat
3204 3926 3528 3981 occultatum

1949 4009 2177 4077 aperuit,
2208 4008 2375 4077 ipsam
2406 4017 2638 4063 mentem
2669 4009 2972 4079 pmpbetm.
3009 4011 3300 4067 Ilunoravit
3330 4016 3523 4085 legem,

1948 4110 2003 4154 cl.
2029 4100 2195 4153 noluit
2225 4114 2342 4153 eam
2382 4098 2565 4154 dicere
2607 4102 2916 4155 nominatim
2952 4113 3182 4159 veterem
3211 4121 3225 4168 ;
3260 4122 3532 4163 verutum—

1951 4208 2072 4250 men
2104 4190 2205 4246 huc
2230 4191 2363 4246 dixit
2390 4210 2404 4247 :
2456 4208 2577 4247 nam
2610 4194 2655 4248 si
2680 4194 2805 4247 illud
2836 4205 2979 4247 esset
3010 4212 3229 4261 uorum,
3289 4215 3394 4252 non
3429 4202 3529 4253 hoc

1947 4301 2156 4354 quoque
2197 4298 2379 4355 postea
2432 4290 2757 4358 appellasset
2797 4308 3015 4347 novum.
3064 4293 3425 4361 Quamobrem
3466 4308 3522 4353 et

1950 4377 2147 4447 aiiquid
2177 4380 2310 4433 dans
2358 4383 2584 4449 amplius
2628 4392 2682 4436 et
2725 4384 2986 4452 alterum,
3016 4386 3219 4456 inquit,
3258 4386 3524 4442 Veteravt't.

1952 4469 2092 4538 Ergo
2138 4470 2449 4527 dissolvitur
2478 4484 2529 4528 et
2576 4474 2758 4528 interit
2786 4486 2840 4530 et
2865 4493 2968 4530 non
3001 4489 3086 4533 cst
3122 4480 3367 4547 amplius.
3424 4483 3527 4533 Ac-

1949 4571 2100 4629 cepta
2127 4577 2155 4612 a
2180 4562 2437 4630 pmpbeta
2468 4563 2680 4631 ﬁducia,
2713 4567 2879 4636 magis
2903 4568 2953 4621 id
2977 4569 3271 4623 insvetatnr
3297 4570 3524 4633 utiliter,

1951 4651 2238 4706 ostendens
2263 4655 2403 4722 quod
2433 4665 2612 4709 nostra
2644 4673 2783 4711 nunc
2807 4659 3024 4713 ﬂoreant
3049 4676 3063 4725 ;
3101 4662 3198 4714 hoc
3213 4670 3319 4722 cst,
3348 4673 3529 4713 osten~

1951 4740 2025 4794 dit
2058 4757 2175 4795 eSsc
2204 4754 2373 4797 vetus.
2412 4746 2613 4800 Deinde
2643 4759 2864 4817 accepto
2901 4752 3115 4804 nomine
3147 4752 3441 4815 vetustatis,
3475 4761 3529 4805 ct

1951 4831 2054 4883 alio
2084 4846 2112 4884 a
2143 4848 2200 4886 se
2229 4834 2429 4899 addito,
2480 4853 2669 4905 nempe
2696 4839 2851 4904 senii,
2893 4841 3031 4907 quod
3061 4841 3291 4893 restabat
3311 4856 3377 4892 ex
3411 4842 3529 4895 aliis

1952 4927 2176 4992 accepit,
2200 4936 2252 4980 ct
2279 4927 2403 4980 dicit
2432 4949 2443 4982 :
2480 4929 2549 4980 l’r
2571 4948 2645 4999 .pe
2702 4933 2952 4984 interitum
2984 4945 3073 4985 est.
3134 4934 3242 4985 Non
3271 4948 3398 4996 ergo
3430 4949 3527 4986 no-

1954 5016 2337 5071 vutnubsohttc
2366 5020 2640 5088 ain-ogaiit
2681 5032 2829 5075 vetus
2858 5023 3282 5081 TC‘slHIIICItlUIII,
3343 5024 3434 5074 sed
3472 5034 3526 5076 ut

1954 5107 2090 5175 quod
2124 5111 2484 5175 consenuerit,
2530 5124 2579 5163 ut
2629 5114 2769 5180 quod
2812 5115 2855 5166 si
2889 5115 3095 5169 inutile.
3138 5117 3422 5183 Propterea
3452 5117 3531 5166 di-

1955 5200 2127 5262 ccbat,
2158 5200 2736 5268 I’r0pterinﬁrmitatem
2765 5216 2810 5259 et
2854 5208 3211 5270 inutilitatem;
3252 5219 3326 5269 ct,
3379 5206 3529 5260 Nihil

1955 5290 2024 5342 ad
2050 5292 2328 5359 perfectum
2358 5294 2567 5344 adduxit
2610 5295 2729 5356 lex;
2777 5306 2829 5349 et
2858 5296 3019 5364 quod,
3055 5297 3115 5347 Si
3140 5297 3355 5360 primum
3379 5301 3528 5365 culpa

1955 5390 2219 5442 vacasset,
2274 5398 2376 5434 non
2423 5391 2749 5452 quaereretur
2775 5382 2987 5436 secundi
3021 5381 3158 5432 locus
3184 5384 3252 5448 (c.
3288 5382 3338 5432 7.
3373 5398 3418 5433 υ.
3444 5383 3530 5435 18.

1962 5472 2023 5525 19
2065 5483 2184 5524 etc.
2214 5474 2268 5526 8.
2300 5490 2346 5525 r.
2372 5472 2458 5542 7).
2518 5472 2690 5542 Culpa
2722 5489 2920 5526 vacans
2960 5471 3088 5541 quid
3120 5473 3235 5523 est?
3288 5471 3399 5524 Hoc
3426 5484 3528 5536 est,

1957 5567 2112 5627 utile,
2154 5565 2311 5618 forte.
2354 5565 2466 5618 lloc
2497 5564 2649 5628 dicit,
2687 5580 2796 5618 non
2826 5564 2971 5632 quod
3000 5564 3070 5615 sit
3096 5561 3389 5613 obnoxium
3422 5564 3533 5615 crio

1958 5659 2215 5722 minibus,
2240 5657 2332 5711 sed
2359 5656 2504 5726 quod
2529 5673 2635 5709 tton
2653 5656 2903 5718 sulliciat,
2923 5653 3114 5707 rudius
3140 5663 3220 5705 est
3240 5653 3530 5719 loquutus:

1960 5761 2019 5805 ut
2050 5751 2095 5806 si
2125 5749 2398 5819 quispiam
2425 5749 2569 5802 dicet
2589 5789 2602 5814 ,
2658 5746 2828 5815 Culpa
2859 5762 2967 5802 non
2993 5751 3147 5800 vacat
3172 5743 3395 5809 domus;
3429 5744 3534 5800 hoc
