3980 6142
422 341 523 392 Hb

317 435 324 443 ”
409 460 514 511 est,
564 449 617 502 in
666 461 728 502 ea
785 451 869 500 est
912 444 1128 506 vitium,
1163 449 1218 496 et
1248 457 1359 495 non
1389 448 1474 494 est
1512 439 1666 493 ﬁrma
1692 448 1748 494 ει
1771 435 1986 492 solida:

411 539 584 605 Culpa
618 549 725 589 non
753 542 908 587 vacat
939 532 1129 596 vestis,
1176 532 1281 585 hoc
1319 539 1426 596 est,
1467 531 1577 600 jam
1611 528 1828 586 dilllttit.
1869 527 1990 582 Non

419 644 550 698 ergo
581 627 671 681 hic
699 625 835 679 dicit
867 623 1015 694 quod
1041 625 1114 678 sit
1137 624 1339 677 malum
1365 663 1380 688 ,
1437 621 1532 676 sed
1563 621 1711 691 quod
1746 622 1799 675 in
1827 636 1894 676 eo
1921 620 1994 675 sit

415 719 558 795 quod
599 720 1035 790 reprehendatur
1068 717 1423 786 defectusque
1449 724 1504 770 et
1529 708 1783 769 vitium.‘

489 810 542 861 4.
581 807 653 861 Ita
679 822 775 861 nos
801 820 1013 875 quoque
1040 805 1162 859 novi
1191 818 1377 857 sumus
1401 843 1419 867 ,
1476 801 1562 856 vel
1601 803 1777 871 potius
1803 799 1998 854 fuimus

414 901 539 954 novi
569 915 584 962 ;
632 913 772 951 nunc
800 906 976 950 autem
1015 896 1465 948 inveteravintus:
1503 901 1780 961 prepterea
1811 901 1994 944 sumus

419 1009 583 1062 prope
597 993 887 1045 interitum.
920 988 1046 1053 Sed,
1070 989 1114 1041 si
1134 987 1378 1050 velimus,
1399 985 1502 1039 huc
1521 986 1722 1039 senium
1737 983 2003 1037 atnovcbi-

414 1099 532 1137 tuus
545 1094 597 1137 et
615 1082 954 1136 abradetnns.
972 1081 1203 1133 Lavacro
1220 1078 1431 1146 quidem
1446 1077 1554 1145 jam
1576 1090 1680 1130 non
1700 1087 1998 1144 possumus,

416 1177 507 1230 sed
541 1188 822 1245 possumus
852 1172 1178 1242 paenitentia.
1217 1171 1270 1224 Si
1302 1168 1426 1239 quid
1455 1170 1524 1222 sit
1569 1169 1622 1222 in
1655 1167 1805 1221 nobis
1849 1175 2000 1219 vetu-

415 1280 579 1332 stum,
621 1267 932 1336 abjiciamus
955 1265 1147 1332 :siqua
1175 1277 1321 1328 ruga,
1351 1262 1392 1314 si
1420 1275 1519 1330 qua
1549 1259 1772 1321 macula,
1817 1258 1860 1310 si
1903 1271 2004 1326 qua

418 1361 623 1421 sordes,
665 1357 943 1411 abluamus
958 1364 1009 1410 ct
1039 1354 1240 1423 pulchri
1261 1352 1564 1422 reddamur,
1587 1361 1648 1407 ut
1663 1351 2004 1421 concupiscat

420 1452 534 1506 Rex
565 1449 1018 1521 pulchritudinem
1061 1456 1323 1501 nostram.
1376 1445 1548 1511 Licet,
1579 1444 1789 1499 etiamsi
1821 1445 1869 1495 in
1900 1457 2002 1494 ex-

418 1571 644 1616 tremam
694 1563 1052 1618 deciderimus
1101 1562 1496 1618 deformitatem
1526 1601 1539 1622 ,
1618 1569 1803 1611 rursus
1847 1553 1994 1608 illam

422 1653 700 1722 acquirere
732 1652 1201 1721 pulchritudinem,
1232 1651 1299 1706 de
1321 1666 1420 1719 qua
1442 1649 1572 1703 dicit
1601 1644 1764 1700 David
1792 1662 1804 1698 :
1837 1643 1996 1706 Audi,

422 1744 552 1812 ﬁlia,
577 1755 624 1797 et
651 1745 781 1810 vide,
815 1755 859 1798 et
884 1743 1075 1798 inclina
1101 1759 1276 1797 aurem
1304 1753 1462 1806 luant,
1505 1750 1548 1794 et
1588 1739 1877 1792 obliviscere
1905 1747 1998 1802 po-

421 1837 530 1907 puli
557 1838 650 1899 tui,
684 1848 730 1890 et
760 1837 936 1890 domus
970 1838 1128 1906 patris
1155 1838 1251 1904 tui,
1294 1847 1340 1890 et
1365 1836 1679 1904 concupiscet
1706 1831 1816 1885 Rea:
1846 1829 2000 1881 deco-

420 1945 526 1982 rem
551 1939 688 1981 tuum
713 1927 884 1997 (Psal.
910 1929 996 1983 44.
1034 1930 1121 1984 Η,
1151 1928 1266 2000 ιε).
1321 1928 1480 1998 Atqui
1512 1926 1708 1980 oblivio
1745 1937 1848 1976 non
1878 1919 2004 1976 facit

419 2021 689 2084 decorem;
713 2021 982 2086 dcem-em,
1007 2019 1244 2090 inquam,
1264 2017 1744 2088 attimze.Qtt:enam
1762 2025 1844 2069 est
1873 2027 2002 2082 ergo

421 2111 656 2165 oblivio?
682 2109 890 2166 Oblivio
912 2120 1274 2180 peccatorum.
1308 2110 1612 2180 Alloquitur
1636 2108 1778 2161 enim
1808 2104 2000 2158 Eccle-

421 2205 555 2260 slam
570 2220 686 2273 qua:
698 2215 779 2259 est
805 2220 868 2258 ex
900 2204 1164 2273 gentibus,
1185 2204 1234 2259 ei
1262 2202 1492 2258 suadens
1515 2211 1570 2254 ut
1587 2209 1864 2270 parentum
1897 2209 2003 2249 non

422 2295 748 2358 meminerit,
807 2309 1003 2362 nempe
1046 2309 1234 2348 eorum
1262 2292 1352 2361 qui
1389 2289 1771 2344 sacrificabant
1799 2286 1954 2340 idolis
1987 2302 2002 2338 :

424 2400 489 2438 ex
513 2385 574 2439 iis
601 2384 743 2439 enim
777 2383 872 2437 fuit
911 2385 1156 2440 collecta.
1212 2382 1281 2437 Et
1309 2397 1418 2436 non
1449 2381 1600 2444 dixit,
1645 2379 1722 2434 Ne
1759 2376 2005 2442 accedas,

426 2476 523 2530 sed
549 2475 688 2545 quod
719 2485 801 2530 est
828 2476 1081 2544 amplius,
1123 2474 1201 2530 Ne
1239 2489 1424 2529 eorum
1466 2473 1680 2542 quidem
1726 2470 1905 2524 veniat
1953 2469 2005 2521 in

427 2575 687 2621 mentem.
719 2565 872 2632 Quod
899 2567 1060 2622 etiam
1082 2566 1212 2620 dicit
1245 2565 1367 2618 alibi
1392 2581 1404 2618 :
1441 2563 1566 2617 Non
1589 2561 1893 2616 recordabar
1913 2576 2003 2613 no-

428 2651 622 2711 minum
640 2674 810 2712 eorum
836 2675 926 2726 per
954 2659 1090 2712 labia
1110 2675 1259 2724 mea;
1288 2671 1342 2713 et
1372 2671 1576 2721 rursus,
1606 2655 1671 2712 Ut
1698 2671 1800 2710 non
1827 2656 2007 2724 loqua-

359 2741 364 2746 ’
430 2761 512 2802 ην
538 2765 593 2802 os
633 2766 797 2802 meum
838 2766 993 2818 opera
1023 2749 1280 2803 hominum
1309 2748 1478 2820 (Psal.
1513 2749 1600 2802 15.
1641 2749 1694 2801 4.
1719 2756 1764 2800 et
1794 2747 1882 2801 16.
1919 2745 2004 2815 4).

429 2841 674 2896 Nondum
703 2843 804 2896 hoc
834 2852 915 2896 est
954 2856 1144 2912 magna
1170 2841 1374 2905 virtus;
1423 2840 1533 2894 imo
1572 2849 1652 2892 est
1683 2853 1866 2906 magna
1893 2837 2012 2906 qui—

430 2933 574 3000 dem,
614 2934 708 2988 sed
734 2949 838 2988 non
862 2935 1004 2988 talis.
1034 2933 1147 2988 Illic
1171 2935 1312 2987 enim
1334 2932 1458 3003 quid
1491 2931 1667 2986 dicit?
1715 2931 1828 2985 Non
1849 2929 2006 2996 dixit,

430 3025 544 3080 Non
575 3025 809 3094 loquaris
830 3041 948 3094 qua:
977 3034 1104 3079 sunt
1126 3034 1356 3094 patrum,
1407 3023 1523 3087 sed,
1565 3023 1676 3078 Nec
1701 3037 1886 3078 eorum
1920 3035 2010 3076 re-

431 3117 691 3182 corderis,
737 3133 836 3172 nec
864 3117 956 3172 tibi
987 3118 1038 3172 in
1069 3127 1301 3171 mentem
1329 3117 1567 3170 veniant.
1631 3115 1790 3169 \‘ides
1810 3121 2012 3184 quanto

433 3208 717 3263 intervallo
743 3208 855 3262 vult
881 3222 978 3262 nos
1000 3208 1190 3262 abesse
1222 3222 1252 3260 a
1283 3207 1454 3261 vitio?
1493 3206 1622 3261 Nam
1647 3205 1736 3276 qui
1765 3220 1870 3260 non
1901 3218 2016 3259 me-

435 3300 608 3362 minit,
648 3313 749 3354 nec
775 3298 1066 3369 cogitabit;
1098 3299 1187 3368 qui
1218 3313 1323 3352 non
1354 3298 1572 3368 cogitat,
1621 3312 1719 3352 nec
1741 3295 2013 3366 loquitur;

433 3391 522 3458 qui
552 3399 728 3444 autem
751 3406 857 3444 non
879 3389 1136 3459 loquitur,
1165 3404 1264 3443 nec
1281 3397 1424 3458 aget.
1460 3387 1622 3444 Vides
1646 3388 1858 3458 quantis
1889 3401 2016 3455 Spa-

436 3486 524 3539 tiis
549 3485 643 3538 via?
666 3499 763 3538 nos
790 3484 978 3546 arcuit,
1003 3493 1058 3538 et
1077 3484 1292 3554 quantis
1318 3482 1618 3537 intervallis
1641 3495 1742 3535 nos
1762 3481 2018 3535 removit?

437 3576 579 3646 Ergo
606 3589 704 3630 nos
725 3591 941 3646 quoque
969 3574 1271 3641 audiamus,
1322 3582 1378 3628 et
1404 3573 1666 3627 malorum
1711 3581 2017 3626 nostrorum

433 3667 832 3732 obliviscamur,
885 3680 988 3720 non
1025 3675 1387 3735 peccatorum,
1421 3664 1657 3733 inquam,
1698 3677 1818 3733 qua:
1843 3662 2020 3717 admi-

435 3759 602 3813 simus
632 3778 646 3813 :
676 3759 940 3812 Memento
970 3759 1136 3820 enim,
1183 3757 1376 3827 inquit,
1423 3765 1478 3810 tu
1507 3757 1676 3826 prior,
1709 3767 1762 3810 et
1783 3770 1882 3826 ego
1910 3771 2018 3810 non

435 3852 751 3922 meminero.
784 3848 852 3905 Ut
878 3849 1110 3920 exempli
1137 3862 1330 3904 causa:
1373 3863 1483 3903 non
1510 3847 1739 3918 amplius
1771 3846 2022 3903 reeordc~

423 3957 557 4006 ,mur
601 3942 821 4011 rapitur,
875 3939 968 3996 sed
998 3941 1160 3996 etiam
1205 3939 1384 4010 priora
1437 3939 1749 3994 reddamus.
1793 3938 1908 3994 Hoc
1935 3946 2019 3994 est

433 4057 678 4112 oblivisci
706 4055 844 4120 vitii,
872 4061 928 4108 et
954 4067 1205 4123 rapacem
1233 4049 1502 4120 expellere
1531 4046 1932 4118 cogitationem,
1958 4053 2013 4101 ει

433 4149 604 4216 ipsam
631 4161 919 4214 numquam
946 4145 1250 4208 admittere,
1283 4141 1381 4197 sed
1413 4150 1468 4196 et
1497 4156 1615 4210 qua:
1639 4155 1670 4193 a
1701 4137 1855 4193 nobis
1881 4150 2010 4206 pee-

435 4246 553 4292 cata
577 4246 702 4292 sunt
730 4236 931 4290 delere.
981 4234 1261 4290 Undenam
1285 4240 1464 4287 autem
1493 4231 1648 4286 nobis
1673 4230 1877 4285 orietur
1907 4242 2021 4284 ina-

438 4331 610 4385 lorum
641 4328 878 4383 oblivio?
911 4326 991 4382 Ex
1017 4327 1386 4382 recordatione
1407 4326 1670 4380 bonorum
1707 4324 1797 4377 Dei
1821 4341 1831 4376 :
1851 4321 1896 4377 si
1927 4319 2022 4376 Dei

437 4428 698 4490 perpetuo
737 4418 1164 4482 meminerimus,
1212 4432 1318 4471 non
1350 4415 1644 4485 poterimus
1689 4416 1848 4469 etiam
1898 4413 2019 4466 illo-

438 4528 556 4567 rum
591 4509 919 4566 meminisse.
954 4509 1014 4564 Si
1041 4524 1228 4562 menter
1258 4509 1334 4577 fui
1367 4509 1459 4571 tui,
1485 4509 1676 4578 inquit,
1711 4523 1863 4575 super
1883 4516 2020 4559 stra-

439 4617 546 4659 tum
569 4619 755 4668 meum,
779 4603 823 4657 si
843 4603 893 4655 in
913 4603 1176 4656 matutinis
1196 4601 1476 4654 meditabar
1495 4601 1548 4652 in
1571 4610 1618 4652 te
1636 4597 1805 4669 (Psal.
1821 4597 1910 4654 62.
1940 4597 2023 4667 7-).

440 4703 614 4767 Atque
636 4710 848 4764 semper
863 4694 1100 4765 quidem.
1125 4695 1358 4748 maxime
1378 4703 1556 4746 autem
1585 4691 1679 4747 Dei
1707 4700 1835 4746 tunc
1864 4705 2022 4762 opor-

441 4799 520 4844 tet
564 4787 894 4853 meminisse,
945 4786 1163 4856 quando
1203 4786 1255 4839 in
1293 4785 1508 4840 silentio
1547 4793 1601 4838 et
1631 4783 1809 4853 quiete
1835 4791 2018 4838 nostra

440 4891 523 4935 est
563 4881 834 4950 cogitatio,
879 4878 1092 4950 quando
1135 4894 1229 4948 per
1268 4877 1409 4933 illam
1461 4876 1773 4932 memoriam
1820 4891 1878 4930 se
1923 4891 2022 4946 po-

444 4983 547 5029 test
591 4972 952 5028 condemnare
980 5013 997 5039 ,
1043 4971 1257 5042 quando
1307 4971 1359 5025 in
1399 4970 1657 5025 memoria
1710 4979 1912 5025 tenere.
1967 4969 2024 5024 In

442 5071 529 5125 die
544 5071 685 5124 enim
711 5084 817 5138 quo
843 5066 1098 5122 fuerimus
1124 5065 1409 5128 recordati,
1428 5067 1678 5136 ingressm
1695 5066 1812 5121 alia:
1832 5066 2024 5122 sollici-

445 5160 655 5214 tudines
685 5169 738 5213 et
776 5159 1040 5213 tumultus
1097 5174 1217 5212 eam
1273 5158 1584 5228 expellunt:
1641 5166 1798 5212 noctu
1850 5167 2026 5211 autem

446 5259 700 5323 perpetuo
732 5264 1011 5320 possumus
1030 5248 1602 5319 meminisse;quaudu
1635 5250 1688 5304 in
1712 5249 2012 5318 tranquilli-

516 5415 532 5444 ι
562 5412 613 5461 la
639 5411 743 5458 hate
768 5409 917 5458 verba
938 5406 1121 5456 desinit
1144 5403 1337 5452 humilia
1362 5404 1411 5451 in
1435 5397 1569 5450 Calb.

1119 341 1171 397 S.
1207 337 1481 395 JOANNIS
1520 323 1990 391 CIIRYSOSTOMI
2056 323 2368 378 ARCHIEP.
2412 311 2936 375 CON’STANTINOP.

3572 312 3672 366 HG

2097 433 2203 481 tate
2225 435 2278 479 et
2295 425 2474 494 quiete
2505 421 2662 476 fuerit
2688 421 2883 483 anima,
2902 417 3116 489 quando
3161 417 3213 473 in
3244 422 3398 488 portu
3419 459 3433 482 ,
3462 419 3676 487 quando

2100 515 2155 569 in
2182 515 2510 569 serenitate:
2545 513 2670 576 ρυω
2696 512 2884 573 dicitis,
2916 511 3104 578 inquit,
3134 509 3186 562 in
3227 510 3463 563 cordibus
3487 510 3684 573 vestris,

2099 609 2154 661 in
2197 607 2442 660 cubilibus
2486 605 2658 659 vestris
2712 602 3110 671 compungimini
3160 600 3328 672 (Paul.
3353 601 3407 656 4.
3425 601 3503 671 5).
3552 601 3686 656 Nam

2100 697 2603 769 Oporteretquidetn
2628 696 2790 749 etiam
2819 693 3048 748 interdiu
3083 693 3224 746 hanc
3255 692 3453 746 habere
3485 708 3691 744 inemo.

2103 794 2268 855 riam;
2297 790 2548 858 quoniam
2574 797 2753 842 autem
2771 800 2986 856 semper
3005 785 3138 839 estis
3159 783 3404 847 solliciti,
3419 793 3474 837 et
3493 783 3694 836 distra-

2107 882 2296 937 hitniui
2340 882 2391 934 in
2436 881 2501 934 iis
2531 894 2650 948 quae
2682 877 2748 932 ad
2781 877 2917 932 hanc
2965 877 3128 930 vitam
3162 875 3451 946 pertinent,
3500 874 3692 926 saltem

2107 985 2234 1030 tunc
2264 974 2357 1027 Dei
2388 972 2438 1026 in
2467 971 2626 1027 cubili
2670 975 3034 1023 mementote:
3067 968 3120 1021 in
3151 966 3427 1021 matutinis
3471 964 3696 1019 medite-

2109 1066 2239 1122 mini
2266 1066 2317 1118 in
2348 1064 2464 1133 ipso
2486 1061 2659 1132 (Psat.
2693 1060 2781 1115 69..
2807 1061 2884 1127 7).
2928 1057 2985 1112 Si
3017 1059 3069 1112 in
3101 1057 3378 1112 matutinis
3423 1055 3540 1110 h:cc
3569 1071 3694 1110 tne-

2111 1158 2363 1220 ditetnnr,
2419 1169 2541 1208 cum
2593 1153 2754 1205 multa
2784 1151 3072 1206 securitate
3105 1149 3461 1219 procedemus
3489 1146 3558 1201 ad
3591 1162 3694 1203 ne.

2110 1251 2293 1320 gotia:
2342 1248 2386 1302 si
2417 1245 2811 1315 supplicatione
2857 1243 3086 1312 primum
3117 1241 3272 1296 nobis
3309 1241 3473 1294 Deum
3506 1239 3699 1293 fet-eri.

2113 1357 2232 1397 mus
2277 1339 2585 1409 propitium,
2639 1337 2710 1390 ita
2749 1334 3100 1406 procedentes
3145 1334 3350 1390 nullum
3379 1332 3702 1387 habebimus

2113 1433 2428 1494 inimicum;
2479 1428 2562 1482 sin
2605 1437 2785 1482 autem
2831 1425 3056 1491 habeas,
3107 1424 3381 1489 irridebis,
3413 1424 3576 1478 Deum
3600 1422 3700 1478 hae

2113 1526 2244 1578 hens
2271 1521 2579 1592 propitium.
2639 1519 2842 1574 Bellum
2872 1527 2956 1573 est
2984 1517 3036 1571 in
3067 1515 3205 1579 foro.
3260 1530 3433 1585 pugna
3458 1522 3585 1568 sunt
3609 1528 3699 1568 res

2114 1611 2340 1675 diorum,
2390 1615 2514 1664 sunt
2555 1610 2782 1675 ﬂuetus,
2835 1617 2960 1665 sunt
3005 1607 3314 1676 tempestas.
3357 1601 3522 1658 Nobis
3567 1613 3701 1670 ergo

2120 1715 2254 1771 epus
2300 1711 2383 1758 ett
2421 1703 2624 1758 armis:
2653 1715 2848 1772 magna
2886 1710 3066 1755 autem
3105 1711 3252 1752 arma
3294 1704 3422 1752 sunt
3462 1706 3650 1764 preces
3683 1711 3698 1750 :

2116 1806 2251 1861 opus
2283 1805 2366 1848 est
2395 1793 2647 1848 secundis
2667 1794 2862 1860 ventis,
2911 1799 3124 1863 oportet
3161 1790 3371 1845 discere
3391 1787 3592 1852 omnia,
3644 1796 3706 1841 ut

2118 1884 2224 1939 diei
2251 1885 2640 1955 longitudinem
2666 1886 2919 1940 conficias
2945 1885 3148 1954 absque
3174 1881 3467 1951 naufragiis
3493 1889 3548 1934 et
3575 1877 3701 1932 vul-

2121 1977 2380 2031 neribus:
2413 1977 2567 2033 multi
2615 1979 2758 2032 enim
2799 1985 2924 2033 sunt
2970 1976 3198 2047 singulis
3236 1974 3431 2030 diebus
3457 1971 3698 2041 scopuli,

2116 2067 2407 2137 quinetiam
2453 2083 2597 2138 saepe
2626 2070 2680 2124 in
2726 2085 2820 2124 eos
2850 2068 3094 2138 impingit
3117 2066 3314 2136 scapha
3344 2075 3398 2120 et
3426 2063 3697 2121 obruitur.

2191 2156 2422 2212 Precatio
2453 2160 2701 2214 matutina
2725 2169 2772 2214 et
2801 2169 3065 2213 nocturna.
3084 2187 3155 2199 —
3173 2157 3465 2227 Propterea
3497 2169 3697 2224 preca-

2118 2249 2264 2305 tione
2293 2251 2446 2306 nobis
2476 2267 2611 2322 opus
2650 2264 2751 2318 est,
2785 2253 3018 2307 maxime
3043 2252 3301 2308 matutina
3328 2261 3385 2306 et
3413 2259 3700 2309 nocturna.

2120 2343 2266 2397 Multi
2297 2359 2364 2399 ex
2395 2346 2546 2401 vobis
2582 2361 2722 2416 saepe
2752 2353 3059 2414 spectarunt
3085 2344 3329 2414 Olympia
3349 2383 3364 2406 ,
3399 2355 3498 2397 nec
3523 2341 3704 2397 solum

2119 2444 2452 2501 spectarunt,
2483 2437 2576 2492 sed
2605 2439 2763 2493 etiam
2792 2451 2977 2492 eorum
2999 2437 3088 2506 qui
3111 2436 3458 2492 decertabant
3483 2432 3709 2490 fuerunt

2119 2522 2355 2578 fautores
2383 2535 2435 2579 et
2461 2526 2812 2582 admiratores
2832 2569 2848 2595 ,
2877 2537 2931 2581 et
2954 2527 3089 2582 alter
3113 2525 3328 2597 quidem
3359 2525 3534 2593 hujus,
3563 2524 3713 2580 alter

2119 2629 2247 2668 vero
2284 2616 2446 2671 illius.
2465 2616 2622 2673 Scitis
2642 2633 2771 2690 ergo
2789 2618 2933 2689 quod
2957 2632 3051 2688 per
3070 2617 3422 2673 certaminum
3446 2617 3563 2670 illos
3583 2615 3712 2671 dies

2117 2714 2170 2758 et
2200 2716 2418 2769 noctes,
2449 2717 2560 2764 tota
2591 2718 2748 2766 nocte
2791 2724 2970 2780 praeco
3013 2709 3146 2763 nihil
3189 2709 3330 2764 aliud
3362 2707 3591 2778 cogitat,
3634 2707 3714 2762 de

2119 2799 2268 2852 nullo
2289 2799 2392 2854 alio
2410 2811 2491 2856 est
2513 2802 2794 2868 sollicitus,
2813 2816 2971 2872 quam
2996 2817 3062 2857 ne
3083 2814 3330 2872 egressus
3351 2801 3398 2855 is
3420 2801 3507 2870 qui
3529 2809 3715 2854 certat

2119 2903 2178 2943 se
2208 2889 2461 2946 indecore
2482 2902 2650 2962 gerat.
2672 2892 2804 2947 Nam
2831 2893 2908 2947 illi
2937 2893 3028 2962 qui
3052 2893 3309 2957 assident,
3336 2892 3555 2946 tubicini
3579 2905 3714 2944 sua-

2119 2978 2250 3033 dent
2280 2995 2347 3035 ne
2376 2981 2626 3051 loquatur
2653 2982 2866 3053 quidem
2899 2983 3061 3040 alicui
3083 3024 3096 3049 ,
3127 2998 3194 3038 ne
3218 2983 3462 3052 spiritum
3501 2995 3715 3036 consu-

2123 3083 2274 3125 mens
2303 3073 2372 3126 sit
2399 3073 2680 3128 ridiculus.
2703 3073 2760 3130 Si
2787 3075 2945 3144 igitur
2964 3075 3056 3146 qui
3077 3089 3258 3129 coram
3289 3073 3594 3128 hominibus
3619 3083 3716 3127 est

2121 3172 2431 3220 certaturus
2454 3206 2468 3228 ,
2500 3174 2702 3220 tantam
2720 3181 2910 3221 curam
2937 3167 3075 3236 gerit
3109 3184 3122 3221 :
3157 3167 3325 3220 multo
3353 3166 3520 3236 magis
3547 3166 3714 3220 nobis

2119 3255 2403 3311 conveniet
2428 3255 2644 3312 assidue
2672 3272 2793 3314 esse
2817 3259 3081 3314 sollicitos
3115 3269 3170 3314 et
3197 3259 3436 3329 cogitare
3463 3297 3477 3323 ,
3506 3257 3713 3327 quibus

2125 3357 2232 3402 tota
2258 3348 2365 3403 vita
2393 3358 2476 3404 est
2508 3359 2803 3406 certamen.
2837 3351 2970 3406 Tota
3008 3366 3138 3423 ergo
3167 3367 3272 3406 nox
3297 3353 3367 3406 sit
3394 3351 3546 3406 nobis
3576 3365 3714 3420 per-

2121 3438 2394 3504 vigilium,
2438 3449 2493 3495 et
2530 3441 2744 3497 solliciti
2784 3443 2952 3497 simus
2994 3455 3061 3497 ne
3087 3458 3118 3498 e
3147 3442 3233 3498 die
3263 3443 3464 3512 egressi
3486 3483 3500 3504 ,
3531 3443 3716 3498 simus

2118 3526 2346 3581 ridiculi.
2375 3527 2441 3581 Et
2463 3527 2665 3581 utinam
2689 3537 2891 3582 tantum
2913 3528 3122 3584 ridiculi
3145 3548 3158 3583 :
3184 3545 3325 3585 nunc
3343 3539 3520 3586 autem
3547 3533 3715 3589 sedet

2116 3619 2182 3674 ad
2209 3620 2482 3674 dexteram
2511 3620 2682 3675 Patris
2710 3621 3050 3701 agonotheta,
3075 3621 3358 3693 diligenter
3383 3624 3608 3680 audiens
3633 3642 3713 3682 nc

2116 3710 2242 3778 quid
2275 3711 2556 3781 loquamur
2583 3713 2723 3783 quod
2755 3713 3014 3780 dissonet,
3042 3725 3096 3769 et
3122 3729 3190 3770 ne
3215 3714 3341 3785 quid
3367 3717 3510 3786 quod
3537 3719 3708 3774 modo

2116 3821 2221 3859 non
2247 3807 2569 3862 conveniat:
2591 3821 2693 3860 non
2718 3815 2800 3861 est
2823 3807 2965 3861 enim
2986 3807 3160 3861 solum
3182 3807 3346 3876 judex
3375 3822 3575 3873 rerum,
3600 3811 3706 3864 sed

2117 3899 2276 3951 etiam
2306 3897 2611 3952 verborum.
2641 3896 2828 3951 Totam
2862 3907 3074 3952 noctem
3109 3899 3492 3968 pervigilemus
3515 3941 3529 3962 ,
3559 3915 3591 3952 ο
3615 3900 3710 3953 di-

2117 3989 2239 4044 lecti
2265 4005 2281 4045 :
2301 3988 2559 4043 habemus
2581 4003 2681 4042 nos
2701 4004 2913 4058 quoque
2937 3990 3190 4052 fautores,
3220 3990 3264 4044 si
3290 3991 3550 4046 velimus:
3576 3990 3707 4044 uni-

2118 4083 2309 4150 cuique
2333 4091 2572 4135 nostrum
2593 4081 2793 4136 assidet
2816 4083 3037 4152 angelus
3057 4101 3070 4137 :
3087 4098 3184 4138 nos
3204 4093 3383 4138 autem
3409 4093 3517 4138 tota
3542 4093 3710 4140 nocte

2117 4173 2406 4226 stertimus.
2439 4172 2506 4226 Et
2530 4173 2728 4226 utinam
2752 4173 2854 4228 hoc
2877 4181 3077 4228 tantum
3107 4192 3120 4227 :
3152 4173 3301 4228 multi
3327 4183 3510 4229 autem
3535 4174 3704 4230 etiam

2115 4265 2282 4320 multa
2311 4264 2512 4320 faciunt
2536 4264 2797 4334 ﬂagitiosa
2823 4307 2838 4330 ,
2869 4265 2957 4319 alii
3001 4265 3215 4336 quidem
3257 4276 3447 4322 euntes
3481 4266 3548 4322 ad
3575 4267 3694 4338 ipsa

2115 4355 2428 4426 prostibula,
2455 4355 2544 4408 alii
2573 4364 2748 4410 autem
2776 4371 2898 4411 suas
2925 4356 3069 4412 mdes
3097 4357 3392 4426 prostibula
3421 4358 3703 4424 facientes,

2120 4440 2266 4510 quod
2295 4442 2423 4496 illuc
2448 4441 2650 4496 ducant
2686 4443 3022 4504 meretrices,
3050 4445 3276 4499 Multum
3307 4458 3440 4500 sane
3472 4445 3699 4503 solliciti

2119 4541 2250 4588 sunt
2281 4532 2538 4606 (annon?)
2586 4543 2646 4588 ιιι
2694 4543 2842 4591 recte
2884 4543 3111 4591 certent.
3153 4535 3262 4590 Alii
3310 4544 3439 4593 sunt
3473 4537 3612 4591 ebrii
3642 4545 3701 4592 et

2123 4640 2404 4696 perperam
2436 4624 2758 4695 loquuntur,
2796 4627 2886 4681 alii
2927 4629 3350 4693 tumultuantur,
3396 4627 3488 4681 alii
3526 4634 3697 4682 totam

2122 4726 2337 4773 noctem
2389 4719 2529 4772 male
2575 4719 2922 4789 pervigilant,
2969 4721 3036 4775 iis
3074 4721 3234 4774 etiam
3281 4720 3375 4792 qui
3414 4719 3700 4778 dormiunt

2119 4811 2276 4881 pejus
2322 4811 2479 4866 dolos
2519 4821 2830 4880 nectentes;
2873 4812 2964 4868 alii
3003 4822 3292 4868 numerant
3334 4827 3563 4878 usuras,
3603 4813 3699 4867 alii

2121 4905 2272 4959 curis
2303 4905 2641 4967 cruciantur,
2667 4914 2722 4960 et
2750 4906 3133 4977 omniaomagis
3157 4903 3362 4963 faciunt
3385 4919 3548 4975 quam
3575 4919 3701 4974 quas

2122 4996 2458 5051 conveniunt
2507 4995 2812 5052 certamini.
2856 4994 3219 5061 Quamobrem
3263 5009 3395 5065 rogo
3427 5003 3484 5049 ut
3511 4994 3700 5049 missis

2122 5088 2376 5143 omnibus
2409 5103 2576 5142 unum
2621 5087 2796 5144 solum
2829 5096 3161 5158 spectemus,
3187 5095 3246 5141 ut
3288 5085 3571 5158 prmmiunt
3601 5099 3698 5138 ac-

2121 5183 2411 5252 cipiamus,
2456 5197 2659 5238 corona
2699 5183 2874 5238 simus
2922 5181 3188 5248 redimiti;
3236 5181 3418 5236 omnia
3470 5191 3701 5249 agamus

2124 5291 2222 5347 per
2251 5292 2372 5348 quae
2395 5276 2533 5332 bona
2557 5277 2827 5347 promissa
2856 5276 3130 5347 possimus
3161 5273 3378 5343 assequi
3409 5287 3424 5325 :
3449 5285 3571 5340 quae
3601 5283 3703 5324 no,

2125 5369 2210 5428 bis
2237 5369 2492 5427 omnibus
2519 5369 2678 5426 detur
2707 5367 2969 5442 consequi
2993 5367 3166 5439 gratia
3196 5377 3250 5424 et
3269 5363 3626 5435 benignitate.

1920 5608 2168 5622 *ἡ
