3980 6142
283 429 380 499 οὐχ
399 427 475 491 ὡς
503 429 744 501 πονηρὸν
769 429 948 484 τοίνυν
977 431 1211 486 ἐνταῦθά
1238 449 1426 503 φησιν,
1468 430 1585 485 ἀλλ’
1619 431 1692 493 ὼς
1723 430 1844 499 ἔχον

282 512 335 567 τὸ
356 511 585 580 αίτίαμα
618 513 714 565 καὶ
739 512 1026 583 ἐλάττωμα
1058 526 1104 566 ⁸.

342 594 381 648 δ⁴
396 635 409 649 .
437 593 598 647 Οὕτω
618 594 685 665 δή
714 596 808 649 καὶ
837 598 999 665 ἡμεῖς
1032 596 1205 649 καινοί
1224 597 1415 663 ἐσμεν,
1437 597 1636 666 μᾶλλον
1653 597 1708 650 δὲ
1729 614 1847 649 και-

284 679 352 732 νοὶ
401 678 703 747 ἐγενόμεθα
742 694 757 709 ⁸
808 679 902 731 νῦν
941 680 999 734 δὲ
1041 682 1476 751 πεπαλαιώμεθα
1506 697 1520 712 ο
1564 680 1652 734 διὰ
1693 680 1849 734 τοῦτο

284 760 435 827 ἐγγύς
481 763 655 831 ἐσμεν
710 763 1025 833 ἀφανισμοῦ
1086 766 1181 817 καὶ
1233 765 1530 829 ἀπωλείας.
1589 764 1750 827 Ἀλλ’,
1783 764 1850 818 ἂν

286 842 566 911 ἐθέλωμεν,
610 843 760 897 ἔστιν
788 845 1060 909 ἀποξῦσαι
1091 846 1252 902 τοῦτο
1286 847 1347 901 τὸ
1376 848 1576 918 γῆρας.
1624 846 1852 919 Λουτρῷ

289 925 375 994 μὲν
403 924 555 998 [146]
589 922 682 980 οὖν
733 932 920 983 οὐκέτι
949 931 1200 997 δυνατὸν,
1246 932 1508 1004 μετανοίᾳ
1535 932 1592 986 δὲ
1618 931 1852 985 ἐνταῦθα

280 1007 511 1062 δυνατόν.
565 1010 631 1062 EI’
662 1027 714 1064 τι
749 1013 980 1067 παλαιὸν
1037 1016 1096 1068 ἐν
1138 1017 1295 1086 ἡμῖν,
1342 1015 1589 1086 ῥίψωμεν
1623 1032 1636 1045 ·
1678 1016 1731 1068 εῐ
1769 1031 1855 1075 τις

291 1092 448 1160 ῥυτὶς,
479 1094 643 1157 εἴτις
670 1096 852 1166 κηλὶς,
887 1096 942 1149 εί
959 1116 1042 1161 τις
1072 1099 1282 1165 σπῖλος,
1314 1097 1730 1168 ἀπονιψώμεθα,
1759 1097 1855 1152 κα)⁵

287 1172 432 1225 καλοὶ
462 1177 771 1247 γενώμεθα,
804 1178 890 1232 ῖνα
915 1181 1231 1254 ἐπιθυμήσῃ
1259 1185 1287 1236 6
1322 1181 1576 1251 βασιλεὺς
1604 1178 1700 1233 τοῦ
1732 1181 1857 1235 κάλ-

288 1255 404 1319 λους
452 1258 632 1327 ήμῶν.
673 1261 889 1327 Ἔξεστι
948 1265 1212 1336 καὶπρὸς
1261 1266 1502 1335 ἐσχάτην
1554 1263 1857 1319 δυσείδειαν

289 1344 693 1421 καταπεσόντας
718 1346 1134 1419 ἀνακτήσασθαι
1166 1350 1227 1404 τὸ
1267 1349 1462 1414 κάλλος
1491 1349 1691 1416 ἐκεῖνο,
1731 1350 1859 1421 περὶ

288 1417 343 1478 οὗ
370 1442 538 1496 φησιν
566 1429 597 1480 ό
615 1430 781 1484 Δαυῖδ
801 1449 816 1463 ·
848 1417 1166 1499 Ἄκουσον,
1188 1434 1460 1504 θύγατερ,
1488 1436 1586 1489 καί
1622 1435 1733 1500 ἴδε,
1760 1417 1860 1491 καί

290 1507 493 1561 κλῖνον
523 1508 594 1563 τὸ
627 1507 734 1578 οὖς
765 1530 903 1579 σου,
938 1516 1034 1569 καί
1065 1517 1360 1571 ἐπιλάθου
1390 1516 1497 1571 τοῦ
1526 1517 1680 1573 λαοῦ
1719 1534 1858 1582 σου,

292 1595 379 1645 καί
410 1593 519 1647 τοῦ
556 1594 729 1651 οἷκον
778 1597 887 1652 τοῦ
931 1602 1157 1668 πατρός
1191 1615 1329 1665 σου,
1366 1602 1466 1655 καί
1499 1602 1862 1671 ἐπιθυμήσει

293 1674 645 1743 όβασιλεὺς
701 1680 809 1734 τοῦ
852 1680 1122 1748 κάλλους
1156 1700 1292 1737 σου.
1346 1686 1456 1738 Καὶ
1496 1686 1605 1756 μὴν
1637 1689 1670 1756 ἡ
1720 1686 1861 1757 λήθη

294 1757 484 1822 κάλλος
510 1761 570 1812 οὐ
594 1764 760 1829 ποιεῖ,
788 1762 983 1828 κάλλος
1013 1765 1076 1817 τὸ
1108 1764 1359 1836 ψυχικόν.
1396 1767 1553 1838 Λήθη
1582 1769 1748 1833 ποίας
1796 1770 1862 1823 Ἦ

293 1839 391 1892 τῶν
430 1843 738 1914 ἁμαρτιῶν.
794 1846 939 1917 Πρὸς
984 1848 1095 1918 γάρ
1141 1849 1240 1919 τὴν
1302 1850 1633 1921 Ἐκκλησίαν
1668 1854 1768 1922 τὴν
1803 1852 1864 1919 ἐξ

294 1923 452 1979 ἐθνῶν
481 1926 816 1996 διαλέγεται.
850 1930 1130 2000 παραινῶν
1162 1931 1300 2004 αὐτῇ
1331 1934 1441 1987 τῶν
1479 1935 1752 2007 πατρῴων
1787 1937 1862 2006 μὴ

293 2008 619 2078 μνησθῆναι,
675 2013 945 2078 τουτέστι,
991 2013 1102 2067 τῶν
1147 2014 1390 2080 εἰδώλοις
1429 2017 1667 2073 θυόντων
1694 2036 1710 2052 ο
1754 2019 1864 2073 ἀπὸ

291 2092 394 2162 γάρ
443 2093 555 2145 τῶν
610 2094 872 2150 τοιούτων
930 2097 1215 2168 συνῆκται.
1282 2101 1393 2153 Kal
1444 2102 1546 2156 οὐκ
1592 2097 1738 2166 εἶπε,
1771 2101 1863 2173 Μὴ

295 2174 552 2246 μετέλθῃς
587 2178 729 2233 αὐτά
757 2197 772 2210 ·
804 2180 941 2246 ἀλλ’,
978 2180 1007 2235 δ
1052 2181 1216 2236 πλέον
1245 2183 1383 2248 ἐστὶ,
1416 2185 1570 2255 Μηδέ
1618 2187 1698 2250 είς
1738 2186 1864 2240 νοῦν

286 2257 453 2330 λάόῃς
484 2276 498 2288 ·
537 2259 566 2312 ὅ
598 2262 688 2315 καὶ
718 2262 948 2334 ἀλλαχοῦ
984 2282 1149 2336 φησιν
1174 2279 1191 2297 ⁶
1216 2267 1300 2320 Οὐ
1341 2268 1429 2337 μὴ
1463 2270 1716 2338 μνησθῶ
1747 2269 1866 2324 τῶν

286 2343 595 2412 ὀνομάτων
631 2347 831 2401 αὐτῶν
861 2347 960 2402 διὰ
995 2349 1247 2419 χειλέων
1289 2369 1410 2420 μου
1443 2368 1458 2384 ο
1517 2354 1611 2406 καὶ
1660 2353 1822 2408 πάλιν
1846 2371 1858 2385 ο

291 2424 477 2490 Ὅπως
497 2426 575 2481 ἂν
594 2428 681 2497 μὴ
701 2431 950 2502 ,λαλήσῃ
981 2432 1048 2486 τὸ
1072 2434 1269 2502 στόμα
1311 2452 1433 2504 μου
1469 2436 1542 2490 τὰ
1569 2437 1712 2505 ἔργα
1747 2436 1864 2491 τῶν

286 2507 631 2576 ἀνθρώπων.
675 2513 847 2568 υῦπω
874 2516 1037 2570 τοῦτο
1072 2517 1286 2590 μεγάλη
1315 2519 1483 2591 ἀρετή
1516 2536 1528 2549 °
1576 2521 1775 2591 μᾶλλον
1807 2523 1865 2576 δὲ

292 2591 498 2676 μεγάλη
536 2594 656 2665 μὲν,
694 2597 810 2651 ἀλλ’
842 2599 903 2652 οὐ
954 2602 1205 2673 τοιαύτη.
1256 2604 1406 2660 Ἐκεῖ
1432 2604 1542 2675 γὰρ
1576 2603 1628 2659 τε
1662 2622 1864 2676 φησιν;

282 2674 399 2758 ρύκ
428 2670 606 2741 εἶπεν,
655 2680 731 2734 Οὐ
777 2680 853 2752 μὴ
882 2683 1120 2756 λαλήσῃς
1152 2670 1221 2739 τὰ
1254 2686 1361 2740 τῶν
1399 2670 1686 2758 πατέρων,⁷
1708 2670 1864 2754 άλλά,

287 2755 436 2843 Μηδὲ
463 2761 821 2835 ἀναμνησθῇς
845 2766 1043 2831 αὐτῶν,
1067 2755 1202 2839 μηδέ
1227 2771 1307 2834 είς
1329 2770 1454 2824 νοῦν
1482 2755 1672 2843 nam.
1704 2771 1867 2843 Ὁρᾷς

290 2841 453 2925 πόσον
486 2844 636 2914 ἡμᾶς
660 2845 943 2919 διάστημα
966 2851 1068 2921 τῆς
1101 2852 1302 2916 κακίας
1328 2853 1557 2924 ἀπέχειν
1581 2841 1864 2925 βούλεταιά

387 2924 493 2995 γάρ
525 2926 601 2999 μὴ
635 2933 1009 3002 μεμνημένος,
1046 2935 1106 2988 οὐ
1135 2935 1399 3004 λογιεῖται
1429 2921 1506 2990 ’Πό
1537 2921 1594 2990 δέ
1620 2937 1695 3009 μή
1724 2938 1871 3008 λογι⁸

292 3004 534 3077 ξάμενος,
590 3013 713 3066 οὐδὲ
772 3015 1110 3086 φθέγγεταιο
1168 3021 1196 3073 6
1245 3019 1301 3073 δὲ
1357 3020 1432 3090 μή
1473 3004 1870 3091 φθεγγόμενος,

286 3091 410 3176 οθδὲ
451 3093 671 3164 πράξει.
714 3097 879 3169 Ὁρᾷς
922 3102 1028 3170 πρὸ
1081 3101 1264 3156 πόσων
1315 3103 1662 3175 ἀπετείχισεν
1724 3106 1875 3176 ἡμᾶς

284 3172 587 3260 ωῶνηπρδ
607 3179 789 3236 πόσων
834 3182 1222 3255 διαστημάτων
1251 3172 1614 3260 ἀπεμάκρυνε
1659 3172 1779 3241 καῖ⁷
1809 3190 1874 3243 ἐκ

286 3255 697 3343 τοῦῄπλείονοςς
746 3265 1098 3339 Ἀκούσωμεν
1143 3269 1325 3323 τοίνυν
1369 3255 1498 3325 καί
1527 3272 1728 3343 ἡμεῖς,
1778 3273 1876 3325 καὶ⁹

290 3338 682 3426 ἐπιλαθώμεθα
715 3346 827 3402 τῶν
876 3338 1165 3421 ἡμετέρων
1218 3353 1426 3420 κακῶν,
1458 3354 1521 3407 οὺ
1548 3338 1661 3408 τῶν
1694 3357 1877 3426 ἡμαρ-

293 3424 542 3505 τημένῑυν
558 3430 713 3497 ἡμῖν.
741 3429 888 3500 λέγω
914 3449 930 3463 ⁸
962 3434 1249 3506 Μνήσθητι
1276 3436 1387 3507 γὰρ
1416 3437 1505 3502 σὺ,
1532 3440 1688 3510 φησὶ,
1717 3424 1877 3511 ὶπρῶ-

292 3522 402 3571 τος,
436 3512 535 3565 καὶ
562 3514 626 3566 οὐ
665 3514 740 3585 μή
772 3516 997 3586 μνησθῶ
1025 3517 1155 3587 ἐγώ.
1202 3513 1327 3573 Οἵόν
1357 3537 1409 3573 τι
1443 3519 1590 3588 λέγω
1618 3537 1632 3551 ·
1662 3522 1875 3589 Μηκέτι

297 3597 732 3667 μνημονεύωμεν
769 3599 796 3638 δ
837 3600 1121 3672 ἁρπαγῆς,
1171 3600 1309 3657 ἀλλὰ
1362 3604 1458 3657 καὶ
1510 3604 1578 3657 τὰ
1636 3606 1877 3676 πρότερα

293 3677 611 3748 ἀποδῶμεν.
663 3680 836 3736 Τοῦτό
892 3687 1043 3739 ἐστιν
1096 3684 1452 3741 ἐπιλαθέσθαι
1511 3687 1732 3751 κακίας,
1784 3689 1881 3742 καὶ

294 3758 550 3816 ἐκϐαλεῖν
568 3765 662 3817 τὸν
686 3765 944 3837 λογισμὸν
964 3768 1058 3821 τὸν
1091 3769 1453 3840 ἁρπακτικὸν,
1489 3774 1584 3823 καὶ
1607 3772 1878 3841 μηδέποτε

292 3844 459 3897 αὐτὸν
492 3846 572 3899 ἔτι
600 3847 879 3912 δέξασθαι,
912 3849 1049 3904 ἀλλὰ
1095 3851 1191 3904 καὶ
1228 3852 1297 3906 τά
1336 3852 1439 3922 ’ήδη
1472 3852 1877 3925 πεπλημμελη-

296 3927 438 3997 μένα
467 3930 815 4001 ἀπαλείφειν.
869 3933 1041 3987 Πόθεν
1073 3934 1131 3988 δὲ
1180 3935 1246 3989 ἂν
1290 3936 1503 4003 γένοιτο
1555 3938 1690 4007 ἡμῖν
1740 3937 1880 4009 λήθη

294 4012 604 4083 πονηρίαςς
650 4016 784 4069 Ἀπὸ
812 4016 911 4086 τῆς
940 4019 1160 4089 μνήμης
1190 4017 1299 4072 τῶν
1328 4018 1552 4088 ἀγαθῶν
1582 4018 1675 4072 τοῦ
1705 4018 1840 4073 Θεοῦ
1863 4038 1877 4052 ·

295 4095 395 4147 ἐὰν
427 4097 525 4149 τοῦ
576 4098 716 4150 Θεοῦ
771 4099 1063 4166 διαπαντὸς
1120 4103 1574 4173 μνημονεύωμεν,
1608 4104 1669 4156 οὐ
1715 4103 1880 4159 δυνά·

293 4177 443 4248 μεθα
497 4182 773 4236 κάκείνων
823 4183 1153 4256 μεμνῆσθαι.
1201 4187 1266 4239 El
1297 4185 1715 4256 ἐμνημόνευον
1771 4189 1880 4261 γὰρ

292 4276 439 4327 σου,
501 4266 692 4335 φησὶν,
740 4267 837 4319 ἐπὶ
885 4265 996 4334 τῆς
1052 4268 1373 4338 στρωμνῆς
1419 4288 1568 4339 μου,
1630 4272 1700 4326 ἐν
1756 4273 1883 4338 τοῖς

293 4343 537 4414 ὄρθροις
566 4349 867 4419 ἐμελέτων
898 4352 987 4417 είς
1012 4352 1105 4407 σέ.
1125 4352 1240 4405 ’Δεῖ
1270 4355 1369 4423 μὲν
1396 4350 1513 4420 οὖν,
1552 4355 1790 4425 μάλιστα
1826 4356 1884 4410 δὲ

291 4429 421 4483 τότε
444 4432 557 4503 χρὴ
591 4433 907 4505 μεμνῆσθαι
948 4435 1042 4489 τοῦ
1069 4435 1230 4500 Θεοῦ,
1261 4436 1389 4490 ὅταν
1422 4438 1480 4490 ἐν
1517 4438 1721 4509 ἡσυχίᾳ.
1747 4441 1775 4492 6
1798 4438 1885 4492 λο-

293 4515 501 4583 γισμὸς
528 4509 584 4588 ᾖ,
617 4516 747 4569 ὅταν
774 4516 865 4571 διὰ
895 4516 996 4586 τῆς
1044 4519 1264 4590 μνήμης
1308 4519 1525 4590 ἐκείνης
1550 4521 1744 4575 ἐαυτοῦ
1788 4539 1886 4577 κα-

292 4595 613 4677 ταδικάζειν
647 4598 896 4670 δύνηται,
927 4601 1054 4654 ὅταν
1086 4602 1413 4677 κατέχεσθαι
1457 4605 1515 4656 ἐν
1560 4606 1626 4675 τῇ
1669 4606 1884 4677 μνήμῃ.

296 4676 452 4753 1147]
488 4682 576 4735 Ἐν
610 4683 800 4754 ἡμέρᾳ
838 4685 938 4754 μὲν
960 4685 1071 4753 γάρ
1096 4686 1163 4739 ἂν
1189 4676 1676 4756 μνημονεύσωμεν,
1702 4676 1887 4741 ἐπεισ-

296 4762 556 4821 ελθοῦσαι
588 4768 878 4840 φροντίδες
921 4768 1107 4840 ἕτεραι
1148 4769 1243 4822 καὶ
1272 4769 1491 4841 θόρυόοι
1518 4771 1680 4824 πάλιν
1717 4773 1888 4842 αὐτὴν

296 4853 697 4915 ἐκϐάλλουσιν
734 4859 793 4911 ἐν
823 4857 982 4910 νυκτὶ
1019 4857 1075 4910 δὲ
1112 4857 1407 4921 διαπαντὸς
1447 4858 1763 4929 μεμνῆσθαι
1796 4860 1888 4913 δυ-

361 5019 389 5048 ο
423 5005 654 5070 Reliqua,
686 5018 856 5069 usque
891 5007 952 5055 ad
976 5008 1121 5055 ﬁnem
1166 5008 1399 5068 nomine,
1426 5008 1609 5070 desunt
1634 5006 1680 5055 in
1701 5006 1881 5070 Δ(ἶοῐιη

302 5064 462 5131 De“.
486 5064 835 5129 attumne—1.,
861 5070 967 5116 ἀλλ’
989 5072 1052 5124 ὼς
1078 5071 1248 5131 ἔχοντα
1294 5064 1521 5129 αἰτίωμα,
1548 5066 1779 5131 ἱιηριιίευ
1803 5064 1885 5117 τὸν

301 5130 458 5193 νόμον.
486 5132 712 5193 Αίτίωμα
746 5144 864 5180 cum
888 5131 1084 5191 αἰτίαμα
1104 5130 1371 5179 ευυίυευῐη
1407 5134 1456 5178 in
1480 5132 1585 5179 Act.
1614 5130 1735 5189 xxv;
1759 5131 1806 5180 7.

363 5190 390 5230 δ
406 5193 582 5259 Reg,
620 5190 943 5259 μιμώμεθα,
966 5193 1098 5256 quod
1130 5196 1285 5258 magis
1308 5193 1472 5257 placet
1498 5193 1703 5244 Dunwo.

1126 317 1192 373 IN
1231 316 1447 375 EPIST.
1491 317 1582 372 Αυ
1620 308 1982 369 ΙΙΕΒΙΗΕΟΞ.
2020 308 2169 369 CAP.
2214 313 2344 369 VIII.
2381 314 2609 371 IIOSIIL.
2642 310 2781 371 XIV.

3425 320 3524 374 116

1946 427 2128 491 νατδν,
2180 430 2312 481 ὅταν
2366 433 2421 480 ὲν
2477 428 2760 505 γαλήνῃῇ
2812 432 2908 484 καὶ
2966 430 3522 501 ἀναπαύσειὴψυχη,

1946 510 2075 563 ὃταν
2124 514 2180 563 ὲν
2225 513 2424 581 λιμένι,
2477 514 2606 567 ὅταν
2640 516 2696 568 ὲν
2726 514 2898 586 εὐδίᾳ.
2952 515 3011 567 Ἃ
3035 514 3239 583 λέγετε
3294 515 3364 567 ἐν
3397 513 3528 579 ταῖς

1948 593 2219 661 καρδίαις
2265 595 2469 662 ὑμῶν,
2519 597 2616 650 ἐπί
2670 597 2799 664 ταῖς
2840 599 3071 663 κοίταις
3123 597 3290 667 ὑμῶν
3347 614 3526 651 κατα-

1948 678 2187 743 νύγητε,
2221 680 2404 748 φησίν.
2435 679 2584 733 Ἔδει
2604 679 2706 749 μὲν
2736 681 2845 751 γὰρ
2872 681 2967 734 καὶ
2992 681 3060 734 δι’
3092 680 3304 751 ἡμέρας
3325 680 3528 748 ταύτην

1950 758 2095 828 ἔχειν
2134 759 2233 828 τὴν
2292 762 2516 831 μνήμην
2561 779 2575 795 ο
2615 763 2804 832 ἐπειδὴ
2846 763 2904 817 δὲ
2942 764 3256 835 φροντίζετε
3292 763 3400 825 ἀεὶ,
3436 764 3531 816 καὶ

1952 845 2298 913 περισπᾶσθε
2328 846 2386 898 ἐν
2410 847 2523 905 τοῖς
2548 844 2844 915 βιωτικοῖς,
2878 846 2981 901 κᾶν
3002 847 3122 900 τότε
3158 846 3528 917 μνημονεύετε

1952 925 2047 977 ἐπὶ
2078 926 2176 995 τῆς
2212 929 2399 997 κοίτης
2434 928 2530 981 τοῦ
2563 929 2698 982 Θεοῦ
2725 946 2740 960 ο
2771 931 2830 983 ἐν
2852 932 2968 992 τοῖς
3012 928 3232 1000 δρθροιε
3267 930 3529 998 μελετᾶτε

1954 1009 2012 1062 ἐν
2048 1009 2214 1079 αὐτῷ.
2248 1012 2344 1064 Ἂν
2395 1013 2455 1064 ἐν
2495 1015 2610 1076 τοῖς
2646 1013 2867 1085 δρθροις
2922 1013 3307 1083 μελετήσωμεν
3336 1013 3527 1076 ταῦτα,

1958 1091 2098 1161 μετά
2119 1093 2320 1162 πολλῆς
2339 1093 2640 1162 ἀσφαλείας
2658 1097 2983 1167 χωρήσομεν
3008 1098 3087 1160 είς
3118 1097 3184 1150 τά
3209 1097 3532 1167 πράγματα’

1957 1173 2024 1228 ἂν
2053 1175 2212 1227 ἵλεων
2254 1176 2471 1246 πρῶτον
2508 1178 2601 1232 τδν
2646 1178 2779 1233 Θεὸν
2824 1181 3142 1249 ποιήσωμεν
3183 1181 3246 1248 τῇ
3297 1179 3535 1242 ἐντεύξει

1957 1255 2053 1310 καὶ
2075 1260 2145 1329 τῇ
2195 1239 2467 1331 ἱκετηρία,
2499 1261 2642 1316 οὕτω
2682 1239 3070 1332 προόαίνοέτες
3119 1239 3312 1315 οὐδέ-να
3340 1239 3538 1331 ἕξομεν

1959 1340 2153 1413 ἐχθρόν
2183 1359 2197 1374 ·
2226 1343 2330 1396 κᾶν
2366 1345 2497 1416 ἐχης
2542 1346 2624 1411 δὲ,
2662 1345 3042 1417 καταγελάσῃ.
3080 1345 3237 1397 ῖλεων
3273 1344 3414 1413 ἔχων
3447 1346 3538 1399 τὸν

1958 1423 2112 1480 Θεόν.
2169 1426 2413 1496 Πόλεμός
2452 1430 2602 1482 ἐστιν
2645 1431 2703 1482 ὲν
2758 1432 2824 1500 τῇ
2858 1430 3057 1498 ἀγορᾷ,
3120 1428 3268 1497 μάχη
3312 1429 3428 1481 ἐστὶ
3471 1429 3541 1483 τὰ

1962 1507 2267 1578 πράγματα
2303 1511 2373 1565 τὰ
2403 1511 2779 1583 καθημερινὰ,
2831 1511 3124 1566 κλυδώνιόν
3158 1514 3276 1565 ὲστι
3307 1514 3402 1565 καὶ
3429 1530 3542 1581 χει-

1966 1591 2102 1662 μών.
2139 1596 2231 1646 Δεῖ
2257 1596 2436 1650 τοίνυν
2464 1598 2646 1651 ὃπλων
2679 1600 2812 1667 ἡμῖν
2845 1614 2858 1629 ·
2895 1597 3040 1666 μέγα
3073 1596 3130 1650 δὲ
3160 1596 3324 1649 ὅπλον
3362 1597 3530 1667 εὐχή·

1963 1674 2042 1728 δεῖ
2062 1676 2263 1745 οὑρίων
2289 1678 2506 1750 ἀνέμων
2555 1680 2635 1732 δεῖ
2656 1680 2850 1749 μαθεῖν
2871 1681 3108 1743 ᾶπαντα,
3133 1680 3273 1733 ὥστε
3291 1679 3353 1733 τὸ
3368 1680 3542 1751 μῆκος

1962 1759 2062 1829 τῆς
2092 1760 2304 1829 ἡμέρας
2361 1762 2532 1832 χωρὶς
2581 1764 2860 1831 ναυαγίων
2896 1762 3146 1815 διανύσαι
3178 1764 3270 1817 καὶ
3294 1764 3541 1833 τραυμάο

1954 1859 2073 1896 των
2101 1860 2114 1871 ·
2152 1843 2339 1897 πολλοὶ
2374 1845 2483 1916 γὰρ
2513 1847 2636 1898 καθ’
2667 1848 2907 1917 ἑκάστην
2938 1846 3152 1916 ἡμέραν
3181 1847 3231 1899 οί
3265 1846 3540 1910 σκόπελοι,

1966 1926 2062 1979 καὶ
2096 1925 2358 1993 πολλάκις
2397 1929 2741 2001 προσέρραξε
2783 1929 2843 1982 τὸ
2882 1929 3092 1998 σκάφος
3142 1931 3237 1983 καὶ
3277 1943 3545 1983 κατεπον-

1966 2009 2144 2063 τίσθη.

1963 2010 2144 2081 τίσθη.

2035 2181 2137 2235 Διά
2178 2182 2338 2236 τοῦτο
2380 2183 2546 2253 εὐχῆς
2576 2185 2708 2254 ἡμῖν
2776 2182 2859 2236 δεῖ
2907 2184 3141 2254 μάλιστα
3186 2182 3414 2253 ἑωθινῆς
3452 2181 3549 2237 καὶ

1965 2265 2308 2335 νυκτερινῆς.
2350 2266 2622 2335 Ὀλύμπια
2654 2266 2844 2320 πολλοὶ⁸
2890 2266 3153 2329 πολλάκις
3188 2267 3342 2336 ὑμῶν
3388 2266 3548 2319 ἐθεά-

1968 2365 2131 2403 σαντο
2154 2365 2170 2381 ⁶
2218 2350 2313 2402 καὶ
2339 2350 2439 2403 οὐκ
2464 2350 2763 2404 ἐθεάσαντο
2788 2350 2969 2421 μόνον,
3006 2350 3143 2405 ἀλλὰ
3181 2351 3276 2403 καὶ
3316 2350 3550 2403 σπουδα-

1969 2432 2094 2485 σταὶ
2123 2433 2215 2485 καὶ
2243 2433 2558 2501 θαυμασταὶ
2586 2433 2695 2485 τῶν
2744 2433 3167 2504 ἀγωνιζομένων
3216 2432 3487 2501 ἐγένοντο,
3519 2434 3549 2485 6

1944 2515 2072 2595 ⁴μὲν
2098 2516 2314 2579 τούτου,
2335 2519 2363 2569 6
2393 2516 2448 2569 δὲ
2472 2515 2705 2572 ἐκείνου.
2742 2519 2888 2570 Ἷστε
2917 2513 3011 2570 οὖν
3051 2518 3134 2571 ὅτι
3166 2519 3260 2571 καὶ
3279 2517 3379 2579 τὰς
3406 2516 3548 2585 ἡμέ-

1973 2618 2069 2672 ρας
2104 2601 2211 2655 τῶν
2244 2602 2492 2669 ἀγώνων.
2525 2603 2620 2656 κα)⁸
2664 2602 2762 2666 τὰς
2812 2603 3017 2665 νύκτας
3055 2604 3293 2664 ἐκείνας,
3322 2602 3392 2655 δι’
3422 2602 3552 2670 ὅλης

1970 2684 2164 2749 νυκτὸς
2186 2688 2213 2739 6
2245 2685 2423 2756 κήρυξ
2446 2686 2600 2740 οὐδὲν
2641 2686 2770 2739 ἀλλο
2794 2686 3094 2755 φροντίζει,
3126 2688 3280 2740 οὐδὲν
3303 2686 3434 2741 ἄλλο
3458 2702 3552 2755 με·

1974 2770 2159 2840 ριμνᾷ,
2190 2768 2222 2838 ἡ
2254 2770 2401 2829 ὅπως
2432 2768 2667 2833 ἐξελθὼν
2696 2769 2772 2840 μή
2802 2770 3182 2841 ἀσχημονήσῃ,
3217 2771 3245 2822 6
3284 2766 3554 2836 ἀγωνιζό-

1974 2869 2154 2921 μενος.
2195 2853 2425 2906 Ἐκεῖνοι
2455 2853 2565 2923 γὰρ
2585 2853 2635 2905 οί
2660 2852 3118 2923 παρακαθήμενοι
3140 2850 3215 2921 τῷ
3240 2852 3552 2923 σαλπιγκτῇ

1976 2935 2334 3006 παρεγγυῶσι
2392 2935 2527 3005 μηδὲ
2583 2936 2919 3006 φθέγγεσθαί
2970 2954 3116 2999 τινι,
3164 2935 3306 2989 ὥστε
3364 2934 3438 3005 μὴ
3492 2936 3555 2987 τὸ

1975 3017 2190 3088 πνεῦμα
2215 3018 2601 3088 δαπανώμενον
2624 3019 2838 3087 γέλωτα
2868 3018 3071 3087 ὅφλειν.
3104 3020 3167 3072 El
3191 3020 3370 3072 τοίνυν
3405 3020 3433 3071 6
3465 3017 3589 3070 ἐπ”

1974 3100 2276 3172 ἀνθρώπων
2313 3100 2676 3169 ἀγωνίζεσθαι
2722 3102 2956 3171 μέλλων,
2989 3102 3230 3175 τοσαύτῃ
3281 3101 3553 3172 κέχρηται

1975 3185 2201 3255 προνοίᾳ
2228 3225 2242 3249 ,
2299 3183 2480 3255 πολλῷ
2541 3185 2745 3255 μᾶλλον
2812 3186 2944 3255 ἡμῖν
3010 3186 3243 3256 ἁρμόσει
3288 3184 3557 3255 διηνεκῶς

1975 3267 2282 3338 φροντίζειν
2308 3269 2402 3322 καὶ
2444 3271 2738 3341 μεριμνᾷν,
2779 3267 2907 3332 οίςό
2939 3272 3047 3333 πᾶς
3083 3270 3195 3339 βίος
3228 3270 3378 3336 ἀγών
3414 3269 3555 3323 ἐστι.

1975 3352 2133 3405 Πᾶσα
2169 3352 2346 3405 τοίνυν
2387 3353 2528 3406 ἔστω
2574 3352 2671 3418 νὺξ
2720 3354 3004 3423 παννυχὶς,
3049 3354 3141 3407 καὶ
3199 3352 3556 3421 μεριμνῶμεν

1975 3436 2094 3501 πῶς
2120 3436 2430 3501 ἐξελθόντες
2468 3436 2567 3507 τὴν
2598 3439 2835 3509 ἡμέραν,
2893 3439 2968 3509 μὴ
3018 3438 3230 3505 γέλωτα
3280 3436 3555 3504 ὄφλωμεν.

1976 3520 2087 3573 Kal
2114 3520 2227 3573 εἴθε
2260 3519 2471 3587 γέλωτα
2511 3521 2670 3590 μόνον
2692 3538 2707 3552 °
2733 3522 2850 3574 νυνὶ
2877 3522 2932 3573 δὲ
2957 3520 3190 3588 κάθηται
3215 3520 3270 3571 ἐν
3290 3518 3440 3587 δεξιᾷ
3462 3515 3557 3570 τοῦ

1978 3603 2191 3673 Πατρός
2213 3603 2241 3654 ό
2263 3603 2632 3673 ἀγωνοθέτης,
2665 3604 2881 3657 ἀκούων
2911 3603 3155 3673 ἀκριϐῶς
3184 3605 3315 3671 μήτι
3343 3602 3559 3671 ἀπηχὲς

1978 3683 2368 3754 φθεγγώμεθα.
2406 3688 2538 3755 μήτι
2570 3688 2721 3757 παρὰ
2753 3686 2914 3756 μέλος
2940 3704 2953 3716 ·
2977 3686 3038 3737 οὐ
3067 3684 3176 3754 γὰρ
3212 3684 3557 3753 πραγμάτων

1981 3768 2161 3838 μόνον,
2192 3766 2329 3819 ἀλλά
2358 3767 2511 3840 [148]
2553 3770 2648 3822 καὶ
2688 3770 2950 3839 ῥημάτιον
3001 3768 3120 3820 ἐστὶ
3154 3767 3370 3837 κριτής.
3411 3768 3559 3819 Παν-

1980 3852 2313 3922 νυχίσωμεν,
2348 3852 2622 3921 ἀγαπητοί
2672 3868 2685 3882 ο
2741 3852 2940 3922 ἔχομεν
2969 3852 3064 3905 καὶ
3120 3852 3277 3921 ἡμεῖς
3328 3850 3561 3903 σπουδα-

1983 3936 2133 3999 στὰς,
2163 3932 2259 3987 ἐὰν
2290 3934 2532 4004 θέλωμεν
2568 3951 2580 3964 ·
2634 3934 2852 4004 ἑκάστῳ
2887 3935 3046 4006 ήμῶν
3095 3935 3328 4003 ἄγγελος
3383 3950 3562 4006 παρα-

1980 4016 2216 4086 κάθηται
2244 4032 2261 4049 ο
2310 4018 2475 4088 ἡμεῖς
2517 4015 2573 4069 δὲ
2630 4017 2899 4087 ῥέγχομεν
2931 4017 2997 4069 δι’
3032 4017 3161 4088 ὅλης
3208 4018 3400 4080 νυκτός
3425 4034 3438 4047 ·
3465 4017 3559 4071 καὶ

1980 4098 2094 4153 είθε
2123 4099 2282 4153 τοῦτο
2314 4101 2474 4171 μόνον
2507 4115 2521 4130 °
2560 4100 2748 4153 πολλοὶ
2783 4101 2839 4154 δὲ
2869 4104 2963 4157 καὶ
3008 4102 3212 4171 ἀσελγῆ
3260 4104 3562 4172 πράττουσι

1981 4182 2173 4249 πολλὰ,
2200 4185 2251 4236 οί
2288 4183 2388 4254 μὲν
2418 4182 2554 4254 πρὸς
2574 4184 2714 4237 αὐτὰ
2736 4184 2806 4240 τὰ
2830 4189 3205 4255 χαμαιτυπεῖα
3230 4184 3559 4255 βαδίζοντες,

1980 4269 2029 4320 οί
2061 4266 2118 4319 δὲ
2144 4266 2246 4327 τὰς
2281 4266 2459 4327 οίκίας
2491 4269 2715 4336 πορνεῖα
2744 4268 3028 4332 ποιοῦντες
3053 4268 3129 4339 τῷ
3165 4270 3388 4339 ἑταίρας
3408 4269 3565 4337 ἄγειν

1982 4350 2114 4404 ἐκεῖ.
2152 4349 2300 4402 Πάνυ
2344 4365 2409 4417 γε
2456 4349 2534 4417 (οὐ
2569 4348 2735 4421 γάρὶ)
2768 4351 2948 4415 καλῶς
2985 4353 3323 4422 μεριμνῶσιν
3362 4353 3563 4421 ἀγωνί-

1984 4431 2203 4486 σασθαι.
2233 4432 2449 4500 Ἕτερος.
2474 4431 2733 4500 μεθύουσι
2758 4434 2852 4487 καὶ
2881 4436 3382 4505 παραφθέγγονται,
3415 4435 3564 4489 ἄλλοι

1984 4516 2325 4586 θορυδοῦσιν,
2381 4516 2556 4586 ἕτεροι
2616 4518 3002 4588 παννυχίζουσι
3048 4520 3265 4582 κακῶς,
3312 4521 3407 4571 xal
3451 4520 3561 4571 τῶν

1986 4601 2356 4656 καθευδόντων
2376 4604 2558 4673 χεῖρον
2600 4601 2890 4666 πλέκοντες
2935 4603 3122 4665 δόλους
3155 4617 3168 4630 ’
3197 4602 3341 4656 ἄλλοι
3372 4601 3563 4662 τόκους

1985 4684 2364 4756 ἀριθμοῦντες,
2396 4684 2572 4755 ἕτεροι
2603 4686 2848 4754 φροντίσι
2872 4687 3219 4754 κοπτόμενοι,
3248 4687 3340 4737 καὶ
3384 4686 3563 4736 πάντα

1989 4770 2193 4840 μᾶλλον
2221 4768 2521 4831 ποιοῦντες,
2552 4768 2584 4838 ἢ
2619 4769 2688 4821 τὰ
2710 4769 2787 4839 τῷ
2822 4770 2991 4837 ἀγῶνι
3026 4771 3391 4839 προσήκοντα.
3436 4767 3526 4818 Διό
3547 4809 3560 4826 ,

1988 4850 2312 4921 παρακαλῶ,
2370 4853 2549 4903 πάντα
2600 4852 2849 4919 ἀφέντες,
2906 4854 2985 4911 είς
3038 4850 3339 4920 ἒνόρῶμεν
3382 4848 3561 4918 μόνον,

1988 4936 2134 4997 ὅπως
2163 4933 2223 4986 τὸ
2264 4932 2516 5003 βραϐεῖον
2564 4933 2837 5003 λάϐωμεν,
2875 4935 2969 4986 καὶ
3001 4934 3092 4986 τὸν
3136 4933 3403 4999 στέφανον
3433 4932 3563 4982 ἀνα·

1991 5015 2281 5087 δησιῦμεοα
2312 5028 2324 5042 ·
2363 5017 2538 5068 πάντα
2583 5019 2933 5086 πράττωμεν,
2974 5016 3043 5068 δι’
3098 5009 3175 5067 ὧν
3206 5012 3563 5082 δυνησῶμεθα

1986 5102 2167 5170 τυχεῖν
2195 5097 2304 5150 τῶν
2335 5099 2762 5170 ἐπηγγελμένων
2792 5098 3012 5165 ἀγαθῶν
3045 5115 3057 5128 ·
3088 5091 3162 5150 ὧν
3194 5099 3403 5165 γένοιτο
3434 5097 3568 5145 πάν-

1989 5198 2086 5246 τας
2128 5182 2277 5252 ἡμᾶς
2310 5182 2609 5252 ἐπιτυχεῖν,
2637 5184 2821 5254 χάριτι
2855 5181 2945 5233 καὶ
2985 5180 3389 5251 φιλανθρωπίᾳ.
