3980 6142
1083 301 1148 356 ιΝ
1186 297 1400 355 EPIST.
1444 297 1531 351 AD
1571 289 1931 350 IIEBREOS.
1972 292 2125 348 CAP.
2165 289 2258 344 1X.
2300 286 2527 344 llOMlL.
2570 283 2681 343 XV.

3401 281 3500 334 H8

2483 399 2870 413 ..φ-*αι’
2929 398 3070 409 ’,-

1624 473 1955 535 HOMILIA
2005 469 2145 530 XV.

278 631 399 685 Car.
439 631 495 686 9.
532 646 582 682 v.
617 631 670 684 1.
705 628 897 683 Habuit
933 627 1132 698 quidem
1176 635 1224 679 et
1266 624 1405 694 prius
1444 622 1838 694 justi/icationes

329 724 564 786 culturis,
587 731 632 775 et
656 729 889 774 sanctum
912 718 1175 773 sa'culare.
1203 715 1251 769 Ξ.
1279 714 1681 768 Tuber-naculum
1703 711 1838 765 enim

336 819 527 884 factum
543 821 616 866 est
637 814 879 882 primum,
897 812 950 864 in
970 826 1068 879 quo
1089 819 1229 862 erant
1250 805 1552 860 candelabra
1575 813 1620 859 et
1643 821 1837 870 mensa,

335 917 379 958 et
421 904 696 974 propositio
740 918 929 971 panum
953 941 969 966 ,
1011 915 1124 970 qua:
1163 899 1347 952 dicitur
1384 906 1577 952 sancta.
1620 897 1672 950 5.
1713 895 1840 949 Post

337 997 669 1050 uelamentum
707 1003 876 1046 autem
912 991 1186 1045 secundum
1210 1031 1224 1054 ,
1261 989 1637 1042 tabernaculum
1659 1028 1673 1052 ,
1703 987 1838 1056 quod

341 1090 523 1141 dicitur
547 1097 722 1141 sancta
747 1095 1054 1149 sanctorum,
1088 1086 1142 1138 4.
1167 1098 1377 1136 aureum
1401 1081 1586 1134 habens
1611 1081 1841 1134 thuribu-

341 1182 462 1243 lum,
487 1189 534 1231 et
559 1193 732 1230 arcam
753 1175 1036 1229 testamenti
1055 1175 1429 1227 circumtectam
1453 1173 1590 1225 omni
1615 1188 1678 1226 ea:
1697 1185 1842 1239 parte

353 1271 477 1322 duro
501 1269 594 1322 :in
627 1284 726 1336 qua
767 1284 896 1320 urna
925 1281 1078 1321 aurea
1118 1269 1302 1324 habens
1347 1287 1544 1323 manna
1572 1310 1588 1335 ,
1633 1278 1679 1324 et
1718 1270 1862 1338 virga

357 1360 522 1413 Aaron
555 1374 669 1424 quae
695 1360 989 1430 frondueral
1009 1401 1022 1424 ,
1057 1369 1101 1413 et
1125 1360 1307 1414 tabulae
1334 1362 1612 1414 testamenti
1641 1401 1656 1426 ,
1689 1361 1742 1415 5.
1770 1376 1859 1413 su-

360 1468 537 1519 perque
563 1467 673 1504 eam
701 1449 967 1505 Cherubint
995 1453 1172 1522 gloria:
1199 1453 1544 1507 obumbrantia
1595 1453 1857 1524 propitia-

358 1542 536 1593 torium
562 1556 581 1592 :
607 1540 670 1594 de
693 1539 873 1610 quibus
899 1557 999 1594 non
1038 1550 1110 1595 est
1151 1543 1299 1596 modo
1327 1544 1593 1598 dicendum
1623 1564 1712 1617 per
1750 1549 1858 1602 sin-

357 1633 492 1700 gula.

357 1722 406 1774 1.
433 1722 678 1778 Ostendit
705 1738 769 1778 ex
799 1724 1096 1792 sacerdote,
1125 1740 1191 1781 ex
1215 1725 1536 1795 sacerdotio,
1567 1743 1634 1784 ex
1666 1729 1851 1784 Testa-

291 1821 494 1876 mento,
547 1812 690 1881 quod
739 1813 868 1867 illud
917 1815 1072 1869 linem
1123 1816 1190 1869 sit
1241 1816 1546 1872 habiturum
1581 1836 1594 1872 :
1625 1819 1860 1874 ostendit

282 1898 490 1956 demum
518 1918 586 1958 ex
610 1902 776 1973 ﬁgura
805 1903 971 1974 ipsius
1002 1903 1350 1959 tabernaculi.
1373 1903 1654 1971 Quomodo
1673 1905 1694 1958 ?
1713 1905 1850 1960 San-

280 2001 358 2044 cta
389 1993 596 2060 dicens,
618 2002 671 2049 et
688 2004 870 2049 sancta
899 2006 1202 2050 sanctorum
1222 2035 1234 2049 .
1332 1997 1505 2066 Atque
1529 1996 1722 2052 Sancta
1738 1999 1854 2068 qui-

281 2082 397 2138 dem
433 2095 564 2140 sunt
614 2087 856 2158 symbola
895 2098 949 2142 et
993 2089 1139 2158 signa
1187 2090 1380 2158 prioris
1426 2089 1716 2158 temporis;
1747 2091 1855 2145 illic

279 2174 414 2226 enim
445 2174 578 2229 fiunt
601 2178 777 2230 omnia
803 2193 897 2246 per
917 2179 1175 2232 sacrilicia
1199 2196 1211 2231 :
1237 2189 1417 2234 sancta
1437 2189 1612 2234 autem
1641 2191 1852 2235 sancto-

277 2279 388 2317 rum
415 2306 430 2329 ,
479 2267 638 2335 hujus
687 2283 829 2323 nunc
869 2270 1150 2338 praesentis
1189 2271 1466 2340 temporis.
1512 2271 1647 2326 Dicit
1674 2281 1851 2327 autem

275 2367 456 2412 sancta
487 2370 792 2415 sanctorum
823 2362 1010 2416 c:elum
1037 2402 1051 2425 ,
1083 2373 1138 2418 et
1167 2365 1341 2419 velum
1370 2365 1486 2418 caeli
1508 2406 1523 2432 ,
1551 2374 1604 2420 et
1634 2379 1850 2420 carnem

277 2462 388 2515 quae
431 2449 728 2518 ingreditur
757 2454 808 2506 in
844 2453 1096 2508 interiora
1125 2455 1264 2520 veli,
1309 2454 1410 2510 hoc
1439 2465 1521 2510 est
1546 2471 1645 2526 per
1675 2456 1849 2510 velum

277 2543 448 2596 carnis
477 2543 613 2612 ejus.
644 2545 683 2597 E
714 2560 770 2599 re
812 2545 971 2600 fuerit
1010 2555 1185 2601 autem
1218 2557 1274 2601 ut
1301 2547 1441 2603 hunc
1483 2548 1655 2603 locum
1688 2548 1849 2604 altius

275 2643 597 2699 repetamus.
628 2635 761 2702 Quid
794 2651 921 2707 ergo
957 2637 1127 2692 dicit?
1163 2637 1350 2692 Habuit
1378 2641 1578 2709 quidem
1605 2651 1651 2695 et
1681 2642 1842 2712 prius.

269 2721 399 2787 Quid
447 2725 640 2791 prius?
688 2725 1110 2782 Testamentum.
1159 2727 1563 2796 Justiﬁcationes
1605 2734 1843 2786 cultum.

269 2812 397 2878 Quid
427 2823 548 2878 est,
578 2814 1022 2884 Justiﬁcationes?
1051 2819 1302 2890 Symbola
1324 2861 1337 2886 ,
1372 2830 1464 2876 aut
1493 2822 1628 2878 ritus
1664 2841 1677 2878 :
1706 2838 1768 2878 ac
1799 2824 1845 2879 si

266 2903 488 2970 diceret,
516 2913 644 2959 tunc
667 2905 873 2972 habuit,
897 2923 1040 2964 nunc
1062 2925 1166 2963 non
1190 2909 1368 2966 habet.
1393 2910 1639 2968 Ostendit
1668 2914 1841 2984 ipsum

260 2993 363 3061 jam
395 2995 518 3051 huic
546 2999 773 3054 cessisse
795 3017 808 3053 :
829 2999 978 3055 Tunc
1005 3002 1168 3066 enim,
1202 3003 1390 3073 inquit,
1425 3004 1628 3060 habuit.
1663 3006 1840 3074 Quare

263 3099 418 3149 nunc,
449 3087 611 3141 etiam
656 3088 700 3142 si
746 3098 885 3156 stet,
922 3106 1027 3147 non
1058 3101 1161 3147 est.
1195 3092 1262 3146 Et
1300 3105 1531 3148 sanctum
1573 3097 1835 3150 steculare.

260 3173 526 3232 Szeculare
557 3193 651 3233 seu
677 3180 1006 3236 mundanum
1034 3182 1184 3250 dicit,
1217 3185 1466 3254 quoniam
1495 3187 1840 3254 permitteba-

262 3274 343 3318 tur
369 3268 624 3324 omnibus
652 3271 878 3340 ingredi,
908 3282 961 3327 et
990 3273 1309 3329 manifestus
1337 3285 1451 3329 erat
1481 3276 1632 3332 locus
1659 3279 1709 3332 in
1739 3293 1834 3334 ea-

258 3356 373 3413 dem
401 3359 602 3429 domo,
633 3363 722 3418 ubi
750 3365 965 3420 stabant
993 3367 1321 3434 sacerdotes,
1353 3367 1443 3422 ubi
1470 3367 1660 3436 Judaei,
1693 3384 1827 3440 pro-

258 3450 402 3522 selyti
422 3494 439 3519 ,
468 3453 674 3521 Graeci,
702 3456 960 3512 Nazaraei.
990 3457 1251 3525 Quoniam
1286 3474 1414 3530 ergo
1443 3460 1510 3514 ad
1540 3461 1592 3515 id
1620 3463 1834 3532 patebat

262 3540 424 3598 aditus
453 3546 614 3599 etiam
644 3549 924 3616 gentibus,
958 3550 1128 3618 ipsum
1160 3562 1314 3605 vocat
1349 3552 1674 3608 mundanum
1701 3573 1714 3610 :
1737 3555 1830 3610 Ju-

258 3629 348 3687 daei
395 3637 540 3690 enim
589 3652 698 3692 non
742 3648 898 3694 erant
936 3641 1184 3696 mundus.
1227 3641 1629 3698 Tabernaculum
1671 3647 1824 3714 enim,

257 3723 436 3794 inquit,
470 3731 663 3796 factum
685 3739 756 3783 est
781 3731 1020 3799 primum,
1048 3731 1182 3802 quod
1206 3732 1393 3786 dicitur
1419 3743 1593 3788 sancta
1613 3752 1631 3788 :
1652 3736 1704 3790 in
1725 3754 1824 3808 quo

255 3823 386 3867 erant
411 3818 720 3872 candelabra
760 3828 808 3872 et
837 3837 1007 3875 mensa
1026 3862 1041 3887 ,
1071 3831 1118 3875 et
1147 3825 1425 3893 propositio
1453 3841 1663 3893 panum.
1701 3826 1827 3882 Haec

254 3915 369 3957 sunt
409 3907 593 3962 mundi
629 3910 895 3980 symbola.
929 3909 1050 3964 Post
1078 3912 1410 3967 velamentum
1437 3925 1604 3967 autem
1629 3933 1824 3970 secun-

254 3993 383 4049 dum.
415 3997 529 4052 Non
560 4008 680 4053 erat
718 4015 849 4070 ergo
883 4017 1044 4056 unum
1081 4003 1262 4057 velum
1287 4044 1302 4070 ,
1332 4004 1425 4058 sed
1473 4005 1634 4059 etiam
1672 4015 1822 4061 extra

255 4094 356 4137 erat
384 4086 529 4141 aliud
559 4088 735 4143 velum
756 4131 771 4154 ,
801 4105 993 4160 nempe
1030 4090 1435 4147 Tabernaculum
1471 4096 1605 4164 quod
1635 4096 1820 4150 dicitur

253 4187 414 4231 sancta
442 4190 754 4235 sanctorum.
787 4182 922 4238 Vide
950 4183 1216 4253 quomodo
1248 4185 1441 4254 ubique
1470 4195 1621 4242 vocet
1646 4187 1822 4242 taber-

252 4271 484 4326 naculum
510 4314 525 4341 ,
559 4289 625 4329 ex
651 4288 717 4329 eo
740 4274 881 4344 quod
914 4274 1021 4330 illic
1045 4276 1266 4347 degatur
1292 4285 1349 4331 ut
1373 4278 1426 4331 in
1454 4277 1816 4333 tabernaculo.

252 4356 456 4414 Aureum
473 4362 664 4416 habens
684 4363 1018 4431 thuribulum,
1040 4365 1228 4435 inquit,
1254 4375 1297 4418 et
1317 4381 1489 4419 arcam
1517 4368 1816 4434 testamenti,

256 4449 620 4503 circumiectam
659 4451 798 4504 omni
827 4466 889 4503 ea:
932 4459 1075 4520 parte
1108 4468 1234 4504 auro
1261 4469 1281 4507 :
1305 4454 1359 4507 in
1387 4471 1486 4524 qua
1515 4473 1642 4513 urna
1666 4479 1830 4519 aurea

255 4538 426 4594 habens
447 4559 660 4608 manna,
685 4552 731 4595 et
749 4543 888 4613 uirga
908 4543 1078 4596 Aaron
1104 4560 1217 4614 quce
1235 4547 1549 4616 [παγκάκων-αι,
1575 4560 1620 4604 et
1642 4550 1826 4610 tabulas

253 4635 542 4687 testamenti.
593 4634 721 4689 Haec
759 4635 938 4689 omnia
979 4646 1132 4690 erant
1179 4639 1455 4709 magniﬁca
1489 4652 1541 4696 et
1569 4647 1822 4712 praeclara

251 4722 431 4793 ingrati
457 4725 770 4781 Judzeorum
797 4727 961 4781 animi
987 4730 1334 4785 monimenta.
1362 4731 1427 4784 Et
1458 4734 1642 4790 tabulae
1671 4747 1821 4792 testa-

251 4817 410 4870 menti.
456 4817 564 4870 Eas
605 4817 746 4872 enim
776 4817 986 4888 Moyses
1015 4819 1272 4891 confregit
1304 4839 1315 4875 :
1351 4831 1404 4877 et
1434 4840 1625 4881 manna
1656 4845 1668 4880 :
1698 4846 1820 4884 nam

249 4916 641 4961 murmurarant
663 4925 676 4960 :
702 4916 756 4962 et
784 4917 1067 4977 propterea
1097 4913 1410 4966 memoriam
1454 4919 1821 4977 transmittens

246 4995 304 5048 ad
329 5008 603 5066 posteros,
628 4998 790 5068 jussit
806 5015 923 5055 eam
946 5002 1134 5071 reponi
1158 5003 1210 5057 in
1235 5020 1365 5060 urna
1386 5021 1567 5063 aurea.
1589 5009 1658 5064 Et
1679 5014 1817 5085 virga

241 5085 404 5142 Aaron
431 5105 550 5159 quae
580 5090 901 5158 fronduerat.
929 5092 1339 5150 Insurrexerunt
1363 5101 1524 5153 enim.
1556 5099 1686 5168 Quia
1715 5106 1815 5176 igi-

243 5185 321 5230 tur
346 5179 540 5250 ingrati
569 5190 725 5235 erant
752 5180 943 5246 Judaei,
974 5192 1030 5239 et
1054 5183 1406 5254 frequentium
1436 5189 1816 5252 beneﬁciorum

242 5283 339 5322 non
383 5270 851 5326 recordabantur:
880 5272 1002 5327 ideo
1037 5273 1190 5342 jussu
1234 5276 1553 5345 legislatoris
1589 5283 1640 5337 in
1684 5301 1818 5344 urna

239 5372 393 5416 aurea
437 5360 554 5416 hare
595 5370 929 5431 posuerunt,
971 5373 1024 5419 et
1060 5364 1136 5420 sic
1173 5382 1358 5421 eorum
1399 5375 1705 5431 memoriam
1749 5378 1819 5434 ad

237 5463 478 5518 posteros
506 5454 788 5508 miserunt.
816 5455 988 5526 Super
1008 5473 1118 5510 eam
1138 5468 1304 5513 autem
1323 5461 1589 5517 Cherubim
1616 5470 1814 5536 gloritr,

235 5545 584 5600 obumbrantia
613 5548 1045 5618 propitiatorium.
1068 5551 1206 5618 Quid
1235 5563 1319 5610 est
1343 5567 1519 5611 autem
1548 5559 1818 5618 Cherubim

237 5637 446 5703 gloria?
476 5639 534 5694 Id
566 5650 648 5695 est
672 5683 687 5709 ,
720 5641 986 5710 gloriosa;
1023 5653 1116 5698 aut
1146 5661 1264 5714 quae
1290 5691 1302 5712 ,
1339 5650 1546 5718 inquit,
1580 5655 1677 5710 sub
1707 5657 1816 5714 Deo

235 5728 551 5787 obumbrant
592 5731 1040 5802 propitiatorium.
1081 5736 1244 5791 Recte
1269 5748 1442 5796 autem
1463 5741 1575 5799 haec
1603 5762 1813 5818 quoque

577 5832 854 5893 ΡΑτιιοι.
903 5832 1019 5893 Gn.
1069 5830 1291 5891 LXIII.

1955 607 2447 671 verbiscxtollit,ut
2463 608 2660 676 majora
2705 621 2826 663 esse
2863 609 3111 662 ostendat
3153 625 3216 664 ea
3245 626 3363 682 qua:
3409 625 3529 672 sunt

1957 709 2157 767 postea.
2189 697 2268 752 De
2309 699 2487 768 quibus
2534 715 2634 752 non
2682 708 2775 766 est,
2824 699 3012 769 inquit,
3070 701 3216 753 modo
3264 703 3530 760 dicendum

1953 803 2042 857 per
2085 788 2306 858 singula.
2352 789 2446 843 Hic
2482 790 2641 842 tacite
2693 789 2864 842 innuit
2917 804 3020 842 non
3057 799 3258 844 tantum
3307 808 3368 848 ea
3413 813 3530 866 quae

1953 880 2287 945 videbantur,
2311 879 2404 935 sed
2450 881 2609 935 etiam
2665 881 2906 949 quaedam
2936 882 3222 951 arnigmata
3252 883 3429 942 fuisse.
3461 890 3534 945 De

1950 972 2128 1044 quibus
2198 989 2300 1026 non
2350 982 2465 1037 est,
2515 972 2705 1040 inquit,
2761 988 2895 1024 nunc
2932 974 3199 1025 dicendum
3237 976 3531 1048 sigillatim;

1951 1065 2176 1120 fortasse
2199 1065 2318 1133 quia
2348 1063 2548 1132 prolixa
2572 1078 2706 1131 opus
2753 1061 2950 1117 habent
3006 1068 3265 1124 oratione.
3311 1070 3376 1124 ’6.
3433 1071 3530 1125 His

1950 1173 2064 1210 vero
2121 1158 2193 1210 ita
2229 1155 2546 1225 compositis,
2584 1155 2638 1208 in
2693 1156 2834 1225 prius
2893 1158 3095 1226 quidem
3153 1161 3529 1218 tabernaculum

1950 1264 2144 1318 semper
2182 1247 2455 1300 introibant
2488 1245 2800 1310 sacerdotes,
2832 1249 3201 1317 sacriﬁciorum
3223 1254 3382 1322 o/j‘icia
3400 1271 3525 1308 con-

1948 1348 2273 1396 summantes.
2301 1338 2412 1393 lloc
2436 1347 2538 1402 est,
2585 1347 2739 1392 erant
2790 1337 2904 1392 haec
2948 1339 3183 1408 quidem,
3243 1343 3322 1396 his
3353 1356 3526 1399 autem

1949 1447 2055 1488 non
2110 1431 2421 1485 fruebantur
2475 1429 2676 1492 Judaei;
2740 1445 2911 1499 neque
2969 1433 3112 1485 enim
3167 1447 3229 1486 ea
3261 1433 3527 1488 videbant.

1948 1525 2303 1592 Quamobrem
2345 1539 2448 1578 non
2511 1523 2676 1592 magis
2721 1533 2874 1576 erant
2936 1523 3076 1589 illis,
3127 1540 3284 1594 quam
3340 1528 3531 1596 quibus

1949 1616 2442 1689 prmﬁgurahantur.
2503 1615 2555 1668 7.
2606 1612 2670 1666 In
2730 1614 3006 1668 secundum
3052 1626 3220 1669 autem
3274 1619 3426 1672 semel
3475 1619 3526 1673 in

1949 1724 2083 1762 anno
2133 1708 2270 1761 solus
2302 1707 2562 1777 pontifex,
2619 1721 2719 1758 non
2757 1705 2864 1759 sine
2918 1708 3180 1777 sanguine,
3213 1725 3357 1779 quem
3384 1709 3530 1778 o/I‘ert

1953 1815 2046 1871 pro
2068 1816 2120 1854 se
2144 1808 2188 1852 et
2213 1797 2387 1868 pepuli
2411 1797 2729 1867 ignorantiis.
2757 1795 2917 1850 Vides
2941 1796 3050 1865 jam
3083 1807 3237 1868 typos
3261 1808 3526 1866 tamquam

1943 1897 2342 1952 fundamentum
2373 1898 2521 1969 prius
2549 1896 2758 1967 jactos?
2788 1896 2918 1951 Nam
2967 1911 3032 1951 ne
3061 1895 3302 1949 dicerent
3335 1913 3346 1948 :
3378 1895 3521 1963 Quo.

1940 1991 2100 2045 modo
2127 2007 2289 2044 unum
2319 1991 2663 2055 sacriﬁcium,
2696 1997 2749 2043 et
2779 1987 3052 2058 quomodo
3081 1986 3319 2056 pontifex
3349 1986 3519 2040 semel

1939 2083 2241 2138 oll'erebat?
2269 2082 2504 2137 ostendit
2532 2082 2584 2136 id
2617 2081 2782 2136 fuisse
2815 2080 3002 2134 multis
3027 2089 3152 2134 ante
3177 2080 3409 2144 sceculis,
3444 2079 3520 2134 si-

1937 2176 2152 2248 quidem
2175 2176 2314 2247 quod
2335 2185 2451 2231 erat
2470 2176 2706 2230 sanctius
2723 2183 2777 2229 et
2798 2171 3173 2238 reverendam,
3193 2181 3309 2228 erat
3328 2187 3516 2226 unum.

1940 2271 2014 2325 Ex
2040 2270 2256 2339 antiquo
2279 2284 2425 2324 more
2463 2267 2714 2322 sacerdos
2760 2266 2926 2321 semel
2957 2265 3233 2320 offerebat.
3268 2265 3336 2319 Et
3364 2273 3513 2320 recte

1937 2362 2074 2417 dixit
2099 2379 2110 2414 :
2144 2361 2262 2414 Non
2291 2361 2400 2414 sine
2427 2359 2671 2429 sanguine
2693 2373 2712 2411 :
2736 2351 2840 2410 non
2861 2357 2976 2410 sine
2994 2355 3250 2426 sanguine
3277 2355 3515 2425 quidem.

1937 2469 2043 2510 non
2072 2464 2250 2508 tamen
2273 2449 2376 2507 hoc
2400 2451 2690 2520 sanguine;
2720 2462 2822 2502 non
2842 2456 2957 2502 erat
2983 2446 3126 2502 enim
3155 2455 3354 2500 tantum
3376 2444 3516 2514 quod

1941 2546 2197 2618 agebatur
2227 2545 2521 2616 negotium.
2562 2540 2806 2598 Ostendit
2833 2549 3012 2596 autem
3042 2538 3277 2593 futurum
3309 2536 3516 2591 sacriﬁ-

1936 2642 2075 2694 cium
2099 2680 2113 2705 ,
2149 2637 2290 2708 quod
2332 2651 2440 2692 non
2482 2636 2606 2704 igne
2648 2639 3034 2697 consumatur,
3075 2622 3170 2685 sed
3199 2643 3228 2683 a
3259 2627 3518 2698 sanguine

1937 2731 2106 2802 magis
2133 2727 2465 2786 ostendatur.
2505 2725 2639 2780 Nam
2671 2723 2924 2793 quoniam
2956 2720 3278 2776 sacriﬁcium
3308 2717 3518 2773 vocavit

1934 2840 2168 2887 crucem,
2196 2837 2314 2893 qua:
2338 2834 2438 2875 nec
2460 2817 2623 2873 habet
2643 2816 2844 2887 ignem,
2868 2828 2968 2869 nec
2987 2813 3149 2882 ligna,
3175 2825 3348 2880 neque
3372 2825 3516 2878 saepe

1935 2918 2158 2972 ollcrtur
2183 2957 2198 2981 ,
2242 2912 2336 2969 sed
2367 2911 2535 2967 semel
2564 2909 2740 2963 oblata
2769 2917 2853 2962 est
2879 2907 2930 2961 in
2961 2905 3218 2974 sanguine
3243 2921 3256 2957 :
3281 2902 3515 2957 ostendit

1931 3009 2072 3080 quod
2102 3016 2255 3061 vetus
2283 3016 2494 3074 quoque
2522 2999 2841 3055 sacriﬁcium
2873 3005 3019 3052 esset
3048 2993 3350 3065 hujusmodi
3379 3011 3392 3048 :
3417 3008 3507 3048 se-

1931 3099 2036 3156 mel
2062 3096 2383 3153 offerebatur
2409 3093 2462 3146 in
2490 3091 2765 3161 sanguine.
2800 3088 2960 3155 Quem
2983 3085 3129 3153 oﬂ‘ert
3158 3101 3248 3155 pro
3271 3101 3323 3139 se
3346 3095 3391 3138 et
3418 3101 3513 3153 po-

1932 3191 2039 3260 puli
2065 3187 2389 3259 ignorantiis.
2419 3182 2550 3237 Vide
2577 3200 2590 3237 :
2613 3195 2722 3235 non
2743 3179 2897 3245 dixit,
2921 3178 3181 3244 Pcccatis,
3209 3176 3325 3240 sed,
3352 3174 3511 3246 Igno-

1925 3280 2108 3336 rantiis
2128 3319 2142 3344 ,
2186 3292 2253 3332 ne
2280 3275 2446 3329 altum
2490 3280 2759 3342 saperent.
2789 3269 2920 3324 Nam
2951 3268 3158 3323 etiamsi
3189 3284 3292 3320 non
3322 3267 3510 3320 lubens

1929 3369 2198 3444 peccasti;
2223 3368 2316 3423 sed
2341 3377 2516 3421 tamen
2539 3365 2740 3420 invitus
2764 3361 3038 3432 ignorasti,
3064 3369 3118 3416 et
3137 3359 3204 3414 ab
3229 3359 3330 3412 hoc
3351 3373 3511 3413 nemo

1927 3472 2011 3519 cst
2036 3475 2220 3532 purus.
2255 3459 2320 3514 Et
2350 3457 2545 3526 ubique
2577 3453 2706 3510 illud
2733 3495 2748 3521 ,
2779 3451 2885 3506 Pro
2911 3468 2984 3517 se,
3017 3450 3188 3520 ponit,
3219 3448 3509 3503 ostendens

1925 3554 2070 3626 quod
2097 3551 2342 3609 Christus
2384 3549 2540 3618 longe
2580 3554 2664 3602 est
2693 3544 2883 3600 melior
2921 3552 2976 3597 et
3014 3540 3352 3610 praestantior
3380 3554 3510 3608 pono

1929 3646 2080 3711 tifex,
2114 3658 2273 3715 quam
2302 3639 2392 3711 qui
2419 3649 2535 3694 erat
2565 3637 2703 3708 apud
2731 3635 2968 3691 Judaeos.
2996 3632 3052 3688 Si
3080 3633 3221 3686 enim
3250 3645 3277 3683 a
3310 3630 3508 3684 nostris

1927 3736 2158 3808 peccatis
2186 3733 2686 3799 fuissctseparatus,
2706 3721 2974 3796 quomodo
3000 3737 3099 3793 pro
3119 3737 3177 3776 se
3194 3721 3509 3775 obtulisset?

1928 3831 2035 3886 Cur
2064 3841 2214 3896 ergo,
2245 3823 2437 3894 inquit,
2465 3821 2579 3874 haec
2607 3816 2825 3872 dixisti?
2850 3815 2961 3869 lloc
2981 3813 3122 3868 enim
3146 3822 3228 3868 est
3248 3812 3504 3866 melioris.

1925 3923 2196 3992 Nusquam
2228 3928 2310 3974 est
2338 3917 2426 3971 hic
2453 3911 2840 3983 contemplatio
2861 3927 2872 3963 :
2893 3909 3148 3978 deinceps
3173 3918 3349 3962 autem
3376 3922 3507 3960 con-

1925 4015 2217 4084 templatur
2242 4019 2298 4065 et
2321 4008 2452 4063 dicit
2476 4024 2488 4059 :
2513 4008 2566 4061 8.
2602 4003 2714 4058 Hoc
2740 4002 3062 4073 signiﬁcante
3085 4000 3288 4070 Spiritu
3308 4008 3504 4063 sancto,

1927 4105 2150 4160 nondum
2172 4100 2492 4172 prepalatam
2516 4112 2622 4151 esse
2649 4103 2941 4148 sanctorum
2967 4092 3120 4158 viam,
3149 4091 3316 4144 adhuc
3337 4091 3508 4160 priore

1922 4194 2245 4251 tabernaculo
2271 4191 2479 4246 habente
2501 4198 2708 4243 statum.
2737 4185 3047 4254 Propterea,
3072 4183 3262 4253 inquit,
3294 4183 3406 4237 haec
3436 4183 3505 4237 ita

1921 4297 2048 4344 sunt
2076 4293 2378 4342 constructa
2404 4300 2418 4348 ;
2450 4291 2510 4336 ut
2539 4281 2868 4335 disceremus
2893 4277 3034 4347 quod
3061 4276 3129 4332 ad
3161 4286 3347 4332 sancta
3376 4292 3505 4330 san-

1921 4389 2130 4435 ctorum
2150 4418 2166 4443 ,
2199 4375 2302 4430 hoc
2331 4382 2447 4441 cst,
2477 4371 2544 4427 ad
2571 4371 2760 4425 caelum
2787 4412 2802 4436 ,
2832 4367 3069 4423 nondum
3102 4377 3280 4437 pateat
3305 4369 3500 4422 aditus.

1921 4469 1999 4525 Nc
2022 4482 2171 4537 ergo,
2197 4464 2388 4534 inquit,
2418 4461 2672 4532 quoniam
2699 4460 2870 4530 ipsum
2898 4473 3002 4512 non
3028 4458 3378 4528 ingredimur,
3405 4473 3504 4512 nec

1921 4575 2039 4616 esse
2055 4558 2269 4627 quidem
2286 4554 2672 4619 existimemus,
2693 4550 2940 4620 quoniam
2961 4564 3059 4605 nec
3075 4559 3257 4604 sancta
3277 4549 3500 4617 ingressi

1919 4655 2122 4696 sumus.
2151 4639 2207 4695 9.
2236 4641 2362 4706 Qua
2391 4639 2632 4709 parabola
2653 4648 2747 4706 est,
2766 4639 2952 4708 inquit,
2979 4641 3216 4706 temporis
3242 4641 3496 4689 instantis.

1986 4733 2042 4787 2.
2073 4731 2353 4801 Quodnam
2373 4742 2529 4787 vocat
2580 4740 2789 4800 tempus
2816 4731 3056 4783 instans?
3084 4727 3234 4794 Quod
3251 4736 3334 4781 est
3373 4735 3497 4779 ante

1916 4822 2203 4879 adventum
2224 4822 2454 4878 Christi:
2487 4836 2609 4876 nam
2633 4830 2752 4891 post
2769 4817 2964 4875 Christi
2993 4817 3276 4872 adventum
3296 4830 3401 4870 non
3418 4825 3499 4868 est

1919 4917 2146 4987 amplius
2180 4925 2389 4985 tempus
2425 4916 2666 4970 instans:
2706 4911 2975 4984 quomodo
3007 4910 3148 4964 enim
3178 4918 3342 4972 esset,
3375 4922 3494 4959 cum

1918 5010 2193 5067 advenerit
2220 5022 2273 5063 et
2299 5008 2454 5063 ﬁdem
2486 5006 2714 5062 habeat?
2769 5003 2924 5059 Aliud
2978 5017 3190 5073 quoque
3233 5000 3496 5064 indicans,

1920 5102 2021 5158 hoc
2042 5101 2188 5166 dicit,
2218 5101 2342 5167 Qua:
2358 5100 2601 5170 parabola
2632 5107 2703 5152 est
2725 5095 2962 5166 temporis
2978 5094 3246 5158 instantis;
3278 5092 3379 5144 hoc
3395 5098 3498 5154 est,

1919 5192 2091 5247 factus
2119 5200 2203 5246 est
2234 5201 2409 5261 typus.
2440 5189 2599 5243 Juxta
2627 5204 2777 5257 quant
2799 5200 3006 5238 munera
3025 5193 3070 5237 et
3093 5183 3267 5236 hostia:
3280 5179 3499 5246 offerun-

1921 5295 2022 5352 tur,
2039 5301 2261 5354 quwnon
2286 5292 2492 5354 possunt
2511 5283 2652 5351 iuxta
2671 5277 3026 5333 conscientiam
3046 5275 3500 5344 perfectumzfacere

1921 5378 2230 5432 servientem.
2257 5376 2445 5430 Vidisti
2473 5389 2629 5444 quam
2658 5373 2802 5427 clare
2827 5371 2949 5424 hinc
2975 5367 3220 5422 ostendat
3245 5366 3368 5435 quid
3399 5365 3498 5418 sibi

1921 5471 2090 5525 velint
2130 5469 2247 5536 hch
2275 5469 2458 5532 verba,
2492 5466 2640 5520 Nihil
2674 5465 2741 5516 ad
2773 5466 3051 5532 perfectum
3081 5460 3292 5512 adduxit
3316 5458 3414 5520 lex,
3447 5465 3501 5511 ct

1922 5560 2072 5622 illttd,
2119 5559 2179 5613 St
2223 5560 2441 5628 primunt
2486 5564 2839 5612 testamentum
2870 5562 2976 5605 erat
3023 5548 3500 5620 irrepreltensibile?

1920 5652 2237 5720 Quomodo?
2286 5651 2448 5704 Juxta
2491 5647 2867 5703 conscientiam.
2920 5643 3051 5696 Nam
3094 5639 3355 5696 sacriﬁcia
3393 5654 3497 5691 non

1921 5745 2238 5799 amovebant
2290 5743 2478 5797 sordes
2518 5742 2584 5794 ab
2613 5738 2810 5801 anima,
2856 5735 2948 5790 sed
2980 5734 3151 5787 adlmc
3178 5738 3329 5785 erant
3357 5732 3496 5785 circa

3158 5821 3198 5888 8
