3980 6142
486 289 589 346 ιω

476 433 671 487 corpus
694 435 707 472 :
733 415 1026 471 Secundum
1066 413 1223 485 legem
1252 413 1406 475 enim,
1438 410 1628 481 inquit,
1667 410 1895 463 mandati
1939 425 2055 462 car-

476 512 609 565 nalis
632 508 819 579 (,Ilebr.
849 510 900 562 7.
934 506 1047 578 16).
1075 506 1191 561 Νοη
1224 512 1470 575 poterant
1499 504 1641 559 enim
1665 502 1934 557 dimittere
1959 500 2054 555 ad-

477 586 747 666 ulterium:
782 594 959 670 neque
1000 598 1223 661 emdem,
1256 612 1433 667 neque
1478 594 1839 664 sacrilegium.
1869 592 2055 656 Vides,

476 694 592 749 Hoc
617 693 829 763 quidem
859 690 1130 752 comedas,
1164 688 1296 742 illud
1331 703 1433 740 non
1474 685 1760 740 comedas?
1788 699 1906 754 qute
1934 684 2056 752 qui-

474 786 597 839 dem
615 794 737 838 sunt
751 782 1133 837 indifferentia.
1152 778 1484 835 Solummodo
1503 777 1555 830 in
1572 776 1691 829 cibis
1713 784 1755 828 et
1779 776 1833 827 in
1858 775 2057 846 potibus

477 876 565 931 10.
593 885 639 929 ct
667 876 717 929 in
739 875 888 929 variis
914 872 1312 941 buptismatibus.
1330 867 1672 940 lloc,.inquit,
1694 868 1815 922 bibe
1844 882 2057 936 :quam-

473 984 631 1040 quam
675 967 743 1023 de
771 977 894 1037 potu
918 966 1045 1020 nihil
1077 963 1559 1019 erateonstitutum
1585 978 1600 1027 ;
1650 961 1743 1015 sed
1786 961 1901 1014 haec
1921 959 2050 1014 dicit

472 1060 835 1131 vilipendens.
862 1059 927 1113 Et
954 1059 1107 1111 variis
1130 1055 1533 1127 baptismatibus,
1565 1063 1611 1108 et
1628 1053 1841 1123 justitiis
1865 1052 2054 1117 carnis,

474 1168 632 1224 usque
664 1150 732 1204 ad
772 1161 965 1222 tempus
993 1147 1316 1202 correctionis
1342 1145 1615 1214 impositis.
1644 1144 1770 1198 Haec
1802 1151 1886 1197 est
1911 1140 2056 1197 enim

473 1246 678 1317 iustitia
720 1244 919 1298 carnis.
964 1242 1060 1295 llic
1089 1239 1349 1294 sacriﬁcia
1395 1237 1610 1307 dcjicit,
1654 1235 1942 1291 ostendens
1996 1249 2058 1289 ea

478 1339 678 1393 nullam
710 1335 962 1389 habuisse
1004 1334 1275 1398 virtutem,
1309 1339 1363 1384 et
1383 1329 1545 1382 luisse
1569 1342 1736 1394 usque
1756 1325 1821 1381 ad
1850 1333 2060 1394 tempus

478 1426 851 1491 correctionis;
881 1424 982 1479 hoc
1005 1434 1106 1489 est,
1130 1432 1470 1490 exspectasse
1488 1428 1696 1487 tempus
1712 1415 1852 1486 quod
1882 1416 2060 1469 omnia

480 1521 734 1590 corrigat.
766 1519 856 1573 il.
887 1517 1117 1572 Christus
1146 1523 1313 1567 autem
1348 1510 1843 1580 assistenspontifea:
1863 1507 2063 1575 futuro-

481 1629 597 1665 rum
644 1612 908 1675 bonorum,
940 1623 1027 1678 per
1065 1605 1285 1675 amplius
1312 1613 1356 1657 et
1384 1600 1653 1672 perfectius
1683 1595 2061 1652 tabernaculum

484 1721 584 1758 non
630 1701 997 1769 manufactum.
1026 1698 1255 1751 Carnem
1287 1695 1372 1749 hic
1402 1694 1549 1748 dicit.
1582 1692 1749 1746 Recte
1770 1699 1946 1773 autem
1976 1681 2062 1741 di-

483 1794 560 1848 xit
602 1792 776 1861 majus
802 1800 857 1845 et
887 1787 1194 1859 perfectius,
1246 1784 1508 1855 siquidem
1551 1791 1604 1837 et
1634 1782 1772 1835 Deus
1804 1778 2059 1844 Verbum,

495 1894 547 1938 el
577 1882 820 1936 universa
851 1879 1090 1948 operatio
1109 1877 1337 1947 Spiritus
1359 1878 1410 1929 iu
1440 1890 1503 1929 eo
1525 1873 1761 1927 habitat:
1794 1870 1914 1925 Non
1930 1871 2062 1923 enim

477 1966 545 2018 ad
574 1981 863 2021 mensuram
895 1966 981 2019 dat
1014 1965 1149 2019 Deus
1175 1965 1430 2037 spiritum.
1458 1964 1558 2018 Aut
1582 1961 1869 2032 perfectius
1902 1960 2051 2024 dicit,

480 2069 535 2111 ut
566 2067 621 2112 et
642 2060 696 2112 in
730 2057 871 2129 quod
902 2072 1003 2111 non
1036 2056 1188 2111 cadat
1208 2055 1569 2125 reprehensio,
1611 2061 1665 2110 et
1689 2052 1830 2124 quod
1858 2054 2083 2121 majora-

477 2159 622 2205 recte
651 2158 817 2220 gerat.
869 2147 934 2201 lt!
958 2158 1050 2213 est,
1108 2164 1208 2201 non
1237 2147 1389 2217 hujus
1436 2144 1725 2199 creationis.
1757 2143 1895 2198 Ecce
1921 2157 2058 2212 quo-

476 2242 638 2297 modo
664 2242 870 2312 majus:
906 2254 1010 2294 non
1062 2248 1204 2293 esset
1252 2239 1395 2292 enim
1436 2253 1503 2291 ex
1545 2236 1756 2305 spiritu,
1804 2235 1847 2288 si
1898 2233 2059 2287 homo

477 2337 650 2403 ipsum
669 2333 1072 2388 construxisset.
1108 2329 1227 2383 Non
1252 2330 1404 2400 hujus
1421 2328 1703 2391 creationis,
1731 2325 1934 2395 inquit;
1956 2323 2059 2379 hoc

482 2437 584 2493 est,
611 2442 713 2480 non
735 2434 818 2480 est
842 2440 904 2479 ex
935 2424 1017 2477 his
1063 2421 1222 2477 rebus
1254 2421 1466 2483 creatis,
1486 2418 1579 2472 sed
1605 2416 1894 2486 Spiritualis
1911 2430 2060 2469 erea-

480 2518 641 2571 tionis
675 2535 688 2570 :
717 2532 783 2571 ex
826 2515 1026 2585 Spiritu
1071 2513 1214 2567 enim
1259 2520 1444 2565 sancto
1493 2516 1863 2563 constructum
1918 2513 2052 2560 erat.

480 2607 643 2663 Vides
670 2606 937 2678 quomodo
978 2614 1032 2660 et
1058 2602 1455 2658 tabernaculum
1488 2609 1543 2656 et
1586 2600 1761 2654 velum
1793 2606 1847 2653 et
1867 2597 2055 2651 earlum

480 2710 635 2757 Vocet
661 2699 901 2770 corpus?
942 2698 1045 2753 Per
1086 2697 1252 2768 majus
1277 2705 1322 2749 et
1348 2695 1617 2768 perfectius
1645 2691 2057 2755 tabernaculum;

478 2790 690 2856 deinde,
714 2789 818 2846 Per
841 2789 1029 2855 velum,
1059 2788 1154 2843 hoc
1183 2796 1277 2851 est,
1311 2802 1517 2839 carnem
1545 2798 1727 2847 suam;
1758 2791 1813 2836 et
1833 2795 2017 2836 rursus
2038 2822 2052 2845 ,

482 2883 546 2937 In
575 2882 813 2937 interiora
832 2879 930 2935 veli
956 2879 1142 2950 (Hebr.
1175 2878 1229 2934 6.
1264 2875 1392 2948 19);
1440 2886 1496 2932 et
1524 2889 1730 2940 rursus,
1758 2872 2058 2944 Ingredien-

480 2986 577 3028 tem
601 2975 655 3028 in
681 2981 853 3028 sancta
883 2979 1192 3036 sanctorum,
1232 2979 1291 3025 ut
1326 2974 1582 3040 appareat
1605 2965 1774 3020 vultui
1802 2964 1912 3019 Dei.
1947 2963 2058 3018 Cur

477 3080 606 3137 ergo
653 3065 756 3120 hoc
807 3064 970 3119 facit?
1016 3062 1087 3118 Ut
1131 3075 1228 3116 nos
1252 3059 1446 3117 doceat
1474 3055 1767 3115 secundum
1812 3054 1959 3110 aliud
2000 3062 2058 3110 et

479 3156 623 3212 aliud
654 3155 1013 3226 significatum
1043 3151 1291 3208 eumdem
1319 3166 1439 3208 esse
1467 3164 1791 3206 sermonem.
1819 3146 1891 3203 Ut
1909 3154 2054 3216 puta,

479 3249 655 3304 velum
684 3247 874 3302 Ctl'lllm
907 3253 1023 3301 est:
1067 3245 1206 3301 sicut
1235 3243 1375 3297 enim
1419 3241 1594 3296 velum
1627 3241 1787 3295 veluti
1819 3237 2053 3310 quodam

478 3352 632 3394 muro
660 3347 841 3393 saneta
866 3344 1098 3406 separat,
1123 3336 1199 3389 sic
1221 3347 1345 3388 caro
1362 3333 1590 3387 occultat
1612 3330 1972 3395 divinitatem,
2000 3336 2057 3386 et

477 3444 606 3484 caro
646 3429 770 3484 item
799 3439 881 3484 eSt
911 3427 1331 3488 tabernaculum,
1362 3423 1691 3478 divinitatem
1732 3421 1969 3487 habens;
2000 3429 2057 3476 et

478 3521 882 3578 tabernaculum
932 3534 1118 3575 rursus
1164 3519 1381 3582 czelum;
1426 3516 1534 3570 illic
1583 3516 1724 3569 enim
1779 3524 1860 3571 est
1910 3515 2053 3569 intus

478 3613 735 3683 pontifex.
762 3611 993 3668 Christus
1019 3619 1208 3677 autem,
1239 3609 1433 3679 inquit,
1463 3622 1577 3660 cum
1601 3606 1889 3662 accessisset
1918 3621 2051 3675 pon-

374 3749 381 3758 .
474 3707 614 3776 tifex.
646 3704 760 3760 Non
787 3704 938 3769 dixit,
970 3702 1099 3758 Cum
1133 3701 1302 3756 factus
1327 3707 1490 3765 esset,
1518 3697 1633 3761 sed,
1654 3696 1778 3751 Cum
1809 3696 2052 3752 accessis-

423 3848 428 3852 .
472 3808 579 3863 set;
608 3798 708 3852 hoe
734 3807 836 3861 est,
865 3811 986 3850 cum
1030 3793 1095 3848 ad
1140 3794 1241 3848 hoc
1272 3792 1445 3862 ipsum
1479 3791 1734 3855 venisset,
1765 3804 1870 3843 non
1896 3787 2051 3843 alteri

471 3892 849 3947 successisset:
887 3905 991 3943 non
1023 3890 1167 3956 prius
1210 3887 1458 3951 accessit,
1492 3893 1545 3939 et
1576 3894 1701 3938 tunc
1725 3882 1895 3937 factus
1930 3889 2049 3948 est;

471 3980 567 4034 sed
612 3980 837 4034 simulac
883 3979 1048 4032 venit.
1089 3977 1155 4031 Et
1203 3992 1305 4030 non
1349 3974 1480 4029 dixit
1513 3992 1525 4028 :
1554 3973 1687 4028 Cum
1737 3973 2051 4029 accessisset

472 4069 707 4137 pontifex
745 4085 929 4124 eorum
957 4084 1075 4137 qua:
1123 4070 1516 4128 sacrilieantur,
1569 4064 1687 4127 sed,
1734 4062 2046 4118 Futurorum

472 4160 733 4223 bonorum,
777 4173 844 4214 eo
882 4159 1027 4228 quod
1067 4173 1171 4212 non
1205 4167 1385 4226 posset
1432 4157 1736 4211 universum
1784 4155 2050 4225 explicare

473 4249 662 4303 oratio.
696 4250 785 4302 12.
836 4248 1016 4319 Neque
1045 4265 1133 4319 per
1156 4248 1454 4319 sanguinem
1497 4247 1751 4302 hircorum
1790 4256 1878 4301 aut
1919 4248 2051 4302 vitu-

472 4342 656 4396 lorum.
686 4338 875 4395 Omnia
907 4347 1032 4393 snut
1063 4340 1358 4392 immutata.
1385 4338 1491 4393 Sed
1524 4354 1611 4407 per
1640 4338 1904 4407 proprium
1930 4352 2050 4391 san-

471 4430 673 4501 guinem
704 4429 927 4483 introivit
972 4428 1125 4483 semel
1160 4428 1213 4482 in
1260 4439 1457 4482 sancta.
1502 4428 1639 4484 Ecce
1688 4428 1813 4482 illud
1845 4427 2051 4482 vocavit

469 4519 682 4576 caelum.
710 4518 901 4585 Semel,
940 4518 1128 4588 inquit,
1156 4519 1376 4572 introivit
1416 4520 1468 4573 in
1506 4529 1699 4583 sancta,
1749 4529 1937 4573 aeterna
1963 4534 2047 4571 re-

469 4613 756 4684 demptione
797 4614 1013 4667 inventa.
1056 4611 1123 4668 Et
1162 4611 1309 4676 illud,
1346 4612 1581 4679 Inventa,
1612 4621 1693 4667 est
1734 4629 1799 4667 ex
1844 4613 1907 4667 iis
1927 4627 2048 4684 qua:

463 4713 590 4762 sunt
616 4704 772 4759 valde
805 4703 987 4768 dubia,
1030 4712 1084 4759 et
1115 4712 1307 4773 printer
1336 4704 1812 4773 exspectationem,
1845 4719 2039 4774 nempe

463 4796 736 4866 quomodo
785 4811 880 4865 per
908 4812 1071 4850 unum
1103 4795 1378 4850 introitum
1406 4804 1662 4850 aeternam
1713 4794 1915 4849 invenit
1951 4810 2032 4849 re-

462 4888 846 4957 demptionem.
880 4888 1081 4944 Deinde
1126 4890 1367 4959 sequitur
1417 4888 1469 4942 id
1507 4887 1647 4958 quod
1675 4896 1759 4943 est
1783 4889 2039 4945 credibile

460 4990 516 5040 et
558 4979 788 5037 sﬂcrens
844 4980 1000 5037 ﬁdem
1046 4982 1176 5037 :i5.
1218 4979 1280 5036 Si
1330 4982 1462 5036 enim
1525 4982 1732 5053 sanguis
1784 4982 2040 5036 hircorum

464 5084 507 5128 et
530 5084 811 5131 taurorum.
830 5081 875 5127 et
890 5073 1018 5127 cinis
1065 5073 1235 5127 vitula:
1264 5089 1501 5144 aspersus
1544 5074 1831 5142 inquinatos
1859 5074 2046 5128 sancti-

463 5166 582 5233 ﬁcat
610 5164 680 5217 ad
703 5165 1109 5219 emundationem
1147 5165 1353 5219 carnis:
1376 5164 1462 5219 Η.
1492 5175 1679 5233 quanto
1723 5164 1883 5236 magis
1921 5182 2041 5218 san-

463 5256 579 5326 guis
610 5254 816 5323 Christi,
872 5256 959 5326 qui
1007 5271 1096 5325 per
1154 5256 1403 5326 Spiritum
1454 5266 1679 5309 sanctum
1724 5257 2044 5327 semetipsum

466 5348 645 5402 obtulit
702 5350 1083 5403 immaculatum
1132 5348 1239 5403 Deo
1269 5392 1284 5416 ,
1339 5349 1630 5402 enmntlabit
1683 5350 2040 5403 conscientiam

463 5448 690 5493 nostram
713 5440 775 5492 ab
788 5440 1020 5510 operibus
1040 5439 1252 5493 mortuis
1278 5440 1346 5492 ad
1364 5438 1680 5493 serviendum
1702 5439 1806 5493 Deo
1823 5441 2001 5492 viventi
2014 5441 2040 5494 Ρ

463 5532 518 5588 Si
541 5532 707 5598 enim,
732 5532 928 5602 inquit,
950 5547 1166 5587 carnem
1192 5540 1367 5602 potest
1391 5530 1651 5586 mundare
1676 5530 1893 5600 sanguis
1923 5540 2042 5585 tau-

468 5638 668 5685 rorum,
705 5624 871 5677 multo
904 5623 1073 5693 magis
1093 5622 1285 5678 sordes
1313 5624 1507 5678 animm
1537 5622 1809 5691 abstergvt
1829 5624 2045 5691 sanguis

467 5713 683 5771 Christi.
712 5714 846 5771 Nam
892 5732 959 5772 ne
998 5731 1119 5772 cum
1150 5717 1403 5783 audieris,
1454 5715 1755 5785 Saurti/icat
1796 5732 2043 5788 magnum

1203 293 1259 348 S.
1300 292 1576 351 JOANNIS
1612 295 2089 354 CHRYSOSTOMI
2127 300 2440 359 ARClllEP.
2472 305 3015 370 CONSTANTINUP.

3639 321 3733 385 Ιίὶο

2170 418 2297 489 quid
2322 419 2614 488 existimes,
2649 422 2867 477 adnotat
2892 434 2945 478 et
2968 425 3203 481 ostendit
3228 429 3353 498 quid
3385 431 3593 489 intersit
3616 440 3744 494 inter

2171 518 2450 581 utramque
2480 514 2984 583 sanctiﬁcationem,
3017 527 3072 571 et
3098 521 3367 587 quomodo
3396 522 3511 578 hinc
3536 528 3741 597 quidem

2170 612 2249 659 est
2277 604 2543 673 sublimis,
2575 606 2663 660 illa
2696 623 2825 661 vero
2852 606 3104 663 humilis:
3134 620 3188 666 et
3219 612 3349 667 dicit
3378 618 3573 673 merito
3601 620 3648 674 id
3678 623 3742 675 ita

2168 710 2309 761 esse,
2334 697 2598 766 siquidem
2622 698 2709 753 ille
2737 699 2954 768 quidem
2978 711 3059 755 est
3080 707 3299 773 sanguis
3324 715 3620 773 taurorum,
3661 713 3743 768 hic

2168 795 2344 841 autem
2373 787 2591 843 Christi.
2620 788 2729 843 Nec
2765 789 2861 843 fuit
2886 799 3171 847 contentus
3198 797 3438 863 nomine,
3465 800 3560 854 sed
3585 803 3739 857 etiam

2169 879 2382 933 modum
2416 880 2568 949 ponit
2602 880 2909 937 oblationis.
2956 882 3056 949 Qui
3091 902 3180 954 per
3206 886 3461 957 Spiritum
3491 904 3738 963 sanctum,

2168 969 2352 1039 inquit,
2373 971 2694 1041 semetipsum
2721 972 2901 1027 obtulit
2934 974 3315 1032 immaculatum
3343 978 3449 1035 Deo
3468 999 3487 1035 .'
3512 982 3617 1039 hoc
3640 997 3737 1054 est,

2167 1058 2392 1114 hostiam
2421 1061 2839 1128 immaculatum,
2869 1065 3124 1120 mundam
3151 1082 3178 1119 a
3211 1072 3464 1138 peccatis.
3492 1073 3625 1129 Illud
3651 1091 3743 1132 au-

2166 1160 2294 1217 tem,
2326 1152 2431 1206 Per
2457 1151 2713 1223 Spiritum
2737 1164 2991 1221 sanctum,
3024 1157 3075 1211 id
3121 1168 3224 1224 est,
3255 1177 3361 1215 non
3402 1177 3498 1231 per
3528 1165 3700 1236 ignem
3722 1212 3737 1236 ,

2164 1258 2268 1297 non
2306 1259 2401 1313 per
2429 1245 2601 1315 aliqua
2633 1246 2756 1300 alia.
2776 1245 3108 1316 Emundabit,
3148 1250 3354 1322 inquit,
3384 1260 3738 1316 conscientiam

2161 1343 2385 1388 nostram
2414 1335 2476 1389 ab
2504 1336 2738 1404 operibus
2770 1339 3001 1394 mortuis.
3034 1340 3200 1397 Recte
3229 1342 3383 1411 dixit,
3408 1346 3484 1400 Ab
3509 1351 3738 1419 aperibus

2159 1427 2389 1480 mortuis.
2412 1427 2466 1483 Si
2497 1428 2616 1495 quis
2642 1429 2784 1483 enim
2810 1439 2935 1485 tunc
2959 1432 3205 1503 tetigerat
3224 1446 3515 1505 mortuum,
3538 1441 3737 1510 pollue-

2157 1517 2345 1585 batur;
2377 1528 2431 1574 et
2475 1519 2563 1574 hic
2589 1520 2635 1574 si
2663 1521 2785 1591 quis
2818 1522 3051 1592 tetigerit
3104 1538 3240 1594 opus
3283 1538 3577 1596 mortuum,
3614 1534 3730 1602 pol-

2159 1609 2322 1664 luitur
2347 1625 2446 1681 per
2478 1612 2886 1666 conscientiam.
2931 1614 3012 1666 Ad
3037 1617 3375 1685 serviendum,
3410 1619 3601 1691 inquit,
3628 1623 3732 1680 Deo

2158 1700 2337 1753 viventi
2375 1710 2421 1754 et
2448 1718 2582 1755 vero.
2609 1701 2707 1756 llic
2732 1702 2987 1768 ostendit,
3025 1706 3167 1775 quod
3203 1708 3318 1762 fieri
3346 1724 3452 1765 non
3480 1722 3663 1781 potest
3681 1728 3735 1771 ut

2153 1790 2240 1859 qui
2274 1799 2482 1859 mortua
2505 1790 2667 1847 habet
2687 1807 2873 1863 opera,
2905 1795 3106 1849 serviat
3134 1812 3260 1852 vero
3281 1808 3335 1853 et
3362 1800 3558 1857 viventi
3590 1805 3723 1861 Deo.

2152 1879 2340 1935 Merito
2352 1880 2502 1949 dixit,
2525 1881 2628 1935 Deo
2642 1882 2823 1936 viventi
2842 1893 2888 1939 et
2904 1898 3040 1950 vero,
3055 1886 3342 1943 ostendens
3358 1889 3447 1945 illa
3466 1908 3588 1962 qua:
3609 1896 3729 1953 offe-

2150 1980 2340 2025 runtur
2369 1971 2466 2041 ipsi
2481 1971 2603 2026 talia
2621 1986 2738 2027 esse
2758 1972 2974 2029 debere.
3004 1974 3132 2043 Quae
3146 1992 3176 2031 a
3194 1978 3348 2034 nobis
3386 1997 3514 2053 ergo
3536 1987 3732 2054 prode.

2144 2067 2259 2125 unt,
2301 2060 2531 2116 viventia
2569 2070 2625 2119 et
2673 2077 2799 2119 vera
2823 2073 2946 2117 sunt
2971 2081 2986 2119 :
3017 2065 3105 2118 illa
3135 2080 3260 2120 vero
3284 2081 3405 2137 quae
3444 2081 3475 2121 a
3505 2066 3729 2135 Iudaeis,

2143 2157 2195 2201 et
2231 2159 2437 2204 mortua
2462 2160 2515 2206 et
2541 2150 2709 2221 falsa;
2739 2162 2794 2208 et
2811 2154 3028 2210 merito.

2215 2240 2267 2294 ὅ.
2288 2241 2469 2296 Nullus
2492 2244 2651 2313 igitur
2680 2245 2882 2302 habens
2902 2262 3065 2318 opera
3091 2256 3299 2304 mortua
3329 2249 3434 2305 huc
3454 2249 3731 2321 ingredia-

2147 2340 2248 2384 tur.
2284 2329 2339 2386 Si
2369 2337 2507 2388 enim
2536 2352 2657 2391 eum
2688 2338 2777 2407 qui
2806 2348 3071 2394 mortuum
3103 2356 3297 2411 corpus
3329 2343 3600 2413 tangebat,
3626 2358 3731 2398 non

2143 2424 2426 2493 Oportebat
2460 2427 2684 2497 ingredi,
2719 2430 2887 2486 multo
2912 2432 3082 2502 magis
3108 2448 3232 2487 eum
3271 2434 3359 2504 qui
3381 2448 3545 2504 opera
3569 2436 3733 2490 habet

2143 2522 2352 2567 mortua
2377 2530 2391 2567 :
2426 2525 2509 2569 est
2537 2517 2679 2570 enim
2705 2518 2927 2587 pollutio
2955 2521 3296 2591 gravissima.
3315 2523 3524 2578 Mortua
3546 2534 3729 2580 autem

2141 2616 2264 2660 sunt
2290 2622 2450 2677 opera
2477 2611 2655 2666 omnia
2682 2628 2801 2682 quae
2832 2615 2990 2668 vitam
3022 2630 3126 2670 non
3160 2616 3506 2688 Itabent,quae
3527 2627 3728 2674 tetrum

2148 2696 2357 2765 spirant
2383 2698 2624 2755 odorem.
2654 2701 2805 2757 Sicut
2829 2706 2970 2759 enim
3002 2720 3200 2777 corpus
3217 2718 3485 2764 mortuum
3512 2709 3580 2764 ad
3617 2710 3735 2764 nul-

2142 2785 2250 2841 lum
2279 2803 2494 2843 sensum
2524 2799 2607 2846 est
2633 2792 2783 2859 utile,
2815 2794 2910 2849 sed
2940 2796 3101 2850 etiam
3132 2798 3377 2853 molestia
3418 2798 3588 2854 afficit
3642 2815 3735 2855 eos

2139 2878 2228 2948 qui
2257 2881 2689 2951 appropinquant
2719 2902 2732 2936 :
2764 2885 2833 2938 ita
2862 2887 3023 2941 etiam
3071 2899 3349 2958 peccatum
3385 2892 3564 2945 statim
3611 2892 3734 2947 ferit

2142 2966 2446 3025 facultatem
2487 2972 2866 3037 ratiocinandi.
2891 2985 2946 3030 et
2976 2992 3076 3032 nec
3112 2979 3283 3048 ipsam
3314 2980 3529 3050 quidem
3577 2998 3735 3037 men-

2140 3065 2245 3113 tem
2277 3060 2405 3114 sinit
2430 3060 2733 3131 quiescere,
2762 3063 2855 3118 sed
2884 3065 3045 3120 etiam
3075 3068 3183 3122 ciet
3211 3071 3495 3124 tumultum
3529 3079 3585 3126 et
3610 3086 3731 3126 eam

2138 3151 2432 3219 perturbat.
2489 3152 2694 3208 Dicitur
2743 3164 2920 3210 autem
2965 3158 3131 3226 pestis
3177 3174 3392 3231 quoque
3415 3171 3573 3216 enata
3605 3178 3733 3218 cor-

2140 3257 2388 3313 rumpere
2419 3258 2665 3313 corpora.
2698 3243 2827 3302 Tale
2845 3256 2926 3302 est
2952 3250 3113 3304 etiam
3146 3261 3422 3321 peceatum
3458 3271 3472 3307 :
3504 3269 3534 3308 a
3576 3265 3736 3325 peste

2140 3334 2271 3389 nihil
2325 3335 2524 3403 dill'ert,
2551 3352 2656 3393 non
2681 3353 2859 3396 aerem
2890 3342 3118 3411 primum
3145 3359 3516 3416 corrumpens,
3531 3347 3735 3404 deinde

2136 3438 2383 3494 corpora,
2415 3428 2511 3482 sed
2542 3429 2721 3484 statim
2753 3431 2808 3485 in
2842 3432 3074 3487 animam
3104 3434 3369 3492 insiliens.

2213 3514 2383 3571 Morbi
2405 3519 2589 3573 animte
2615 3521 2802 3575 morbis
2819 3523 3046 3593 corporis
3074 3526 3293 3595 pejores.
3317 3528 3472 3581 Amor
3500 3530 3739 3596 pecuniz

2138 3615 2381 3673 quantum
2409 3607 2621 3662 malum.
2645 3639 2717 3650 —
2737 3609 2852 3664 Non
2875 3611 3020 3667 vides
3040 3628 3134 3668 eos
3161 3615 3249 3683 qui
3279 3625 3427 3686 peste
3456 3617 3733 3681 laborant,

2138 3696 2408 3764 quomodo
2428 3697 2843 3768 inﬂammantur,
2858 3703 3126 3773 quomodo
3142 3707 3411 3776 agitantur
3425 3716 3478 3762 et
3498 3709 3735 3765 cireum-

2134 3786 2438 3856 volvuntur,
2458 3791 2725 3859 quomodo
2738 3792 2924 3849 [αξιοι-θ
2939 3802 3062 3848 sunt
3079 3795 3239 3864 pleni,
3273 3812 3430 3866 quam
3445 3803 3622 3869 turpis
3652 3809 3734 3855 est

2140 3892 2325 3934 eorum
2354 3890 2617 3951 aspectus,
2648 3898 2805 3953 quam
2839 3885 2930 3939 toti
2955 3895 3080 3940 sunt
3100 3886 3396 3941 immundi?
3421 3887 3582 3944 Tales
3609 3899 3734 3945 sunt

2138 3971 2297 4024 etiam
2320 3972 2407 4042 qui
2430 3983 2669 4040 peccant,
2695 3976 2902 4031 etiamsi
2921 3993 3026 4031 non
3058 3978 3291 4033 videant.
3312 3979 3442 4033 Nam
3464 3980 3551 4035 die
3575 3981 3730 4047 mihi,

2142 4076 2315 4116 annon
2346 4065 2532 4132 quovis
2550 4065 2886 4121 febricitante
2907 4077 2989 4122 est
3014 4069 3249 4125 deterior
3275 4070 3364 4140 qui
3383 4072 3625 4141 pecunia:
3640 4085 3734 4127 aut

2140 4165 2422 4221 corporum
2443 4164 2627 4223 captus
2644 4165 2724 4210 est
2741 4156 3030 4214 desiderio?
3047 4175 3222 4214 annon
3245 4161 3325 4215 his
3340 4171 3424 4216 est
3447 4163 3729 4230 impuriOr,

2139 4243 2227 4313 qui
2275 4244 2450 4296 omnia
2478 4246 2647 4314 turpia
2678 4248 2787 4316 agit
2811 4235 2879 4304 ‘et
2904 4250 3135 4319 patitur?
3166 4251 3303 4320 Quid
3342 4260 3427 4307 est
3444 4252 3591 4306 enim
3616 4253 3734 4308 viro

2142 4334 2345 4404 turpius
2384 4336 2472 4404 qui
2505 4344 2715 4391 tenetur
2744 4353 2925 4394 amore
2954 4342 3734 4411 pecunim?namqu:ecumque

2138 4426 2471 4491 meretrices,
2504 4443 2855 4497 quaecumque
2884 4433 3108 4486 scenica:
3152 4432 3405 4487 mulieres
3431 4448 3539 4486 non
3568 4447 3733 4488 recu-

2139 4523 2258 4569 sant
2286 4515 2482 4583 facere,
2511 4534 2573 4572 ea
2600 4534 2700 4574 nec
2726 4520 2862 4587 iste;
2898 4523 3004 4576 imo
3035 4539 3158 4578 vero
3212 4532 3294 4578 est
3320 4524 3630 4591 verisimile,
3664 4524 3732 4577 il-

2141 4606 2220 4661 las
2286 4609 2454 4677 magis
2503 4627 2661 4680 quam
2713 4613 2853 4668 hunc
2900 4631 3168 4671 recusare.
3221 4617 3356 4684 Quid
3407 4617 3570 4684 dico,
3620 4631 3733 4673 non

2138 4703 2385 4756 recusat?
2438 4719 2524 4757 res
2576 4705 2776 4774 patitur
2814 4708 3059 4774 serviles,
3103 4709 3324 4765 adulans
3370 4710 3562 4779 quibus
3619 4724 3732 4765 non

2141 4804 2370 4860 Oportet.
2401 4797 2568 4850 audax
2601 4814 2782 4852 rursus
2813 4809 2867 4854 et
2920 4801 3193 4855 conlidens
3225 4802 3312 4855 ubi
3356 4819 3460 4857 non
3491 4809 3729 4873 oportet,

2131 4883 2329 4953 ubique
2379 4886 2694 4955 inaequalis:
2726 4887 2854 4942 viris
2893 4902 3037 4958 saepe
3077 4888 3372 4955 sceleratis,
3413 4898 3469 4944 et
3497 4891 3715 4958 prmsti-

2128 4974 2423 5045 giatoribus
2448 4977 2715 5047 corruptis
2739 4992 2802 5032 ae
2827 4979 3024 5047 pravis,
3051 4979 3204 5048 longe
3226 4979 3341 5048 ipso
3364 4988 3419 5034 et
3437 4978 3726 5048 pauperio-

2132 5064 2280 5119 rihus
2302 5075 2354 5119 et
2380 5064 2762 5136 abjectioribus
2786 5066 2989 5123 assidet
3009 5076 3317 5134 assentans,
3336 5078 3389 5124 et
3417 5069 3537 5123 aliis
3563 5067 3722 5123 bonis

2131 5166 2185 5211 ct
2204 5157 2398 5212 virtute
2426 5158 2661 5227 przrditis
2690 5158 2951 5215 insultans
2995 5171 3048 5215 et
3073 5162 3412 5217 contumeliis
3433 5170 3723 5231 appetens.

2132 5250 2325 5304 Vidisti
2360 5253 2625 5320 utrimque
2668 5254 2918 5321 probrum
2941 5263 2995 5307 et
3042 5254 3564 5323 impudentiam?est
3592 5269 3728 5322 per-

2134 5342 2254 5397 inde
2286 5342 2500 5397 humilis
2552 5354 2749 5412 prmter
2790 5345 3029 5409 modum,
3073 5356 3235 5417 atque
3279 5362 3556 5417 arrogans.
3611 5345 3729 5402 Sed

2132 5433 2280 5487 domi
2313 5442 2455 5487 stant
2497 5436 2832 5503 meretrices,
2880 5446 2936 5491 et
2981 5438 3083 5492 hoc
3127 5448 3209 5492 est
3259 5453 3443 5494 earum
3485 5439 3722 5504 crimen,

2135 5525 2273 5595 quod
2331 5538 2524 5593 corpus
2574 5525 2806 5581 vendant
2852 5528 3094 5596 pecuniis
3127 5547 3140 5582 :
3172 5543 3355 5583 verum
3410 5538 3725 5599 paupertas,

2138 5614 2331 5683 inquit,
2354 5615 2512 5684 cogit,
2544 5624 2600 5670 et
2627 5616 2791 5671 fames
2817 5618 2979 5688 cogit,
2996 5618 3096 5673 etsi
3120 5618 3347 5672 maxime
3375 5634 3443 5673 ne
3473 5621 3572 5675 hoc
3594 5617 3729 5687 qui-

2135 5702 2256 5758 dem
2282 5704 2472 5760 sufficit
2501 5705 2567 5761 ad
2597 5707 2992 5764 excusationem
3024 5725 3037 5762 :
3070 5717 3310 5777 poterant
3339 5708 3479 5764 enim
3499 5708 3565 5763 ah
3584 5722 3724 5777 ope-
