3980 6142
360 330 456 388 121

357 442 569 491 rantes.
588 431 692 488 Hic
718 436 901 488 autem
929 434 1038 486 stat
1067 442 1287 495 avarus,
1311 444 1423 484 non
1447 428 1617 496 domi,
1641 430 1735 487 sed
1756 431 1811 487 in
1834 446 1942 487 me-

356 532 449 585 dia
479 530 728 591 civitate,
751 541 859 581 non
882 539 1107 594 corpus,
1126 522 1221 580 sed
1241 523 1480 579 animam
1501 523 1720 581 diabolo
1738 530 1938 598 prosti-

361 635 546 685 tnens,
570 630 632 676 ut
662 627 718 675 et
749 625 906 675 coeat
930 627 983 674 et
1008 617 1076 672 ad
1108 617 1284 688 ipsum
1315 618 1624 673 meretricis
1658 618 1833 675 instar
1857 620 1937 676 in-

359 715 641 784 grediatur
664 753 680 779 ,
715 720 771 768 et
800 709 948 765 omni
985 709 1107 780 ejus
1136 708 1359 780 impleta
1400 708 1628 765 libidine
1669 723 1859 780 exeat;
1888 723 1941 768 et

365 808 504 863 videt
548 813 660 861 tota
700 804 925 868 civitas,
966 816 1079 857 non
1118 800 1228 856 duo
1258 808 1355 856 aut
1393 810 1503 857 tres
1541 802 1665 856 viri.
1713 803 1825 859 Hoc
1857 816 1940 860 est

360 899 524 953 etiam
555 896 835 968 proprium
863 895 1239 959 meretricum,
1263 892 1407 962 quod
1438 892 1559 964 ejus
1590 893 1701 948 sint
1732 895 1824 964 qui
1848 896 1941 949 dat

363 1005 588 1046 aurum:
612 996 667 1044 et
690 988 813 1043 licet
832 986 905 1042 sit
928 1000 1141 1051 servus,
1161 985 1289 1042 licet
1313 985 1472 1052 liber,
1496 986 1624 1041 licet
1646 986 1936 1059 gladiator,

365 1083 489 1139 licet
504 1081 755 1153 quilibet,
774 1079 820 1137 si
843 1079 1089 1149 porrigat
1109 1079 1441 1141 mercedem,
1464 1079 1615 1133 illum
1634 1080 1936 1150 excipiunt;

363 1174 564 1229 liberos
583 1179 789 1236 autem,
808 1170 974 1225 etiam
994 1169 1040 1225 si
1056 1168 1167 1225 sint
1184 1170 1432 1225 omnium
1451 1171 1803 1239 nobilissimi,
1822 1172 1940 1229 sine

362 1263 593 1334 pecunia
614 1277 722 1317 non
740 1260 1054 1316 admittunt.
1077 1260 1194 1316 Hoc
1217 1261 1307 1316 isti
1340 1276 1557 1332 quoque
1586 1261 1793 1318 faciunt
1817 1280 1831 1317 :
1861 1280 1938 1319 re-

363 1365 478 1411 ctas
492 1354 714 1425 quidem
735 1353 1118 1423 cogitationes,
1136 1368 1263 1408 cum
1285 1355 1573 1425 pecuniam
1595 1370 1699 1408 non
1717 1355 1935 1420 habent,

366 1454 716 1512 aversantur;
737 1461 863 1501 cum
885 1445 1166 1501 sceleratis
1186 1456 1365 1501 autem
1381 1455 1436 1501 et
1451 1446 1841 1502 bestiariorum
1864 1448 1940 1502 ιΙῘ·

364 1539 483 1610 gitis
506 1546 702 1593 coeunt
732 1547 952 1609 propter
981 1552 1201 1603 aurum,
1224 1538 1623 1608 inhonesteqne
1646 1548 1865 1603 coeunt,
1886 1547 1939 1593 et

366 1631 595 1702 perdunt
616 1632 812 1685 animae
832 1627 1322 1700 pulchritudinem.
1352 1629 1486 1684 Nam
1511 1639 1570 1685 ut
1603 1631 1708 1686 illae
1740 1640 1936 1685 natura

363 1722 579 1791 quidem
606 1720 885 1777 deformes
904 1728 961 1777 et
991 1721 1178 1792 nigrar,
1196 1729 1549 1792 agrestesque
1580 1730 1634 1778 et
1655 1737 1857 1778 crassa:
1883 1730 1939 1777 et

362 1811 647 1879 informes,
669 1822 724 1868 et
748 1828 859 1868 non
882 1820 1053 1869 rectae
1075 1812 1284 1885 figurae,
1308 1823 1361 1871 et
1382 1815 1531 1869 omni
1554 1832 1619 1870 ex
1647 1823 1801 1886 parte
1824 1822 1938 1869 tur-

363 1918 486 1973 pes:
509 1904 583 1958 ita
606 1903 803 1960 horum
831 1919 1049 1976 quoque
1070 1906 1206 1960 fiunt
1228 1906 1447 1974 animae,
1469 1922 1590 1977 qua:
1610 1924 1679 1963 ne
1697 1907 1938 1963 externis

362 1995 576 2065 quidem
598 1988 749 2053 illitis
774 1996 918 2053 fucis
940 1997 1347 2053 deformitatem
1374 2008 1605 2068 possunt
1620 2009 1935 2070 contegere.

362 2087 491 2143 Nam
513 2089 741 2159 quando
757 2095 999 2146 evtrema
1025 2090 1187 2145 fuerit
1203 2090 1544 2158 deformitas,
1565 2092 1828 2162 quidquid
1851 2109 1939 2147 ex-

360 2177 789 2248 eogitarint,nec
812 2187 1041 2249 possunt
1061 2189 1240 2236 tamen
1264 2182 1541 2252 obtegere.
1560 2182 1770 2238 Etenim
1792 2183 1938 2254 quod

361 2270 697 2339 impudentia
721 2272 917 2327 efficiat
958 2273 1305 2339 meretrices,
1334 2273 1462 2328 audi
1502 2274 1821 2344 prophetam
1857 2274 1913 2328 di

359 2367 563 2413 autem
587 2376 603 2413 :
637 2358 918 2426 [mpudens
942 2361 1077 2427 facta
1102 2376 1155 2413 es
1178 2361 1245 2411 ad
1273 2375 1443 2413 omnes
1465 2400 1481 2424 ,
1526 2360 1615 2412 tibi
1644 2362 1738 2430 fuit
1766 2358 1921 2429 facies

359 2449 632 2503 meretricis
661 2448 795 2517 (Jer.
829 2452 883 2506 '5.
913 2451 989 2517 5).
1020 2449 1132 2503 Hoc
1166 2449 1324 2504 etiam
1357 2448 1461 2503 dici
1498 2456 1674 2516 potest
1700 2448 1875 2501 avaris
1900 2463 1915 2501 :

360 2538 640 2607 [mpudens
666 2538 840 2594 factus
883 2555 943 2594 es
986 2540 1052 2593 ad
1080 2553 1287 2603 omnes,
1329 2551 1433 2592 non
1473 2537 1539 2591 ad
1571 2537 1669 2591 hos
1693 2546 1747 2592 et
1776 2537 1915 2604 illos,

356 2629 447 2684 sed
470 2630 537 2683 ad
584 2644 794 2685 omnes.
820 2629 1139 2698 Quomodo?
1172 2629 1285 2683 Non
1324 2635 1548 2698 patrem,
1595 2642 1700 2682 non
1730 2627 1914 2692 filium,

356 2735 457 2774 non
490 2735 733 2787 uxorem,
752 2735 860 2775 non
898 2720 1148 2785 amicum,
1198 2735 1302 2774 non
1328 2720 1564 2786 fratrem,
1594 2734 1698 2774 non
1749 2720 1914 2774 bene-

355 2808 530 2875 ficum,
557 2811 830 2865 neminem
861 2823 1136 2865 reveretur
1161 2812 1249 2879 qui
1279 2818 1361 2864 est
1385 2810 1664 2879 ejusmodi.
1696 2811 1760 2864 Et
1788 2809 1912 2879 quid

352 2900 468 2955 dico
493 2900 724 2955 amicum
740 2909 797 2956 et
818 2900 1028 2956 fratrem
1058 2908 1112 2955 et
1138 2901 1379 2970 patrem?
1407 2916 1475 2956 ne
1505 2901 1677 2970 ipsum
1699 2900 1909 2970 quidem

353 2999 561 3044 veretur
590 2989 781 3057 Deum,
813 2989 907 3044 sed
936 2990 1112 3044 omnia
1141 2992 1189 3045 el
1219 2989 1464 3046 videntur
1488 3004 1609 3047 esse
1631 2990 1825 3058 fabula,
1856 3000 1909 3046 et

352 3078 482 3132 ridet
505 3093 537 3132 a
565 3079 732 3134 multa
770 3078 1058 3148 cupiditate
1086 3078 1286 3144 ebrius,
1335 3095 1402 3135 ne
1434 3080 1651 3135 auribus
1693 3081 1906 3152 quidem

348 3169 627 3239 quidquam
658 3169 947 3224 admittens
962 3184 1145 3225 eorum
1166 3185 1284 3239 qua:
1307 3179 1528 3239 possunt
1552 3171 1600 3229 ei
1632 3171 1904 3240 prodesse.

349 3258 470 3322 Sed,
518 3274 552 3313 o
590 3259 1002 3325 absurditatem,
1046 3274 1290 3329 quantam
1323 3260 1644 3329 loquuntur!
1677 3260 1767 3316 Va:
1810 3262 1906 3317 tibi

348 3363 614 3415 mamona,
671 3359 728 3404 et
777 3351 827 3405 ei
877 3352 967 3420 qui
1019 3360 1070 3406 te
1105 3366 1208 3404 non
1264 3350 1441 3405 habet.
1496 3351 1575 3405 lra
1621 3352 1901 3408 dissecor:

348 3436 430 3492 Vae
448 3438 610 3494 etiam
633 3440 700 3494 iis
721 3440 811 3509 qui
841 3439 956 3495 lucc
980 3441 1183 3507 dicunt,
1212 3440 1419 3495 etiamsi
1450 3441 1674 3498 ridendo
1696 3442 1901 3502 dicant.

343 3526 466 3582 Nam
516 3529 604 3583 dic
659 3530 825 3597 mihi,
871 3545 1050 3586 annon
1098 3532 1230 3586 tales
1281 3532 1451 3586 minas
1490 3533 1630 3587 Deus
1674 3534 1902 3588 intenta-

343 3621 431 3684 vit,
482 3620 667 3675 dicens
721 3639 734 3675 :
792 3620 914 3674 Non
965 3623 1171 3691 potestis
1215 3621 1411 3677 duobus
1455 3622 1671 3676 dominis
1718 3624 1903 3678 servire

342 3708 547 3778 (Matth.
602 3709 658 3764 6.
715 3707 842 3780 23)?
892 3717 948 3763 tu
1000 3718 1177 3764 autem
1223 3712 1393 3765 minas
1422 3709 1669 3767 dissolvis
1689 3710 1810 3765 dum
1838 3726 1898 3767 ea

340 3799 391 3852 in
433 3799 686 3853 damnum
743 3807 886 3853 tuntn
933 3800 1097 3853 audes
1145 3799 1359 3854 dicere?
1398 3816 1574 3854 annon
1617 3817 1733 3856 eam
1774 3800 1901 3855 dicit

338 3888 526 3944 Paulus
569 3904 691 3944 esse
743 3888 1113 3955 idololatriam,
1153 3899 1208 3944 et
1232 3906 1448 3944 avarum
1493 3901 1641 3945 vocat
1684 3892 1898 3947 idolola-

338 3980 505 4034 tram?
531 3989 588 4035 tu
610 3990 788 4035 autem
816 3987 927 4034 stas
957 3980 1137 4035 ridens
1165 3980 1329 4034 instar
1348 3981 1679 4035 saecularium
1709 3985 1895 4037 mulie-

336 4084 469 4136 rum,
497 4073 669 4125 instar
709 4086 892 4126 earum
949 4085 1067 4140 quae
1108 4079 1231 4126 sunt
1274 4071 1325 4125 in
1371 4086 1531 4128 scena
1583 4075 1743 4128 risum
1785 4091 1896 4129 nio-

336 4174 479 4215 ναις.

399 4253 454 4308 4.
494 4251 607 4306 Hoc
622 4251 796 4305 omnia
818 4250 1033 4315 evertit,
1064 4249 1165 4305 hoc
1185 4249 1399 4320 dejicit:
1424 4252 1527 4307 Res
1557 4264 1750 4308 nostra:
1777 4254 1895 4309 effe-

334 4351 427 4398 cta:
454 4352 581 4399 sunt
602 4342 763 4408 risus,
778 4341 1012 4396 civilitas
1036 4350 1089 4397 et
1108 4342 1397 4397 urbanitas.
1417 4344 1559 4399 Nihil
1581 4347 1790 4409 stabile,
1815 4349 1893 4401 ni-

334 4434 401 4490 hil
427 4432 857 4505 grave.Nonhoc
876 4432 1045 4485 solum
1081 4432 1199 4488 dico
1230 4435 1353 4489 viris
1383 4435 1538 4504 hujus
1568 4438 1687 4491 vita:
1716 4438 1892 4494 studio

300 4521 653 4587 'deditis,sed
692 4522 807 4578 scio
837 4535 970 4590 quos
1016 4522 1211 4576 innuo:
1244 4523 1352 4577 risu
1394 4525 1533 4577 enim
1572 4526 1783 4595 impleta
1812 4538 1893 4581 ert

332 4612 586 4666 Ecclesia.
611 4609 670 4666 Si
701 4610 965 4680 quispiam
989 4610 1218 4666 facetum
1247 4613 1370 4682 quid
1402 4614 1616 4680 dixerit,
1645 4616 1780 4670 inter
1809 4632 1892 4672 se~

326 4704 514 4760 dentes
535 4704 714 4758 statim
738 4703 975 4757 nascitur
1000 4704 1173 4759 risus:
1195 4706 1407 4774 etquod
1434 4716 1514 4760 est
1532 4707 1793 4774 mirabile,
1825 4726 1890 4763 ne

325 4796 379 4850 in
397 4796 514 4867 ipso
537 4793 753 4864 quidem
786 4808 1001 4864 precum
1030 4802 1268 4866 tempore
1287 4805 1494 4849 cessant
1512 4798 1662 4850 nmlti
1694 4798 1887 4854 ridere.

326 4878 526 4951 Ubique
544 4881 740 4937 choros
765 4882 912 4936 ducit
938 4883 1195 4947 diabolus,
1215 4898 1403 4938 omnes
1420 4885 1688 4951 ingressus
1706 4889 1805 4941 est.
1832 4881 1882 4934 in

314 4984 500 5027 omnes
513 4972 845 5027 dominatum
872 4974 1078 5029 obtinet
1112 4993 1125 5029 :
1153 4975 1399 5029 Christus
1428 4972 1753 5041 contemptui
1788 4971 1882 5024 ha-

315 5058 462 5114 betur
481 5102 496 5122 ,
526 5062 848 5117 extruditur.
887 5063 1035 5117 nihili
1060 5062 1661 5119 duciturEcclesia.Non
1685 5062 1879 5115 auditis

310 5149 526 5206 Paulum
548 5153 815 5209 dicentem
839 5170 853 5204 :
874 5155 1173 5222 Turpitndo,
1194 5165 1239 5208 et
1256 5154 1641 5220 stultiloquium,
1674 5164 1719 5204 et
1735 5169 1875 5205 scur-

309 5240 469 5296 rilitas
507 5244 723 5297 tollatur
751 5261 783 5296 a
804 5246 941 5299 robis
965 5245 1180 5315 (Ep/tes.
1210 5247 1260 5300 ’5.
1287 5246 1375 5313 ιη
1395 5247 1523 5299 Cum
1555 5245 1873 5312 turpitudine

310 5332 452 5397 ponit
479 5331 903 5387 scurrilitatem:
931 5344 984 5387 ιιι
1022 5344 1196 5388 autent
1243 5335 1422 5387 rides?
1462 5334 1597 5400 Quid
1639 5333 1865 5386 stultilo-

305 5422 481 5487 quium
494 5422 519 5473 ἲ
535 5437 656 5490 qua:
674 5421 806 5476 nihil
830 5422 1026 5478 habent
1048 5423 1195 5480 mile.
1210 5422 1288 5479 Tu
1309 5432 1481 5478 tamen
1502 5425 1659 5485 rides,
1674 5433 1723 5475 et
1754 5427 1867 5473 vnl-

305 5518 406 5562 tum
420 5510 698 5576 diﬂ'undis,
714 5512 803 5579 qui
821 5528 878 5567 es
901 5513 1189 5568 monachus
1207 5514 1230 5566 ?
1251 5514 1338 5583 qui
1363 5513 1664 5577 crucifixus,
1683 5511 1769 5581 qui
1792 5510 1866 5563 ln-

301 5598 654 5668 ctumiuduis,
680 5602 845 5669 rides,
865 5603 950 5657 die
968 5604 1132 5658 mihi?
1155 5604 1249 5659 Ubi
1279 5604 1451 5658 vidisti
1470 5602 1734 5656 Christum
1766 5600 1863 5653 hoc

304 5687 626 5749 facientem?
655 5692 925 5765 Nusquam
953 5712 966 5757 ;
993 5694 1087 5749 sed
1112 5710 1251 5763 szepe
1275 5693 1487 5762 quidem
1522 5692 1746 5746 tristem.
1774 5691 1860 5745 Et-

1178 321 1243 378 ΙΝ
1281 319 1497 379 EPIST.
1536 319 1629 377 AD
1668 317 2029 377 llEBR/EOS.
2071 322 2225 378 CAP.
2268 321 2359 379 IX.
2403 322 2630 381 llOMlL.
2672 324 2790 382 XV.

3509 326 3611 381 ΗΞ

2039 426 2179 479 enim
2206 427 2418 496 quando
2447 427 2575 482 vidit
2608 425 2934 491 Jerusalem,
2980 424 3161 489 ﬂevit;
3192 432 3247 480 et
3272 423 3485 495 quando
3534 430 3601 476 ut:

2039 515 2309 584 proditore
2337 517 2604 587 cogitavit,
2631 516 2729 571 fuit
2754 516 3028 579 turbatus;
3055 514 3329 584 etquando
3344 512 3601 567 Lazarum

2035 606 2386 659 suscitaturus
2424 616 2558 667 erat,
2595 606 2915 676 lacrymatus
2963 614 3043 659 est
3067 622 3081 657 :
3108 612 3167 656 tu
3194 612 3372 657 autem
3417 598 3598 656 rides?

2034 694 2089 748 Si
2111 694 2197 763 qui
2226 703 2440 765 propter
2462 695 2686 749 aliorum
2716 702 2933 764 peccata
2962 708 3067 748 non
3105 692 3271 756 dolet,
3296 693 3484 761 dignus
3513 698 3596 743 est

2031 785 2121 853 qni
2170 795 2488 839 accusetur:
2518 785 2607 853 qui
2640 800 2736 853 pro
2781 786 2893 839 suis
2925 784 3068 839 nullo
3114 784 3340 852 tangitur
3382 782 3588 849 d0l0te,

2032 874 2124 929 sed
2148 873 2307 935 ridet.
2330 888 2560 943 quanam
2590 873 2693 929 erit
2713 873 2903 945 dignus
2931 875 3077 931 venia
3100 875 3122 929 ?
3142 874 3337 929 Luctus
3353 883 3434 927 est
3463 881 3595 926 tem-

2032 979 2131 1033 pus
2156 973 2210 1019 et
2238 962 2558 1028 afﬂictionis,
2578 965 2938 1033 castigationis
2954 976 3008 1021 et
3031 966 3296 1021 servitutis
3312 963 3592 1031 obeundae,

2029 1055 2378 1113 certaminum
2406 1064 2459 1112 et
2483 1054 2740 1111 sudorum
2766 1072 2780 1109 :
2812 1064 2869 1110 tu
2887 1065 3064 1110 autem
3087 1056 3269 1110 rides?
3295 1055 3410 1110 Non
3440 1055 3592 1111 vides

2027 1146 2298 1217 quomodo
2342 1147 2613 1216 increpata
2663 1144 2762 1199 fuit
2789 1144 2952 1201 Sara?
3007 1159 3114 1199 non
3139 1144 3291 1199 audis
3318 1142 3590 1199 Christum

2026 1240 2292 1293 dicentem
2327 1255 2341 1291 :
2386 1236 2471 1291 γω
2497 1237 2584 1306 qui
2602 1236 2788 1301 rident,
2815 1236 3052 1304 quoniam
3085 1236 3348 1304 plorabant
3378 1233 3585 1306 (Luc.5.

2028 1327 2281 1398 εὕρηκε
2299 1327 2477 1398 psallis
2494 1325 2749 1395 quotidie.
2768 1325 2902 1393 Quid
2921 1327 3060 1380 enim
3080 1324 3232 1388 dicis,
3257 1324 3342 1379 dic
3369 1325 3589 1394 quazso?

2026 1419 2250 1483 dicisne,
2284 1419 2430 1474 Risi?
2474 1417 2855 1488 Nequaquam;
2912 1414 3005 1471 sed
3055 1414 3217 1485 quid?
3254 1412 3497 1468 Laboravi
3538 1416 3590 1468 in

2025 1515 2212 1583 gemitu
2238 1529 2364 1565 meo.
2389 1511 2491 1566 Sed
2523 1512 2751 1565 fortasse
2775 1507 2988 1578 quidam
3037 1517 3153 1561 sunt
3193 1506 3329 1561 adeo
3347 1506 3589 1562 dissoluti

2026 1606 2336 1675 mollesque,
2361 1614 2416 1658 ιιι
2441 1606 2598 1657 etiam
2626 1604 2678 1656 in
2697 1604 2794 1656 hac
2820 1600 3183 1669 increpatione
3205 1598 3429 1665 rideant,
3452 1615 3584 1670 quo-

2023 1697 2167 1748 niam
2194 1694 2260 1747 de
2286 1695 2393 1747 risu
2440 1693 2551 1747 ha-c
2592 1692 2837 1747 dicimus.
2874 1692 3081 1746 Etenim
3108 1689 3364 1758 ejusmodi
3390 1706 3474 1744 res
3504 1691 3583 1745 fu.

2023 1800 2135 1847 ror,
2169 1784 2287 1838 talis
2338 1784 2531 1838 mentis
2565 1793 2769 1852 stupor,
2804 1797 2870 1836 ne
2893 1781 3055 1837 sentit
3100 1780 3314 1850 quidem
3348 1780 3588 1853 increpa-

2024 1873 2245 1928 tionem.

2095 1963 2250 2018 Risus
2281 1963 2336 2018 in
2370 1963 2580 2020 ecclesia
2615 1961 2920 2033 prohibitus.
2951 1989 3019 2005 -
3048 1961 3164 2020 Stat
3199 1962 3449 2018 sacerdos
3493 1964 3584 2016 Dei

2018 2054 2255 2105 omnium
2283 2052 2516 2109 offerens
2554 2056 2953 2125 precationem:
2981 2064 3034 2111 ιιι
3060 2065 3238 2112 autem
3269 2055 3433 2120 rides,
3468 2057 3599 2110 nihil

2012 2144 2247 2198 veritus?
2269 2154 2323 2200 et
2352 2144 2442 2199 ille
2466 2146 2681 2216 quidem
2714 2156 2950 2202 tremens
2982 2164 3079 2218 pro
3107 2157 3156 2202 te
3182 2146 3340 2202 offert
3371 2163 3556 2219 preces
3583 2168 3597 2204 :

2016 2243 2071 2289 tu
2096 2243 2274 2289 autem
2300 2235 2566 2306 despicis?
2593 2237 2708 2292 Non
2739 2238 2890 2293 audis
2921 2238 3252 2309 Scripturam
3281 2239 3548 2295 dicentem
3580 2258 3594 2293 :

2019 2324 2104 2380 Va:
2132 2327 2287 2392 vobis,
2321 2329 2722 2397 contemptores?
2750 2345 2856 2384 non
2885 2328 3191 2385 horrescis?
3221 2344 3326 2384 non
3366 2331 3594 2399 teipsum

2004 2416 2316 2473 contraltis?
2339 2417 2405 2472 Et
2427 2419 2627 2489 regiam
2659 2419 2874 2488 quidem
2902 2420 3224 2489 ingrediens.
3256 2430 3310 2475 et
3337 2420 3521 2476 habitu
3541 2428 3595 2476 et

2002 2516 2224 2578 aspectu
2257 2515 2311 2563 et
2348 2508 2560 2564 incessu
2588 2517 2642 2564 et
2671 2509 2918 2564 omnibus
2942 2509 3060 2564 aliis
3088 2518 3141 2565 te
3170 2525 3332 2564 ornas
3358 2519 3412 2564 et
3441 2525 3585 2565 com-

2002 2598 2191 2667 ponis;
2222 2598 2307 2653 hic
2331 2599 2635 2666 autem,ubi
2663 2601 3137 2671 vereestregia,et
3164 2603 3319 2671 plane
3350 2601 3435 2656 ltic
3463 2615 3588 2657 sunt

2003 2690 2131 2745 talia
2162 2690 2342 2761 qualia
2368 2690 2627 2758 caelestia,
2650 2691 2811 2747 etiam
2835 2691 3018 2747 rides?
3040 2693 3216 2762 Atque
3241 2693 3353 2747 seio
3373 2693 3588 2763 quidem

1999 2783 2141 2854 quod
2159 2792 2214 2839 tu
2227 2798 2331 2839 non
2355 2783 2525 2850 vides;
2546 2783 2671 2839 audi
2687 2794 2866 2840 autem
2891 2784 3032 2855 quod
3060 2786 3255 2856 ubique
3279 2786 3472 2841 adsunt
3495 2804 3589 2843 an~

1998 2875 2123 2947 geli,
2149 2884 2205 2932 et
2224 2876 2460 2931 maxime
2485 2877 2537 2931 in
2564 2876 2726 2931 domo
2755 2876 2847 2931 Dei
2878 2877 3135 2931 assistunt
3163 2878 3298 2946 regi,
3326 2888 3381 2933 et
3408 2880 3586 2933 omnia

1998 2981 2123 3025 sunt
2143 2969 2360 3041 impleta
2384 2970 2714 3039 ineorporeis
2729 2969 2835 3024 illis
2854 2971 3226 3040 potestatibus.
3240 2971 3437 3026 Eadem
3457 2987 3484 3024 a
3502 2987 3587 3027 me

1998 3061 2064 3116 ad
2104 3061 2355 3119 mulieres
2388 3076 2603 3133 quoque
2635 3061 2861 3117 habetur
2885 3064 3059 3117 oratio
3085 3080 3237 3119 :cum
3251 3065 3444 3120 adsunt
3470 3067 3587 3136 qui-

1996 3150 2118 3207 dem
2136 3152 2253 3219 viri,
2276 3166 2380 3206 non
2394 3161 2497 3205 tam
2510 3152 2617 3207 cito
2634 3150 2684 3206 id
2698 3152 2893 3207 audent
2911 3152 3107 3217 facere;
3127 3154 3232 3208 etsi
3251 3153 3463 3221 faciant,
3477 3172 3582 3211 non

1995 3258 2230 3315 semper,
2249 3243 2344 3299 sed
2379 3254 2618 3313 tempore
2632 3244 2978 3298 recreationis
3006 3259 3068 3298 ac
3086 3244 3425 3300 relaxationis
3454 3265 3467 3299 :
3500 3247 3585 3301 hic.

1994 3345 2173 3391 autem
2186 3351 2418 3405 semper.
2437 3336 2648 3405 Operis,
2666 3334 2752 3390 dic
2778 3336 2927 3402 mihi,
2947 3347 3129 3407 caput,
3154 3346 3207 3393 et
3232 3340 3394 3405 rides,
3414 3355 3447 3394 ο
3463 3357 3581 3395 tnu-

1996 3426 2115 3490 lier,
2132 3426 2323 3482 sedens
2338 3425 2390 3479 in
2409 3426 2656 3481 ecclesia?
2670 3430 2908 3497 ingressa
2922 3443 2981 3484 es
3000 3436 3054 3482 ut
3068 3440 3283 3499 peccata
3297 3430 3580 3486 conﬁtere-

1996 3517 2090 3582 ris,
2121 3526 2177 3569 ut
2209 3516 2316 3570 Deo
2344 3515 2678 3586 procideres,
2711 3526 2769 3570 ut
2799 3532 3017 3588 rogares
3044 3527 3098 3573 et
3126 3520 3456 3589 supplicares
3486 3536 3580 3590 pro

1994 3607 2203 3663 delictis
2227 3622 2345 3677 quae
2372 3623 2402 3661 a
2431 3618 2483 3661 te
2508 3607 2647 3662 male
2678 3616 2802 3662 sunt
2825 3608 3080 3672 admissa,
3108 3618 3163 3663 et
3191 3624 3312 3663 eum
3342 3610 3450 3663 risu
3482 3611 3579 3665 hoc

1994 3700 2161 3754 facis?
2186 3700 2455 3769 quomodo
2480 3714 2610 3770 ergo
2648 3703 2770 3754 eum
2820 3699 3021 3768 poteris
3064 3700 3313 3769 placare?
3346 3702 3411 3755 Et
3438 3704 3577 3771 quod

1995 3791 2190 3843 malum
2214 3799 2316 3857 est,
2347 3790 2574 3859 inquies,
2600 3789 2779 3842 risus?
2808 3788 2921 3843 Non
2953 3789 3150 3842 malum
3181 3800 3259 3843 est
3292 3791 3450 3855 risus,
3484 3794 3577 3846 sed

1992 3884 2188 3936 malum
2225 3892 2307 3937 est
2347 3883 2397 3937 id
2434 3882 2575 3952 quod
2604 3892 2686 3937 est
2724 3891 2918 3951 praeter
2959 3884 3210 3951 modum,
3245 3883 3294 3939 id
3323 3886 3463 3954 quod
3495 3897 3579 3941 est

1992 3976 2447 4043 intempestivum.
2477 3973 2677 4029 lnsilus
2704 3982 2787 4030 est
2812 3974 2965 4029 nobis
2992 3976 3150 4042 risus,
3180 3985 3235 4030 ut
3262 3978 3475 4046 quando
3499 3980 3578 4033 vi-

1988 4067 2222 4121 derimus
2249 4066 2450 4121 amicos
2476 4075 2595 4136 post
2622 4066 2839 4135 longum
2871 4075 3081 4135 tempus
3100 4106 3116 4133 ,
3147 4065 3250 4123 hoc
3280 4067 3534 4125 faciamus
3559 4088 3572 4124 :

1988 4158 2203 4228 quando
2233 4159 2441 4228 aliquos
2481 4156 2760 4226 perculsos
2798 4167 2852 4211 et
2890 4158 3136 4225 territos,
3165 4168 3222 4213 ut
3248 4159 3575 4215 subridendo

1985 4264 2079 4305 eos
2108 4264 2429 4313 rccrccnnts,
2463 4263 2567 4302 non
2600 4257 2657 4301 ut
2682 4247 2975 4303 cachinnos
3004 4247 3245 4315 edamus,
3281 4261 3334 4305 et
3360 4264 3575 4322 semper

1984 4342 2254 4397 rideamus
2278 4358 2292 4406 ;
2321 4341 2501 4395 animo
2526 4348 2714 4395 nostro
2746 4339 2937 4393 insitus
2963 4329 3047 4394 esl
3068 4341 3228 4400 risus.
3254 4349 3310 4396 nt
3336 4341 3574 4411 aliquan-

1981 4436 2050 4491 do
2079 4437 2348 4490 relaxetnr
2374 4436 2603 4498 animus,
2636 4450 2741 4488 non
2781 4446 2833 4488 ut
2863 4434 3212 4491 diffundatur.
3241 4436 3372 4491 Nam
3400 4448 3455 4493 et
3489 4440 3572 4493 in-

2001 4522 2100 4576 sita
2129 4532 2211 4577 est
2238 4522 2389 4575 nobis
2414 4536 2695 4591 corporum
2736 4521 2999 4591 cupiditas
3020 4565 3033 4587 ,
3064 4531 3118 4575 et
3156 4538 3263 4576 non
3307 4534 3586 4591 propterea

2001 4612 2221 4667 omnino
2250 4628 2310 4667 ea
2340 4612 2413 4665 uti
2442 4626 2661 4665 necesse
2692 4620 2805 4678 est,
2834 4620 2928 4665 aut
2965 4611 3038 4665 uti
3069 4611 3419 4665 immoderate
3445 4652 3458 4675 ,
3491 4613 3586 4663 sed

1998 4704 2045 4758 ei
2075 4704 2417 4773 imperamus,
2447 4718 2545 4757 nec
2573 4703 2800 4757 dicimus
2825 4721 2838 4758 :
2868 4704 3131 4771 Quoniam
3166 4704 3323 4770 inest,
3348 4712 3579 4757 utamur.

2000 4794 2111 4850 Deo
2150 4795 2291 4850 servi
2324 4809 2443 4849 eum
2483 4794 2763 4864 lacrymis,
2792 4804 2849 4847 ut
2891 4794 3061 4863 possis
3087 4793 3305 4848 abluere
3346 4803 3584 4863 peccata.

1996 4889 2121 4945 Scio
2144 4887 2285 4959 quod
2317 4888 2467 4942 multi
2496 4904 2596 4942 nos
2623 4888 2921 4955 irrideant,
2963 4888 3206 4944 dicentes
3237 4906 3251 4942 :
3282 4889 3474 4944 Statim
3504 4889 3583 4943 la-

1997 4996 2213 5050 crymae.
2239 4980 2527 5051 Propterea
2552 4990 2760 5050 tempus
2777 4991 2859 5036 est
2876 4981 3255 5052 lacrymarum.
3280 4981 3402 5035 Scio
3422 4981 3584 5036 etiam

1996 5072 2136 5141 quod
2161 5072 2470 5126 ominantur
2494 5072 2525 5125 ii
2554 5073 2640 5142 qui
2664 5072 2850 5126 dicunt
2874 5088 2888 5127 :
2912 5071 3244 5126 Comedamus
3265 5080 3310 5125 et
3336 5071 3581 5137 bibamus,

1998 5181 2109 5216 cras
2140 5165 2270 5216 enim
2307 5164 2583 5217 moriemur
2603 5160 2809 5229 (LCor.
2846 5165 2931 5220 15.
2962 5163 3075 5235 52).
3110 5165 3215 5219 Sed
3240 5166 3412 5234 cogita
3439 5165 3581 5233 quod

2012 5254 2216 5309 l'anitas
2245 5259 2546 5322 vnnitatum,
2576 5267 2621 5309 et
2648 5257 2817 5310 omnia
2844 5258 3039 5310 vanitas
3071 5255 3256 5327 (Eccli.
3284 5259 3331 5312 Ι.
3361 5258 3441 5329 2).
3469 5258 3584 5313 Non

1998 5363 2096 5416 ego
2124 5346 2276 5412 dico,
2312 5347 2406 5401 sed
2451 5348 2565 5417 ipse
2602 5351 2690 5418 qni
2732 5364 2910 5402 rerum
2939 5349 3175 5403 omnium
3209 5348 3392 5404 habuit
3418 5366 3580 5420 expc-

1999 5438 2274 5501 rientiam,
2309 5440 2419 5492 tunc
2447 5440 2570 5492 dicit
2604 5458 2617 5492 :
2647 5439 2926 5506 zEdi/iettvi
2974 5440 3099 5493 mihi
3132 5442 3326 5502 domos,
3361 5442 3581 5511 plantam

1999 5530 2121 5583 milii
2150 5532 2334 5593 vincas,
2372 5534 2464 5602 feci
2492 5533 2613 5584 milii
2643 5548 2889 5601 aquarum
2920 5534 3161 5602 piscinas,
3191 5535 3508 5600 pocillatores
3536 5547 3582 5586 rt

2001 5622 2334 5683 pocillutrices
2362 5622 2544 5685 (Eccli.
2573 5623 2627 5674 ‘2.
2656 5624 2708 5675 4.
2738 5622 2816 5689 5).
2843 5620 2909 5675 Et
2930 5623 3053 5692 quid
3083 5624 3290 5677 tandem
3314 5624 3442 5678 dicit
3467 5636 3584 5693 post

2001 5714 2109 5766 ll‘JfL‘
2143 5716 2319 5767 omnia
2340 5721 2359 5766 ’ί
2400 5714 2603 5766 l'anitas
2635 5712 2932 5779 vanitatum,
2961 5724 3004 5768 et
3035 5714 3201 5766 omnia
3232 5715 3446 5770 vanitas.
3480 5716 3581 5769 [ιιι-
