3980 6142
410 339 512 388 1ὶὸ

405 466 626 517 geamus
652 468 798 525 ergo,
833 470 864 509 ο
890 458 1088 525 dilecti,
1130 459 1420 531 lugeamus,
1455 475 1510 521 ut
1543 484 1665 529 vere
1696 470 1962 528 rideamus

408 554 464 597 ιιι
508 561 630 599 vere
673 548 913 603 laetemur
954 551 1006 605 in
1053 560 1293 622 tempore
1336 556 1559 614 sincerae
1596 561 1816 619 laetitiae.
1853 567 1983 623 Nam

405 634 520 689 haec
544 636 757 706 quidem
787 640 970 694 laetitia
1000 651 1082 696 est
1105 644 1324 698 omnino
1350 647 1576 705 admista
1612 654 1858 720 tristitiaa,
1889 674 1986 715 nec

403 742 520 783 eam
562 730 687 786 licet
732 731 971 789 invenire
1012 751 1234 805 puram;
1278 738 1365 792 illa
1409 749 1586 798 autem
1618 755 1700 800 est
1737 749 1981 820 sincera,

400 817 601 874 fraudis
621 830 675 876 et
698 820 805 876 doli
838 840 1053 894 expers,
1068 832 1175 882 nec
1196 829 1485 901 quidquam
1524 835 1726 892 habens
1759 817 1983 897 insidia;

399 929 538 979 rum,
557 929 727 982 neque
743 915 1034 985 quidquam
1054 920 1344 975 admistum
1367 942 1380 977 :
1401 924 1493 977 illa
1517 926 1760 984 hetemur
1777 932 1982 997 lmtitia,

1153 358 1209 412 S.
1249 358 1521 419 JOANNlS
1556 362 2030 421 CilRYSOS'i'O“!
2066 367 2381 426 ARCHIEP.
2421 369 2946 428 CONSTANTINOP.

3557 375 3650 439 121

2073 470 2216 524 illaut
2238 483 2639 539 persequamur.
2669 469 2782 522 Alia
2811 477 2986 521 autem
3019 466 3222 523 ratione
3247 483 3351 524 non
3384 470 3503 527 licet
3533 489 3649 528 eam

2070 565 2310 634 assequi,
2343 579 2501 634 quam
2530 578 2595 618 eo
2629 562 2773 632 quod
2814 560 2901 616 hic
2929 561 3218 631 eligamus,
3246 578 3350 616 non
3378 580 3497 633 qum
3530 577 3655 622 sunt

2064 654 2297 723 jucunda
2320 697 2334 721 ,
2362 654 2456 709 sed
2479 668 2598 724 qua:
2625 652 2775 707 utilia
2798 694 2811 716 ,
2840 662 2894 706 et
2922 667 3106 720 parutn
3137 650 3434 722 afﬂigantur
3461 655 3654 712 luben-

2071 754 2184 813 tcs,
2224 757 2279 802 et
2315 764 2434 802 cum
2476 747 2769 815 gratiarum
2808 746 3019 800 actione
3052 745 3290 800 feramus
3323 749 3502 802 omnia
3532 765 3655 819 qua:

2066 842 2331 901 accidunt.
2363 843 2450 899 Sic
2476 842 2618 897 enim
2649 845 2945 912 poterimus
2975 859 3197 914 regnum
3223 846 3481 902 extorum
3503 861 3655 903 asse-

2067 939 2179 1008 qui,
2205 937 2369 1006 gratia
2395 948 2443 991 et
2471 936 2820 1007 benignitate,
2850 945 2953 989 etc.

2492 1032 3648 1057 —__.._____.________

1831 1081 2167 1143 HOMILIA
2214 1080 2382 1140 XVI.

390 1148 522 1202 CAP.
553 1151 606 1207 9.
640 1169 691 1206 ν.
728 1157 808 1211 l5.
843 1158 907 1212 Et
937 1160 1048 1215 ideo
1081 1165 1194 1216 novi
1225 1170 1509 1222 testamenti
1535 1173 1781 1227 mediator
1807 1185 1900 1242 est,
1927 1185 1982 1230 ut

464 1253 623 1296 morte
650 1243 986 1304 intercedente
1025 1262 1073 1306 et
1110 1255 1502 1325 redemptionem
1541 1279 1713 1317 earum
1742 1268 1983 1333 praevari-

463 1333 740 1425 cationum,
769 1353 880 1402 qua’
904 1350 1045 1395 erant
1071 1344 1159 1397 sub
1184 1347 1344 1416 priori
1367 1358 1675 1420 testamento,
1709 1359 1981 1425 repromis-

463 1423 655 1479 sionem
684 1430 937 1498 accipiant
971 1436 1055 1501 qui
1093 1441 1258 1490 vocati
1292 1450 1409 1495 sunt
1437 1454 1639 1500 (eterna:
1666 1448 1976 1504 hereditatis.

466 1515 552 1569 16.
587 1515 686 1570 Ubi
727 1521 859 1574 enim
901 1534 1249 1583 testamentum
1275 1543 1376 1598 est,
1408 1553 1543 1592 mors
1572 1556 1771 1596 necesse
1795 1552 1867 1596 est
1896 1544 1980 1596 in-

463 1607 682 1660 tercedat
716 1614 966 1667 testatoris
990 1631 1009 1668 :
1031 1618 1115 1670 17.
1148 1628 1496 1679 testamentum
1525 1629 1656 1682 enim
1684 1632 1737 1684 in
1764 1635 1979 1688 mortuis

464 1708 536 1750 est
564 1702 913 1769 confirmatum
938 1725 957 1761 :
978 1709 1171 1780 alioqui
1194 1717 1418 1770 nondum
1449 1721 1575 1774 valet
1602 1721 1721 1776 dum
1749 1726 1866 1778 vivit
1890 1727 1979 1796 qui

463 1798 671 1845 testatus
696 1804 786 1847 est.
825 1795 909 1851 18.
946 1796 1095 1855 Unde
1131 1819 1223 1858 nec
1259 1809 1477 1875 primum
1503 1814 1702 1882 quidem
1725 1817 1833 1871 sine
1857 1795 1981 1872 san-

461 1882 612 1948 guine
639 1885 927 1943 dedicatum
952 1900 1046 1947 est.

389 2063 547 2117 etiam
592 2067 822 2124 maxime
859 2074 999 2142 quod
1040 2088 1280 2134 mortuus
1322 2094 1463 2138 esset
1503 2063 1782 2153 Christus,
1817 2089 1977 2146 ﬁdem

390 2170 493 2207 non
522 2154 717 2213 habere
749 2164 1047 2229 promissis.
1076 2167 1272 2223 Paulus
1293 2187 1522 2243 ergo,cx
1551 2177 1871 2234 abundantia
1900 2191 1978 2236 ta-

386 2245 492 2301 lem
515 2249 798 2308 confutans
816 2255 1148 2325 opinionem,
1176 2262 1275 2316 hoc
1299 2267 1440 2331 ponit
1465 2283 1528 2321 cx
1551 2274 1821 2326 communi
1839 2287 1979 2329 sum-

388 2346 536 2433 ptum
568 2344 974 2400 consuetudine.
1006 2348 1328 2414 Quodnam?
1365 2355 1587 2425 Propter
1628 2359 1731 2415 hoc
1762 2363 1936 2433 ipsum
1956 2406 1973 2433 ,

387 2429 591 2523 inquit,
624 2444 840 2501 oportet
870 2438 1144 2493 conﬁdere
1178 2453 1231 2495 et
1269 2443 1411 2499 bono
1440 2461 1559 2502 esse
1587 2429 1801 2519 animo,
1833 2429 1976 2523 quod

390 2534 494 2572 non
527 2520 849 2591 viventibus,
883 2527 978 2581 sed
1010 2532 1235 2585 mortuis
1265 2533 1327 2587 iis
1353 2537 1440 2605 qui
1471 2549 1595 2592 sunt
1621 2543 1819 2605 testati,
1849 2520 1978 2602 iuno

391 2611 549 2704 ﬁrma
571 2621 624 2665 et
653 2614 823 2669 valida
864 2617 973 2672 sint
1013 2629 1330 2678 testamenta
1352 2668 1366 2692 ,
1398 2637 1451 2681 et
1491 2632 1654 2685 robur
1688 2635 1972 2704 accipiant.

388 2701 456 2756 Et
503 2702 623 2758 ideo
665 2705 744 2760 sic
789 2708 974 2778 incipit
1012 2709 1196 2767 dicens
1220 2754 1235 2779 ,
1276 2724 1330 2769 et
1370 2717 1445 2771 ait
1477 2736 1490 2771 :
1523 2718 1660 2775 Novi
1697 2701 1977 2783 testamenti

389 2792 638 2848 mediator
681 2805 775 2854 est.
818 2797 1216 2856 Testamentum
1246 2805 1304 2859 ﬁt
1334 2807 1386 2861 in
1418 2808 1605 2864 ultimo
1637 2813 1724 2869 die
1764 2821 1973 2875 mortis.

389 2885 519 2941 'l‘ale
545 2897 627 2942 est
653 2900 829 2945 autem
863 2909 875 2944 :
906 2893 1041 2949 alios
1084 2896 1297 2966 quidem
1341 2900 1503 2958 habet
1548 2903 1805 2976 heredes,
1843 2912 1977 2969 alios

388 2992 515 3032 vero
572 2982 948 3039 exheredatos.
1017 2985 1091 3042 Ita
1150 2987 1238 3043 hic
1291 3006 1502 3062 quoque
1564 2996 1632 3051 de
1689 3000 1976 3058 heredibus

388 3068 560 3123 dicit:
599 3069 726 3125 Volo
784 3082 834 3126 ut
885 3076 967 3128 ubi
1016 3093 1106 3149 ego
1142 3096 1273 3148 sum,
1314 3082 1485 3153 inquit
1536 3085 1801 3157 Christus,
1848 3100 1893 3146 et
1923 3093 1976 3147 Iti

388 3160 487 3212 sint
519 3159 695 3230 (Joan.
729 3163 816 3218 17.
857 3165 972 3235 2i).
1018 3167 1088 3222 Et
1130 3186 1320 3226 rursus
1362 3173 1430 3229 de
1474 3176 1811 3235 cxheredatis
1852 3183 1975 3239 audi

387 3264 508 3302 eum
540 3249 806 3307 dicentem
839 3273 852 3309 :
880 3254 1001 3310 Non
1031 3276 1122 3329 pro
1150 3263 1379 3318 omnibus
1408 3282 1551 3334 rogo,
1581 3267 1669 3321 sed
1688 3286 1780 3340 pro
1806 3271 1867 3325 iis
1890 3273 1977 3343 qui

388 3341 595 3395 credunt
627 3361 716 3413 per
744 3347 946 3401 verbum
973 3366 1142 3404 eorum
1169 3352 1219 3405 in
1250 3371 1329 3408 me
1354 3354 1401 3426 (Ι
1411 3356 1512 3410 bid.
1544 3373 1593 3413 v.
1626 3358 1739 3431 ΞΟ).
1768 3341 1974 3419 Rursus

390 3444 765 3492 testamentum
790 3440 894 3494 alia
921 3442 1133 3512 quidem
1168 3444 1328 3501 habet
1357 3449 1475 3519 ejus
1500 3451 1589 3521 qui
1616 3463 1697 3507 est
1729 3462 1972 3524 testatus,

386 3528 489 3582 alia
528 3545 654 3586 vero
696 3547 882 3588 eorum
924 3534 1014 3605 qui
1059 3537 1390 3607 suscipiunt;
1423 3542 1495 3597 ita
1538 3553 1597 3598 ut
1632 3545 1732 3600 alia
1760 3548 1975 3617 quidem

383 3618 615 3687 capiant,
646 3619 749 3675 alia
780 3634 909 3676 vero
937 3619 1153 3678 faciant.
1184 3622 1257 3679 Ita
1288 3626 1372 3681 hic
1400 3642 1614 3699 quoque
1647 3648 1661 3685 :
1692 3641 1969 3704 postquam

384 3710 526 3764 enim
557 3712 876 3780 promiserat
912 3713 1342 3783 innumerabilia,
1372 3719 1439 3773 ab
1468 3722 1547 3778 eis
1576 3725 1819 3793 quasdam
1854 3730 1975 3784 exi-

380 3801 479 3894 git,
508 3802 691 3859 dicens
716 3821 731 3860 :
757 3805 1058 3861 Mandatum
1085 3825 1267 3863 novum
1292 3810 1358 3864 do
1380 3812 1516 3867 vobis
1538 3814 1717 3883 (Joan.
1746 3820 1833 3875 17.
1859 3820 1971 3894 15).

384 3893 588 3949 Rursus
612 3904 988 3951 testamentum
1015 3899 1175 3954 debet
1202 3900 1398 3957 habere
1430 3912 1625 3972 testes;
1650 3907 1770 3963 audi
1797 3893 1970 3979 ipsum

381 3999 572 4040 rursus
598 3984 864 4041 dicentem
896 4007 909 4042 :
941 3988 1049 4060 Ego
1079 4007 1189 4044 sum
1230 3993 1318 4062 qui
1361 3995 1696 4051 testimonium
1738 4000 1972 4069 per/tibeo

384 4080 446 4129 de
473 4077 663 4148 meipso
683 4118 697 4140 ,
729 4087 774 4130 et
801 4080 1136 4134 testimonium
1166 4084 1390 4151 perhibet
1420 4084 1483 4139 de
1508 4104 1583 4141 nte
1603 4090 1690 4159 qui
1713 4090 1847 4144 misit
1876 4090 1973 4144 Pa-

384 4177 459 4219 ter
480 4166 661 4235 (Joan.
698 4168 752 4221 8.
787 4166 912 4240 i8);
940 4179 993 4222 et
1019 4185 1224 4235 rursus,
1251 4170 1354 4226 Ille
1383 4176 1721 4231 testimonium
1750 4182 1976 4249 perhibe-

386 4258 455 4309 bit
481 4255 545 4309 de
567 4272 648 4309 me
670 4254 847 4327 (Joan.
879 4257 967 4312 15.
995 4258 1111 4329 26),
1135 4260 1321 4315 dicens
1342 4262 1407 4318 de
1431 4264 1708 4323 Paracleto
1730 4285 1744 4332 ;
1771 4278 1822 4324 et
1846 4271 1976 4324 duo-

385 4348 559 4401 decim
602 4347 875 4416 apostolos
921 4349 1099 4415 misit,
1140 4350 1324 4407 dicens
1357 4372 1369 4407 :
1407 4353 1768 4426 Testiﬁcantini
1806 4378 1978 4417 coram

387 4436 513 4492 Deo.
547 4438 611 4492 Et
645 4447 924 4507 propterea
953 4439 1119 4495 dicit:
1150 4440 1285 4496 Novi
1309 4450 1591 4502 testamenti
1616 4452 1861 4506 mediator
1882 4464 1976 4509 est.

386 4529 524 4595 Quid
573 4539 655 4584 est
697 4540 876 4584 autem
930 4531 1237 4587 mediator?
1273 4535 1531 4593 Mediator
1574 4557 1676 4595 non
1719 4543 1878 4599 habet
1924 4547 1975 4600 in

391 4631 654 4690 potestate
683 4638 796 4677 rem
828 4623 986 4693 cujus
1014 4636 1095 4678 est
1124 4625 1483 4695 intercessor;
1516 4633 1609 4686 sed
1637 4633 1737 4688 alia
1763 4636 1978 4706 quidem

390 4728 475 4767 res
506 4722 588 4769 est
607 4755 621 4777 ,
648 4714 786 4769 alius
812 4730 939 4771 vero
966 4716 1294 4775 intercessor
1320 4737 1335 4774 :
1370 4722 1514 4776 velut
1540 4725 1864 4783 matrimonii
1896 4739 1981 4784 est

390 4808 753 4874 intercessor,
796 4823 901 4863 non
944 4810 1032 4879 qui
1078 4810 1317 4881 jungitur
1360 4815 1739 4885 matrimonio,
1768 4819 1864 4875 sed
1891 4823 1981 4891 qui

392 4912 549 4967 opem
574 4896 677 4952 fert
699 4899 747 4954 ei
770 4899 859 4969 qui
886 4912 970 4956 est
996 4900 1260 4958 ducturus
1281 4919 1525 4960 uxorem.
1554 4908 1629 4961 lta
1658 4908 1745 4964 hic
1768 4926 1981 4981 quoque

393 4990 563 5045 Filius
592 4989 689 5044 fuit
718 4991 1043 5048 intercessor
1066 4993 1239 5049 Patris
1260 5005 1313 5051 et
1334 5008 1539 5054 noster.
1573 4999 1799 5057 Nolebat
1823 5002 1982 5058 Pater

393 5082 548 5139 nobis
576 5082 880 5154 relinquere
911 5084 1051 5140 hanc
1083 5085 1453 5157 hereditatem,
1485 5092 1579 5147 sed
1606 5094 1758 5150 nobis
1785 5095 1983 5152 irasce-

393 5178 572 5245 batur,
595 5184 651 5232 et
671 5185 784 5232 erat
812 5191 987 5233 szevus
1013 5189 1066 5235 et
1094 5195 1252 5251 asper
1273 5192 1329 5237 ut
1353 5184 1442 5253 qui
1464 5199 1707 5242 essemus
1730 5189 1981 5244 alienati:

392 5268 496 5324 fuit
523 5284 653 5340 ergo
682 5278 866 5325 noster
891 5283 945 5326 et
984 5272 1101 5342 ejus
1142 5273 1489 5343 intercessor,
1521 5288 1576 5333 et
1604 5281 1652 5336 ei
1692 5282 1981 5351 persuasit.

396 5360 465 5415 Et
503 5360 624 5416 vide
661 5362 932 5432 quomodo
975 5361 1073 5418 fuit
1113 5364 1436 5423 intercessor
1468 5386 1481 5422 :
1519 5371 1679 5426 verba
1719 5375 1895 5429 attulit
1932 5384 1988 5430 et

397 5453 620 5521 retulit,
659 5470 777 5525 qua:
807 5471 836 5510 a
865 5455 1025 5511 Patre
1056 5467 1209 5513 erant
1246 5459 1313 5515 ad
1357 5474 1457 5515 nos
1498 5466 1900 5532 transmittens,
1932 5477 1987 5522 et

398 5555 626 5600 mortem
667 5546 963 5617 adjiciens;
996 5547 1421 5618 oﬂenderamus,
1453 5554 1586 5608 mori
1617 5555 1984 5626 debebamus;

400 5649 499 5701 pro
524 5636 679 5691 nobis
701 5646 783 5692 est
804 5648 1062 5703 mortuus,
1084 5650 1140 5696 et
1163 5641 1288 5696 fecit
1316 5659 1414 5700 nos
1434 5645 1622 5716 dignos
1645 5657 1984 5707 testamento.

398 5725 536 5780 Hinc
562 5728 723 5782 etiam
753 5739 834 5784 est
864 5732 1077 5786 ﬁrmum
1109 5742 1161 5788 et
1189 5736 1376 5793 stabile
1406 5746 1814 5810 testamentum,
1842 5744 1985 5815 quod

398 5833 508 5875 non
542 5816 592 5873 in
627 5818 871 5889 indignos
898 5822 1008 5893 jam
1041 5824 1233 5881 factum
1270 5839 1371 5884 est.
1404 5832 1574 5902 Atque
1604 5835 1671 5891 ab
1698 5835 1847 5894 initio
1874 5841 1987 5910 qui-

2062 1184 2183 1239 dem
2222 1189 2591 1237 testamentum
2621 1179 2746 1233 iecit
2773 1189 3041 1247 tamquam
3073 1177 3232 1230 Pater
3254 1175 3306 1229 in
3340 1173 3516 1240 ﬁlios;
3546 1175 3642 1228 sed

2062 1273 2311 1345 quoniam
2355 1271 2554 1341 indigni
2597 1284 2782 1326 smnus
2826 1266 3049 1334 redditi,
3079 1282 3186 1321 non
3219 1267 3446 1337 amplius
3477 1274 3647 1319 testa-

2072 1373 2253 1419 mento
2280 1379 2413 1434 opus
2440 1372 2555 1417 erat
2575 1404 2589 1425 ,
2628 1363 2722 1417 sed
2762 1361 3049 1430 supplicio.
3078 1359 3214 1426 Quid
3244 1375 3372 1429 ergo
3391 1401 3406 1424 ,
3440 1360 3649 1429 inquit,

2070 1457 2138 1511 de
2178 1457 2296 1527 lege
2333 1454 2612 1525 gloriaris?
2642 1468 2762 1506 nam
2792 1454 2844 1505 iu
2873 1460 3074 1505 tantum
3107 1464 3204 1505 nos
3230 1450 3438 1521 redegit
3466 1464 3655 1520 pecca-

2072 1558 2205 1614 tum,
2230 1557 2286 1602 ut
2306 1538 2596 1615 numquam
2624 1544 2754 1598 salvi
2780 1557 3020 1599 essemus
3042 1541 3205 1596 futuri
3229 1561 3242 1595 :
3267 1542 3368 1596 nisi
3393 1541 3655 1596 Dominus

2072 1647 2255 1694 uoster
2287 1652 2384 1708 pro
2414 1637 2567 1692 nobis
2594 1644 2739 1691 esset
2766 1644 3039 1703 mortuus,
3072 1635 3158 1689 lex
3191 1648 3521 1703 nequaquam
3550 1648 3675 1712 po-_

2071 1731 2293 1794 luisset;
2320 1738 2434 1784 erat
2462 1729 2603 1782 enim
2643 1726 2928 1781 imbecilla.
2956 1724 3300 1795 Nequaquam
3329 1734 3505 1779 autem
3531 1739 3656 1778 am-

2071 1823 2211 1894 plius
2243 1822 2347 1876 hoc
2373 1817 2654 1875 conﬁrmat
2678 1833 2744 1872 ex
2782 1817 2894 1871 sola
2925 1815 3339 1879 consuetudine,
3370 1814 3464 1868 sed
3492 1829 3557 1868 ex
3587 1814 3655 1868 iis

1987 1964 1991 1985 ς
2070 1916 2232 1971 etiam
2261 1929 2382 1985 qua:
2415 1920 2709 1968 evenerunt
2734 1910 2785 1963 in
2814 1908 2995 1963 Veteri
3028 1926 3041 1962 :
3071 1907 3212 1978 quod
3241 1906 3454 1977 quidem
3485 1906 3657 1959 maxi-

2071 2022 2157 2062 me
2181 2020 2276 2062 eos
2302 2004 2528 2060 induxit.
2559 2004 2627 2057 At
2651 2000 2827 2055 nullus
2855 1999 2963 2053 illic
2987 2007 3123 2064 erat,
3153 1996 3342 2066 inquit,
3374 2003 3651 2061 mortuus;

2069 2096 2337 2168 quomodo
2361 2110 2489 2166 ergo
2514 2093 2642 2148 illud
2668 2092 2878 2146 ﬁrmum
2906 2100 2961 2145 et
2987 2088 3220 2143 stabile?
3247 2087 3351 2141 Per
3379 2086 3649 2150 eumdem,

2070 2189 2262 2260 inquit,
2283 2187 2522 2243 modum.
2544 2182 2855 2252 Quomodo?
2876 2181 3085 2236 Etenim
3114 2179 3223 2234 illic
3248 2179 3486 2249 sanguis,
3515 2177 3658 2231 sicut

2070 2293 2122 2338 et
2148 2283 2235 2337 hic
2259 2262 2503 2350 sanguis;
2528 2279 2571 2332 si
2601 2285 2777 2331 autem
2816 2289 2920 2328 non
2953 2282 3067 2327 erat
3092 2271 3292 2326 Christi
3317 2270 3552 2339 sanguis,
3586 2283 3656 2323 ne

2073 2372 2285 2428 mireris
2315 2389 2329 2426 :
2358 2379 2474 2425 erat
2509 2368 2651 2423 enim
2695 2377 2889 2438 typus:
2921 2363 3145 2431 ideoque
3180 2360 3348 2426 dicit,
3381 2358 3528 2414 Unde
3562 2374 3655 2412 nec

2073 2466 2294 2535 primunt
2324 2462 2556 2533 quidem,
2597 2459 2801 2529 inquit,
2832 2457 2940 2511 sine
2970 2454 3215 2524 sanguine
3240 2452 3526 2506 dedicatum
3554 2460 3650 2504 est.

2070 2557 2209 2625 Quid
2245 2555 2347 2611 sibi
2388 2553 2502 2608 vult
2542 2551 2672 2606 illud
2692 2591 2706 2614 ,
2736 2548 3034 2603 Dedicatum
3071 2545 3180 2598 est?
3205 2544 3425 2597 Factum
3454 2551 3535 2596 est
3563 2542 3656 2595 tir-

2072 2664 2241 2715 mum,
2272 2646 2461 2703 stabile
2486 2653 2541 2700 et
2569 2652 2763 2698 ratum.
2794 2639 2965 2705 Unde,
2995 2637 3185 2708 inquit,
3225 2633 3505 2704 oportebat
3531 2646 3657 2687 esse

2072 2740 2372 2813 symbolum
2404 2735 2708 2792 testamenti
2735 2740 2790 2788 et
2819 2730 3026 2785 mortis.

2142 2832 2199 2886 2.
2240 2831 2482 2898 Quanam
2511 2827 2653 2883 enim
2696 2824 2763 2879 de
2810 2837 2993 2887 causa,
3024 2820 3111 2876 die
3142 2818 3296 2885 mihi,
3323 2816 3460 2872 liber
3490 2824 3658 2871 testa-

2068 2921 2240 2980 menti
2270 2916 2607 2989 aspergitur?
2639 2916 2726 2971 19.
2754 2912 2905 2967 Lecto
2927 2912 3085 2976 enim,
3120 2909 3314 2979 inquit,
3338 2909 3474 2962 omni
3501 2921 3652 2960 man-

2073 3019 2194 3069 dato
2212 3012 2334 3084 legis
2349 3028 2381 3064 a
2399 3009 2577 3079 Moyse
2601 3002 2833 3061 univers'o
2854 3006 3063 3075 papula,
3081 3002 3336 3072 accipiens
3355 3000 3655 3070 sanguinem

2072 3104 2343 3159 vitulorum
2385 3109 2431 3155 et
2460 3101 2717 3153 hircorum
2763 3112 2875 3149 cum
2919 3110 3051 3164 aqua
3079 3103 3128 3147 et
3177 3092 3299 3145 lana
3343 3092 3572 3144 coccinea
3605 3101 3656 3144 et

2074 3197 2314 3266 Ityssopo,
2337 3193 2504 3260 ipsum
2533 3190 2718 3244 librum
2742 3197 2788 3242 et
2812 3201 3010 3240 omnem
3032 3185 3277 3255 papulum
3301 3183 3544 3250 aspersit,
3559 3182 3654 3237 20.

2073 3284 2246 3337 dicens
2275 3297 2294 3336 :
2330 3280 2432 3334 Hic
2471 3279 2678 3350 sanguis
2704 3274 2988 3331 testamenti
3015 3273 3149 3343 quod
3177 3271 3433 3326 mandavit
3471 3272 3540 3325 ad
3566 3287 3655 3326 vos

2077 3374 2237 3428 Deus.
2267 3372 2508 3439 Quanam
2539 3384 2671 3439 ergo
2710 3367 2777 3422 de
2823 3380 3008 3427 causa,
3031 3363 3120 3419 dic
3167 3363 3321 3429 mihi,
3353 3362 3657 3432 aSpergitur

2073 3465 2210 3519 liber
2258 3461 2565 3518 testamenti
2595 3468 2650 3514 et
2707 3458 2953 3530 populus,
2989 3470 3146 3526 quam
3191 3453 3332 3524 quod
3383 3454 3655 3524 pretiosus

2072 3555 2288 3625 sanguis
2341 3553 2522 3608 multis
2571 3551 2850 3606 retroactis
2897 3547 3108 3603 sarculis
3161 3544 3506 3616 ﬁgurabatur.
3544 3545 3654 3599 Cur

2071 3644 2348 3719 hyssopo?
2408 3643 2542 3712 Quia
2599 3641 2826 3697 densum
2881 3647 2937 3694 et
2992 3647 3279 3700 tenerum,
3337 3634 3653 3705 sanguinem

2069 3737 2393 3791 continebat.
2435 3733 2571 3801 Quid
2625 3747 2755 3788 vero
2807 3730 2978 3798 aqua?
3008 3728 3251 3782 Ostendit
3297 3726 3399 3780 hoc
3439 3741 3651 3796 quoque

2060 3835 2180 3892 quae
2224 3822 2283 3876 ﬁt
2312 3836 2407 3891 per
2446 3833 2636 3889 aquam
2686 3819 3108 3873 mnut‘lationem.
3148 3816 3284 3881 Quid
3316 3830 3444 3871 vero
3490 3816 3652 3870 lana?

2062 3911 2131 3967 Et
2179 3910 2292 3966 haec
2318 3926 2550 3980 quoque,
2599 3919 2656 3963 ut
2692 3910 3058 3963 contineretur
3103 3907 3340 3976 sanguis.
3378 3905 3521 3959 Idem
3565 3904 3652 3958 hic

2062 4000 2298 4056 ostendit
2324 4014 2445 4055 esse
2486 3999 2797 4069 sanguinem
2844 4007 2899 4051 et
2926 4012 3117 4067 aquam
3153 4014 3167 4049 :
3206 3996 3469 4063 baptisma
3505 3995 3647 4048 enim

2068 4102 2154 4147 est
2195 4094 2312 4161 ejus
2364 4090 2627 4160 passionis
2678 4089 2999 4160 symbolum.
3048 4089 3138 4143 2i.
3198 4087 3368 4142 Etiam
3414 4088 3649 4141 taberna-

2075 4184 2248 4238 culum
2297 4192 2342 4236 et
2393 4183 2564 4235 omnia
2624 4198 2743 4235 vasa
2802 4183 3064 4235 ministerii
3114 4182 3362 4252 sanguine
3419 4180 3653 4233 similiter

2065 4275 2306 4346 aspergit.
2353 4273 2445 4327 22.
2481 4272 2546 4326 Et
2598 4273 2771 4326 omnia
2812 4289 2940 4342 pene
2975 4273 3028 4325 in
3072 4271 3319 4341 sanguine
3374 4269 3652 4324 secundum

2070 4366 2227 4435 legem
2253 4364 2583 4429 mandantur,
2629 4372 2674 4416 et
2714 4363 2820 4416 sine
2864 4362 3124 4432 sanguinis
3161 4359 3407 4428 effusione
3448 4376 3548 4413 non
3595 4359 3654 4426 ﬁt

2066 4457 2314 4509 remissio.
2354 4454 2464 4509 Cur
2490 4454 2642 4521 illud,
2671 4452 2847 4507 Pene?
2890 4468 2987 4508 cur
3016 4453 3066 4507 id
3094 4454 3171 4507 sic
3211 4453 3476 4507 correxit?
3503 4451 3651 4520 Quo-

2069 4547 2210 4600 niam
2251 4546 2337 4600 illa
2374 4560 2477 4600 non
2527 4554 2681 4600 erant
2706 4543 2940 4614 perfecta
2980 4544 3279 4609 mundatio,
3323 4559 3497 4613 neque
3534 4558 3656 4612 per-

2069 4636 2207 4691 fecta
2238 4635 2507 4700 remissio,
2528 4636 2621 4690 sed
2644 4634 3039 4705 semiperfecta,
3060 4646 3115 4689 et
3143 4635 3193 4688 in
3222 4635 3440 4689 minima
3468 4642 3653 4704 parte:

2072 4726 2157 4781 hic
2183 4734 2384 4793 autem,
2438 4724 2538 4778 Hie
2570 4737 2664 4791 est,
2709 4725 2904 4795 inquit,
2934 4728 3143 4796 sanguis
3187 4726 3302 4778 novi
3351 4725 3651 4790 testamenti,

2068 4818 2155 4886 qui
2203 4833 2296 4886 pro
2339 4815 2474 4870 vobis
2512 4815 2789 4882 effunditur
2832 4817 2886 4868 in
2935 4816 3284 4870 remissionem
3329 4827 3655 4886 peccatorum

2071 4907 2285 4977 (Jiatth.
2328 4905 2420 4960 26.
2453 4907 2569 4977 28).
2600 4906 2699 4962 Ubi
2732 4907 2890 4976 igitur
2918 4908 3051 4962 liber
3092 4907 3400 4962 emundavit
3445 4906 3655 4961 illorum

2074 4999 2321 5053 mentes?
2351 4998 2451 5067 Ipsi
2483 5007 2636 5052 erant
2663 4998 2785 5051 libri
2815 4999 2940 5052 novi
2970 4998 3323 5053 Testamenti.
3351 4997 3453 5053 Ubi
3481 5008 3657 5052 autem

2078 5108 2201 5146 vasa
2233 5092 2557 5146 ministerii?
2586 5091 2691 5161 Ipsi
2734 5103 2880 5145 sunt.
2912 5090 3014 5146 L'bi
3060 5090 3507 5145 tabernaculum?
3555 5091 3660 5159 ipsi

2073 5193 2198 5237 sunt
2226 5198 2452 5236 rursus:
2489 5179 2794 5235 lnhabitabo
2826 5181 2992 5247 enim,
3021 5181 3211 5251 inquit,
3243 5182 3297 5235 in
3335 5180 3464 5247 illis,
3493 5191 3543 5235 et
3574 5183 3658 5233 in-

2076 5271 2344 5325 ambulabo
2372 5270 2462 5343 (2.
2488 5269 2607 5325 Cor.
2632 5270 2686 5325 6.
2718 5270 2841 5340 16).
2880 5273 2947 5324 At
2986 5270 3105 5323 lana
3147 5269 3397 5324 coccinea
3438 5279 3490 5325 et
3532 5269 3663 5340 hys-

2075 5378 2206 5434 Sttpo
2253 5363 2339 5419 hic
2386 5378 2493 5418 non
2527 5362 2880 5434 aspergebat:
2915 5362 3120 5431 quare?
3164 5362 3489 5417 Emundatio
3516 5364 3660 5416 enim

2077 5471 2180 5509 non
2213 5465 2330 5511 erat
2356 5456 2672 5525 corporalis,
2696 5455 2787 5509 sed
2816 5454 3130 5525 spiritualis,
3158 5465 3213 5508 et
3253 5455 3471 5524 sanguis
3498 5454 3659 5524 spiri-

2080 5546 2262 5603 tualis.
2296 5545 2616 5613 Quomodo?
2642 5545 2757 5600 Non
2793 5561 2856 5600 ex
2889 5559 3115 5614 corpore
3146 5544 3299 5599 ﬂuxit
3326 5545 3667 5600 irrationabi-

2080 5636 2205 5691 iium
2232 5679 2245 5702 ,
2283 5636 2379 5692 sed
2418 5652 2483 5691 ex
2527 5651 2751 5706 corpore
2782 5635 2921 5704 quod
2971 5646 3211 5705 paratum
3256 5634 3356 5689 fuit
3382 5651 3410 5687 a
3438 5634 3660 5704 Spiritu.

2080 5732 2191 5787 llec
2228 5731 2488 5801 sanguine
2520 5744 2617 5784 nos
2646 5745 2750 5783 non
2782 5728 3015 5799 Moyses,
3044 5727 3139 5782 sed
3160 5726 3409 5782 Christus
3436 5727 3669 5796 aspersit

2080 5841 2171 5897 per
2205 5824 2422 5879 verbum
2454 5822 2594 5893 quod
2644 5822 2841 5878 dictum
2874 5829 2955 5875 est
3005 5838 3015 5873 :
3077 5819 3175 5873 llic
3203 5830 3273 5875 cst
3313 5820 3520 5890 sanguis
3550 5819 3670 5874 novi
