3980 6142
467 297 574 354 125

470 414 627 484 μέρει
660 430 674 446 ·
699 413 930 469 ἐνταῦθα
960 416 1046 469 δέ·
1078 414 1257 470 Τοῦτο
1282 416 1347 472 τὸ
1384 412 1547 488 αἷμα,
1573 418 1726 488 φησὶ,
1767 416 1875 487 τῆς
1900 433 2029 471 και-

465 496 584 566 νῆς
618 497 925 567 διαθήκης,
975 499 1041 554 τὸ
1078 498 1230 567 ὖπὲρ
1282 499 1450 571 ὑμῶν
1500 501 1909 571 ἑκχυνόμενον
1949 503 2038 567 εἱς

466 581 686 648 ἄφεσιν
725 580 1042 650 ἁμαρτιῶν.
1092 583 1202 636 Ποῦ
1252 584 1435 638 τοίνυν
1456 583 1518 637 τὸ
1543 583 1747 655 βιϐλίον
1796 584 2035 656 ἐκάθαρε

466 664 563 728 τὰς
593 665 834 729 διανοίας
854 666 1066 733 αὐτῶν;
1096 666 1262 720 Αὐτοὶ
1292 662 1554 739 ἄραῆσαν
1580 667 1760 738 βιϐλία
1781 669 1879 739 τῆς
1909 686 2032 722 και-

464 747 562 817 νῆς
611 747 897 820 διαθήκης.
951 749 1060 803 Ποῦ
1082 750 1140 804 δὲ
1188 750 1259 803 τι
1288 751 1456 822 σκεύη
1511 752 1610 822 τῆς
1648 751 2033 825 λειτουργίας;

462 831 625 885 Αύτοί
650 835 775 887 εἱσι.
809 834 918 887 Ποῦ
941 834 1000 887 δὲ
1018 830 1061 905 ἡ
1080 838 1252 908 σκηνή
1281 852 1295 900 ;
1323 836 1486 890 Αὐτοί
1514 837 1619 889 είσι
1646 836 1837 891 πάλιν
1857 838 2034 891 Ἐνοι-

461 915 631 982 κήσω
659 918 769 987 γὰρ
810 918 880 973 ἐν
909 920 1136 987 αὐτοῖς,
1190 920 1290 974 καί
1340 921 1817 990 ἐμπεριπατήσω,
1847 922 2032 993 φησίν.

474 998 613 1053 Ἀλλ’
639 1003 739 1055 οὐκ
768 1004 900 1074 ὲρίῳ
928 1005 1168 1075 κοκκίνῳ
1199 1004 1321 1058 οὐδὲ
1342 1004 1579 1076 ὑσσώπῳ
1598 1007 1916 1078 ὲρῤάντισεν
1947 1007 2035 1058 tv-

459 1081 665 1160 ταῦθαο
690 1085 743 1137 τί
768 1086 1007 1156 δήποτε;
1036 1087 1111 1140 Οὐ
1138 1086 1246 1157 γὰρ
1309 1088 1617 1157 σωματικδς
1635 1090 1665 1142 6
1694 1087 2036 1160 καθαρισμδς

458 1159 547 1234 ἦν,
606 1167 743 1221 ἀλλά
804 1170 1193 1240 πνευματικὸς,
1250 1172 1343 1225 καὶ
1362 1171 1423 1224 τὸ
1451 1166 1591 1242 αἷμα
1643 1159 2031 1241 πνευματικόν.

457 1247 584 1311 Πῶς
608 1267 623 1315 ;
650 1250 763 1303 Οὐκ
785 1252 895 1305 ἀπὸ
920 1252 1172 1323 σώματος
1196 1254 1303 1324 γὰρ
1335 1253 1486 1326 ἔρρει
1509 1254 1745 1323 ἀλόγων,
1775 1254 1914 1308 ἀλλά
1930 1254 2032 1308 σώ-

461 1347 634 1399 ματος
687 1333 795 1387 άπὸ
860 1335 1176 1407 Πνεύματος
1237 1338 1788 1400 κατασκευασθέντος.
1846 1337 2034 1408 Τούτῳ

457 1413 610 1481 ἡμᾶς
629 1415 688 1466 οὐ
716 1417 981 1489 Μωῦσῆς,
1032 1419 1145 1473 ἀλλ’
1173 1421 1201 1472 6
1224 1420 1463 1490 Χριστὸς
1521 1421 1813 1493 ὲρῥάντισε
1844 1420 1921 1491 τῷ
1944 1421 2030 1474 αἴ-

461 1512 615 1576 ματι,
649 1498 737 1553 διά
792 1501 885 1554 τοῦ
935 1501 1094 1571 λόγου
1122 1501 1215 1555 τοῦ
1246 1502 1545 1573 λεχθέντος,
1580 1503 1728 1576 [160]
1756 1503 1936 1558 Τοῦτο
1964 1504 2032 1557 τὸ

458 1572 603 1646 αἷμα
626 1579 735 1649 τῆς
767 1583 982 1652 καινῆς
1025 1572 1430 1652 διιιθήκηςίείς
1456 1572 1676 1656 ἄφεσιν
1709 1572 2029 1655 αμαρτιῶν.

458 1655 628 1724 Οὗτος
657 1666 685 1717 6
707 1664 863 1734 λόγος
907 1668 1028 1721 ἀντὶ
1067 1669 1323 1724 ὑσσώπου
1363 1670 1441 1741 τῷ
1473 1655 1666 1740 αἵματι
1720 1670 1985 1739 ἐμϐαφεὶς
2012 1709 2027 1734 ν

458 1742 669 1807 πάντας
700 1763 765 1799 πε
776 1749 1062 1819 ριῤῥαίνει.
1093 1751 1270 1805 Κάκεῖ
1288 1752 1387 1822 μὲν
1409 1752 1472 1805 τὸ
1501 1750 1658 1821 σῶμα
1677 1749 1877 1815 ἔξωθεν
1903 1751 2020 1803 ὲκα-

458 1826 677 1898 Οαίρετο
702 1846 718 1861 ο
753 1834 1063 1901 σωματικὺς
1092 1835 1216 1904 ¹γάρ
1237 1837 1265 1888 6
1292 1834 1635 1907 καθαρισμὺς
1664 1831 1731 1907 ἦν
1755 1851 1770 1866 ·
1798 1833 2031 1887 ἐνταῦθα

456 1908 534 1974 δὲ,
568 1911 754 1981 ἐπειδὴ
787 1919 1156 1986 πνευματικός
1180 1919 1330 1971 ἐστιν
1353 1920 1382 1972 6
1408 1919 1772 1990 καθαρισμὸς,
1796 1919 1879 1982 είς
1929 1919 2030 1989 τὴν

454 1991 633 2064 ψυχὴν
654 1995 981 2066 εἰσέρχεται,
1001 2000 1095 2052 καὶ
1119 2000 1392 2072 καθαίρει,
1412 2002 1509 2070 οὐχ
1534 2001 1722 2064 ἁπλῶς
1744 2002 2032 2073 περιρραι-

453 2075 699 2144 νόμενος,
728 2080 863 2135 ἀλλὰ
910 2084 1174 2151 πηγάζων
1202 2086 1261 2137 tv
1287 2088 1406 2148 ταῖς
1450 2084 1749 2155 ἡμετέραις
1803 2084 2026 2154 ψυχαῖς.

458 2158 667 2216 Ἰσασιν
693 2165 741 2217 οί
765 2167 1113 2237 μεμυημένοι
1143 2168 1211 2220 τὰ
1238 2168 1530 2238 λεγόμενα.
1586 2168 1695 2221 Kal
1744 2169 1830 2221 ἐπ’
1880 2167 2026 2220 ὲκεί-

453 2257 560 2296 νων
610 2245 709 2314 μὲν
753 2247 928 2321 αὐτὴν
981 2249 1078 2320 τὴν
1105 2250 1430 2323 ἐπιφάνειαν
1482 2249 1844 2322 ἐρῤαινε,καὶ
1866 2249 2029 2305 πάλιν

453 2326 781 2384 ἀπενίπτετο
804 2332 831 2383 6
860 2331 1249 2402 ῥαντιζόμενος
1267 2349 1281 2363 ο
1299 2333 1360 2385 οὐ
1387 2332 1495 2404 γὰρ
1512 2332 1577 2403 δὴ
1604 2333 1922 2403 ᾑμαγμένος
1942 2334 2029 2387 ἀεὶ

455 2410 701 2480 περιῄειο
730 2413 824 2465 ἐπὶ
847 2413 903 2467 δὲ
922 2415 1021 2485 τῆς
1053 2415 1234 2485 ψυχῆς
1278 2415 1377 2485 οὐχ
1411 2414 1606 2483 οὕτως,
1632 2415 1748 2470 ἀλλ’
1790 2415 1929 2487 αὖτῇ
1958 2418 2026 2487 τῇ

455 2491 616 2563 οὐσίᾳ
646 2494 1011 2565 ἀναμίγνυται
1034 2497 1096 2549 τὸ
1124 2493 1286 2567 αἷμα,
1322 2498 1617 2570 ρωμαλέαν
1644 2498 1813 2569 αὐτὴν
1841 2499 2027 2553 ποιοῦν

453 2575 550 2628 καὶ
578 2577 772 2647 ἁγνὴν,
802 2580 898 2632 καὶ
928 2581 1065 2651 πρὸς
1095 2581 1226 2635 αὐτὸ
1254 2581 1318 2634 τὸ
1344 2582 1628 2652 ἀμήχανον
1649 2581 1842 2645 κάλλος
1869 2583 2024 2652 ἆγον.

451 2657 785 2732 Δείκνυσιδὴ
813 2661 997 2716 λοιπὸν
1013 2663 1104 2717 τὸν
1125 2664 1356 2719 θάνατον
1383 2665 1443 2717 οὐ
1476 2664 1635 2735 μόνον
1662 2664 2024 2735 βεϐαιώσεως,

450 2740 590 2795 ἀλλὰ
635 2745 730 2799 καὶ
776 2746 1065 2817 καθαρμοῦ
1114 2747 1310 2802 αίτιον.
1355 2747 1571 2819 Ἐπειδὴ
1614 2748 1776 2819 γάρὴ
1803 2748 2026 2821 τελευτὴ

454 2828 652 2897 μιαρὸν
681 2831 912 2900 πρᾶγμα
939 2832 1113 2886 ἐδόκει
1135 2828 1295 2897 εἶναι,
1317 2832 1411 2885 καὶ
1442 2831 1723 2903 μάλισταὴ
1749 2832 1837 2886 διά
1871 2850 2026 2888 σταυε

453 2909 572 2980 ροῦ,
603 2910 750 2981 λέγει
776 2914 858 2969 ὅτι
887 2915 1147 2987 ἐκάθαρε,
1179 2917 1276 2969 καὶ
1313 2915 1553 2987 έκάθαρε
1579 2915 1767 2986 τιμίαν
1819 2917 2027 2989 κάθαρ-

452 3010 559 3057 σιν,
583 2996 676 3048 καὶ
701 2997 795 3050 tul
831 2996 1042 3068 μείζοσι
1061 3014 1075 3029 ’
1103 2998 1192 3053 διὰ
1220 2999 1380 3053 τοῦτο
1406 3002 1463 3053 αἱ
1498 3001 2022 3073 θυσίαιπρούλαϐον,

448 3076 610 3131 διὰτὸ
632 3073 773 3149 αἷμα
799 3079 958 3134 τοῦτο
977 3098 990 3113 ·
1016 3081 1107 3136 διὰ
1133 3081 1292 3136 τοῦτο
1318 3083 1609 3153 ἀμνοὶ,διά
1620 3083 1781 3138 τοῦτο
1806 3085 2025 3140 ἅπαντα

449 3158 686 3228 ιγένετο.
717 3160 974 3233 Ἀνάγκη
1006 3160 1120 3220 οὖν
1138 3163 1211 3218 τὰ
1223 3165 1341 3234 μὲν
1368 3165 1773 3236 ὑποδείγματα
1810 3166 1930 3221 τῶν
1955 3167 2025 3221 ἐν

447 3243 575 3310 τοῖς
603 3245 882 3313 οὐρανοῖς
904 3248 1141 3313 τούτοις
1164 3247 1578 3317 καθαρίζεσθαι
1620 3266 1634 3281 ο
1666 3248 1819 3305 αὐτὰ
1855 3250 1923 3304 δὲ
1952 3250 2025 3306 τὰ

446 3326 778 3395 ἐπουράνια
796 3331 1092 3398 κρείττοσι
1106 3332 1339 3395 θυσίαις
1353 3332 1512 3402 παρὰ
1525 3334 1763 3400 ταύτας.
1777 3334 1888 3387 Kal
1905 3334 2023 3397 πῶς

448 3409 598 3465 ἐστιν
612 3412 985 3484 ὑποδείγματα
1008 3413 1117 3468 τῶν
1134 3416 1192 3468 tv
1202 3417 1315 3479 τοῖς
1338 3416 1588 3487 οὐρανοῖς
1606 3433 1621 3484 ;
1641 3417 1764 3471 τίνα
1788 3418 1845 3471 δὲ
1868 3418 2024 3472 καλεῖ

447 3495 515 3548 τὰ
529 3497 585 3549 ὲν
600 3498 713 3560 τοῖς
724 3498 972 3570 οὐρανοῖς
990 3497 1086 3555 νῦν
1102 3517 1117 3567 ;
1138 3494 1247 3570 ἆρα
1265 3501 1357 3554 τὸν
1368 3500 1597 3570 οὐρανόν
1612 3520 1627 3570 ;
1646 3500 1781 3556 ἀλλὰ
1789 3503 1918 3567 τοὺς
1932 3505 2024 3573 ἀγ-

447 3579 671 3648 γέλους;
696 3583 861 3636 Οὐδὲν
874 3584 1103 3651 τούτων,
1122 3583 1341 3638 ἀλλὰτά
1367 3586 1635 3657 ἡμέτερα.
1671 3587 1815 3658 Ἀρα
1831 3589 1887 3642 tv
1910 3591 2023 3653 τοῖς

447 3666 698 3735 οὐρανοῖς
726 3667 797 3719 τὰ
824 3668 1092 3738 ἡμέτερα,
1129 3669 1227 3723 καὶ
1288 3669 1613 3741 ἐπουράνια,
1647 3670 1747 3725 κᾶν
1776 3672 1833 3725 tv
1857 3676 1922 3745 τῇ
1951 3675 2020 3744 γῇ

446 3750 779 3821 έπιτελῆται.
819 3752 970 3806 Ἐπεὶ
1008 3753 1104 3806 καὶ
1134 3751 1357 3822 ἄγγελοι
1385 3753 1444 3808 tv
1467 3755 1533 3825 τῇ
1562 3756 1631 3826 γῇ
1664 3756 1800 3808 εἰσιν
1831 3796 1846 3822 ,
1906 3754 2024 3811 ἀλλ’

445 3833 758 3905 ἐπουράνιοι
782 3836 1033 3905 λέγονται
1058 3855 1073 3869 ο
1105 3836 1201 3891 καὶ
1228 3837 1298 3891 τὰ
1330 3837 1615 3909 Χερουϐὶμ
1648 3838 1741 3891 ἐπὶ
1769 3839 1868 3910 τῆς
1918 3840 2023 3910 γῆς

445 3917 643 3988 ἐφάνη,
680 3919 795 3972 ἀλλ’
830 3921 1132 3989 ἐπουράνια
1156 3922 1294 3975 ἐστι.
1316 3923 1427 3975 Καὶ
1452 3921 1504 3975 τί
1519 3921 1664 3991 λέγω
1689 3923 1863 3993 ἐφάνη
1887 3941 1902 3988 ;
1928 3924 2022 3979 ἐπὶ

443 4000 544 4067 τῆς
567 4001 669 4069 γῆς
699 4002 796 4069 μὲν
822 4000 917 4055 οῦν
940 4002 1139 4071 διάγει,
1161 4002 1351 4074 ὥσπερ
1372 3998 1465 4057 οὖν
1496 4004 1554 4059 έν
1584 4004 1664 4075 τῷ
1683 4006 2017 4078 παραδείσῳ.

459 4081 601 4134 Ἀλλ’
626 4084 778 4136 οὐδὲν
795 4084 1037 4138 ἐκώλυσε
1067 4085 1249 4138 τοῦτο’
1271 4086 1572 4156 ὲπουρανία
1602 4087 1710 4158 γάρ
1735 4089 1830 4142 καὶ
1845 4088 2021 4153 οὕτως

446 4163 582 4217 ἐστί.
619 4165 729 4217 Καὶ
762 4165 932 4234 ἡμῶν
958 4166 1026 4220 τὸ
1059 4167 1394 4237 πολίτευμά
1426 4170 1597 4223 ἐστιν
1624 4170 1694 4223 ἐν
1718 4171 2017 4239 οὐρανοῖς,

445 4249 625 4301 καίτοι
646 4250 880 4304 ἐνταῦθα
897 4251 1313 4323 πολιτευόμεθα.
1326 4254 1489 4308 Αὺτὰ
1500 4252 1567 4306 δὲ
1583 4253 1653 4307 τὰ
1666 4253 2013 4320 ἐπουράνιαθ

443 4332 712 4397 τουτέστι,
751 4332 851 4404 τὴν
879 4335 1202 4403 φιλοσοφίαν
1230 4335 1331 4408 τὴν
1359 4337 1490 4408 παρ’
1523 4337 1678 4408 ἡμῖν,
1710 4337 1839 4401 τοὺς
1901 4340 2021 4392 ἐκεῖ

446 4415 817 4485 κεκλημένους
837 4430 887 4472 ι.
907 4417 1215 4488 Κρείττοσι
1240 4422 1480 4487 θυσίαις
1503 4420 1664 4488 παρὰ
1688 4422 1928 4488 ταύτας.
1946 4423 2018 4475 Τὸ

446 4501 698 4570 κρεῖττον
726 4500 893 4554 καλοῦ
915 4502 1059 4564 τινός
1088 4503 1207 4556 ἐστι
1225 4505 1473 4574 κρεῖττον
1494 4521 1507 4533 ’
1540 4504 1653 4574 άρα
1681 4504 1824 4558 καλὰ
1856 4505 2015 4573 γεγό-

447 4600 594 4646 νασι,
620 4584 716 4637 καὶ
747 4583 817 4638 τά
843 4585 1219 4656 ὑποδείγματα
1252 4587 1361 4639 τῶν
1383 4588 1442 4641 tv
1462 4590 1574 4651 τοῖς
1607 4589 1878 4658 οὐρανοῖς.
1903 4590 2018 4643 Οὐκ

447 4666 515 4722 ἂν
542 4667 653 4737 γὰρ
705 4668 826 4723 οὐδὲ
855 4668 925 4722 τὰ
975 4669 1349 4741 ὑποδείγματα
1408 4672 1620 4742 πονηρά
1648 4666 1737 4741 ἦν,
1773 4672 1896 4724 ἐπεὶ
1915 4676 2016 4726 κὰ-

446 4754 601 4806 κεῖνα
632 4751 699 4806 ἂν
729 4752 816 4823 εἴη
846 4753 1059 4825 πονηρά
1079 4749 1155 4809 ὦν
1187 4755 1335 4809 ἐστιν
1362 4750 1753 4827 ὑποδείγματα.

518 4927 671 5001 [161]
693 4935 763 4997 γ’.
787 4930 1047 4985 Είτοίνυν
1082 4931 1395 5004 ἐπουράνιοι
1431 4934 1613 5004 ἡμεῖς,
1636 4936 1732 4990 καὶ
1758 4938 2014 5009 τοιαύτης

444 5013 638 5076 οὐσίας
684 5012 972 5085 ἐτύχομεν,
1009 5015 1293 5088 φρίξωμεν
1313 5035 1325 5047 ·
1364 5018 1559 5088 μηκέτι
1585 5019 1838 5092 μένωμεν
1859 5023 1916 5077 tv
1942 5027 2009 5095 τῇ

445 5096 737 5168 γῇοέξεστι
759 5098 866 5169 γὰρ
893 5100 968 5171 μὴ
993 5097 1135 5154 εἶναι
1156 5102 1213 5154 tv
1234 5104 1299 5172 τῇ
1321 5105 1391 5173 γῇ
1409 5103 1502 5156 καὶ
1523 5103 1618 5156 νῦν
1640 5104 1731 5158 τὸν
1753 5104 2014 5178 βουλόμε-

445 5196 556 5236 νον.
585 5181 658 5233 Τὸ
680 5182 788 5251 γὰρ
818 5178 956 5236 εἶναι
988 5183 1046 5236 tv
1063 5185 1130 5254 τῇ
1156 5187 1228 5255 γῇ
1262 5185 1357 5238 καὶ
1382 5184 1456 5256 μὴ
1484 5180 1643 5250 εἶναι,
1696 5189 1884 5259 τρόπῳ
1917 5191 2016 5244 καὶ

446 5263 767 5334 προαιρέσει
799 5263 1008 5332 γίνεται
1044 5281 1058 5297 ο
1093 5261 1205 5320 οἷόν
1234 5284 1286 5320 τι
1330 5266 1477 5335 λέγω
1501 5282 1513 5296 ·
1548 5268 1607 5321 '0
1633 5268 1767 5333 Θεὸς
1794 5270 2014 5339 λέγεται

444 5342 586 5401 εἶναι
613 5348 670 5399 tv
699 5346 776 5418 τῷ
799 5348 1013 5419 οὐρανῷ
1040 5366 1056 5381 ·
1081 5348 1170 5403 διὰ
1194 5350 1248 5402 τί
1274 5350 1367 5415 ;οὐ
1397 5351 1547 5422 τόπῳ
1571 5351 2013 5424 ἀποκλειόμενος,

451 5428 525 5500 μὴ
554 5430 788 5499 γένοιτο,
820 5432 943 5486 οὐδὲ
965 5431 1062 5502 τὴν
1089 5435 1193 5504 γῆν
1222 5433 1428 5504 ἔρημον
1453 5433 1553 5505 τῆς
1584 5435 1750 5490 αὐτοῦ
1807 5454 2015 5508 παρου.

448 5512 571 5577 σίας
599 5513 781 5584 ἀφεὶς,
812 5513 950 5568 άλλά
975 5518 1040 5588 τῇ
1062 5518 1244 5587 σχέσει
1272 5516 1365 5571 καὶ
1386 5519 1452 5590 τῇ
1482 5519 1756 5575 οἰκειώσει
1785 5524 1847 5593 τῇ
1878 5522 2012 5595 πρδς

511 5671 537 5700 ³
561 5673 669 5727 Τοῖς
693 5674 1086 5737 ἐκκικλημὲνοιςῖ

1202 297 1260 353 S.
1292 296 1577 354 JOANNIS
1605 291 2096 355 CHRYSOSTOMI
2128 294 2448 357 ARCHIEP.
2490 299 3038 360 CONSTANTINOP.
3590 312 3682 367 ηδ

2142 418 2273 482 τοὺς
2335 420 2619 495 ἀγγέλους.
2650 424 2747 478 Ἂν
2772 424 2952 477 τοίνυν
2986 424 3080 478 καὶ
3125 423 3284 493 ἡμεῖς
3340 425 3500 495 ἐγγὺς
3549 423 3685 502 ὦμεν

2138 502 2232 555 τοῦ
2265 505 2424 571 Θεοῦ,
2454 509 2511 561 tv
2538 507 2756 579 οὐρανῷ
2813 509 3003 579 ἐσμεν.
3036 507 3101 560 Τί
3130 509 3238 577 γάρ
3287 525 3376 577 μοι
3421 511 3564 580 μέλει
3603 516 3688 572 τοῦ

2136 585 2389 656 οὐρανοῦ,
2410 592 2542 645 ὅταν
2567 590 2681 659 ὁρῶ
2714 590 2807 644 τὸν
2838 590 3118 659 Δεσπότην
3149 589 3243 643 τοῦ
3269 593 3515 664 οὐρανοῦ,
3570 597 3689 653 ὅταν

2137 669 2300 734 αὐτὸς
2328 672 2558 744 οὐρανὸς
2587 675 2834 743 γένωμαι
2857 691 2872 739 ;
2916 672 3314 742 Ἐλευσόμεθα
3339 675 3444 747 γὰρ
3464 718 3478 742 ,
3507 682 3689 750 φησὶν,

2134 750 2249 819 ἐγὼ
2274 754 2372 808 καί
2401 757 2435 809 ό
2457 756 2658 824 Πατήρ
2689 772 2828 824 μου,
2846 755 2945 809 καί
2970 755 3167 824 μονὴν
3196 757 3330 824 παρ’
3353 759 3508 825 αὐτῷ
3530 764 3691 832 ποιή.

2134 847 2342 904 σομεν.
2391 838 2717 911 Ποιήσωμεν
2762 833 2856 892 οὖν
2899 838 3059 909 ἡμῶν
3105 838 3203 910 τὴν
3240 838 3414 910 ψυχὴν
3454 844 3689 914 οὐρανόν.

2134 917 2363 990 Φαιδρός
2418 921 2563 976 ἑστιν
2582 923 2611 976 6
2642 921 2871 993 οὐρανὸς
2908 925 2974 994 τῇ
2998 922 3190 990 φύσει·
3215 923 3337 978 οὐδὲ
3375 924 3480 996 γὰρ
3512 928 3566 979 tv
3589 946 3692 999 χει-

2138 999 2275 1082 μῶνι
2308 1001 2477 1070 μέλας
2522 1005 2733 1073 γίνεται
2762 1021 2776 1035 ·
2809 1005 2869 1059 οὐ
2891 1004 3002 1075 γὰρ
3035 1004 3197 1070 αὐτὸς
3236 1007 3555 1077 μεταϐάλλει
3604 1011 3693 1082 τὴν

2092 1122 2095 1123 ν
2134 1080 2278 1150 ὅφιν,
2308 1084 2427 1138 ἀλλ’
2452 1088 2509 1139 al
2535 1088 2760 1158 νεφέλαι
2781 1088 3188 1160 συνδραμοῦσαι
3228 1088 3587 1145 καλύπτουσιν
3604 1080 3695 1147 αὐ-

2135 1162 2252 1218 τόν.
2323 1165 2383 1219 'O
2439 1170 2670 1242 οὐρανὸς
2724 1171 2877 1243 ’ἡλιον
2941 1171 3054 1242 ἔχει
3087 1188 3102 1203 ·
3157 1172 3355 1243 ἔχομεν
3417 1175 3509 1227 καὶ
3547 1176 3699 1246 ἡμεῖς

2132 1247 2285 1317 ἥλιον
2337 1249 2707 1325 δικαιοσύνης.
2770 1250 2938 1308 Εἶπον
2970 1293 2986 1318 ,
3049 1255 3269 1321 Ἔξεστι
3315 1257 3567 1324 γενέσθαι
3628 1258 3699 1321 ὡς

2134 1330 2398 1401 οὐρανόν
2448 1337 2547 1392 καὶ
2590 1337 2703 1410 ὁρῶ
2750 1337 2833 1391 ὅτι
2894 1338 2989 1392 καὶ¹
3030 1337 3281 1406 βελτίονα
3334 1338 3584 1406 γενέσθαι
3612 1340 3697 1393 τοῦ

2133 1420 2370 1492 οὐρανοῦ
2429 1419 2627 1487 ἔξεστι.
2687 1419 2858 1486 Πῶς;
2918 1420 3091 1474 Ὀταν
3139 1419 3230 1475 τὸν
3285 1421 3560 1491 Δεσπότην
3609 1423 3725 1475 τοῦ

2132 1503 2284 1574 ἡλίου
2340 1503 2577 1575 ἔχωμεν.
2630 1502 2691 1556 Ὀ
2750 1502 2981 1574 οὐρανὸς
3046 1502 3315 1557 πάντοθέν
3373 1506 3492 1558 ἐστι
3538 1505 3700 1560 καθα-

2135 1584 2227 1654 ρὸς
2289 1586 2385 1640 καὶ
2447 1584 2825 1654 ἀκηλίδωτος,
2887 1586 2990 1638 οὐκ
3045 1588 3103 1638 tv
3157 1585 3432 1656 χειμῶνι,
3493 1588 3588 1641 οὐκ
3648 1588 3701 1640 tv

2130 1670 2286 1723 νυκτὶ
2315 1668 2713 1739 μεταϐάλλεται
2739 1686 2755 1701 ·
2791 1668 2866 1738 μὴ
2885 1668 3067 1721 τοίνυν
3112 1667 3248 1738 μηδὲ
3274 1670 3438 1740 ἡμεῖς
3491 1674 3624 1739 μήτε
3649 1671 3702 1722 tv

2129 1755 2250 1816 ταῖς
2276 1752 2510 1820 θλίψεσι,
2547 1752 2687 1822 μήτε
2711 1752 2768 1805 tv
2800 1753 2921 1814 ταῖς
2952 1751 3265 1821 μεθοδείαις
3311 1751 3407 1805 τοῦ
3466 1752 3702 1806 διαϐόλου

2128 1834 2287 1889 τοῦτο
2323 1836 2645 1906 πάσχωμεν,
2673 1833 2813 1889 ἀλλὰ
2839 1835 3092 1905 μένωμεν
3116 1834 3444 1904 ἀκηλίδωτοι
3483 1835 3576 1888 καὶ
3607 1852 3703 1888 κα-

2130 1918 2309 1989 θαροί.
2347 1919 2404 1973 ⁸0
2435 1919 2664 1990 οὐρανός
2694 1920 2844 1971 ἐστιν
2894 1919 3118 1989 ὑψηλὸς,
3145 1919 3244 1973 καὶ
3274 1918 3414 1971 πολὺ
3455 1918 3554 1987 τῆς
3606 1919 3701 1987 γῆς

2128 2002 2379 2072 ἀπέχωνο
2413 2000 2571 2055 τοῦτο
2600 2001 2694 2054 καὶ
2732 2002 2893 2072 ἡμεῖς
2928 2003 3269 2072 ποιήσωμεν,
3317 2002 3703 2070 ἀποπὴσωμεν

2127 2084 2355 2146 ἑαυτοὺς
2382 2084 2481 2153 τῆς
2518 2086 2640 2153 γῆς,
2668 2084 2763 2136 καὶ
2788 2083 2924 2155 πρὸς
2959 2084 3019 2138 τὸ
3045 2083 3179 2154 ῦψος
3224 2083 3488 2156 ἀρθῶμεν
3514 2083 3702 2136 έκεῖνο.

2126 2165 2237 2219 Καὶ
2278 2166 2379 2220 ποῦ
2426 2165 2527 2236 τῆς
2547 2167 2650 2235 γῆς
2702 2167 2930 2231 ἑαυτοὺς
2963 2168 3404 2237 ἀποστήσωμενς
3442 2166 3607 2220 Ὅταν
3642 2165 3705 2217 τὰ

2125 2249 2349 2318 οὐράνια
2371 2248 2789 2320 φανταζώμεθα.
2832 2250 2891 2305 '0
2922 2249 3151 2320 οὐρανὸς
3172 2249 3449 2321 ἀνώτερός
3479 2250 3593 2302 εστι
3618 2248 3707 2301 καὶ

2126 2331 2298 2386 ὑετῶν
2346 2334 2442 2386 καὶ
2486 2332 2789 2404 χειμώνων,
2836 2333 2933 2387 καὶ
2978 2332 3070 2386 ὑπ’
3124 2331 3347 2395 οὐδενὸς
3393 2332 3668 2386 ἁλίσκεται
3690 2348 3702 2360 ·

2123 2414 2283 2469 τοῦτο
2307 2417 2401 2469 καὶ
2432 2418 2592 2487 ἡμεῖς
2621 2415 2983 2487 δυνησόμεθα,
3018 2414 3113 2469 ἐὰν
3136 2415 3408 2486 θέλωμεν.
3441 2408 3606 2478 Οὗτος
3629 2413 3710 2467 δο-

2125 2501 2213 2552 κεῖ
2258 2499 2378 2571 μὲν,
2406 2500 2468 2553 οὐ
2501 2499 2682 2570 μέντοι
2724 2499 2956 2569 πάσχει·
2995 2498 3074 2570 μὴ
3130 2500 3321 2552 τοίνυν
3369 2498 3505 2569 μηδὲ
3535 2499 3707 2569 ἡμεῖς,

2124 2582 2228 2636 κᾶν
2256 2582 2501 2653 δοκῶμεν
2529 2581 2780 2653 πάσχειν,
2822 2582 3146 2652 πάσχωμεν.
3175 2582 3395 2654 Ὥσπερ
3422 2580 3532 2651 γὰρ
3553 2583 3608 2634 tv
3635 2578 3711 2650 τῷ

2125 2666 2353 2736 χειμῶνι
2405 2666 2453 2718 οί
2495 2665 2593 2736 μὲν
2628 2665 2812 2718 πολλοὶ
2843 2664 2903 2717 τὸ
2934 2664 3131 2727 κάλλος
3163 2664 3337 2718 αὐτοῦ
3376 2665 3478 2717 οὐκ
3515 2662 3709 2727 ῐσασιν,

2124 2748 2260 2802 ἀλλά
2280 2748 2588 2819 νομίζουσιν
2624 2748 2786 2801 αὐτὸν
2814 2747 3135 2818 τρέπεσθαι,
3165 2748 3216 2800 οί
3249 2747 3309 2801 δὲ
3359 2745 3714 2817 φιλοσοφοῦν-

2122 2848 2213 2894 τες
2239 2831 2418 2884 ἴσασιν
2448 2831 2530 2884 ὃτι
2561 2829 2712 2885 οὐδὲν
2737 2830 2940 2883 ἔπαθεν
2962 2846 2976 2859 ·
3008 2829 3151 2883 οῦτω
3172 2830 3272 2883 καὶ
3310 2830 3441 2903 περὶ
3472 2829 3632 2901 ἡμῶν
3658 2829 3715 2881 tv

2120 2915 2241 2977 ταῖς
2274 2913 2536 2982 θλίψεσιν,
2563 2914 2613 2965 οί
2646 2913 2744 2984 μὲν
2795 2912 2984 2966 πολλοὶ
3021 2912 3343 2987 νομίζουσιν
3369 2913 3521 2982 ἡμᾶς
3578 2927 3715 2979 συμ-

2125 2996 2582 3067 μεταϐεϐλῆσθαι,
2614 2996 2707 3049 καὶ
2743 2995 2916 3067 αὐτῆς
2947 2994 3105 3067 ἡμῶν
3142 2989 3322 3067 ἧφθαι
3350 2996 3454 3065 τῆς
3485 2993 3712 3064 καρδίας

2119 3080 2220 3151 τὴν
2268 3080 2478 3151 θλῖψιν⁸
2509 3081 2558 3135 οἱ
2592 3080 2650 3134 δὲ
2705 3080 2983 3151 φιλόσοφοι
3038 3079 3218 3134 ἴσασιν
3268 3083 3354 3135 ὅτι
3410 3081 3511 3151 οὐχ
3535 3080 3709 3150 ἥψατο

2118 3163 2297 3233 ἡμῶν.
2328 3162 2621 3234 Γενώμεθα
2650 3163 2832 3217 τοίνυν
2879 3161 3133 3234 οὐρανὸς,
3165 3162 3493 3232 ἀνέλθωμεν
3544 3163 3622 3225 είς
3657 3159 3718 3213 τδ

2121 3244 2251 3316 ὕψος
2268 3246 2463 3311 ἐκεῖνο,
2495 3246 2590 3299 καὶ
2613 3246 2784 3310 οὕτως
2801 3245 3045 3318 ὀψόμεθα
3068 3247 3195 3309 τοὺς
3223 3246 3561 3319 ἀνθρώπους
3593 3260 3722 3315 μυρ-

2123 3329 2313 3399 μὴκων
2340 3328 2491 3382 οὐδὲν
2511 3328 2866 3399 διαφέροντας
2884 3346 2898 3360 ο
2938 3328 3000 3381 οὐ
3026 3328 3156 3390 τοὺς
3184 3328 3437 3399 πένητας
3453 3328 3600 3395 λέγω
3626 3325 3721 3396 μό-

2119 3428 2228 3472 νον.
2245 3409 2396 3483 [162]
2416 3411 2537 3465 οὐδὲ
2556 3412 2682 3475 τοὺς
2696 3411 3007 3476 πλουσίους,
3022 3409 3159 3465 ἀλλά
3181 3411 3291 3465 κᾶν
3315 3411 3627 3483 στρατηγός
3642 3425 3723 3467 τις

2118 3488 2173 3567 ᾖ,
2202 3493 2304 3547 κᾶν
2334 3494 2608 3562 βασιλεὺς,
2641 3494 2739 3547 οὐκ
2776 3493 3018 3563 ὀψόμεθα
3054 3492 3173 3546 ἐκεῖ
3190 3495 3287 3546 τὸν
3313 3493 3570 3564 βασιλέα,
3605 3492 3721 3545 οὐδὲ

2119 3576 2210 3629 τὸν
2238 3575 2451 3647 ἰδιώτην
2473 3594 2486 3607 ο
2521 3576 2622 3629 οὐκ
2671 3575 2933 3646 εἰσόμεθα
2953 3576 3008 3629 τί
3042 3575 3143 3647 μὲν
3184 3578 3417 3646 χρυσὸς,
3444 3577 3498 3630 τί
3539 3575 3596 3628 δὲ
3624 3574 3724 3644 άρ-

2119 3675 2305 3730 γυρος,
2350 3660 2405 3713 τί
2433 3660 2489 3713 δὲ
2539 3660 2750 3730 ἱμάτιον
2780 3659 3026 3731 σηρικὸν,
3059 3659 3093 3727 ἢ
3148 3661 3479 3732 πορφυροῦν
3502 3678 3515 3690 ·
3548 3660 3721 3715 πάντα

2120 3740 2306 3814 ὥσπερ
2339 3742 2502 3813 μυίας
2538 3742 2800 3813 ὀψόμεθα,
2831 3743 2926 3795 ἐὰν
2959 3743 3019 3795 ὲν
3055 3741 3253 3813 ἐκείνῳ
3298 3742 3380 3812 τῷ
3417 3742 3546 3812 ῦψει
3584 3739 3715 3794 καθ-

2122 3822 2358 3895 ίσωμεν
2396 3825 2573 3889 οὐδεὶς
2619 3825 2845 3897 θόρυϐος
2893 3824 3028 3891 ἐκεῖ,
3052 3824 3284 3894 οὐδεμία
3326 3826 3569 3896 ταραχὴ,
3602 3822 3721 3876 οὐδὲ

2119 3908 2355 3980 κραυγή.
2405 3908 2516 3961 Καὶ
2541 3908 2661 3972 πῶς
2693 3907 2792 3970 ἔνι,
2828 3908 3015 3978 φησὶν,
3045 3908 3128 3969 είς
3153 3907 3338 3962 ἐκεῖνο
3370 3908 3613 3979 ἀρθῆναι
3655 3905 3719 3957 τὸ

2118 3987 2270 4059 ὕψος,
2295 3989 2388 4043 ἐπὶ
2413 3991 2511 4061 τῆς
2534 3990 2640 4061 γῆς
2666 3988 3073 4062 περιπατοῦντα
3096 4005 3110 4054 ;
3135 3989 3298 4061 Λόγῳ
3338 3990 3447 4061 μὲν
3482 3992 3547 4043 οὐ
3577 3989 3721 4057 λέγω

2116 4071 2275 4127 τοῦτο
2301 4073 2487 4137 ἀπλῶς
2515 4092 2527 4106 ·
2547 4074 2664 4128 ἀλλ’
2713 4075 2762 4126 εί
2787 4073 2987 4144 βούλει,
3019 4073 3130 4143 ἐγώ
3161 4090 3242 4126 σοι
3264 4074 3531 4145 δείκνυμι
3568 4074 3718 4145 ἔργῳ

2116 4157 2242 4218 τοὺς
2259 4156 2339 4219 είς
2355 4155 2414 4209 τὸ
2432 4155 2564 4226 ὕψος
2587 4158 2762 4210 έκεῖνο
2792 4156 3125 4225 φθάσαντας.
3161 4157 3333 4222 Τίνας
3352 4157 3422 4229 δὴ
3450 4158 3684 4219 τούτους
3705 4171 3721 4221 ;

2118 4237 2258 4301 Τοὺς
2284 4238 2411 4309 περὶ
2442 4238 2652 4293 Παῦλον
2678 4239 2857 4308 λέγω,
2892 4240 3087 4302 οἵτινες
3105 4241 3163 4293 tv
3189 4242 3256 4310 τῇ
3294 4243 3368 4310 γῇ
3432 4240 3612 4302 ὄντες,
3667 4240 3724 4290 έν

2116 4320 2195 4391 τῷ
2241 4321 2455 4394 οὐρανῷ
2504 4322 2791 4393 διέτριϐον.
2817 4324 2929 4377 Καὶ
2987 4323 3040 4376 τί
3061 4323 3205 4392 λέγω
3234 4325 3294 4375 έν
3337 4322 3422 4394 τῷ
3456 4321 3723 4394 οὐρανῷ;

2120 4403 2438 4475 ὑψηλότεροι
2480 4400 2620 4477 ἦσαν
2668 4406 2761 4459 τοῦ
2806 4404 3062 4477 οὐρανοῦ,
3090 4405 3186 4461 καὶ
3227 4404 3325 4459 τοῦ
3363 4405 3535 4459 ἄλλου
3571 4405 3600 4445 ιι
3636 4405 3728 4456 οὐ-

2120 4486 2302 4559 ρανοῦ,
2356 4489 2451 4542 καὶ
2490 4488 2625 4560 πρὸς
2658 4489 2818 4543 αὐτὸν
2854 4488 3087 4558 ἀνῆλθον
3132 4488 3224 4542 τὸν
3267 4488 3432 4543 Θεόν.
3468 4489 3570 4552 Τίς
3615 4487 3725 4557 γὰρ

2115 4573 2275 4643 ἡμᾶς
2301 4576 2568 4644 χωρίσει,
2604 4575 2792 4647 φησὶν,
2825 4576 2942 4630 ἀπὸ
2978 4575 3091 4644 τῆς
3120 4574 3366 4645 ἀγάπης
3410 4575 3529 4630 τοῦ
3587 4576 3725 4642 Χρι-

2114 4659 2301 4723 στοῦ;
2334 4659 2557 4729 θλῖψις,
2586 4658 2625 4728 ἢ
2645 4660 3031 4729 στενοχωρία,
3055 4658 3093 4727 ἢ
3110 4658 3355 4739 λιμὸς,ἢ
3383 4657 3665 4728 διωγμὸς,

2113 4743 2431 4812 γυμνότης,
2463 4742 2501 4812 ἢ
2528 4742 2834 4808 κίνδυνος.
2860 4742 2898 4811 ἢ
2928 4741 3195 4811 μάχαιρα
3219 4759 3239 4806 ;
3276 4738 3380 4794 καὶ
3406 4741 3600 4805 πάλιν,
3630 4738 3728 4807 Μὴ

2112 4826 2509 4879 σκοπούντων
2554 4824 2725 4893 ἡμῶν
2754 4825 2824 4879 τὰ
2874 4825 3251 4893 βλεπόμενα,
3297 4823 3481 4877 ἀλλὰ
3533 4825 3610 4876 τὰ
3637 4820 3724 4890 μὴ

2109 4908 2480 4976 βλεπόμενα.
2527 4906 2691 4979 Ὁρᾷς
2730 4909 2811 4961 ὅτι
2840 4908 2959 4961 οὐδὲ
2993 4906 3140 4980 ἐώρα
3163 4906 3234 4961 τὰ
3270 4906 3562 4970 ὲνταῦθας
3608 4905 3730 4958 Ἵνα

2112 4989 2171 5043 δέ
2207 5006 2289 5043 σοι
2324 4988 2485 5055 δείξω
2515 4990 2596 5043 ὅτι
2633 4990 2743 5043 τῶν
2788 4989 3035 5060 οὐρανῶν
3081 4989 3361 5060 ἁνώτερος
3402 4983 3499 5058 ἦν,
3555 4988 3727 5041 ἄκουε

2113 5072 2278 5127 αὐτοῦ
2299 5073 2547 5142 λέγοντος
2569 5090 2583 5105 ·
2621 5073 2948 5142 Πέπεισμαι
2972 5074 3081 5143 γὰρ
3117 5073 3207 5127 ὅτι
3251 5071 3401 5126 οὔτε
3456 5070 3728 5135 θάνατος

2112 5157 2253 5209 οὔτε
2286 5156 2420 5223 ζωὴ,
2448 5158 2585 5210 οὔτε
2644 5155 2943 5211 ἐνεστῶτα
2989 5157 3129 5211 οὔτε
3171 5156 3520 5225 μέλλοντα,
3587 5152 3730 5207 οὔτε

2113 5238 2332 5307 ὕψωμα
2377 5240 2515 5293 οὔτε
2540 5239 2756 5306 βάθος,
2818 5240 2956 5294 οὔτε
2994 5255 3084 5305 τις
3120 5239 3319 5304 κτίσις
3374 5237 3563 5306 ἑτέρα
3615 5235 3728 5287 δυ-

2112 5321 2359 5405 νήσεται
2388 5323 2543 5391 ἡμᾶς
2574 5326 2819 5393 χωρίσαι
2846 5323 2965 5379 ἀπὸ
3010 5322 3123 5391 τῆς
3150 5321 3399 5393 ἀγάπης
3428 5318 3549 5374 τοῦ
3595 5320 3731 5385 Χρι-

2114 5422 2283 5460 στου.

2199 5489 2360 5560 Ὁρᾷς
2390 5489 2506 5551 πῶς
2531 5490 2708 5543 πάντα
2747 5487 3122 5560 παραδραμὼν
3159 5489 3188 5540 6
3234 5486 3537 5555 λογισμὸς,
3572 5483 3725 5539 ἀνώ-

2118 5588 2273 5642 τερον
2300 5571 2460 5623 αὐτὸν
2489 5572 2763 5642 ἐποίησεν,
2792 5573 2853 5625 οὐ
2880 5571 3082 5643 ταύτης
3119 5569 3276 5643 μόνον
3317 5566 3429 5638 τῆς
3458 5567 3726 5628 κτίσεως,

2185 5679 2210 5719 ὶι
2238 5682 2328 5728 Καὶ
2351 5679 2432 5728 τοῦ
2455 5678 2645 5742 τρίτοιδῖ
