3980 6142
318 358 409 413 123

317 459 581 514 testamenti
619 458 675 514 in
727 458 1073 516 remissionem
1115 466 1456 531 peccatorum.
1506 459 1619 517 Hoc
1659 465 1879 516 verbum

316 566 400 619 pro
422 549 663 622 byssopo
688 551 950 622 sanguine
973 549 1278 618 intinctam,
1306 564 1499 605 omnes
1526 553 1782 624 aspergit.
1817 553 1884 608 Et

315 642 411 698 illic
448 643 669 713 quidem
708 658 905 715 corpus
942 644 1280 699 extrinsecus
1319 643 1714 711 mundabatur;
1762 656 1880 701 erat

317 736 444 791 enim
472 735 754 791 mundatio
779 736 1112 807 corporalis:
1137 734 1223 790 hic
1251 744 1429 790 autem
1456 737 1704 806 quoniam
1732 753 1886 791 mun-

297 827 464 921 ‘datio
508 836 595 881 est
635 825 960 896 spiritualis,
988 822 1263 877 mundatio
1304 822 1603 891 ingreditur
1642 821 1897 889 animam,

302 912 307 925 ’
330 933 426 972 non
454 916 631 972 solum
658 930 954 986 aspergens
981 913 1076 969 sed
1104 912 1447 967 etiaminstar
1475 912 1635 966 lenitis
1666 914 1900 983 irrigans

328 1008 375 1063 in
403 1008 686 1062 animabus
712 1006 938 1061 nostris.
973 1005 1160 1061 Sciunt
1184 1019 1301 1074 quae
1331 1002 1580 1058 dicuntur
1600 1003 1635 1058 ii
1658 1005 1747 1075 qui
1774 1012 1902 1059 sunt

330 1100 508 1156 initiati
538 1099 831 1170 mysteriis.
855 1097 921 1152 Et
949 1098 999 1151 in
1023 1096 1129 1150 illis
1157 1094 1371 1165 quidem
1394 1095 1562 1163 ipsam
1583 1093 1901 1165 aspergebat

330 1191 684 1262 superficiem,
712 1200 767 1245 et
787 1189 876 1260 qui
917 1189 1318 1258 aspergebatur,
1339 1201 1524 1241 rursus
1548 1187 1896 1252 abluebatur;

315 1274 429 1337 non
457 1282 601 1337 enim
625 1295 840 1350 semper
864 1278 1043 1333 obibat
1070 1286 1410 1332 cruentatus:
1439 1277 1491 1330 in
1514 1276 1688 1330 anima
1721 1287 1896 1331 autem

342 1388 439 1427 non
469 1372 569 1440 sic,
588 1371 681 1427 sed
714 1369 817 1440 ipsi
845 1369 1093 1424 essentize
1116 1368 1438 1422 admiscetur
1464 1367 1699 1436 sanguis,
1730 1366 1896 1436 ipsam

332 1460 552 1517 reddens
585 1460 859 1515 robustam
890 1468 945 1513 ct
972 1466 1197 1522 castam,
1223 1469 1277 1512 et
1302 1456 1573 1511 deducens
1612 1457 1675 1511 ad
1706 1458 1896 1526 ipsum,

330 1569 439 1625 qua:
474 1552 733 1623 explicari
760 1567 863 1606 non
898 1560 1108 1622 potest,
1142 1549 1610 1621 pulchritudinem.
1643 1550 1898 1621 Deinceps

331 1656 499 1700 autem
540 1642 777 1699 ostendit
818 1650 1048 1697 mortem
1098 1656 1204 1696 non
1257 1640 1679 1697 conﬁrmationis
1723 1643 1898 1698 solum

331 1748 439 1791 esse
464 1749 707 1800 causam,
739 1732 832 1789 sed
859 1733 1021 1788 etiam
1046 1732 1456 1788 emundationis.
1484 1734 1621 1790 Nam
1647 1734 1898 1803 quoniam

330 1842 468 1883 mors
511 1826 794 1882 videbatur
819 1840 942 1881 esse
984 1839 1072 1879 res
1101 1825 1432 1882 exsecranda
1478 1836 1536 1884 et
1578 1825 1810 1880 maxime
1835 1840 1898 1879 ea

329 1935 436 1989 qua:
455 1919 857 1989 suscipiebatur
884 1932 978 1987 per
1001 1931 1238 1983 crucem,
1259 1915 1388 1971 dicit
1415 1932 1534 1972 eam
1557 1916 1898 1982 emundasse,

330 2011 479 2080 idque
531 2010 768 2079 pretiosa
815 2007 1215 2072 emundatione,
1247 2017 1299 2061 et
1325 2022 1446 2076 quae
1489 2016 1607 2061 erat
1638 2007 1690 2060 in
1740 2006 1900 2060 rebus

328 2103 639 2173 majoribus.
685 2102 973 2170 Propterea
1019 2107 1417 2170 prtecesserunt
1460 2099 1742 2161 sacrilieia,
1772 2113 1901 2167 pro-

331 2204 438 2264 pter
488 2193 637 2247 bunc
681 2191 1035 2261 sanguinem:
1082 2198 1368 2259 prepterea
1413 2189 1570 2260 agni,
1622 2197 1900 2258 proltterea

327 2285 454 2339 facta
486 2290 618 2337 sunt
642 2283 839 2336 omnia.
864 2280 954 2336 23.
989 2278 1208 2334 Necesse
1243 2290 1314 2334 est
1341 2297 1478 2351 ergo,
1503 2280 1700 2351 inquit,
1729 2296 1899 2333 exem-

328 2364 486 2443 plaria
516 2372 724 2443 quidem
746 2371 1018 2425 cwlestium
1048 2371 1126 2424 his
1165 2370 1422 2434 mundari,
1451 2371 1563 2437 ipsa
1606 2380 1771 2423 autem
1796 2386 1901 2424 cte-

325 2468 460 2522 leslia
498 2465 796 2520 melioribus
833 2464 1009 2519 hostiis
1042 2480 1193 2533 quam
1227 2464 1356 2518 istis.
1394 2463 1459 2517 Et
1480 2463 1745 2532 quomodo
1774 2473 1901 2518 sunt

324 2555 648 2627 exemplaria
667 2570 855 2612 eorum
875 2570 995 2626 quae
1020 2566 1143 2609 sunt
1166 2555 1219 2609 in
1235 2554 1414 2608 caelis?
1433 2554 1700 2621 quomodo
1723 2565 1900 2609 autem

326 2658 470 2702 vocat
499 2664 649 2702 nunc
675 2662 736 2702 ea
764 2662 882 2715 quae
912 2654 1036 2701 sunt
1062 2646 1116 2700 in
1142 2645 1332 2701 cwlis?
1378 2662 1502 2698 num
1548 2646 1775 2700 czelum?
1812 2656 1901 2701 aut

323 2739 584 2809 angelos?
613 2737 759 2792 Nihil
787 2737 1013 2803 horum;
1057 2736 1147 2792 sed
1172 2744 1376 2791 nostra.
1405 2736 1597 2791 Nostra
1626 2752 1753 2807 ergo
1778 2747 1902 2792 sunt

325 2828 374 2882 in
398 2829 578 2895 caelis,
606 2839 660 2883 et
686 2838 870 2883 nostra
908 2836 1033 2882 sunt
1056 2827 1313 2893 caelestia,
1345 2827 1551 2881 etiamsi
1585 2838 1906 2898 peraguntur

322 2921 374 2974 in
425 2933 595 2976 terra.
648 2921 782 2976 Nam
824 2921 1000 2991 angeli
1040 2936 1252 2991 quoque
1300 2930 1425 2975 sunt
1472 2921 1527 2976 in
1577 2932 1754 2988 terra,
1810 2923 1904 2977 scd

322 3012 576 3068 dicuntur
623 3014 904 3078 caelestes;
962 3023 1016 3067 et
1068 3012 1357 3068 Cherubim
1424 3023 1785 3082 apparuerunt
1851 3016 1904 3068 in

324 3112 479 3167 terra,
514 3113 647 3158 sunt
697 3114 871 3168 tamen
912 3105 1165 3158 caelestia.
1199 3105 1266 3158 Et
1308 3104 1434 3173 quid
1477 3104 1599 3159 dico
1641 3120 1904 3174 apparue—

325 3198 486 3249 runt?
520 3196 579 3249 in
616 3205 758 3249 terra
787 3195 1002 3265 quidem
1031 3206 1179 3250 certe
1201 3195 1419 3265 degunt,
1450 3205 1504 3249 ul
1544 3197 1704 3251 etiam
1737 3198 1788 3250 in
1817 3214 1905 3267 pa-

322 3287 521 3343 radiso.
548 3288 661 3345 Sed
694 3288 826 3342 nihil
854 3288 955 3342 hoc
983 3288 1294 3356 impedivit;
1327 3299 1450 3343 sunt
1478 3290 1620 3343 enim
1650 3291 1905 3346 cmlestia.

322 3375 386 3430 Et
408 3389 591 3433 nostra
609 3379 919 3433 conversatio
940 3389 1010 3432 est
1023 3380 1075 3433 in
1095 3380 1232 3434 ccelis
1249 3379 1509 3449 (Philipp.
1528 3381 1580 3436 '5.
1598 3379 1715 3449 20),
1731 3396 1910 3450 quam-

320 3472 400 3526 vis
429 3471 521 3525 hic
549 3484 855 3524 versemur.
906 3468 1034 3539 Ipsa
1061 3479 1229 3523 autem
1255 3471 1507 3535 caelestia;
1548 3470 1647 3525 hoc
1674 3479 1755 3526 est
1792 3472 1911 3541 phi-

322 3562 570 3633 lOSOphia
607 3562 696 3616 illa
727 3576 845 3631 quae
885 3571 967 3616 est
992 3563 1131 3631 apud
1171 3578 1289 3628 nos,
1320 3563 1408 3632 qui
1452 3563 1575 3618 illuc
1603 3578 1787 3618 sumus
1817 3578 1911 3617 vo-

320 3656 443 3709 cati.
466 3652 799 3718 Melioribus,
820 3652 1009 3721 inquit,
1030 3652 1206 3706 hostiis
1226 3669 1377 3722 quam
1396 3654 1523 3706 istis.
1542 3653 1693 3719 Quod
1720 3654 1911 3707 melius

322 3754 423 3810 est,
453 3746 649 3813 aliquo
698 3744 836 3797 bono
867 3752 949 3796 est
980 3742 1207 3799 melius:
1250 3757 1381 3811 ergo
1412 3742 1626 3797 fuerunt
1663 3744 1824 3807 bona,
1860 3754 1914 3798 et

323 3835 660 3900 exemplaria
690 3849 877 3887 eorum
923 3848 1043 3901 quae
1073 3833 1126 3887 in
1173 3833 1340 3887 caelis.
1373 3832 1483 3887 Nec
1529 3834 1666 3887 mala
1716 3833 1912 3887 fuerint

323 3920 706 3990 exemplaria:
737 3934 860 3973 nam
895 3919 987 3973 illa
1022 3933 1237 3990 quoque
1280 3927 1464 3975 essent
1505 3921 1643 3973 mala
1689 3935 1917 3990 quorum

321 4022 447 4067 sunt
475 4011 839 4081 exemplaria.

391 4103 448 4158 5.
478 4103 540 4157 Si
573 4117 710 4171 ergo
736 4117 921 4156 sumus
949 4101 1214 4168 cmlcstes,
1244 4111 1299 4155 et
1327 4111 1501 4156 tamen
1532 4103 1803 4171 assequuti
1829 4117 1919 4157 δυο

323 4207 443 4249 mus
489 4192 821 4257 essentiam,
864 4193 1347 4261 pertimescamus:
1380 4211 1482 4247 non
1530 4195 1757 4263 amplius
1801 4208 1916 4248 nta-

323 4297 553 4339 neamus
585 4284 642 4337 in
678 4293 816 4338 terra
845 4300 859 4337 :
884 4283 1007 4338 licet
1029 4283 1173 4337 enim
1215 4284 1261 4337 ei
1295 4285 1383 4354 qui
1414 4286 1560 4348 velit,
1590 4286 1750 4339 etiam
1777 4302 1917 4340 nunc

323 4389 430 4429 non
481 4391 614 4431 esse
662 4375 716 4429 in
764 4383 929 4429 terra.
972 4375 1103 4429 Nam
1135 4386 1193 4429 ut
1220 4377 1389 4431 simus
1430 4386 1483 4431 et
1522 4393 1626 4431 non
1672 4380 1838 4433 simus
1867 4380 1916 4434 in

325 4471 489 4531 terra,
538 4465 602 4518 fit
652 4465 818 4518 animi
866 4464 1114 4519 instituto
1144 4474 1198 4520 et
1244 4468 1539 4522 voluntate.
1577 4469 1644 4523 Ut
1690 4472 1921 4539 exempli

322 4570 487 4610 eausa
518 4576 533 4612 :
568 4557 719 4612 Deus
742 4555 941 4610 dicitur
966 4572 1089 4612 esse
1126 4556 1179 4610 in
1208 4559 1341 4611 czelo
1367 4577 1378 4611 :
1410 4560 1613 4626 quare?
1657 4577 1762 4613 non
1804 4561 1921 4615 loco

322 4646 603 4713 exclusus,
639 4646 802 4712 absit,
848 4662 1023 4716 neque
1061 4657 1256 4702 terram
1297 4649 1608 4719 relinquens
1651 4650 1916 4706 desertam

323 4751 417 4792 sua
449 4736 782 4810 pta-sentio,
814 4737 909 4792 sed
938 4739 1169 4809 quadam
1198 4739 1508 4795 habitudine
1535 4740 1922 4797 familiaritate-

322 4845 424 4900 que
448 4841 508 4887 et
525 4831 922 4902 conjunctione
948 4846 1069 4900 qua:
1095 4841 1179 4887 est
1206 4832 1285 4887 illi
1310 4848 1431 4887 cum
1455 4835 1673 4903 angelis.
1708 4834 1762 4889 Si
1792 4848 1922 4903 ergo

324 4936 421 4977 nos
442 4938 673 4992 quoque
691 4922 860 4976 simus
882 4931 1105 4992 prepter
1130 4924 1316 4988 Deum,
1338 4940 1522 4978 sumus
1542 4926 1593 4978 in
1607 4926 1759 4980 catlo.
1782 4925 1920 4994 Quid

323 5013 466 5067 enim
501 5013 647 5068 mihi
680 5028 824 5068 cura:
850 5023 932 5068 est
963 5014 1174 5080 caelum,
1204 5015 1417 5083 quando
1452 5014 1609 5069 \idco
1640 5017 1920 5070 Dominum

325 5104 472 5158 caeli?
490 5104 720 5175 quando
736 5107 850 5173 ipse
878 5103 1048 5159 factus
1062 5105 1213 5160 fuero
1234 5106 1423 5159 cmlum
1442 5105 1741 5161 ?Veniemus
1756 5108 1923 5175 enim,

262 5254 267 5259 Α
326 5195 522 5264 inquit,
558 5214 659 5268 ego
685 5208 731 5251 et
760 5196 920 5250 Pater
945 5213 1105 5258 meus,
1130 5206 1174 5250 et
1204 5198 1514 5250 mansionem
1542 5200 1679 5269 apud
1704 5216 1812 5252 eum
1840 5202 1922 5272 fa-

328 5288 518 5345 ciemus
566 5290 758 5360 (Joan.
790 5291 880 5344 Η.
912 5291 1027 5360 25).
1071 5290 1317 5343 Animam
1371 5305 1498 5359 ergo
1544 5289 1798 5345 faciamus
1826 5307 1923 5345 no-

330 5376 411 5433 bis
435 5380 667 5435 cazlum.
697 5381 904 5435 Crelum
932 5391 1017 5436 est
1066 5392 1255 5435 natura
1282 5381 1576 5450 jucundum
1618 5392 1671 5436 et
1711 5383 1923 5435 lmtum:

331 5484 509 5539 neque
538 5470 692 5526 enim
723 5471 777 5523 in
808 5479 1125 5539 tempestate
1154 5472 1212 5524 fit
1240 5472 1449 5540 nigrum
1480 5488 1492 5521 ε
1527 5487 1632 5524 non
1660 5480 1828 5525 mutat
1854 5473 1928 5526 fa-

330 5560 507 5628 ciem,
541 5562 648 5616 sed
693 5572 1079 5617 conatu-rentes
1124 5566 1297 5618 nubes
1344 5565 1518 5632 ipsum
1570 5564 1926 5621 abscondunt.

333 5649 542 5704 leum
578 5650 747 5705 habet
771 5651 941 5706 solem
968 5670 981 5705 :
1020 5652 1276 5708 habemus
1295 5669 1393 5707 nos
1418 5669 1630 5722 quoque
1656 5654 1927 5725 solemju-

336 5741 522 5796 stitiai.
548 5741 674 5796 Dixi
694 5742 855 5798 licere
873 5743 986 5798 fieri
1007 5755 1273 5814 tamquam
1290 5745 1478 5799 caelum
1510 5764 1517 5798 :
1541 5755 1595 5799 et
1616 5745 1767 5801 video
1789 5749 1926 5814 quod

1112 364 1176 420 IN
1216 364 1433 421 EPIST.
1473 366 1565 422 AD
1604 360 1963 427 “BHE/EOS.
2002 366 2159 423 CAP.
2198 363 2291 422 IX.
2334 364 2567 421 ιιωιιι.
2609 363 2751 421 XVI.

3472 363 3572 419 126

1996 465 2158 519 etiam
2187 465 2320 520 caelo
2361 465 2518 521 liceat
2562 466 2678 522 ﬁeri
2722 468 2999 525 meliorem
3029 479 3084 525 et
3127 470 3572 541 praestantiorem.

2000 558 2323 626 Quomodo?
2351 559 2577 628 Quando
2599 561 2730 617 solis
2753 562 3036 619 Dominum
3066 564 3429 622 habuerimus.
3457 568 3576 623 Ca:-

2001 651 2108 705 lum
2155 660 2237 705 est
2264 652 2411 706 omni
2444 666 2511 707 ex
2541 662 2691 721 parte
2720 670 2910 724 purum
2939 666 2993 711 et
3018 657 3438 724 immaculatum,
3471 674 3577 713 non

2001 740 2199 807 hieme,
2223 754 2328 795 non
2357 751 2514 796 nocte
2539 752 2799 799 mutatur.
2820 744 2898 801 Ne
2915 745 3016 800 hoc
3033 762 3160 817 ergo
3179 749 3332 802 nobis
3351 749 3577 816 accidat,

2000 845 2285 886 caveamus
2301 847 2366 887 ne
2380 831 2781 899 afﬂictionibus,
2797 844 2890 890 aut
2902 836 3099 892 diaboli
3115 840 3322 895 insidiis
3334 843 3575 910 appetiti,

2003 920 2106 977 tale
2153 921 2279 991 quid
2331 924 2754 992 patiamurzsed
2807 941 3119 983 maneamus
3165 930 3494 986 immaculati
3522 943 3579 988 et

2002 1010 2206 1066 mundi.
2237 1010 2438 1067 Caelum
2469 1014 2839 1070 estexcelsum
2859 1055 2875 1083 ,
2901 1025 2957 1072 et
2979 1032 3010 1071 a
3039 1026 3182 1073 terra
3212 1020 3371 1092 longe
3398 1037 3579 1077 remo-

2003 1110 2115 1156 tum
2132 1120 2144 1154 :
2162 1101 2265 1158 hoc
2276 1117 2373 1158 nos
2390 1119 2601 1173 quoque
2615 1103 2893 1174 faciamus,
2910 1120 2940 1160 a
2960 1116 3101 1162 terra
3119 1125 3218 1164 nos
3232 1111 3578 1178 abducamus,

1996 1203 2051 1248 et
2065 1193 2132 1248 ad
2145 1194 2296 1249 illam
2308 1195 2637 1250 extollantur
2652 1196 3373 1267 altitudinem.thuomodo
3386 1215 3417 1254 a
3429 1210 3574 1255 terra

1996 1283 2370 1339 abducemur?
2399 1283 2456 1339 Si
2499 1285 2737 1340 caelestia
2767 1287 3092 1355 cogitemus.
3122 1286 3327 1341 Caelum
3369 1288 3575 1344 imbres

1992 1381 2048 1428 et
2064 1379 2412 1443 tempestates
2428 1382 2731 1444 superat,et
2745 1390 2772 1428 a
2789 1376 2938 1429 nullo
2951 1376 3194 1444 capitur:
3213 1377 3316 1431 hoc
3333 1393 3580 1448 nosque-

1992 1481 2101 1535 que
2122 1467 2447 1536 poterimus,
2473 1469 2518 1521 si
2548 1467 2799 1522 velimus.
2828 1467 2941 1521 Hoc
2962 1470 3178 1537 quidem
3205 1470 3313 1538 pati
3342 1471 3573 1535 videtur,

2009 1558 2179 1626 ipsum
2224 1568 2402 1614 tamen
2447 1574 2553 1614 non
2582 1560 2784 1629 patitur
2812 1577 2826 1614 :
2850 1575 2953 1616 nec
2978 1575 3077 1615 nos
3111 1577 3240 1631 ergo
3280 1565 3579 1631 patiamur,

1999 1649 2208 1703 etiamsi
2230 1649 2506 1703 videamur
2534 1651 2661 1718 pati.
2689 1650 2820 1704 Nam
2841 1658 2897 1702 ut
2924 1652 2974 1704 in
2994 1649 3169 1704 hieme
3195 1648 3576 1721 multiquidcm

2006 1757 2111 1796 non
2132 1752 2327 1796 norunt
2342 1742 2456 1811 ejus
2479 1742 2942 1810 pulchritudinem,
2962 1741 3056 1796 sed
3074 1742 3377 1796 existimant
3402 1742 3573 1811 ipsum

2001 1832 2229 1897 mutari;
2251 1832 2555 1902 philosophi
2582 1841 2759 1886 autem
2786 1832 2961 1884 sciunt
2983 1832 3151 1900 ipsum
3176 1829 3305 1884 nihil
3320 1845 3439 1885 esse
3458 1845 3579 1900 pas-

1999 1938 2118 1978 sum
2154 1938 2168 1977 :
2194 1923 2262 1976 ita
2285 1924 2444 1976 etiam
2470 1922 2623 1975 nobis
2647 1921 2894 1975 usuvenit
2919 1921 2971 1974 in
2997 1920 3394 1984 afﬂictionibus,
3424 1920 3574 1973 multi

1999 2012 2216 2083 quidem
2247 2012 2559 2066 existimant
2592 2026 2690 2066 nos
2715 2025 2836 2066 esse
2856 2019 3230 2073 commutatos,
3255 2021 3308 2064 et
3334 2008 3577 2063 afﬂictio-

2001 2122 2126 2161 nem
2156 2106 2320 2161 corda
2347 2114 2527 2160 nostra
2560 2105 2824 2174 tetigisse;
2857 2103 2996 2173 quod
3026 2114 3204 2158 autem
3233 2118 3329 2155 nos
3354 2118 3458 2158 non
3485 2112 3566 2156 te-

2001 2198 2201 2265 tigerit,
2225 2204 2419 2250 norunt
2442 2196 2764 2265 philosophi.
2783 2195 2889 2249 Nos
2908 2210 3035 2264 ergo
3050 2197 3238 2249 caelum
3257 2193 3573 2259 efficiamur,

2001 2286 2355 2344 ascendamus
2385 2286 2443 2349 in
2476 2286 2624 2340 illam
2667 2284 3025 2348 altitudinem,
3056 2292 3111 2337 et
3160 2284 3233 2338 ita
3281 2283 3577 2338 videbimus

2001 2377 2245 2435 homines
2263 2375 2393 2431 nihil
2408 2375 2624 2431 dill'erre
2647 2391 2678 2430 a
2704 2376 2939 2430 formicis
2961 2392 2975 2429 :
2997 2388 3100 2429 non
3122 2375 3311 2439 solum,
3337 2375 3573 2443 inquam,

2000 2481 2261 2537 pauperes
2286 2477 2340 2522 ct
2358 2467 2585 2529 divites;
2614 2466 2708 2522 sed
2727 2466 2939 2522 etiamsi
2961 2467 3029 2520 sit
3056 2466 3356 2535 prmfectus,
3384 2466 3427 2518 si
3459 2481 3573 2529 rex,

2000 2573 2101 2614 nec
2123 2575 2326 2630 regem,
2356 2574 2455 2615 nec
2489 2560 2752 2629 privatum
2781 2558 3206 2612 internoscemus
3237 2575 3249 2610 :
3279 2556 3576 2610 nesciamus

2000 2648 2124 2719 quid
2156 2653 2227 2705 sit
2253 2664 2461 2715 aurum,
2491 2649 2616 2719 quid
2644 2656 2944 2717 argentum,
2963 2646 3090 2717 quid
3110 2646 3272 2701 vestis
3297 2646 3463 2699 serica
3487 2653 3579 2698 aut

2001 2755 2264 2809 purpurea
2298 2757 2311 2792 :
2340 2742 2519 2795 omnia
2538 2740 2838 2794 videbimus
2861 2747 3128 2809 tamquam
3157 2753 3389 2802 muscas,
3421 2737 3464 2789 si
3493 2752 3577 2790 se-

2000 2830 2306 2886 derimusin
2331 2831 2418 2884 illa
2448 2830 2729 2886 altitudine
2761 2848 2774 2885 :
2807 2831 2985 2885 nullus
3013 2830 3120 2883 illic
3155 2830 3441 2893 tumultus,
3478 2843 3576 2882 nec

2000 2921 2353 2990 perturbatio,
2374 2936 2547 2990 neque
2578 2921 2800 2975 clamor.
2831 2922 2896 2975 Et
2922 2919 3208 2990 quomodo,
3238 2919 3427 2988 inquit,
3462 2919 3576 2973 fieri

2001 3021 2179 3082 potest
2210 3022 2267 3068 ut
2286 3012 2351 3068 ad
2383 3024 2584 3068 tantam
2616 3014 2905 3068 extollatur
2926 3012 3258 3067 altitudinem
3281 3014 3369 3082 qui
3391 3013 3579 3067 ambu-

2001 3103 2079 3158 lat
2106 3105 2155 3158 in
2187 3104 2370 3159 terra?
2391 3104 2580 3159 Verbis
2610 3104 2826 3173 quidem
2855 3118 2958 3159 non
2981 3103 3121 3169 dico,
3145 3102 3238 3157 sed
3260 3104 3421 3157 rebus
3448 3102 3577 3172 ipsis

2000 3193 2226 3248 ostendo
2268 3209 2362 3249 eos
2392 3195 2481 3264 qui
2521 3194 2587 3248 ad
2635 3194 2779 3248 illam
2818 3203 3175 3263 pervenerunt
3218 3193 3572 3248 altitudinem.

2000 3285 2230 3350 Quinam
2258 3285 2293 3339 ii
2339 3285 2499 3340 sunt?
2524 3285 2718 3339 Paulus
2742 3294 2798 3341 et
2824 3286 2939 3355 ejus
2964 3284 3201 3350 asseclm,
3223 3285 3313 3355 qui
3341 3300 3461 3339 cum
3487 3300 3575 3340 es-

2000 3384 2121 3431 sent
2144 3389 2308 3445 super
2330 3384 2549 3440 terram,
2579 3377 2931 3430 versabantur
2951 3376 3002 3430 in
3031 3376 3183 3430 crelo.
3216 3376 3282 3429 Et
3305 3375 3429 3445 quid
3457 3375 3577 3428 dico

2002 3468 2054 3522 in
2085 3469 2257 3523 caelo?
2285 3468 2453 3523 Erant
2497 3468 2630 3523 carlo
2669 3469 2921 3533 altiores,
2959 3477 3014 3521 et
3060 3468 3167 3521 alio
3213 3467 3348 3522 cielo
3372 3507 3389 3532 ,
3436 3476 3489 3521 et
3508 3466 3573 3519 ad

2002 3558 2166 3613 Deum
2196 3559 2368 3628 ipsum
2393 3557 2785 3621 ascenderunt,
2821 3558 2949 3624 Quis
2974 3557 3108 3611 enim
3150 3572 3241 3610 nos
3283 3556 3569 3625 separabit,

2003 3649 2193 3718 inquit,
2224 3666 2255 3701 a
2284 3650 2493 3702 caritate
2522 3647 2709 3703 Christi
2733 3649 2757 3700 .9
2788 3647 3047 3701 tribulatio
3067 3689 3082 3714 ,
3112 3663 3179 3699 an
3220 3648 3482 3717 angustia,
3510 3664 3576 3699 at;

2003 3744 2183 3809 fames,
2211 3756 2275 3792 an
2304 3741 2616 3808 persequutio
2641 3780 2654 3803 ,
2689 3756 2755 3792 an
2786 3739 3009 3803 nuditas,
3040 3754 3106 3789 an
3146 3739 3425 3799 periculum
3447 3778 3461 3801 ,
3511 3756 3574 3790 an

2002 3830 2203 3900 gladius
2231 3830 2408 3897 (Rom.
2435 3829 2486 3883 8.
2509 3827 2636 3899 55’)?
2663 3837 2717 3882 ct
2742 3843 2948 3890 rursus,
2978 3826 3100 3880 Non
3126 3826 3577 3890 contemplantibus

2003 3922 2146 3975 nobis
2171 3937 2284 3992 quis
2311 3922 2571 3986 videntur,
2594 3920 2682 3975 sed
2719 3935 2831 3989 qua:
2858 3936 2957 3973 non
2999 3919 3236 3973 uidentur
3266 3918 3341 3989 (2.
3374 3919 3493 3974 Cor.
3520 3921 3578 3974 4.

2006 4012 2115 4082 18).
2139 4010 2299 4065 Vides
2319 4011 2462 4079 quod
2490 4025 2590 4065 nec
2607 4026 2667 4064 ea
2697 4010 2913 4080 quidem
2941 4025 3059 4079 qum
3080 4010 3165 4064 hic
3190 4019 3311 4064 sunt
3334 4010 3577 4065 videbat?

2002 4101 2071 4156 Ut
2099 4109 2273 4155 autem
2325 4098 2412 4153 tibi
2443 4101 2723 4155 ostendam
2754 4100 2895 4169 quod
2923 4099 3067 4155 caelis
3092 4108 3208 4154 erat
3236 4100 3415 4165 altior,
3454 4100 3577 4155 audi

1996 4198 2117 4237 eum
2148 4183 2414 4238 dicentem
2443 4198 2456 4235 :
2488 4182 2667 4237 Certus
2704 4199 2817 4235 sum
2845 4185 2976 4236 enim
3003 4225 3017 4247 ,
3058 4186 3196 4254 quod
3243 4200 3401 4255 neque
3439 4200 3573 4235 mors

1996 4290 2154 4343 neque
2181 4274 2301 4339 vita,
2326 4289 2481 4341 neque
2501 4273 2766 4342 praesentia
2789 4290 2945 4343 neque
2966 4279 3159 4343 futura.
3183 4289 3341 4342 neque
3358 4273 3573 4326 altitudo

1998 4379 2157 4433 neque
2184 4363 2512 4433 profundum,
2541 4379 2699 4432 neque
2730 4364 2838 4415 ulla
2877 4363 2979 4416 alia
3006 4373 3239 4417 creatura
3277 4363 3457 4432 poterit
3484 4379 3571 4413 nos

1997 4472 2234 4524 separare
2256 4472 2287 4508 a
2311 4456 2519 4509 caritate
2546 4455 2733 4509 Christi
2762 4453 2937 4524 (Rom.
2964 4455 3016 4510 8.
3045 4455 3134 4511 ‘58.
3167 4454 3280 4525 39).

2069 4548 2124 4600 4.
2150 4546 2411 4599 Laudatur
2429 4544 2885 4614 Paulimagnitudo
2902 4545 3078 4598 animi.
3111 4543 3187 4596 De
3209 4542 3512 4612 funambulis
3531 4550 3573 4592 ct

2000 4637 2114 4691 aliis
2135 4635 2599 4690 ludicris.—Vides
2618 4634 2883 4704 quomodo
2911 4633 3046 4688 ratio
3074 4632 3320 4686 omnibus
3351 4641 3576 4697 prauor-

2005 4728 2203 4794 cursis,
2252 4742 2374 4781 eum
2425 4725 2663 4780 olfecerit
2710 4724 3061 4793 superiorem,
3096 4736 3200 4775 non
3252 4721 3352 4773 hac
3404 4719 3576 4772 solum

2003 4826 2270 4882 creatura,
2302 4831 2407 4869 non
2437 4815 2520 4869 bis
2540 4814 2707 4878 cmlis,
2727 4813 2820 4867 sed
2846 4821 2899 4866 et
2920 4812 2964 4865 si
2996 4812 3086 4879 qui
3109 4811 3215 4862 sint
3241 4809 3367 4861 alii?
3394 4808 3577 4861 Vidisti

2007 4907 2203 4963 mentis
2223 4904 2594 4961 altitudinem?
2628 4903 2803 4957 vidisti
2826 4902 2998 4973 qualis
3026 4900 3186 4954 fuerit
3208 4896 3575 4951 tabernaculo-

2006 5016 2123 5054 rum
2146 5007 2425 5055 contextor
2449 4996 2661 5065 quando
2683 4996 2865 5057 voluit,
2895 4994 2983 5062 qui
3018 5002 3178 5046 totam
3207 4991 3368 5042 vitam
3390 4988 3441 5040 in
3468 4986 3583 5038 foro

2011 5088 2370 5158 transegerat?
2395 5086 2608 5140 Nullum
2649 5086 2793 5138 enim
2840 5092 2954 5147 est,
3000 5081 3203 5135 nullum
3245 5086 3328 5132 est
3359 5075 3584 5145 impedi-

2009 5189 2248 5234 mentum
2279 5193 2387 5247 quo
2416 5178 2593 5230 minus
2638 5191 2823 5229 omnes
2864 5186 3213 5241 superemus,
3246 5171 3290 5223 si
3335 5166 3582 5220 velimus.

2011 5271 2143 5327 Nam
2174 5272 2217 5325 si
2244 5279 2388 5324 artes
2409 5285 2526 5336 quae
2552 5268 2693 5336 vulgi
2720 5276 2930 5335 captum
2954 5271 3237 5330 superant,
3270 5261 3408 5313 adeo
3442 5270 3586 5313 recte

2013 5364 2270 5418 discimus
2284 5370 2339 5416 et
2358 5375 2690 5423 exercemus,
2711 5359 2877 5411 multo
2908 5356 3074 5422 magis
3102 5354 3149 5407 id
3173 5352 3312 5420 quod
3342 5368 3444 5404 non
3468 5360 3586 5417 eget

2014 5463 2163 5506 tanto
2191 5453 2391 5506 labore.
2421 5451 2556 5516 Quid
2584 5449 2744 5510 enim,
2774 5448 2859 5501 die
2888 5445 3037 5504 mihi,
3059 5453 3139 5497 est
3162 5442 3374 5510 gravius
3401 5450 3453 5492 ct
3485 5440 3582 5490 difa

2018 5546 2207 5599 ficilius
2236 5558 2392 5612 quam
2421 5556 2516 5609 per
2544 5541 2717 5593 funem
2754 5546 3030 5590 extensum
3064 5531 3289 5599 ingredi,
3323 5541 3584 5595 tamquam

2021 5636 2071 5688 in
2105 5635 2263 5701 plano
2288 5634 2426 5696 solo,
2460 5640 2514 5685 el
2543 5630 2595 5683 in
2623 5629 2729 5680 alto
2756 5623 3117 5678 ambulantem
3151 5635 3207 5671 se
3251 5616 3491 5679 induere,
3538 5626 3591 5667 et

2021 5743 2217 5782 exuere
2249 5736 2512 5791 tamquam
2539 5722 2588 5775 in
2621 5721 2756 5773 lecto
2781 5714 3094 5769 sedentem?
3128 5725 3304 5764 nonne
3332 5724 3417 5761 res
3449 5707 3590 5759 \‘ltlt‘r
