3980 6142
331 361 421 419 1‘27

335 468 420 510 tur
450 457 604 513 nobis
629 472 749 514 esse
772 460 906 516 adeo
932 460 1218 530 horrenda,
1255 476 1308 521 ut
1347 484 1414 522 ne
1440 470 1661 526 velimus
1688 473 1903 541 quidem

332 562 595 619 spectare,
615 552 709 606 sed
733 554 1029 619 timeamus,
1052 565 1106 611 et
1128 558 1194 611 ad
1218 559 1386 627 ipsum
1404 573 1674 631 aspectum
1697 574 1906 621 contre-

334 641 666 696 miscamus?
693 643 828 711 Quid
859 656 1037 701 autem
1061 658 1163 714 est,
1197 651 1281 705 dic
1310 653 1462 720 mihi,
1492 656 1705 724 gravius
1734 666 1786 712 et
1805 658 1903 712 dif.

336 730 525 785 ﬁcilius
554 747 711 799 quam
735 734 786 787 in
818 733 951 790 facie
980 748 1197 792 contum
1220 743 1524 810 suscipere;
1555 745 1748 801 deinde
1780 763 1906 817 pne-

333 837 448 874 rum
480 824 526 876 ei
553 824 858 891 impositum
900 826 1082 882 ludere
1105 831 1532 901 innumerabilia,
1561 847 1614 891 et
1637 838 1904 895 oblectare

331 914 699 981 spectatores?
725 916 853 985 quid
881 920 1096 986 gravius
1119 931 1174 976 et
1198 923 1467 981 difﬁcilius
1494 944 1650 997 quam
1680 931 1731 985 in
1757 933 1903 987 ensi-

332 1002 430 1056 bus
455 1003 662 1071 Spha-ra
687 1005 915 1061 ludere?
940 1010 1067 1078 quid
1090 1020 1191 1077 est,
1221 1012 1306 1067 die
1328 1015 1480 1080 mihi,
1507 1020 1722 1087 gravius
1747 1037 1902 1090 quam

329 1094 559 1148 scrutari
586 1094 911 1162 profundum
943 1100 1145 1153 maris?
1173 1102 1243 1155 Et
1266 1105 1398 1158 alias
1430 1117 1572 1161 artes
1597 1109 1902 1165 innumera-

326 1184 464 1237 biles
486 1186 722 1253 potueris
741 1187 920 1243 dicere
950 1205 965 1241 :
993 1190 1085 1243 sed
1115 1191 1198 1245 his
1218 1195 1465 1251 omnibus
1481 1206 1564 1251 est
1590 1200 1759 1254 virtus
1781 1200 1906 1254 faci-

329 1274 452 1339 lior,
473 1273 518 1328 si
539 1274 782 1341 velimus,
805 1285 861 1330 et
880 1280 1187 1335 ascensioin
1203 1285 1391 1339 emtum
1419 1303 1433 1339 :
1465 1286 1547 1341 hic
1572 1290 1712 1343 enim
1732 1291 1903 1344 solum

340 1368 561 1428 oportet
586 1360 725 1416 velle
766 1370 820 1417 et
846 1364 1026 1419 omnia
1068 1378 1380 1436 sequuntur.
1410 1369 1525 1424 Non
1559 1372 1685 1427 licet
1723 1374 1922 1440 dicere,

338 1448 452 1502 Non
489 1462 744 1518 possunt;
791 1451 841 1506 id
872 1462 957 1506 est
995 1468 1248 1511 accusare
1277 1455 1533 1527 Opiﬁcem
1564 1478 1578 1514 :
1609 1477 1727 1514 nam
1756 1463 1800 1517 si
1828 1479 1926 1520 nos

339 1538 462 1592 fecit
492 1539 788 1596 imbecillos
830 1553 885 1597 et
911 1543 1112 1611 jubeat,
1146 1545 1312 1615 ipsius
1342 1557 1423 1602 est
1451 1553 1742 1605 accusatio.
1781 1553 1925 1620 Quo-

338 1631 501 1686 modo
546 1648 692 1702 ergo,
725 1634 916 1704 inquit,
970 1638 1121 1692 multi
1176 1656 1282 1694 non
1326 1644 1592 1710 possunt?
1641 1645 1773 1710 Quia
1826 1661 1922 1701 no-

337 1723 475 1777 lunt.
504 1722 786 1790 Quomodo
812 1742 916 1781 non
942 1728 1170 1784 volunt?
1193 1732 1310 1787 Prae
1338 1734 1541 1789 desidia
1576 1752 1590 1789 :
1620 1751 1739 1790 nam
1768 1739 1809 1791 si
1829 1753 1924 1793 vo-

336 1814 554 1880 luerint,
590 1826 842 1885 poterunt
892 1821 1131 1875 omnino.
1182 1823 1468 1893 Propterea
1510 1827 1704 1881 Paulus
1747 1828 1918 1882 dicit:

346 1903 472 1958 Volo
500 1923 673 1960 omnes
702 1909 931 1964 homines
953 1927 1060 1965 esse
1085 1913 1214 1966 sicut
1234 1916 1479 1985 meipsum
1510 1919 1584 1986 (1.
1611 1916 1730 1972 Cor.
1753 1921 1802 1972 7.
1838 1921 1917 1991 7),

332 1998 586 2066 quoniam
615 1999 821 2054 sciebat
853 2016 1043 2056 omnes
1071 2018 1231 2073 posse
1285 2021 1404 2060 esse
1434 2008 1572 2061 sicut
1614 2021 1730 2062 erat
1761 2010 1872 2077 ipse.
1900 2027 1912 2062 :

333 2104 507 2158 neque
533 2091 678 2145 enim
708 2092 810 2147 hoc
838 2093 1079 2157 dixisset,
1141 2096 1184 2149 si
1243 2097 1353 2151 ﬁeri
1407 2114 1513 2153 non
1571 2110 1769 2168 posset.
1828 2102 1918 2157 Vis

334 2182 448 2236 ﬁeri
507 2184 742 2251 probus?
778 2187 953 2240 solum
983 2188 1326 2257 apprehende
1368 2192 1601 2246 initium.
1649 2193 1781 2248 Nam
1828 2197 1916 2252 dic

331 2272 461 2326 mihi
486 2312 502 2337 ,
555 2273 606 2326 in
634 2275 886 2329 omnibus
924 2278 1168 2343 artibus,
1211 2280 1256 2333 si
1305 2280 1533 2336 velimus
1561 2298 1652 2337 eas
1679 2287 1913 2354 :iSsequi,

328 2362 599 2418 sufﬁcitne
643 2366 795 2420 nobis
824 2367 979 2433 velle,
1021 2384 1089 2423 an
1118 2371 1277 2424 etiam
1307 2387 1395 2426 res
1422 2376 1800 2444 aggredimur?
1850 2378 1916 2433 Ut

1030 354 1088 410 S.
1119 350 1395 411 JOANNIS
1429 345 1899 406 CHliYSOSTOMi
1937 343 2253 401 ARCRIEP.
2294 344 2817 404 CUNSTANTINOP.

3490 346 3593 405 128

1986 458 2216 527 exempli
2236 472 2394 511 causa
2426 476 2439 512 :
2473 458 2587 512 vult
2607 457 2797 527 aliquis
2817 470 2938 511 esse
2959 454 3286 526 gubernator
3312 471 3326 504 :
3360 469 3465 510 non
3491 455 3573 509 dt-

1986 551 2078 613 cit,
2097 549 2249 612 Volo,
2268 561 2321 603 et
2353 549 2453 604 hoc
2477 552 2525 604 ei
2552 549 2767 613 sufficit,
2794 549 2888 603 sed
2910 550 3068 602 etiam
3098 563 3210 603 rem
3238 548 3564 617 aggreditur.

1989 643 2113 695 Vult
2163 652 2431 697 mercator
2480 657 2600 696 ess'e
2641 657 2654 694 :
2699 656 2804 696 nou
2853 642 3026 696 solum
3073 641 3220 705 dicit,
3267 641 3422 705 Vulo,
3473 639 3570 695 sed

1986 748 2098 788 rem
2130 735 2373 803 suscipit.
2406 734 2531 788 Vult
2562 748 2781 803 peregre
2810 733 3074 803 proﬁcisci
3102 750 3115 786 :
3141 747 3247 785 non
3274 732 3422 795 dicit,
3456 731 3569 785 Vo-

1986 823 2058 885 lo,
2092 833 2316 885 tantum,
2349 825 2442 878 sed
2475 826 2633 878 etiam
2666 840 2777 878 rem
2801 825 3130 894 aggreditur.
3162 825 3342 892 Itaque
3366 826 3417 877 in
3448 838 3570 878 om-

1995 910 2151 963 nibus
2175 925 2277 963 non
2302 910 2497 963 sufﬁcit
2523 910 2695 963 solum
2725 911 2881 974 velle,
2908 911 3002 965 sed
3028 909 3222 965 factum
3250 927 3463 983 quoque
3496 925 3582 969 est

1993 1002 2296 1057 addendum
2323 1018 2337 1055 :
2373 1003 2560 1056 vuleus
2587 1013 2765 1056 autem
2810 1005 2861 1056 in
2889 1004 3079 1058 czelum
3108 1003 3419 1070 ascendere,
3444 1003 3580 1059 dicis

1994 1094 2193 1155 solum,
2236 1093 2408 1147 Volo?
2435 1092 2717 1159 Quomodo
2755 1108 2915 1162 ergo,
2949 1093 3154 1161 inquit,
3189 1094 3406 1147 dicebas
3436 1095 3578 1164 quod

1995 1182 2192 1237 sufﬁcit
2229 1183 2399 1236 velle?
2432 1183 2579 1237 Velle
2605 1198 2728 1237 cum
2760 1184 2929 1247 factis,
2965 1199 3075 1237 rem
3107 1193 3162 1237 et
3189 1184 3425 1238 laborem
3459 1200 3583 1240 sus-

1994 1275 2193 1344 cipere.
2222 1274 2490 1329 Habemus
2538 1275 2681 1328 enim
2722 1275 2888 1327 Deum
2931 1273 3274 1342 adjuvantem
3316 1284 3371 1330 et
3418 1291 3576 1344 opem

1995 1367 2256 1422 ferentem
2291 1384 2303 1420 :
2338 1367 2511 1421 solum
2560 1367 2841 1436 eligamus,
2875 1366 3047 1419 solum
3070 1366 3135 1420 ad
3168 1382 3279 1421 rem
3310 1375 3580 1435 tamquam

1994 1460 2060 1514 ad
2090 1472 2223 1529 opus
2249 1459 2568 1514 accedamus
2590 1500 2607 1526 ,
2641 1469 2844 1512 tantum
2889 1458 3060 1512 simus
3103 1457 3342 1523 solliciti,
3376 1468 3583 1513 tantum

1996 1561 2230 1607 mentem
2260 1552 2628 1615 adhibeamus,
2657 1559 2712 1606 et
2737 1551 2914 1605 omnia
2942 1561 3256 1620 sequuntur.
3286 1550 3380 1606 Sin
3402 1560 3582 1606 autem

1996 1645 2346 1710 dormiamus,
2361 1653 2415 1698 et
2443 1653 2733 1698 stertentes
2753 1653 3128 1713 exSpectemus
3143 1645 3332 1698 czelum
3354 1643 3583 1713 ingredi,

1995 1734 2209 1804 quando
2237 1734 2530 1803 poterimus
2556 1733 2906 1788 hereditatem
2925 1734 3177 1788 caelorum
3209 1733 3583 1803 apprehende-

1997 1828 2098 1882 re?
2138 1826 2376 1881 Velimus
2402 1841 2552 1897 ergo,
2581 1841 2731 1896 rogo,
2761 1827 3003 1881 velimus.
3031 1825 3139 1880 Cur
3164 1826 3229 1880 ad
3257 1826 3393 1879 hanc
3421 1827 3583 1878 vitam

1997 1918 2177 1972 omnia
2208 1932 2513 1972 mercamur
2537 1957 2551 1982 ,
2586 1933 2743 1986 quam
2789 1932 2910 1970 cras
2940 1916 3281 1970 deserimus?
3313 1916 3583 1986 Eligamus

1997 2026 2124 2081 ergo
2148 2010 2419 2074 virtutem,
2448 2024 2566 2079 qum
2596 2009 2823 2063 nobisin
2850 2023 3010 2063 omne
3032 2009 3284 2063 saeculum
3317 2009 3583 2061 snfticiet:

1997 2101 2182 2170 inquo
2214 2109 2470 2170 perpetuo
2498 2102 2717 2162 erimus,
2768 2109 2823 2154 et
2869 2100 3024 2154 bonis
3075 2100 3291 2154 aeternis
3333 2097 3587 2169 perfrue-

1996 2210 2159 2249 mur:
2187 2210 2305 2263 quae
2337 2193 2536 2248 utinam
2568 2207 2756 2247 omnes
2781 2206 3167 2263 assequamur,
3199 2191 3368 2263 gratia
3401 2200 3456 2247 et
3485 2191 3581 2246 be-

1996 2285 2271 2356 nignitate,
2304 2294 2409 2339 etc.
3273 2301 3276 2303 λ

1665 2582 2006 2646 HOMILIA
2053 2587 2256 2649 XVII.

323 2719 452 2776 CAP.
498 2720 551 2776 9.
588 2737 638 2776 ν.
670 2722 777 2779 24η
800 2721 922 2776 Non
951 2723 1084 2776 enim
1110 2724 1161 2777 in
1193 2725 1484 2795 manufacta
1527 2734 1704 2778 sancta
1746 2724 1906 2781 Iesus

395 2814 609 2877 introiit,
636 2814 951 2881 exemplaria
986 2830 1215 2868 verorum
1237 2834 1256 2881 ;
1287 2816 1375 2869 sed
1399 2818 1453 2870 in
1480 2818 1646 2887 ipsum
1685 2822 1864 2872 cretum
1887 2859 1901 2882 ,

394 2913 448 2958 ut
472 2915 717 2975 appareat
744 2922 880 2959 nunc
906 2906 1066 2960 vultui
1092 2907 1189 2962 Dei
1216 2925 1312 2976 pro
1338 2910 1482 2963 nobis
1510 2910 1636 2964 :25.
1668 2927 1824 2980 neque
1853 2918 1905 2965 ut

392 3012 527 3067 sape
545 2995 726 3063 o/Terat
754 2997 1003 3067 seipsum,
1035 3002 1457 3069 quemadmodum
1486 3003 1717 3073 pontifex
1744 3003 1900 3056 intrat

392 3088 446 3141 in
474 3098 651 3141 sancta
675 3100 967 3143 sanctorum
996 3107 1085 3160 per
1127 3076 1354 3162 singulos
1380 3108 1541 3147 annos
1566 3094 1620 3146 in
1659 3096 1907 3164 sanguine

390 3181 559 3236 alieno
590 3198 610 3237 :
629 3181 720 3237 26.
750 3183 941 3253 alioqui
967 3184 1227 3254 Oportebat
1254 3201 1366 3239 eum
1396 3188 1681 3256 frequenter
1709 3188 1815 3255 pati
1843 3187 1905 3241 ab

404 3265 599 3332 origine
620 3265 793 3315 mundi
826 3279 845 3316 :
874 3279 1008 3315 nunc
1030 3273 1201 3315 autem
1227 3264 1377 3317 semul
1403 3265 1453 3316 in
1482 3265 1914 3318 consummatione

403 3353 707 3407 swculorum
732 3353 800 3406 ad
822 3353 1189 3407 destitutionem
1213 3355 1401 3423 peccati
1419 3371 1507 3424 per
1528 3354 1741 3408 hostium
1767 3372 1914 3409 suum

402 3449 665 3517 apparuit.

403 3537 455 3589 1.
481 3534 647 3591 Valde
675 3535 772 3591 sibi
812 3536 1092 3606 placebant
1117 3546 1169 3592 et
1193 3537 1553 3593 efTerebantur
1577 3538 1748 3594 Judaei
1786 3554 1910 3608 pro-

330 3638 449 3698 pter
476 3630 730 3698 templum
771 3637 826 3684 et
871 3630 1316 3685 tabernaculum:
1358 3640 1412 3686 et
1454 3631 1574 3686 ideo
1620 3631 1909 3699 dicebant,

329 3708 595 3789 Templum
657 3720 893 3784 Domini,
953 3722 1191 3790 templum
1241 3721 1446 3776 Domini
1496 3721 1648 3794 (Jer.
1714 3721 1766 3777 7.
1817 3723 1909 3793 5).

334 3808 603 3879 Nusquam
638 3810 780 3864 enim
825 3819 1085 3864 terrarum
1114 3819 1485 3865 couSIructum
1515 3810 1617 3864 fuit
1645 3808 1908 3878 ejusmodi

337 3901 613 3970 templum,
641 3915 740 3955 nec
765 3900 906 3969 quod
935 3906 1126 3954 attinet
1166 3902 1233 3954 ad
1269 3914 1539 3970 sumptum
1584 3914 1647 3954 ac
1671 3899 1912 3969 magniﬁ-

332 3991 586 4053 centiam,
621 4004 723 4045 nec
763 3993 906 4059 quod
936 3989 1001 4043 ad
1028 3990 1501 4059 pulchritudinem,
1534 4005 1633 4044 nec
1659 3989 1801 4059 quod
1842 3989 1910 4043 ad

333 4078 558 4147 quodvis
597 4079 762 4133 aliud.
815 4081 955 4135 Deus
998 4081 1138 4133 enim
1189 4081 1280 4148 qui
1320 4083 1704 4147 constituerat,
1754 4081 1912 4149 jussit

336 4170 509 4238 ipsum
554 4167 669 4223 ﬁeri
694 4183 815 4222 cum
853 4170 1017 4222 multa
1047 4169 1460 4238 magniﬁcentia,
1507 4171 1757 4240 quoniam
1798 4185 1910 4224 ma-

333 4259 413 4327 gis
457 4258 847 4313 inducebantur
891 4259 965 4313 illi
996 4268 1049 4313 et
1077 4259 1481 4315 attrahebantur
1516 4260 1906 4330 corporalibus.

333 4350 555 4404 Lateres
579 4349 723 4403 enim
763 4364 955 4403 aureos
1004 4349 1309 4405 habebatin
1359 4353 1678 4421 parietibus,
1706 4364 1760 4409 et
1787 4355 1910 4409 licet

332 4438 532 4494 volenti
564 4438 615 4493 id
658 4438 866 4493 discere
916 4439 968 4493 in
995 4441 1233 4496 secundo
1262 4442 1464 4512 Regum
1516 4455 1570 4498 et
1608 4445 1747 4513 apud
1780 4447 1910 4501 Eze-

331 4531 596 4597 chielem,
654 4537 709 4585 et
762 4541 893 4600 quot
937 4532 1050 4585 auri
1111 4532 1307 4586 talenta
1361 4544 1485 4588 tunc
1541 4535 1735 4589 fuerint
1780 4551 1909 4591 con-

332 4633 562 4693 sumpta.
609 4621 853 4678 Secunda
902 4631 1080 4677 autem
1131 4623 1413 4678 aediﬁcatio
1454 4626 1547 4678 fuit
1579 4626 1904 4693 praeclarior,

326 4721 384 4766 et
432 4722 655 4785 propter
710 4711 1161 4782 pulchritudinem
1237 4723 1292 4767 et
1347 4724 1564 4783 propter
1622 4716 1726 4769 alia
1794 4731 1911 4770 om-

327 4803 436 4859 nia.
474 4802 589 4859 Nec
614 4812 899 4874 propterea
927 4804 1101 4859 solum
1139 4814 1257 4859 erat
1286 4805 1622 4875 magniﬁcum
1653 4815 1709 4861 et
1747 4822 1911 4863 vene-

326 4895 587 4961 randum,
638 4896 735 4953 sed
771 4898 933 4952 etiam
986 4897 1130 4968 quod
1183 4909 1326 4953 esset
1383 4915 1567 4963 unum,
1615 4909 1668 4955 et
1721 4916 1908 4957 omnes

327 4987 729 5056 pulchritudine
763 4988 1057 5042 attraheret
1090 5007 1103 5046 :
1137 5004 1258 5043 nam
1290 5005 1317 5042 a
1343 4991 1535 5044 ﬁnibus
1587 4999 1740 5045 terrm
1782 4992 1907 5048 illuc

326 5077 650 5144 veniebant,
683 5079 798 5133 sive
825 5092 854 5131 a
888 5078 1180 5150 Babylone,
1230 5080 1343 5133 sive
1394 5080 1460 5134 ab
1502 5079 1796 5150 iEthiopia.
1838 5082 1908 5137 Et

325 5166 427 5223 hoc
457 5168 767 5237 signiﬁcans
793 5167 968 5222 Lucas
995 5169 1207 5223 dicebat
1232 5171 1282 5222 in
1308 5171 1526 5224 Actibus
1559 5188 1571 5224 :
1619 5170 1779 5225 Erunt
1800 5173 1906 5226 illic

325 5260 602 5312 (cubitantes
638 5258 819 5312 Parthi
848 5269 893 5312 et
924 5258 1062 5312 Medi
1107 5269 1154 5312 et
1188 5259 1440 5326 Elamita',
1489 5273 1535 5314 et
1564 5263 1650 5332 qui
1680 5263 1904 5318 habitant

323 5348 769 5416 Mesopotamiam,
811 5347 1048 5403 Judamm
1081 5361 1125 5402 et
1154 5349 1529 5419 Cappadociam
1555 5394 1569 5419 ,
1608 5352 1830 5407 Pontum
1856 5364 1904 5408 et

321 5440 515 5506 Asiam,
550 5438 828 5511 Phrygiam
854 5449 901 5493 et
930 5438 1309 5510 Pamphyliam,
1350 5439 1636 5512 (Egyptun:
1659 5454 1706 5497 et
1737 5457 1903 5513 partes

322 5529 497 5600 Libya:
519 5546 635 5600 qua:
678 5540 750 5584 est
795 5530 931 5583 circa
970 5527 1194 5599 Cyrenen
1243 5530 1380 5598 (Act.
1410 5532 1465 5584 2.
1512 5533 1589 5602 5).
1630 5533 1729 5600 Qui
1774 5550 1901 5605 ergo

321 5628 477 5673 erant
504 5620 555 5673 iu
590 5629 700 5675 toto
749 5619 883 5675 orbe
913 5629 1091 5685 terrae,
1126 5620 1249 5676 illuc
1269 5634 1649 5690 convenerant,
1682 5638 1735 5679 et
1761 5634 1898 5680 tem-

325 5711 394 5777 pli
424 5710 653 5766 multum
678 5721 793 5766 erat
819 5727 1031 5769 nomen.
1056 5711 1192 5779 Quid
1219 5726 1347 5783 ergo
1372 5712 1493 5772 facit
1527 5715 1760 5771 Paulus?
1782 5718 1896 5773 Sic-

2016 2737 2072 2779 ut
2146 2727 2196 2778 iu
2250 2723 2547 2790 sacriﬁciis,
2587 2723 2657 2777 ita
2712 2722 2825 2777 hic,
2859 2738 3071 2793 quoque
3115 2738 3129 2774 :
3176 2722 3311 2777 sicut
3366 2722 3476 2776 illic
3522 2738 3595 2778 ex

2012 2818 2240 2871 adverso
2307 2814 2692 2869 sacriﬁciorum
2724 2817 2906 2883 posuit
2959 2823 3184 2867 mortem
3235 2813 3472 2879 Christi,
3517 2815 3593 2866 ita

2012 2909 2099 2964 hic
2143 2922 2357 2978 quoque
2411 2915 2578 2960 totum
2629 2906 2817 2959 caelum
2868 2920 2932 2960 ex
2981 2905 3210 2959 adverso
3265 2906 3447 2973 templi
3496 2922 3598 2974 po-

2013 3001 2113 3054 nit.
2169 2998 2279 3052 Nec
2342 2996 2481 3050 banc
2538 2995 2707 3048 solam
2765 2994 3000 3048 ostendit
3047 2994 3435 3059 differentiam,
3491 2996 3595 3048 seti-

2010 3094 2169 3146 etiam
2213 3087 2351 3158 quod
2400 3086 2656 3156 adjecerit
2699 3083 3030 3139 sacerdotem
3075 3085 3265 3138 factum
3316 3099 3436 3138 esse
3481 3086 3601 3139 Deo

2011 3181 2443 3252 prepinqniorem
2500 3194 2514 3231 :
2572 3177 2704 3231 dicit
2770 3176 2945 3241 enim,
3007 3175 3075 3230 Ut
3122 3185 3370 3245 appareat
3428 3175 3595 3230 vultui

2009 3273 2124 3327 Dei.
2153 3272 2298 3327 Fecit
2325 3273 2501 3341 itaque
2531 3285 2645 3324 rem
2674 3270 3003 3338 praeclaram,
3033 3282 3138 3322 non
3168 3268 3337 3321 solum
3367 3282 3597 3339 propter

1997 3352 2207 3413 caelum,
2227 3350 2320 3405 sed
2343 3352 2500 3405 etiam
2542 3361 2758 3419 prepter
2783 3351 3075 3404 introitum.
3108 3351 3221 3404 Non
3245 3355 3415 3405 solum
3442 3358 3590 3410 enim

2000 3441 2089 3496 hic
2140 3455 2233 3510 per
2280 3440 2541 3510 symbola,
2593 3439 2687 3494 sed
2725 3441 2897 3509 ipsum
2954 3442 3118 3495 Deum
3153 3441 3261 3496 illic
3297 3442 3460 3498 videt.
3498 3444 3593 3498 Vi—

2000 3530 2096 3584 des
2141 3528 2305 3598 quod,
2349 3537 2407 3581 ut
2451 3543 2509 3582 se
2550 3528 2794 3583 demittat
2843 3540 2898 3582 et
2943 3531 3351 3596 accommodet,
3383 3533 3590 3602 ubique

2001 3619 2222 3674 humilia
2277 3618 2417 3673 dicta
2463 3617 2607 3672 sint?
2648 3617 2788 3684 Quid
2837 3634 2969 3673 vero
3021 3619 3133 3689 jam
3186 3621 3398 3677 miraris
3440 3624 3589 3691 quod

2004 3711 2333 3775 intercedat,
2386 3726 2507 3765 cum
2562 3712 2733 3780 ipsum
2782 3721 2977 3766 statuat
3029 3724 3297 3784 tamquam
3366 3717 3588 3784 pontiﬁ-

2000 3802 2156 3858 cem?
2208 3801 2388 3873 Neque
2425 3813 2480 3855 ut
2518 3818 2650 3871 saepe
2684 3801 2863 3868 offerat
2888 3805 3128 3873 seipsum,
3161 3807 3591 3877 quemadmodum

2001 3895 2230 3964 pontifex
2257 3893 2411 3946 intrat
2436 3893 2486 3945 in
2507 3903 2682 3946 sancta
2709 3910 2799 3961 per
2822 3894 3049 3964 singulos
3073 3912 3232 3950 annos
3262 3898 3315 3949 in
3339 3898 3591 3967 sanguine

2001 3984 2184 4037 alieno.
2219 3981 2341 4035 Non
2389 3983 2521 4036 enim
2549 3983 2602 4036 in
2644 3989 2936 4053 manufacta
2960 3998 3136 4039 sancta
3159 3988 3308 4041 Jesus
3355 3989 3586 4056 introiit,

2002 4076 2310 4146 exemplaria
2343 4092 2590 4129 verorum.
2627 4076 2718 4130 Illa
2758 4093 2885 4147 ergo
2933 4087 3058 4132 sunt
3094 4095 3238 4145 vera,
3294 4080 3409 4136 lure
3457 4098 3590 4137 vero

2007 4168 2114 4238 typi
2153 4184 2166 4219 :
2201 4167 2455 4234 templum
2484 4167 2625 4220 enim
2658 4168 2727 4221 ita
2757 4179 2872 4221 erat
2896 4179 3283 4236 constructum,
3313 4181 3371 4225 ut
3393 4173 3591 4227 cadum

2005 4258 2142 4312 cazli.
2173 4256 2310 4324 Quid
2342 4257 2519 4311 dicis?
2553 4258 2655 4311 nisi
2705 4260 2895 4312 cailum
2946 4260 3105 4313 fuerit
3144 4263 3434 4331 ingressus,
3480 4279 3589 4318 non

2006 4358 2227 4418 apparet
2267 4347 2358 4417 qui
2405 4348 2557 4402 adest
2603 4348 2798 4418 ubique
2824 4358 2879 4404 et
2932 4351 3117 4426 implet
3160 4353 3381 4406 omnia?
3427 4353 3592 4408 Vides

2006 4439 2146 4508 quod
2182 4438 2297 4493 haec
2322 4440 2501 4493 omnia
2550 4440 2659 4493 sint
2703 4441 2924 4494 carnis?
2967 4441 3036 4496 Ut
3080 4455 3342 4513 appareat,
3392 4446 3585 4514 inquit,

2007 4529 2166 4583 vultui
2189 4528 2287 4582 Dei
2322 4545 2415 4600 pro
2456 4529 2617 4583 nobis.
2660 4530 2797 4597 Quid
2832 4541 2934 4595 est,
2968 4531 3074 4586 Pro
3100 4535 3239 4587 nobis
3260 4537 3285 4587 ?
3311 4538 3587 4601 Ascendit,

2007 4619 2215 4689 inquit,
2247 4635 2365 4673 cum
2416 4619 2681 4674 sacriﬁcio
2708 4622 2848 4691 quod
2880 4634 3057 4691 potest
3095 4625 3308 4694 placare
3351 4627 3588 4682 Patrem.

2006 4710 2116 4764 Cur
2137 4724 2284 4775 vero,
2316 4710 2404 4764 dic
2425 4710 2553 4766 mihi
2571 4711 2594 4764 ?
2615 4711 2731 4781 ipse
2757 4722 2875 4768 erat
2901 4714 3149 4770 inimicus
3178 4716 3201 4769 ?
3228 4718 3414 4786 Angcli
3436 4728 3591 4773 erant

2009 4802 2244 4867 inimici,
2302 4804 2415 4872 ipse
2463 4818 2568 4857 non
2617 4813 2734 4858 erat
2780 4804 3028 4861 inimicus
3075 4824 3088 4859 :
3129 4822 3251 4861 nam
3299 4809 3441 4878 quod
3485 4826 3587 4864 an-

2006 4894 2110 4962 geli
2157 4893 2355 4948 fuerint
2404 4894 2625 4963 inimici,
2680 4896 2804 4951 audi
2857 4898 2984 4964 quid
3029 4898 3171 4953 dicat
3223 4918 3237 4954 :
3289 4900 3591 4971 Paciﬁcarit

2006 5000 2119 5054 quae
2147 4993 2267 5038 sunt
2290 4986 2342 5038 in
2374 4994 2508 5039 terra
2553 4996 2599 5040 et
2633 5003 2747 5055 qua:
2767 4998 2884 5042 sunt
2933 4990 2988 5043 in
3030 4990 3167 5044 cretis
3214 4991 3347 5063 (Col.
3392 4995 3442 5048 1.
3467 4994 3585 5064 σεο).

2006 5077 2173 5132 Recte
2201 5092 2329 5148 ergo
2356 5078 2503 5141 dicit,
2533 5077 2598 5132 In
2619 5080 2798 5133 cretum
2818 5081 3074 5151 ingressus
3094 5093 3185 5148 est,
3211 5094 3265 5138 ut
3291 5088 3449 5141 vultui
3489 5087 3590 5142 Dei

2007 5184 2140 5221 nunc
2168 5178 2413 5238 appareat
2441 5186 2533 5238 pro
2560 5171 2724 5224 nobis.
2757 5171 2907 5225 Nunc
2937 5185 3180 5242 apparet,
3226 5178 3321 5231 sed
3365 5193 3463 5248 pro
3488 5194 3585 5235 no-

2008 5258 2110 5312 bis.
2146 5256 2323 5327 Neque
2349 5267 2404 5311 ut
2434 5275 2567 5328 saepe
2584 5259 2765 5328 offerat
2790 5264 3133 5334 semetipsum,
3164 5269 3590 5335 quemadmodum

2008 5347 2236 5419 pontifex
2263 5349 2417 5402 intrat
2451 5350 2502 5403 in
2528 5362 2704 5405 sancta
2726 5365 3015 5408 sanctorum
3049 5373 3138 5426 per
3173 5359 3399 5429 singulos
3426 5380 3590 5417 annos

2006 5441 2059 5494 in
2083 5442 2326 5512 sanguine
2353 5442 2539 5497 alieno.
2574 5443 2732 5502 Vides
2760 5461 2919 5517 quam
2950 5450 3130 5503 multa:
3173 5463 3297 5507 sunt
3336 5454 3592 5513 diﬁ'erou-

2010 5534 2118 5588 tite.
2162 5535 2344 5590 Semel
2389 5536 2571 5592 diﬁ‘ert
2597 5554 2625 5591 a
2659 5554 2832 5610 saepe;
2862 5542 3003 5611 quod
3049 5543 3103 5599 in
3134 5547 3395 5614 sanguine
3425 5550 3591 5603 intra-

2009 5627 2145 5681 verit
2168 5627 2403 5697 proprio,
2428 5628 2602 5684 diﬁ'ert
2638 5632 2707 5684 ab
2734 5632 2976 5701 ingressu
3007 5634 3056 5688 in
3089 5636 3283 5690 alieno.
3317 5638 3434 5708 Ipse
3460 5656 3590 5707 ergo

2009 5726 2088 5771 cst
2116 5729 2167 5773 et
2195 5718 2539 5786 sacriﬁcium,
2574 5729 2628 5775 et
2653 5723 2929 5789 sacerdos,
2962 5734 3015 5780 ct
3039 5726 3232 5782 hostia.
3252 5727 3385 5784 Nam
3419 5732 3460 5785 si
3486 5731 3590 5785 hoc
