3980 6142
268 393 362 450 127

266 507 380 562 οὐδὲ
403 505 609 562 τούτων
637 509 750 564 τῶν
775 511 1040 584 οὐρανῶν,
1069 513 1206 567 άλλά
1245 515 1340 568 καὶ
1365 513 1420 568 εῐ
1461 531 1610 579 τινες
1657 517 1839 587 ἕτεροι

269 587 432 661 ἧςανς
468 589 621 654 Εἶδες
647 591 784 663 ὕψος
827 593 1102 662 διανοίαςς
1143 592 1280 660 εἶδες
1311 598 1341 649 δ
1380 599 1699 669 σκηνοποιδς
1730 595 1842 664 οἷος

270 675 473 743 ἐγένετο
505 677 698 747 ἐπειδὴ
727 677 1015 748 ἠθέλησεν,
1044 681 1074 732 ὁ
1120 681 1206 733 ἐπ’
1259 682 1467 751 ἀγορᾶς
1500 682 1590 735 τὸν
1629 683 1843 737 ἅπαντα

274 757 376 827 βίον
415 759 733 828 διαγαγών;
777 762 944 816 Οὐδὲν
982 762 1091 835 γάρ
1127 764 1244 816 ἐστι
1278 764 1526 835 κώλυμα,
1554 767 1654 820 οὐκ
1703 767 1841 830 ἔστι,

274 841 468 904 πάντας
513 842 942 910 ὑπερϐαλέσθαι,
981 846 1112 913 εῖγε
1147 845 1492 916 βουλοίμεθα.
1519 849 1582 900 Εἰ
1606 848 1714 919 γὰρ
1752 848 1842 901 τέ-

273 941 392 994 χνας
409 922 556 976 οῦτω
576 924 950 996 κατορθοῦμεν
975 927 1410 998 ὑπερϐαινούσας
1447 931 1574 993 τοὺς
1593 931 1840 996 πολλοὺς,

479 1006 681 1076 μᾶλλον
709 1007 740 1061 ὃ
780 1009 858 1078 μὴ
897 1009 1154 1063 τοσούτου
1187 1010 1355 1064 δεῖται
1389 1012 1576 1066 πόνου.
1605 1013 1670 1066 Τί
1712 1013 1841 1082 γάρ,

274 1091 384 1143 εἰπέ
419 1107 531 1160 μοι,
569 1089 950 1161 χαλεπώτερον
999 1091 1094 1145 τοῦ
1133 1092 1222 1144 διά
1272 1094 1486 1163 σχοίνου
1543 1097 1844 1166 τεταμένης

277 1174 525 1243 βαδίζειν,
566 1174 820 1245 καθάπερ
853 1175 945 1227 ἐπὶ
997 1175 1267 1239 ἰσοπέδου,
1300 1178 1396 1230 καὶ
1445 1176 1556 1230 ἀνω
1611 1194 1846 1248 περιπα-

274 1257 460 1310 τοῦντα
477 1255 808 1309 ὑποδύεσθαι
843 1257 936 1310 καὶ
965 1257 1296 1310 ἀποδύεσθαι
1331 1257 1584 1329 καθάπερ
1617 1261 1708 1312 ἐπί
1731 1260 1847 1312 κλί-

273 1357 363 1410 νης
416 1341 728 1409 καθήμενον
754 1357 768 1406 ;
799 1341 922 1410 οὐχὶ
969 1340 1111 1393 οὕτω
1143 1341 1372 1412 φρικτὸν
1418 1343 1549 1412 ἡμῖν
1601 1338 1740 1396 εἶναι
1783 1341 1846 1395 τὸ

273 1425 500 1493 πρᾶγμα
524 1422 690 1486 δοκεῖ,
715 1421 793 1485 ώς
819 1422 956 1493 μηδέ
977 1422 1152 1476 θέλειν
1179 1423 1499 1488 θεάσασθαι,
1526 1423 1662 1476 άλλά
1685 1423 1847 1476 δεδοι-

275 1507 444 1570 κέναι,
479 1505 576 1558 καὶ
599 1505 846 1575 τρέμειν,
865 1507 960 1558 καὶ
992 1507 1129 1576 πρὸς
1161 1506 1260 1577 τὴν
1289 1507 1411 1576 ὄψιν
1441 1508 1610 1577 αὐτήν
1635 1524 1650 1573 ;
1679 1507 1743 1558 Τί
1765 1507 1843 1574 δὲ,

273 1589 390 1642 εἰπέ
407 1605 514 1658 μοι,
531 1588 908 1659 χαλεπώτερον
925 1588 1017 1642 τοῦ
1034 1589 1220 1641 κοντὸν
1237 1591 1326 1641 ἐπὶ
1342 1588 1435 1641 τοῦ
1456 1589 1745 1658 προσώπου
1759 1589 1848 1640 λα-

275 1671 405 1736 ϐεῖν,
423 1667 541 1725 εἶτα
562 1672 818 1726 ἐπιθέντα
831 1673 942 1726 ἀνω
960 1673 1169 1726 παιδίον
1184 1673 1354 1744 μυρία
1371 1675 1566 1734 ποιεῖν,
1585 1671 1738 1742 [165]
1752 1672 1846 1724 καὶ

275 1756 492 1825 τέρπειν
520 1757 644 1818 τοὺς
667 1755 893 1819 θεατάς;
919 1755 971 1808 τί
997 1755 1054 1808 δὲ
1075 1755 1451 1826 χαλεπώτερον
1492 1755 1586 1808 τοῦ
1629 1755 1846 1826 σφαιρί-

275 1840 384 1903 ζειν
407 1842 465 1892 ἐν
489 1839 698 1908 ξίφεος
725 1839 777 1892 τί
811 1839 868 1892 δὲ
899 1839 1217 1910 βαρύτερον,
1241 1840 1364 1892 είπέ
1393 1857 1504 1908 μοι,
1545 1839 1638 1892 τοῦ
1654 1840 1722 1892 τὸ
1749 1839 1846 1908 βά-

276 1924 364 1988 θος
382 1923 473 1977 τοῦ
507 1924 772 1991 πελάγους
819 1922 1200 1992 διερευνᾶσθαι
1229 1964 1244 1987 ,
1276 1924 1386 1976 Καὶ
1423 1923 1622 1993 μυρίας
1653 1924 1844 1994 ἐτέρας

274 2007 338 2060 ἄν
372 2023 456 2068 τις
491 2006 606 2077 ἔχοι
641 2008 835 2076 τέχνας
859 2007 1031 2058 εἰπεῖν
1054 2021 1069 2035 ο
1101 2005 1238 2058 άλλά
1259 2007 1478 2059 πάντων
1510 2005 1714 2058 τούτων
1755 2006 1847 2058 εὑ-

277 2089 546 2160 κολωτέρα
574 2092 608 2160 ἡ
661 2088 851 2161 ἀρετὴ,
885 2088 978 2140 ἐάν
1017 2087 1282 2158 θέλωμεν,
1309 2088 1404 2140 καὶ
1431 2087 1491 2140 τδ
1511 2090 1592 2149 εἰς
1631 2088 1722 2140 τὸν
1760 2088 1850 2140 ούο

277 2173 433 2242 ρανδν
459 2173 724 2244 ἀναϐῆναι
757 2189 772 2203 ο
801 2170 1029 2240 θελῆσαι
1053 2171 1162 2240 γάρ
1189 2171 1270 2223 δεῖ
1289 2171 1448 2241 μόνον
1469 2170 1723 2235 ἐνταῦθα,
1757 2172 1850 2225 καὶ

276 2257 446 2308 πάντα
501 2255 712 2308 ἔπεται.
791 2254 904 2306 Οὐκ
942 2253 1057 2305 ἔστι
1104 2252 1214 2324 γάρ
1245 2255 1440 2318 εἰπεῖν,
1483 2255 1542 2306 οὺ
1567 2254 1839 2324 δύναμαιο

274 2337 426 2390 τοῦτο
452 2337 560 2408 γάρ
583 2335 958 2408 κατηγορῆσαί
988 2339 1100 2390 ἐστι
1121 2334 1216 2390 τοῦ
1243 2336 1586 2406 Δημιουργοῦ
1607 2353 1621 2366 ·
1656 2337 1705 2388 εί
1735 2337 1842 2408 γάρ

277 2419 558 2482 ἀδυνάτους
583 2423 730 2491 ἡμᾶς
755 2419 1027 2488 ἐποίησεν,
1061 2415 1178 2472 εἶτα
1207 2419 1504 2484 ἐπιτάττει,
1541 2420 1843 2490 κατηγορία

277 2502 436 2556 αὺτοῦ
490 2505 627 2556 ἐστι.
691 2501 814 2565 Πῶς
840 2497 954 2564 οῦν,
1008 2503 1162 2571 φησὶ,
1212 2501 1397 2555 πολλοί
1445 2503 1507 2555 οὐ
1555 2501 1840 2569 δύνανται;

281 2585 396 2638 Ὅτι
436 2585 497 2638 ού
536 2585 770 2639 θέλουσι.
833 2585 1004 2637 Πόθεν
1049 2584 1106 2636 δὲ
1141 2585 1202 2637 οὐ
1260 2584 1540 2650 θέλουσιν;
1586 2585 1720 2638 Ἀπὸ
1747 2587 1846 2655 ῥᾳ-

271 2666 470 2736 θυμίας
501 2686 514 2699 ·
541 2667 682 2720 ὥστε
715 2669 762 2720 εί
793 2667 1099 2736 θελήσουσι,
1133 2667 1352 2730 πάντως
1377 2666 1714 2737 δυνήσονται.
1751 2667 1848 2720 Διά

278 2748 428 2803 τοῦτο
457 2751 550 2802 καὶ
574 2749 603 2801 ὁ
624 2749 832 2812 Παῦλος
864 2765 996 2818 φησι
1019 2763 1034 2778 ⁶
1069 2747 1230 2802 Θέλω
1246 2747 1474 2812 πάντας
1499 2747 1849 2816 ἀνθρώπους

275 2832 420 2885 εἶναι
440 2833 522 2898 ὡς
545 2833 645 2886 καί
665 2831 949 2902 ἐμαυτὸν,
992 2829 1181 2902 ἐπειδὴ
1229 2830 1344 2901 ⁴ᾔδει
1381 2831 1463 2884 ὅτι
1497 2831 1692 2894 πάντες
1719 2831 1848 2901 ἡδύ-

1123 393 1188 450 ΙΝ
1223 393 1438 451 EPIST.
1473 396 1566 450 AD
1595 395 1940 454 HEBREOS
1972 395 2123 451 CAP.
2163 395 2255 452 IX.
2280 395 2510 453 HOMIL.
2539 395 2702 452 XVII.

3423 399 3523 456 128

1941 531 2099 569 ναντο
2130 509 2266 569 εῖναι
2319 515 2396 580 ὡς
2420 516 2513 570 καὶ
2561 515 2722 580 αὐτός
2748 531 2764 546 '
2795 515 2916 570 ούδέ
2943 515 3052 587 γάρ
3087 515 3175 580 ἂν,
3221 514 3278 569 ετ
3297 532 3360 586 γε
3389 515 3520 572 ἀδύ-

1941 613 2096 650 νατον
2123 592 2211 668 ἦν,
2237 597 2393 651 τοῦτο
2418 593 2560 652 εἷπε.
2608 598 2799 664 Θέλεις
2826 599 3078 668 γενέσθαι
3103 600 3390 671 ἐνάρετος;
3425 603 3521 673 τῆς

1941 679 2115 749 ἀρχῆς
2140 679 2398 732 ἐπιλαϐοῦ
2429 681 2609 750 μόνον.
2659 682 2792 735 Εἰπέ
2819 683 2882 754 δή
2919 699 3028 753 μοι,
3060 685 3117 736 ἐν
3157 685 3277 745 ταῖς
3306 683 3524 753 τέχναις

1943 762 2202 825 άπάσαις,
2228 763 2356 815 ὅταν
2395 763 2642 834 θέλωμεν
2681 766 2739 818 ἐν
2769 766 2959 829 αὑταῖς
2998 764 3272 834 γενέσθαι,
3316 763 3520 835 ἀρκού-

1946 845 2082 916 μεθα
2126 845 2205 915 τῷ
2231 846 2424 912 θέλειν,
2457 847 2490 917 ἢ
2521 849 2614 900 καὶ
2661 849 2946 918 ἁπτόμεθα
2983 849 3094 902 τῶν
3140 849 3522 919 πραγμάτωνς

1943 921 2068 980 Οίόν
2119 945 2172 982 τι
2197 927 2368 998 λέγω·
2414 929 2674 982 Βούλεταί
2702 947 2786 994 τις
2831 931 3085 998 γενέσθαι
3138 931 3518 1001 κυϐερνήτης’

1943 1009 2004 1063 οὑ
2057 1009 2226 1079 λέγει,
2263 1011 2434 1076 Θέλω,
2483 1012 2577 1066 καὶ
2605 1012 2778 1082 τούτῳ
2832 1013 3106 1084 ἀρκεῖται,
3155 1013 3404 1066 ἀλλὰκαὶ
3425 1011 3521 1064 τοῦ

1945 1092 2268 1162 πράγματος
2308 1094 2559 1148 ἅπτεται.
2625 1093 2782 1147 Θέλει
2831 1094 3084 1163 γενέσθαι
3142 1095 3414 1166 ἔμπορος·
3457 1093 3520 1146 οῦ

1943 1173 2110 1241 λέγει,
2129 1176 2298 1240 Θέλω,
2327 1175 2505 1244 μόνον,
2530 1175 2668 1228 άλλά
2687 1179 2781 1230 καὶ
2803 1174 2896 1228 τοῦ
2919 1175 3243 1247 πράγματος
3269 1177 3519 1230 ἅπτεται.

1958 1257 2330 1329 ’Δποδημῆσαι
2359 1257 2520 1312 πάλιν
2562 1259 2728 1324 θέλει,
2781 1261 2875 1312 καὶ
2903 1259 2963 1312 οὐ
3006 1260 3176 1328 λέγει,
3203 1259 3362 1324 θέλω,
3389 1259 3524 1312 ἀλλά

1945 1341 2039 1393 καὶ
2068 1339 2160 1393 τοῦ
2197 1342 2520 1410 πράγματος
2565 1341 2817 1394 ἅπτεται.
2896 1338 3031 1394 Εἶτα
3080 1345 3138 1394 ἐν
3195 1343 3360 1394 πᾶσιν
3423 1341 3525 1394 οὐκ

1945 1425 2106 1494 ἀρκεῖ
2155 1425 2215 1476 τὸ
2249 1423 2472 1494 θελῆσαι
2497 1425 2675 1494 μόνον,
2713 1425 2848 1480 ἀλλά
2873 1426 3050 1478 καὶτὸ
3079 1425 3237 1496 ἔργον
3267 1424 3524 1494 προσθεί-

1945 1523 2033 1558 ναι
2092 1504 2174 1558 δεῖ
2201 1520 2215 1535 ⁸
2267 1507 2347 1568 εἰς
2393 1505 2448 1557 δέ
2499 1506 2591 1559 τὸν
2613 1508 2841 1578 οὐρανὸν
2899 1506 3216 1577 βουλόμενος
3256 1505 3522 1567 ἀνελθεῖν,

1945 1589 2144 1656 λέγεις,
2187 1587 2358 1654 Θέλω,
2395 1589 2575 1658 μόνον;
2610 1590 2730 1652 Πῶς
2761 1587 2875 1656 οὖν,
2907 1591 3092 1661 φησὶν,
3118 1591 3322 1656 ἔλεγες,
3351 1589 3434 1644 δτι
3461 1588 3526 1644 τὸ

1947 1672 2121 1726 θέλειν
2146 1673 2332 1742 ἀρκεῖ;
2373 1673 2446 1724 Τὸ
2471 1672 2646 1725 θέλειν
2664 1673 2802 1742 μετά
2819 1674 2928 1726 τῶν
2953 1673 3148 1744 ἔργων,
3176 1674 3238 1726 το
3262 1671 3524 1740 ἀντιλαμ-

1948 1754 2243 1824 ϐανόμενον
2266 1751 2362 1805 τοῦ
2406 1754 2748 1825 πράγματος,
2799 1756 2860 1809 τὸ
2907 1757 3232 1810 πονέσαντα.
3287 1755 3527 1826 Ἐχομεν

1943 1837 2053 1908 γάρ
2085 1835 2445 1906 συνεργοῦντα
2467 1838 2561 1890 καὶ
2594 1837 3015 1907 συμπράττοντα
3037 1837 3128 1890 τὸν
3165 1837 3296 1890 Θεόν
3318 1855 3332 1868 ·
3364 1839 3527 1906 μόνον

1941 1920 2216 1990 ἑλώμεθα.
2250 1922 2408 1991 μόνον
2455 1921 2530 1984 ὡς
2555 1921 2701 1991 ἔργῳ
2731 1921 3177 1990 προσενεχθῶμεν
3217 1919 3298 1988 τῷ
3349 1919 3526 1990 πράγ-

1949 2021 2102 2074 ματι,
2149 2003 2308 2072 μόνον
2352 2004 2800 2074 μεριμνήσωμεν,
2862 2005 3044 2073 μόνον,
3086 2005 3166 2065 εἰς
3194 2003 3315 2054 νοῦν
3351 2000 3526 2072 βαλώ-

1949 2085 2112 2158 μεθα,
2163 2089 2258 2139 καὶ⁵
2307 2088 2481 2138 πάντα
2507 2085 2720 2140 ἕπεται.
2783 2086 2908 2139 Ἐάν
2945 2085 3000 2138 δέ
3026 2085 3396 2154 καθεύδωμεν,
3435 2083 3527 2137 καὶ

1950 2168 2234 2240 ρέγχοντες
2293 2168 2682 2238 προσδοκῶμεν
2731 2168 2956 2220 εἰσιέναι
3006 2169 3086 2229 εἰς
3134 2167 3224 2219 τὸν
3274 2167 3523 2237 οὐρανὸν,

1948 2253 2080 2305 πότε
2140 2252 2479 2321 δυνησόμεθα
2540 2252 2640 2321 τὴν
2691 2249 3054 2321 κληρονομίαν
3125 2250 3234 2303 τῶν
3281 2249 3528 2320 οὐρανῶν

1948 2337 2278 2406 κατασχεῖνς
2347 2333 2709 2405 Βουληθῶμεν
2761 2331 2890 2400 οῦν,
2951 2334 3291 2406 παρακαλῶ,
3341 2333 3530 2403 βουλη-

1950 2419 2150 2488 θῶμεν.
2229 2419 2295 2472 Tt
2343 2419 2521 2472 πάντα
2571 2417 2705 2489 πρὸς
2751 2417 2844 2470 τὸν
2908 2418 3148 2489 παρόντα
3199 2416 3312 2486 βίον
3357 2417 3526 2485 ἐμπο-

1954 2501 2245 2573 ρευόμεθα,
2291 2501 2350 2554 ὃν
2405 2499 2594 2572 αὔριον
2624 2500 3026 2570 ἀπολείψομενς
3097 2498 3374 2569 Ἐλώμεθα
3417 2497 3530 2550 τοί-

1954 2601 2048 2639 νυν
2074 2585 2172 2654 τὴν
2196 2583 2396 2655 ἀρετὴν
2435 2584 2532 2654 τὴν
2587 2583 2666 2645 εἰς
2713 2583 2806 2636 τὸν
2861 2583 3036 2637 πάντα
3069 2575 3242 2636 αἰῶνα
3279 2583 3412 2652 ημῖν
3445 2579 3530 2632 δι·

1953 2668 2290 2738 αρκέσουσαν
2305 2683 2320 2698 ·
2343 2669 2401 2720 ἐν
2493 2665 2729 2736 ἐσόμεθα
2753 2665 3035 2735 διηνεκῶς,
3053 2667 3145 2720 καὶ
3167 2666 3271 2720 τῶν
3295 2663 3528 2718 αἰωνίων

1952 2749 2174 2816 ἀγαθῶν
2228 2749 2608 2818 ἀπολαύσομεν
2643 2767 2658 2782 ·
2709 2743 2784 2802 ὧν
2857 2749 3068 2816 γένοιτο
3123 2750 3333 2812 πάντας
3380 2747 3527 2819 ἡμᾶς

1955 2833 2248 2903 ἐπιτυχεῖν,
2280 2833 2460 2904 χάριτι
2482 2833 2575 2886 καὶ
2597 2830 2995 2902 φιλανθρωπίᾳ,
3023 2832 3117 2885 καὶ
3147 2833 3216 2884 τά
3235 2831 3385 2901 ἑξῆς.

1594 3083 1744 3156 μοι]
1786 3084 2030 3137 ΟΜΙΛΙΑ
2081 3084 2176 3136 IZ'.

283 3174 362 3227 οὐ
416 3172 526 3246 γὰρ
573 3176 664 3246 εἰς
684 3245 689 3246 ν
711 3175 1091 3246 χειροποίητα
1144 3176 1280 3246 ἅγια
1343 3178 1629 3246 εἰσῆλθεν
1651 3176 1682 3228 ὁ
1712 3181 1844 3246 Χρι-

346 3245 526 3314 στῶς,Δ
553 3244 854 3298 ἀντίτυπα
896 3244 1014 3314 τῶν
1059 3244 1380 3314 ἀληθινῶν,
1427 3244 1564 3302 ἀλλ’
1613 3249 1699 3312 είς
1739 3244 1845 3300 αὑ-

344 3313 444 3386 τὸν
467 3312 576 3366 τὸν
597 3314 868 3386 ρὺρανόν
885 3352 900 3376 ,
932 3313 1057 3386 νῦν
1080 3312 1519 3386 ἐμφανισθῆναι
1541 3317 1639 3382 -τῷ
1665 3332 1848 3384 πίοσ-

347 3382 478 3447 ὡπῳ
517 3382 625 3436 τοῦ
683 3384 834 3436 Θεοῦ
858 3384 1008 3450 ὑπὲρ
1029 3382 1198 3452 ἡμῶν
1223 3401 1237 3416 ⁸
1273 3382 1522 3439 οὐδ’Ἲῖνα
1547 3382 1846 3450 πολλάκις

346 3452 648 3520 προσφέρῃ
677 3453 916 3514 ἑαυτὸν,
949 3453 1151 3522 ὥσπερ
1189 3457 1222 3506 ό
1247 3455 1555 3522 ἀρχιερεὺς
1587 3459 1846 3522 εἰσέρχε-

348 3538 438 3593 ται
463 3523 551 3585 εἰς
595 3522 668 3593 τὰ
709 3522 874 3593 Ἅγια
919 3521 1036 3576 τῶν
1068 3521 1253 3593 ἁγίων
1287 3521 1424 3577 kat"
1459 3521 1756 3578 ἐνιαυτὸν
1779 3525 1848 3576 ἐν

347 3591 536 3658 αἵματι
575 3590 874 3658 ἀλλοτρίῳ
911 3608 924 3622 ·
971 3590 1261 3646 ἐπεί’ἐδει
1317 3595 1504 3647 αὑτὸν
1550 3593 1847 3657 πολλάκις

348 3659 549 3714 παθεῖν
599 3660 719 3712 ἀπὸ
763 3661 1101 3728 καταϐολῆς
1127 3664 1360 3729 κόσμου
1386 3679 1400 3694 ·
1439 3663 1576 3716 νιονί
1597 3663 1662 3714 δὲ
1687 3662 1848 3726 ἅπαξ

347 3729 438 3781 ἐπί
462 3730 781 3800 συντελείᾳ
811 3729 928 3800 τῶν
965 3729 1193 3783 αἰώνων
1225 3735 1310 3795 εἰς
1355 3731 1641 3798 ἀθέτησιν
1666 3733 1848 3800 ἀμαρ-

350 3800 474 3862 τίας
500 3798 598 3854 διὰ
635 3797 748 3866 τῆς
771 3799 990 3865 θυσίας
1009 3799 1197 3854 αὑτοῦ
1233 3797 1660 3868 πεφανέρωται.

349 3925 413 3978 α’.
436 3924 594 3992 Μέγα
621 3923 883 3994 ἐφρόνουν
919 3923 968 3976 οἰ
1011 3923 1250 3977 Ἰουδαῖοι
1277 3926 1369 3978 ἐπὶ
1396 3924 1474 3996 τῷ
1509 3925 1622 3996 ναῷ
1656 3927 1750 3980 καὶ
1783 3929 1846 3996 τῇ

284 4010 444 4078 σκηνῇ
477 4023 492 4036 ·
548 4005 632 4060 διὸ
682 4006 864 4072 ἔλεγον
891 4021 905 4036 ·
965 4006 1125 4073 Ναὸς
1155 4006 1394 4073 Κυρίου,
1424 4009 1568 4073 ναὸς
1605 4008 1844 4074 Κυρίου.

284 4087 410 4142 Οὔτε
439 4090 544 4160 γάρ
575 4087 808 4157 ἀλλαχοῦ
843 4087 948 4158 γῆς
989 4089 1406 4160 κατεσκευάσθη
1437 4089 1672 4152 τοιοῦτος
1702 4090 1846 4152 ναὸς,

283 4171 340 4222 οὐ
365 4171 698 4234 πολυτελείας
723 4171 932 4236 ἕνεκεν,
959 4170 1018 4222 οὐ
1062 4171 1312 4238 κάλλους,
1349 4173 1446 4241 οὐχ
1476 4171 1664 4241 ἐτέρου
1686 4173 1846 4233 τινός.

288 4251 350 4306 '0
402 4253 507 4325 γὰρ
555 4253 952 4321 διαταξάμενος
995 4253 1126 4314 Θεὸς
1161 4254 1463 4325 ,ἐκέλευσεν
1504 4255 1666 4306 αὑτὸν
1714 4253 1852 4323 μετά

283 4323 582 4406 φιλοτιμίας
628 4336 882 4404 γενέσθαι
930 4323 1166 4404 πολλῆς,
1201 4335 1388 4406 ἐπειδὴ
1442 4337 1683 4389 κάκεῖνοι
1738 4338 1851 4398 τοῖς

285 4421 601 4488 σωματικοῖς
629 4419 830 4488 μᾶλλον
863 4418 1174 4486 ἐφείλκοντο
1203 4421 1296 4472 καὶ
1327 4419 1662 4472 ἐπεσπῶντο.
1692 4418 1854 4471 Πλίν-

280 4503 396 4567 θους
447 4503 556 4573 γάρ
583 4499 698 4570 είχε
747 4503 956 4572 χρυσᾶς
995 4504 1053 4556 ἐν
1111 4503 1222 4564 τοῖς
1268 4501 1471 4572 τοίχοις
1504 4517 1517 4531 ο
1551 4502 1646 4554 καλ⁸
1678 4501 1852 4565 ἔξεστι

278 4587 352 4654 τῷ
381 4587 696 4656 βουλομένῳ
727 4587 789 4638 ἐν
839 4587 906 4656 τῇ
937 4585 1163 4656 δευτέρᾳ
1189 4583 1298 4637 τῶν
1327 4584 1623 4638 Βασιλειῶν
1676 4585 1768 4637 καὶ
1795 4587 1854 4638 ἐν

279 4669 353 4738 τῷ
389 4669 650 4738 Ίεζεκιὴλ
701 4669 860 4720 τοῦτο
926 4669 1296 4734 καταμαθεῖν,
1362 4666 1456 4718 καὶ
1507 4667 1608 4719 ὅσα
1647 4667 1850 4736 χρυσοῦ

276 4752 500 4806 τάλαντα
543 4750 797 4822 ἀνηλώθη
842 4751 986 4805 τότε.
1052 4751 1114 4802 Ἥ
1141 4749 1198 4802 δὲ
1228 4749 1454 4820 δευτέρα
1493 4749 1853 4818 λαμπροτέρα

274 4837 485 4908 γέγονεν
502 4833 812 4906 οἰκοδομία,
835 4833 930 4887 καὶ
955 4833 1186 4896 κάλλους
1205 4832 1392 4886 ἕνεκεν
1431 4831 1651 4886 καὶτῶν
1675 4831 1851 4888 ἄλλων

271 4921 541 4974 ἁπάντων.
599 4920 712 4972 Καὶ
734 4919 796 4972 ού
823 4918 1004 4987 τούτῳ
1053 4916 1213 4988 μόνον
1241 4915 1436 4988 σεμνὸς
1473 4910 1562 4988 ἦν,
1594 4917 1729 4969 ἀλλά
1757 4916 1851 4969 καὶ

269 4999 496 5071 ἐᾦεῖναι
528 4997 632 5065 εἷς,
679 5001 776 5054 καὶ
804 4999 882 5071 τῷ
914 5002 1121 5062 πάντας
1159 5000 1234 5070 τῷ
1268 5000 1454 5052 κάλλει
1493 4999 1848 5067 ἐφέλκεσθαι·

267 5085 370 5137 ἀπὸ
395 5085 505 5154 γάρ
527 5083 640 5136 τῶν
670 5083 925 5154 περάτων
957 5083 1054 5152 τῆς
1081 5082 1182 5151 γῆς
1203 5083 1318 5134 ἐκεῖ
1347 5083 1596 5152 ἤρχοντο,
1619 5083 1726 5135 εἴτε
1745 5080 1852 5134 ἀπὺ

266 5166 602 5228 Βαϐυλῶνος,
660 5165 772 5217 εἴτε
811 5164 922 5218 ἀπὸ
970 5163 1274 5226 Αἰθιοπίας.
1336 5165 1447 5216 Καὶ
1495 5164 1650 5216 τοῦτο
1675 5163 1850 5234 δηλῶν

260 5252 291 5300 ο
316 5251 524 5312 Λουκᾶς
553 5249 612 5300 ἐν
642 5249 765 5309 ταῖς
811 5246 1077 5315 Πράξεσιν
1118 5246 1304 5311 ἔλεγεν
1325 5261 1336 5275 ·
1389 5241 1582 5300 τΗσαν
1617 5245 1686 5299 δὲ
1729 5245 1858 5298 ἐκεῖ

264 5332 684 5397 κατοικοῦντες
713 5329 934 5398 Πάρθοι
988 5330 1086 5382 καί
1138 5327 1334 5396 Μῆδοι
1361 5328 1458 5383 καί
1521 5329 1844 5396 Ἐλαμῑται,

262 5413 354 5468 καὶ
393 5418 447 5468 οἱ
491 5412 916 5477 κατοικοῦντες
971 5411 1086 5478 τὴν
1156 5413 1640 5478 Μεσοποταμίαν,
1700 5413 1846 5464 Ἰου-

263 5496 434 5552 δαίαν
483 5513 550 5550 τε
595 5496 694 5552 καί
743 5491 1195 5554 Καππαδοκίαν,
1238 5492 1468 5545 Πόντον
1510 5509 1574 5544 τε
1612 5491 1708 5544 καὶ
1735 5491 1849 5554 τὴν

275 5581 489 5644 Ἀσίαν,
540 5579 809 5646 Φρυγίαν
862 5594 926 5629 τε
976 5576 1074 5630 καί
1117 5575 1496 5643 Παμφυλίαν,
1543 5575 1846 5642 Αἴγυπτίν

262 5663 354 5716 καί
397 5663 475 5716 τὰ
510 5663 666 5730 μέρη
717 5659 828 5726 τῆς
854 5661 1076 5725 Λιϐύης
1121 5655 1228 5724 τῆς
1257 5659 1406 5710 κατὰ
1451 5657 1746 5724 ἱιίιοήικη-ν.
1779 5655 1841 5708 ΟΞ

263 5742 350 5798 οὖν
379 5743 661 5812 πανταχοῦ
697 5741 799 5810 τῆς
847 5740 1166 5810 οἰκουμένης
1204 5739 1377 5800 ὄντες,
1409 5741 1523 5790 ἐκεῖ
1563 5739 1840 5807 συνῄεσαν,

268 5829 355 5882 καὶ
391 5825 528 5880 πολῦ
594 5827 651 5881 τὸ
693 5825 863 5894 ὄνομα
902 5823 994 5877 τοῦ
1036 5823 1162 5879 ναοῦ
1194 5817 1280 5890 ἦν.
1343 5822 1406 5872 Τί
1447 5818 1593 5874 οὖνὸ
1639 5821 1843 5882 Παῦλος

1948 3181 2130 3238 ποιεῖς
2197 3179 2406 3242 ’Ὠσπερ
2463 3177 2557 3230 ἐπὶ
2597 3177 2706 3231 τῶν
2736 3177 2958 3241 θυσιῶν,
3003 3177 3146 3232 οὕτω
3173 3181 3265 3234 καὶ
3295 3181 3527 3238 ἐνταῦθα

1947 3262 2091 3313 ποιεῖ
2111 3276 2122 3288 ’
2141 3263 2214 3324 ὡς
2259 3261 2368 3332 γάρ
2409 3263 2527 3314 ἐκεῖ
2559 3260 2650 3313 τὸν
2681 3259 2907 3314 θάνατον
2952 3261 3248 3333 ἀντέστησε
3273 3263 3366 3317 τοῦ
3393 3266 3529 3337 Χρι-

1949 3343 2096 3409 στοῦ,
2140 3344 2281 3398 οὕτω
2307 3345 2402 3397 καὶ
2445 3343 2678 3396 ἐνταῦθα
2704 3343 2795 3397 τὸν
2823 3345 3049 3416 οὐρανὸν
3077 3346 3196 3399 ὅλον
3247 3347 3528 3418 ἀνθίστησι

1947 3427 2024 3496 τῷ
2067 3427 2198 3498 ναῷ.
2264 3427 2338 3480 Οὐ
2381 3427 2552 3497 τούτῳ
2605 3426 2662 3481 δὲ
2714 3427 2872 3496 μόνον
2905 3426 2964 3480 τδ
3005 3427 3259 3499 διάφορον
3305 3429 3526 3494 ἔδειξεν,

1948 3508 2084 3564 ἀλλὰ
2126 3511 2218 3562 καὶ
2267 3507 2345 3578 τῷ
2396 3508 2710 3580 προσθεῖναι
2740 3509 2828 3561 τὸν
2861 3509 3011 3579 ἰερέα
3048 3510 3342 3582 ἐγγύτερον
3373 3513 3528 3579 γενό-

1951 3609 2110 3662 μενον
2131 3591 2224 3644 τοῦ
2261 3590 2396 3643 Θεοῦ
2419 3609 2432 3621 ·
2453 3589 2915 3660 Ἑμφανισθῆναι
2938 3591 3227 3660 γάρ,ιρησί,
3245 3591 3322 3658 τῷ
3343 3608 3529 3661 προσ-

1947 3675 2084 3736 ώπῳ
2132 3673 2236 3727 τοῦ
2291 3673 2456 3727 Θεοῦ.
2514 3675 2675 3726 Ὥστε
2710 3675 2770 3726 οὐ
2805 3673 2882 3744 τῷ
2923 3674 3136 3744 οὐρανῷ
3181 3677 3360 3744 μόνον,
3393 3676 3528 3732 ἀλλά

1949 3759 2043 3809 καὶ
2073 3758 2138 3826 τῇ
2179 3756 2368 3823 εἰσόδῳ
2421 3753 2568 3826 [165]
2623 3755 2684 3807 τὸ
2729 3757 2962 3826 πρᾶγμα
3003 3757 3198 3826 σεμνὸν
3250 3757 3524 3828 ἐποίησεν.

1951 3839 2025 3890 υὺ
2049 3837 2156 3908 γὰρ
2185 3837 2390 3900 ἁπλῶς,
2420 3837 2608 3906 ὥσπερ
2636 3837 2892 3900 ἐνταῦθα,
2929 3837 3016 3890 διὰ
3065 3839 3371 3906 συμϐόλων,
3408 3839 3526 3893 ἀλλ’

1951 3920 2112 3972 αὑτὸν
2139 3921 2240 3990 ὁρᾷ
2271 3920 2360 3970 τὸν
2387 3919 2516 3970 Θεὸν
2537 3920 2670 3971 ἐκεῖ.
2745 3918 2905 3990 Ὁρᾷς
2939 3921 3022 3973 ὅτι
3065 3921 3527 3989 συγκαταϐάσεως

1951 4003 2137 4055 ἕνεκεν
2200 4000 2474 4070 πανταχοῦ
2524 4001 2592 4054 τά
2633 4003 2867 4054 ταπεινὰ
2897 4003 3144 4072 etp-mat;
3199 4003 3264 4054 Τί
3310 4003 3527 4074 δὴθαυυ

1955 4085 2146 4154 μάξεις
2204 4083 2388 4136 λοιπὸν
2433 4084 2482 4135 εί
2519 4085 2868 4153 ἐντυγχάνει,
2899 4086 3034 4138 ὅπου
3077 4102 3140 4153 γε
3183 4086 3345 4139 αὐτὸν
3373 4087 3528 4156 ἵστη-

1954 4184 2038 4219 σιν
2077 4166 2152 4230 ὼς
2196 4165 2484 4237 ἀρχιερέα;
2539 4165 2676 4218 οὐδ’
2723 4167 2823 4220 ἵνα
2875 4167 3170 4234 πολλάκις
3216 4169 3526 4238 προσφέρῃ

1952 4249 2189 4314 ἑαυτὸν,
2241 4253 2426 4318 φησὶν,
2465 4247 2664 4316 ὥσπερ
2709 4251 2743 4302 ὀ
2794 4249 3138 4318 ἀρχιερεὺς,
3196 4251 3527 4318 εἰσέρχεται

1953 4337 2040 4398 είς
2077 4334 2150 4386 τὰ
2205 4333 2344 4399 ἅγια
2377 4333 2502 4384 κατ’
2537 4331 2816 4385 ἐνιαυτὸν
2845 4333 2916 4384 ἐν
2955 4334 3156 4401 αἵματι
3204 4334 3520 4400 ἀλλοτρίῳ.

1958 4420 2040 4469 Οὐ
2081 4417 2188 4486 γὰρ
2245 4417 2332 4480 εἰς
2382 4417 2760 4483 χειροποίητα
2814 4415 2951 4484 ἅγια
3004 4415 3284 4484 εἰσῆλθε,
3338 4418 3522 4490 φησὶν,

1955 4501 1987 4552 ό
2016 4497 2285 4566 Χριστὸς,
2316 4497 2613 4550 ἀντίτυπα
2643 4495 2762 4550 τῶν
2785 4497 3106 4569 ἀληθινῶν.
3164 4504 3306 4572 ’Λρα
3343 4503 3526 4555 ἐκεῖνά

1955 4583 2100 4634 ἐστιν
2155 4581 2416 4655 ἀληθινὰ,
2477 4580 2647 4636 ταῦτα
2679 4583 2734 4636 δὲ
2791 4584 2952 4638 τύποι
2988 4601 3002 4615 ·
3038 4586 3130 4637 καὶ
3177 4585 3284 4654 γάρ
3318 4586 3347 4635 ό
3397 4584 3525 4646 ναὸς

1955 4663 2094 4719 οὕτω
2116 4666 2547 4728 κατεσκεύαστο,
2575 4664 2764 4734 ὥσπερ
2810 4670 2838 4719 ὀ
2863 4668 3090 4736 οὐρανὸς
3134 4666 3227 4718 τοῦ
3265 4665 3522 4733 ούρανοῦ.

1955 4746 2020 4800 Τί
2071 4748 2284 4816 λέγεις;
2337 4748 2430 4800 ἐὰν
2489 4745 2566 4816 μὴ
2616 4747 2832 4817 εἰσέλθῃ
2861 4751 2942 4810 εἰς
2999 4748 3090 4801 τὸν
3131 4746 3378 4815 οὐρανὸν,
3423 4747 3524 4798 οὐκ

1954 4831 2310 4900 ἐμφανίζεται
2347 4832 2374 4882 ὁ
2410 4829 2684 4898 πανταχοῦ
2717 4829 2926 4898 παρὼν,
2965 4831 3058 4882 καὶ
3086 4830 3154 4880 τά
3181 4829 3356 4881 πάντα
3389 4827 3526 4895 πλη-

1955 4913 2107 4984 ρῶν;
2183 4914 2346 4984 Ὀρᾷς
2408 4912 2490 4964 ὅτι
2539 4911 2637 4980 τῆς
2692 4913 2893 4981 σαρκός
2944 4914 3058 4963 ἐστι
3097 4911 3268 4963 ταῦτα
3315 4911 3520 4973 πάντας

1952 4995 2064 5048 Καί
2111 4993 2571 5064 ἐμφανισθῆναι,
2605 4995 2758 5063 φησὶ,
2799 4992 2878 5058 τῷ
2905 4992 3200 5060 προσώπῳ
3232 4991 3338 5044 τοῦ
3375 4992 3523 5045 Θεοῦ

1952 5079 2106 5147 ὑπὲρ
2133 5078 2320 5146 ἡμῶν.
2381 5077 2446 5129 Τί
2497 5077 2665 5140 ἐστιν,
2699 5077 2868 5142 Ὑπὲρ
2897 5074 3100 5143 ἡμῶνς
3146 5077 3300 5128 Μετὰ
3333 5075 3522 5137 θυσίας

1951 5161 2174 5230 ἀνῆλθε,
2211 5161 2363 5228 φησὶ,
2389 5157 2694 5229 δυναμένης
2723 5157 3110 5221 ἐξιλεώσασθαι
3155 5157 3246 5209 τὸν
3279 5157 3520 5226 Πατέρα.

1951 5243 2048 5295 Διά
2073 5241 2146 5303 τί,
2177 5243 2298 5292 εἰπέ
2323 5257 2448 5310 μοι;
2484 5240 2558 5310 μὴ
2591 5240 2696 5310 γάρ
2719 5239 2881 5302 αὐτὸς
2903 5235 2969 5308 ἦν
2991 5243 3018 5291 ὁ
3047 5238 3270 5308 ἐχθρόςς
3337 5239 3399 5290 Οί
3431 5237 3524 5305 ἀγ-

1950 5325 2096 5394 γελοι
2120 5324 2304 5394 ἐχθροί
2331 5320 2491 5392 ἦσαν,
2539 5323 2699 5384 αὐτὸς
2740 5323 2839 5374 οὐκ
2861 5319 2927 5392 ἦν
2953 5321 3142 5392 ἐχθρός
3167 5336 3180 5348 ⁸
3226 5321 3307 5372 ὃτι
3338 5320 3446 5390 γὰρ
3471 5323 3521 5374 οἰ

1949 5407 2168 5475 ἄγγελοι
2189 5406 2281 5475 ὲχθ
2293 5404 2542 5476 ροὶῆσαν,
2563 5405 2792 5456 ἄκουσον
2809 5406 2861 5457 τί
2885 5423 2956 5473 φη
2967 5421 3065 5458 σιν.
3083 5403 3523 5469 Εἱρηνοποίησε

1949 5491 2020 5542 τὰ
2039 5487 2136 5542 ἐπὶ
2165 5487 2274 5554 τῆς
2305 5488 2434 5556 γῆς,
2493 5487 2588 5538 κιιί
2641 5487 2710 5538 τὰ
2741 5487 2810 5537 ἐν
2841 5485 2964 5550 τοῖς
2998 5483 3273 5550 οὐρανοῖς
3319 5499 3332 5512 ⁶
3380 5485 3520 5536 ὥστε

1949 5571 2127 5632 καλῶς
2195 5566 2382 5630 εἶπεν,
2448 5569 2528 5620 ὅτι
2585 5570 2678 5620 καὶ
2736 5569 2897 5629 αὐτὸς
2954 5566 3254 5631 Εἰσῆλθεν
3286 5568 3372 5630 εἰς
3415 5568 3524 5620 τὸν

1949 5655 2243 5720 οὐρανὸν,
2291 5654 2407 5706 νῦν
2448 5649 2885 5720 ἐμφανισθῆναι
2939 5650 3016 5713 τῷ
3055 5648 3352 5713 προσώπῳ
3417 5649 3522 5701 τοῦ

1951 5737 2097 5789 θεοῦ
2153 5735 2298 5802 ὑπὲρ
2359 5733 2544 5800 ἡμῶν.
2626 5731 2736 5781 Νῦν
2787 5732 3164 5799 ἐμφανίζεται,
3218 5728 3328 5778 ἀλλ’
3381 5730 3524 5798 ὑπὲρ

1950 5820 2121 5888 ἡμῶν.
2198 5819 2332 5870 Οὐδ’
2381 5819 2475 5868 ἵνα
2540 5813 2834 5873 πολλάκις
2905 5811 3212 5880 -ἽΓσσέέΓῐί
3287 5809 3527 5871 ἑαυτὸν,
