3980 6142
311 328 404 383 εει)

317 433 417 471 non
449 425 612 480 esset,
643 427 695 471 et
724 417 890 472 multa
918 418 1115 474 offerre.
1142 430 1414 490 oporteret
1440 424 1723 486 sacrificia,
1746 441 1889 495 sa-pe

318 520 583 579 oporteret
609 511 870 581 cruciﬁgi.
903 513 1142 583 Alioquin
1181 515 1445 585 oportebat
1469 531 1583 569 eum
1609 519 1890 588 frequenter

328 603 429 673 pati
452 603 516 656 ab
544 603 745 673 origine
780 604 973 661 mundi.
1003 604 1101 659 Hic
1127 604 1286 660 etiam
1316 604 1567 675 quiddam
1598 604 1898 658 abscondit.

329 693 475 748 Nunc
496 703 665 747 autem
691 695 847 748 semel
888 696 941 749 in
967 693 1395 749 consummatione
1420 695 1742 750 steculorum.
1774 694 1901 759 Cur,

325 786 388 840 In
412 788 845 841 consummatione
878 787 1177 841 seculorum
1194 787 1220 841 .’
1248 787 1369 843 Post
1394 788 1558 842 multa
1584 795 1823 857 peccata.
1845 785 1903 841 Si

325 883 462 935 enim
496 883 632 936 facta
654 882 880 937 fuissent
899 882 967 937 ab
987 882 1160 951 initio,
1183 898 1340 938 nemo
1356 893 1532 937 autem
1559 879 1901 944 credidisset,

324 973 501 1027 omnia
530 988 651 1043 quae
677 971 743 1027 ad
773 974 1128 1028 teconomiam
1172 977 1446 1044 pertinent
1468 974 1698 1030 fuissent
1735 975 1898 1030 inuti-

320 1061 419 1120 lia:
460 1078 564 1117 non
586 1062 870 1131 oportebat
906 1064 1048 1118 enim
1092 1065 1283 1120 iterum
1320 1066 1458 1121 mori
1498 1065 1791 1128 Christum,
1827 1064 1898 1119 ita

320 1156 470 1210 utsic
484 1155 645 1210 etiam
670 1153 977 1211 efﬁceretur
992 1156 1132 1225 quod
1152 1157 1521 1227 quaerebatur:
1542 1157 1794 1229 quoniam
1813 1172 1900 1211 au-

319 1256 420 1300 tem
437 1257 615 1315 postea
631 1247 794 1299 multa
810 1246 1023 1301 fuerunt
1036 1258 1269 1316 peccata,
1286 1249 1480 1303 merito
1494 1256 1618 1302 tunc
1631 1248 1895 1319 apparuit.
1930 1272 1937 1281 -

319 1337 464 1404 Quod
494 1337 706 1406 quidem
737 1337 868 1392 dicit
896 1340 1056 1393 etiam
1081 1339 1206 1393 alibi
1251 1356 1264 1392 :
1302 1339 1399 1394 Ubi
1424 1339 1694 1394 abundauit
1720 1354 1898 1411 pecca-

322 1438 443 1494 tum,
464 1428 890 1499 superabundavit
914 1439 960 1482 et
986 1431 1149 1500 gratia
1177 1430 1354 1500 (Rom.
1385 1431 1437 1486 5.
1466 1430 1580 1501 20).
1624 1430 1782 1485 Nunc
1800 1446 1895 1484 au-

321 1529 443 1582 lem,
487 1519 695 1588 inquit,
742 1518 900 1577 semel
925 1519 980 1573 in
1026 1521 1455 1575 consummatione
1489 1522 1785 1576 steculorum
1827 1521 1895 1575 ad

320 1609 679 1663 destitutionem
723 1609 914 1679 peccati
958 1624 1047 1678 per
1076 1608 1293 1663 hostiam
1330 1626 1474 1664 suam
1510 1611 1767 1681 apparuit.
1797 1610 1890 1664 27.

322 1700 382 1753 Et
427 1700 848 1764 quemadmodum
870 1708 1114 1758 standum
1157 1711 1229 1757 est
1244 1700 1529 1757 hominibus
1551 1703 1704 1758 semel
1738 1705 1886 1771 mori,

318 1801 423 1861 post
448 1791 541 1844 ltoc
566 1800 731 1845 autent
749 1791 1024 1861 judicium.

377 1882 432 1935 2.
463 1882 595 1937 Cum
623 1882 944 1937 ostendisset
972 1881 1120 1937 illum
1147 1896 1253 1937 non
1285 1897 1429 1954 saepe
1456 1885 1591 1939 mori
1618 1884 1888 1952 debuisse,

316 1977 435 2031 dicit
462 1977 621 2031 etiam
651 1991 748 2031 cur
782 1975 949 2031 semel
977 1985 1057 2030 εει
1094 1985 1381 2031 mortuus:
1416 1991 1607 2047 nempe
1640 1979 1888 2048 quoniam

317 2069 463 2122 unius
500 2068 691 2122 mortis
732 2066 828 2121 fuit
872 2066 1101 2136 pretium
1150 2067 1536 2137 redemptionis
1577 2086 1591 2123 :
1629 2068 1891 2124 Statutum

312 2168 435 2226 erat,
462 2161 653 2229 inquit,
677 2158 906 2213 omnibus
931 2158 1214 2211 hominibus
1243 2159 1396 2212 semel
1422 2159 1569 2212 ntori.
1606 2160 1715 2215 lloc
1736 2176 1884 2231 ergo,

312 2253 475 2308 semel
520 2262 764 2308 mortuus
801 2259 903 2318 est,
943 2266 1040 2321 pro
1084 2251 1331 2308 omnibus
1375 2252 1699 2309 hominibus.
1750 2254 1887 2323 Quid

312 2344 475 2400 vero?
515 2358 697 2399 annon
734 2343 910 2399 adhuc
954 2351 1127 2398 morte
1166 2343 1256 2397 illa
1298 2344 1594 2400 morimur?
1632 2345 1888 2403 Morimur

310 2438 541 2509 quidem,
566 2437 661 2494 sed
687 2438 739 2492 in
760 2452 823 2492 ea
851 2451 956 2491 non
984 2451 1283 2502 manemus,
1306 2437 1447 2507 quod
1476 2453 1542 2492 ne
1562 2447 1645 2492 est
1668 2438 1885 2509 quidem

308 2532 459 2586 mori.
504 2530 687 2585 Mortis
728 2529 871 2585 enim
915 2528 1155 2599 tyrannis
1193 2538 1247 2584 et
1286 2544 1413 2585 vere
1458 2540 1539 2584 est
1588 2530 1675 2584 illa
1716 2546 1882 2600 mors,

307 2623 515 2696 quando
541 2630 753 2677 mortuo
781 2636 889 2677 non
913 2629 994 2676 est
1019 2621 1250 2691 amplius
1277 2635 1591 2676 concessum
1616 2632 1673 2676 ut
1701 2623 1885 2679 redeat

304 2716 365 2770 ad
394 2716 561 2770 vitam
600 2732 615 2769 :
645 2712 862 2784 quando
886 2722 1064 2768 autem
1098 2712 1242 2767 vivet
1281 2722 1404 2782 post
1441 2721 1691 2779 mortem,
1725 2714 1884 2784 idque

302 2807 405 2861 vita
432 2805 685 2872 meliore,
714 2804 820 2860 hoc
846 2818 951 2859 non
982 2812 1066 2859 est
1093 2818 1240 2858 mors
1258 2843 1275 2869 ,
1310 2802 1405 2858 sed
1434 2804 1701 2860 dormitio.
1734 2806 1882 2873 Quo-

302 2900 440 2955 niam
480 2913 613 2970 εταο
656 2896 896 2952 futurum
937 2904 1054 2952 erat
1101 2904 1158 2950 ut
1195 2909 1341 2950 mors
1376 2910 1567 2950 omnes
1595 2897 1878 2964 detineret,

303 3001 583 3063 propterea
628 2999 714 3047 est
760 2998 1003 3045 mortuus
1047 2997 1103 3044 ut
1143 3004 1241 3043 nos
1289 2989 1563 3043 liberaret.
1591 2989 1683 3047 28.
1714 2991 1805 3046 Sic
1832 3002 1881 3046 et

303 3084 524 3139 Christus
566 3082 723 3138 semel
760 3081 959 3136 oblatus
1002 3090 1094 3135 est.
1133 3081 1179 3135 A
1208 3094 1314 3150 quo
1343 3080 1596 3135 oblatus?
1625 3081 1666 3135 A
1700 3084 1880 3152 seipso

303 3176 519 3231 scilicet.
549 3174 648 3229 Hic
679 3188 786 3228 non
815 3171 987 3226 solum
1013 3186 1133 3226 eum
1164 3169 1292 3225 dicit
1315 3170 1671 3238 sacerdotem,
1700 3173 1794 3228 sed
1826 3184 1880 3229 et

304 3266 521 3322 hostiam
551 3274 606 3321 et
634 3263 979 3319 sacriﬁcium.
1028 3261 1232 3317 Deinde
1267 3278 1482 3317 causam
1510 3262 1665 3319 affert
1689 3279 1785 3319 cur
1807 3266 1880 3321 sit

303 3358 501 3411 oblatus
527 3375 541 3410 :
565 3354 778 3418 Semel,
810 3351 1002 3423 inquit,
1035 3352 1231 3406 oblatus
1270 3352 1336 3405 ad
1376 3351 1650 3407 multorum
1688 3357 1880 3410 exhau-

305 3437 472 3491 riendo
498 3447 724 3512 peccata.
756 3438 866 3493 Cur
890 3441 1176 3496 multorum
1201 3449 1258 3497 et
1286 3455 1392 3495 non
1420 3439 1692 3495 omnium?
1728 3439 1873 3503 Quo-

304 3526 436 3582 niam
464 3541 573 3582 non
604 3542 795 3583 omnes
824 3528 1187 3598 crediderunt.
1233 3530 1336 3585 Pro
1370 3530 1620 3585 omnibus
1655 3527 1870 3599 quidem

304 3632 375 3675 est
400 3630 662 3688 mortuus,
692 3630 750 3676 ut
789 3637 977 3678 omnes
1016 3634 1275 3690 servaret,
1303 3633 1557 3694 quantum
1594 3621 1660 3675 ad
1701 3621 1873 3690 ipsum

304 3713 480 3768 attinet
500 3731 513 3765 :
532 3728 679 3768 mors
707 3714 851 3768 enim
880 3714 966 3769 illa
983 3730 1049 3770 ex
1070 3730 1225 3785 aequo
1255 3714 1611 3783 respondebat
1636 3713 1881 3767 omnium

307 3804 577 3861 interitui:
623 3821 729 3860 non
772 3805 1018 3862 exhausit
1061 3817 1240 3863 autem
1287 3816 1342 3862 et
1379 3806 1591 3861 sustulit
1636 3805 1875 3860 omnium

304 3907 530 3964 peccata,
566 3906 852 3968 propterea
881 3901 1022 3969 quod
1049 3900 1150 3970 ipsi
1177 3900 1464 3955 noluerint.
1488 3898 1625 3966 Quid
1660 3907 1742 3952 est
1769 3912 1865 3951 au-

307 3995 427 4053 tem,
480 3986 681 4042 Tollere
728 3990 975 4057 peccata?
1001 3989 1152 4046 Sicut
1178 3991 1230 4046 in
1259 3990 1531 4045 oblatione
1558 3988 1876 4058 proferimus

303 4080 452 4134 etiam
474 4090 691 4150 peccata
719 4081 997 4138 dicentes:
1020 4082 1145 4139 Sive
1166 4084 1429 4146 volentes.
1453 4083 1566 4137 sive
1582 4082 1730 4136 inviti
1748 4096 1874 4151 pec-

303 4173 553 4240 cavimus,
576 4173 823 4229 condona
852 4191 867 4230 :
892 4174 995 4231 hoc
1024 4185 1127 4243 est,
1156 4178 1388 4245 primum
1419 4177 1656 4243 ipsorum
1685 4174 1875 4229 menti-

303 4261 491 4329 nimus,
528 4273 584 4319 et
606 4275 735 4320 tunc
765 4266 995 4335 petimus
1037 4276 1096 4322 ut
1130 4267 1540 4323 condonentur:
1574 4266 1676 4321 hoc
1704 4266 1876 4335 ipsum

304 4350 385 4408 hic
409 4369 622 4426 quoque
651 4355 731 4410 fit.
765 4355 867 4412 Ubi
896 4358 997 4412 hoc
1034 4357 1162 4413 fecit
1189 4359 1467 4414 Christus?
1511 4359 1648 4413 Audi
1703 4359 1873 4427 ipsum

306 4442 565 4500 dicentem
591 4464 603 4498 :
632 4444 701 4499 Et
725 4462 818 4515 pro
843 4447 969 4517 ipsis
993 4449 1255 4517 sanctiﬁco
1283 4451 1524 4518 meipsum
1552 4449 1569 4517 (
1593 4447 1752 4502 Joan.
1787 4450 1872 4502 l7.

306 4533 410 4605 i9).
446 4536 673 4591 Peccata
702 4537 924 4592 abstulit
954 4538 1021 4595 ab
1044 4540 1366 4605 hominibus,
1400 4548 1453 4594 et
1485 4540 1626 4593 Patri
1656 4539 1872 4603 obtulit,

302 4640 401 4679 non
430 4635 490 4681 ut
515 4627 722 4697 aliquid
750 4627 1007 4684 adversus
1034 4629 1179 4700 ipsos
1204 4638 1495 4695 statueret,
1539 4622 1631 4685 s'cd
1674 4640 1731 4684 ut
1766 4631 1879 4699 ipsa

300 4718 614 4773 remitteret.
661 4719 903 4773 Secundo
941 4721 1050 4774 sine
1090 4731 1294 4791 peccato
1324 4720 1586 4791 apparebit
1616 4720 1877 4786 omnibus,

303 4806 487 4877 inquit,
509 4808 921 4879 exspectantibus
945 4826 1057 4864 eum
1080 4812 1133 4865 in
1155 4813 1386 4866 salutent.
1416 4811 1553 4878 Quid
1575 4822 1656 4867 est
1676 4820 1878 4877 autem,

302 4899 421 4956 Sine
445 4912 655 4972 peccato
672 4901 699 4955 ?
726 4900 843 4956 Non
871 4902 936 4956 ad
968 4910 1184 4973 peccata
1213 4903 1521 4970 delendum,
1551 4919 1725 4975 neque
1753 4918 1880 4974 pro-

301 5002 415 5060 pter
436 4993 750 5063 iniquitates
777 4993 972 5049 iterum
1000 4995 1213 5061 veniet,
1243 5004 1305 5050 ut
1333 5011 1545 5051 rursum
1578 4997 1837 5051 moriatur
1865 5014 1880 5050 :

257 5144 264 5154 ι
300 5098 400 5137 non
430 5084 579 5139 enim
609 5083 752 5154 quod
790 5084 958 5140 semel
999 5095 1238 5140 mortuus
1272 5088 1373 5150 sit,
1408 5087 1544 5141 mori
1573 5087 1775 5142 debetis
1801 5095 1886 5142 est

300 5185 561 5232 mortuus.
594 5177 883 5243 Quomodo
906 5179 1224 5246 apparebit?
1254 5179 1508 5246 Puniens,
1549 5181 1742 5251 inquit.
1775 5179 1883 5235 Sed

300 5267 397 5322 hoc
418 5285 526 5325 non
548 5270 705 5336 dixit,
729 5284 914 5325 verum
947 5271 996 5324 id
1023 5272 1161 5340 quod
1188 5282 1267 5326 est
1289 5272 1466 5326 laetum
1490 5283 1541 5326 et
1566 5273 1884 5342 jucundum,

299 5360 423 5415 Siue
449 5349 671 5433 peccato
691 5363 957 5432 apparebit
986 5365 1048 5417 iis
1075 5365 1164 5433 qui
1195 5365 1361 5434 ipsum
1388 5375 1678 5434 exspectant
1704 5367 1771 5420 ad
1796 5384 1885 5421 sa-

298 5452 451 5508 lutent
479 5470 498 5508 :
522 5463 584 5509 ut
610 5453 680 5508 de
705 5462 905 5509 caetero
933 5469 1037 5508 non
1060 5456 1284 5524 amplius
1306 5471 1440 5524 Opus
1464 5456 1691 5510 habeant
1720 5458 1886 5510 sacri-

302 5545 437 5608 ﬁcio,
463 5554 520 5599 ut
547 5544 682 5600 salvi
713 5544 843 5611 sint,
874 5545 968 5600 sed
996 5562 1063 5600 cx
1092 5546 1344 5615 operibus
1368 5546 1467 5601 hoc
1496 5548 1705 5601 faciant.
1737 5546 1883 5619 (Cap.

302 5635 390 5704 10)
422 5637 474 5690 οΙ.
508 5635 758 5691 Umbram
808 5638 963 5705 enim,
1011 5637 1200 5707 inquit,
1248 5638 1433 5691 habens
1480 5638 1562 5691 lea:
1602 5642 1888 5709 futurorum

301 5727 560 5788 bonorum.
593 5744 695 5782 non
730 5728 898 5794 ipsam
938 5728 1205 5797 imaginem
1244 5745 1407 5783 rerum
1444 5729 1589 5784 :hoe
1630 5739 1706 5783 cst
1730 5773 1742 5795 ,
1786 5747 1887 5783 non

1117 328 1181 383 ΙΝ
1222 326 1435 383 EPIST.
1482 328 1571 382 AD
1612 327 1972 385 HEBRA'ZOS.
2013 329 2166 384 CAP.
2208 328 2280 385 Χ.
2323 329 2558 385 Ηωιιι..
2598 327 2763 384 XVII.

3463 330 3566 388 I30

1987 428 2156 495 ipsam
2195 428 2499 485 veritatem.
2543 430 3002 498 Quemadmodum
3033 433 3176 488 enim
3208 434 3262 489 in
3291 433 3525 507 imagine
3550 480 3567 505 ,

1985 519 2157 574 donec
2188 520 2409 589 picturas
2438 521 2604 576 additi
2634 521 2831 578 fuerint
2856 525 3064 580 colores
3086 567 3100 591 ,
3139 541 3246 581 non
3276 526 3459 584 videre
3488 540 3573 584 εει

1986 609 2087 663 nisi
2120 609 2362 664 umbram
2395 620 2636 677 tantum;
2671 613 2760 668 ubi
2789 630 2940 682 vero,
2970 616 3244 673 coloribus
3270 618 3569 690 impositis,

1986 700 2128 755 nitor
2157 701 2486 771 supervenit,
2513 711 2637 757 tunc
2669 703 2725 758 ﬁt
2754 704 2951 777 imago.
2995 706 3125 763 Tale
3167 709 3436 780 quidpiam
3485 711 3568 767 lex

1986 808 2198 864 quoque
2226 802 2361 849 erat.
2394 792 2636 850 Umbram
2662 796 2814 864 enim,
2840 798 3033 869 inquit,
3057 799 3245 855 habens
3265 802 3348 856 lex
3372 804 3572 875 futuro-

1984 895 2102 932 rum
2133 880 2410 944 bonorum,
2448 897 2551 934 non
2586 884 2757 950 ipsum
2784 885 3065 953 imaginem
3096 901 3303 950 rerum;
3332 886 3437 940 hoc
3462 893 3567 951 est,

1982 969 2261 1034 sacriﬁcii,
2279 970 2643 1025 remissionis.
2660 971 2765 1027 Per
2785 974 3020 1044 singulos
3044 991 3209 1028 annos
3230 974 3569 1045 eisdemipsis

1981 1061 2190 1125 hostiis,
2227 1077 2360 1131 quas
2402 1060 2632 1128 offerunt
2664 1062 3044 1130 indesinenter,
3083 1083 3369 1135 numquam
3399 1075 3570 1137 potest

1982 1153 2287 1207 accedentes
2309 1153 2569 1223 perfectos
2595 1154 2769 1224 facere
2789 1172 2805 1209 :
2827 1156 2883 1209 2.
2912 1157 3115 1228 alioqui
3140 1175 3245 1212 non
3270 1168 3569 1214 cessassent

1980 1244 2185 1312 oﬂ'erri,
2216 1242 2333 1296 ideo
2360 1243 2499 1313 quod
2526 1244 2729 1298 nullam
2758 1245 3005 1300 haberent
3025 1248 3170 1301 ultra
3191 1251 3569 1303 conscientiam

1979 1336 2207 1391 cultores
2236 1338 2395 1390 semel
2426 1338 2772 1393 mundati:5.
2797 1341 2887 1393 sed
2908 1340 2962 1394 in
2982 1341 3113 1410 ipsis
3132 1344 3566 1397 commemoratio

1978 1434 2309 1495 peccatorum
2337 1443 2429 1497 per
2457 1429 2696 1500 singulos
2728 1448 2894 1487 annos
2923 1432 3005 1501 ﬁt.
3036 1432 3092 1486 4.
3126 1431 3467 1503 Impossibile
3484 1445 3564 1489 est

1977 1517 2112 1570 enim
2146 1520 2391 1588 sanguine
2431 1528 2688 1571 taurorum
2724 1529 2770 1573 et
2808 1519 3064 1572 hircorum
3101 1520 3293 1590 auferri
3328 1531 3555 1591 peccata.

1977 1608 2033 1663 5.
2063 1607 2188 1662 Ideo
2208 1609 2493 1680 ingrediens
2520 1610 2784 1673 mundum,
2816 1610 2939 1663 dicit
2968 1626 2988 1663 .°
3018 1609 3252 1665 Hostiam
3279 1621 3327 1665 et
3353 1611 3562 1665 oblatio-

1979 1717 2091 1754 nem
2119 1699 2343 1767 noluisti,
2374 1717 2557 1770 corpus
2580 1710 2749 1754 autem
2778 1701 2966 1770 optasti
2993 1701 3117 1755 mihi
3142 1717 3161 1755 .·
3185 1702 3236 1757 6.
3266 1702 3561 1756 holocausta

1976 1799 2025 1843 et
2054 1807 2145 1861 pro
2168 1799 2372 1861 peccato
2398 1807 2497 1845 non
2527 1791 2616 1845 tibi
2639 1792 2956 1862 placuerunt.
2991 1792 3043 1845 7.
3078 1791 3221 1845 Tunc
3247 1793 3354 1846 dixi
3387 1809 3405 1845 :
3430 1791 3563 1848 Ecce

1976 1884 2119 1938 uenio
2156 1884 2234 1955 (in
2267 1885 2428 1954 capite
2454 1884 2571 1937 libri
2598 1884 2842 1955 scriptum
2868 1891 2938 1937 est
2967 1882 3030 1935 de
3059 1883 3193 1951 me),
3231 1893 3284 1937 ut
3325 1886 3514 1954 faciant
3539 1925 3556 1951 ,

1976 1977 2149 2041 Deus,
2186 1977 2494 2031 uoluntatem
2531 1989 2688 2030 tuam.
2722 1975 2775 2031 8.
2810 1975 3059 2044 Superius
3084 1976 3274 2042 dicens,
3305 1976 3441 2046 quod
3466 1976 3560 2030 Ito-

1974 2071 2123 2139 stias,
2150 2070 2426 2124 oblationes
2454 2079 2501 2124 el
2532 2070 2940 2124 ltolocautomata
2964 2086 3058 2139 pro
3085 2078 3285 2138 peccato
3313 2068 3555 2137 noluisti,

1975 2177 2065 2215 nec
2111 2161 2301 2230 placita
2340 2171 2456 2215 sunt
2491 2160 2580 2214 tibi
2620 2177 2735 2231 qua:
2761 2160 3037 2215 secundum
3065 2162 3224 2233 legem
3250 2160 3555 2228 offeruntur,

1974 2252 2028 2309 9.
2058 2262 2176 2305 tunc
2200 2252 2309 2305 dixi
2328 2267 2347 2305 :
2377 2251 2510 2305 Ecce
2533 2253 2697 2315 venio,
2727 2263 2782 2306 ut
2812 2254 2999 2321 faciam
3019 2293 3034 2318 ,
3065 2250 3221 2317 Deus,
3252 2252 3558 2306 uoluntatem

1976 2351 2136 2396 tuam.
2161 2340 2341 2413 Aufert
2371 2347 2609 2413 primum,
2635 2352 2689 2395 ut
2713 2359 2922 2413 sequens
2947 2351 3156 2397 statuat.
3186 2343 3346 2399 Vides
3372 2359 3559 2399 rursus

1975 2435 2395 2491 abundantiam?
2434 2434 2546 2491 Una
2571 2445 2673 2502 est,
2705 2437 2904 2507 inquit,
2938 2435 3052 2491 hmo
3083 2436 3291 2504 hostia;
3323 2436 3427 2492 illae
3456 2451 3556 2493 au-

1976 2536 2084 2585 tem
2116 2530 2297 2586 multte
2327 2548 2340 2585 :
2372 2530 2492 2586 ideo
2516 2531 2658 2586 enim
2686 2546 2787 2587 nec
2811 2531 3020 2595 validae,
3054 2532 3176 2600 quia
3202 2539 3325 2587 sunt
3356 2532 3556 2587 multm.

2047 2625 2097 2680 3.
2133 2624 2401 2694 Sacriﬁcia
2418 2624 2721 2680 Judazorum
2745 2642 2896 2698 quam
2915 2627 3215 2696 in/irma.—
3230 2626 3367 2694 Quid
3389 2627 3556 2697 enim,

1975 2715 2062 2772 dic
2084 2731 2288 2787 quaeso,
2321 2733 2455 2788 opus
2484 2727 2596 2773 erat
2626 2718 2829 2783 multis,
2852 2734 2973 2773 cum
3001 2733 3107 2774 una
3133 2718 3400 2774 sufﬁciat?
3426 2719 3561 2774 Pro-

1977 2817 2159 2877 pterea
2200 2808 2402 2872 multm,
2434 2816 2489 2863 et
2515 2808 2657 2878 quod
2689 2823 2905 2878 semper
2925 2808 3239 2877 offerantur,
3271 2809 3561 2864 ostendunt

1975 2913 2070 2954 eos
2100 2915 2387 2970 numquam
2422 2900 2687 2955 mundari.
2734 2899 2884 2956 Sicut
2910 2902 3053 2957 enim
3082 2902 3556 2971 medicamentum,

1973 3008 2097 3047 cum
2133 2992 2295 3047 fuerit
2321 2992 2586 3060 validum,
2618 3003 2672 3049 et
2700 2995 2941 3049 efficiens
2979 2995 3255 3059 sanitatis,
3292 3004 3345 3049 et
3376 2995 3559 3050 valens

1975 3098 2189 3139 omnem
2222 3084 2465 3139 morbum
2495 3085 2828 3155 propulsare,
2861 3086 3031 3141 semel
3062 3087 3365 3156 impositum
3396 3086 3561 3143 efﬁcit

1975 3175 2286 3229 universum
2317 3193 2330 3229 :
2360 3176 2501 3246 quod
2545 3177 2589 3231 si
2629 3179 2796 3233 semel
2834 3179 3139 3249 impositum
3170 3188 3335 3233 totum
3365 3194 3557 3250 opera-

1978 3275 2093 3329 tur,
2123 3266 2359 3320 Ostendit
2384 3267 2488 3320 vim
2515 3282 2664 3322 suam
2694 3283 2760 3323 eo
2798 3269 2936 3338 quod
2976 3284 3080 3323 non
3117 3270 3346 3340 amplius
3385 3271 3559 3339 impo-

1977 3363 2155 3421 natur,
2184 3365 2238 3410 et
2264 3356 2363 3410 hoc
2388 3367 2470 3411 est
2494 3357 2659 3427 ipsius
2680 3374 2833 3426 opus,
2858 3359 2995 3427 quod
3025 3376 3129 3414 non
3153 3361 3381 3428 amplius
3404 3378 3562 3416 usur-

1976 3444 2169 3506 petur:
2197 3436 2281 3491 sin
2304 3444 2486 3491 autem
2512 3439 3080 3509 semperimponatur,
3098 3451 3181 3496 est
3206 3444 3555 3512 perspicuum

1976 3527 2121 3598 quod
2141 3528 2344 3581 nullam
2370 3529 2477 3582 vim
2506 3529 2794 3597 habuerit;
2828 3539 2912 3586 est
2933 3531 3077 3585 enim
3107 3531 3284 3587 virtus
3314 3533 3555 3588 medica-

1978 3614 2145 3670 menti
2181 3616 2346 3669 semel
2380 3616 2612 3685 imponi,
2643 3626 2697 3671 et
2724 3633 2833 3672 non
2868 3632 3010 3687 saepe
3039 3637 3048 3669 :
3088 3617 3160 3672 ita
3187 3618 3276 3672 hic
3304 3635 3557 3690 quoque;

1976 3722 2075 3761 cur
2104 3706 2320 3760 tandem
2347 3706 2539 3761 iisdem
2568 3723 2784 3777 semper
2814 3718 3079 3762 curantur
3102 3709 3485 3764 bostiis?Nam
3510 3713 3557 3766 si

1984 3805 2168 3853 essent
2194 3797 2405 3851 liberati
2436 3797 2505 3851 ab
2531 3800 2786 3853 omnibus
2810 3800 3071 3868 peccatis,
3098 3814 3207 3853 non
3229 3800 3559 3857 offerrentur

1981 3888 2178 3944 hostire
2208 3888 2452 3958 quotidie
2484 3896 2681 3942 :erant
2709 3889 2853 3943 enim
2893 3888 3224 3953 constitutae,
3256 3897 3317 3944 ut
3339 3905 3560 3961 semper

1978 3979 2305 4035 offerrentur
2335 3995 2432 4051 pro
2457 3981 2657 4051 populo
2684 3979 2963 4044 universo,
2989 3987 3043 4033 et
3067 3995 3290 4048 vespere
3311 3988 3365 4034 et
3388 3981 3559 4036 inter-

1975 4061 2085 4116 diu.
2122 4063 2250 4118 Erat
2282 4065 2458 4136 itaque
2489 4067 2541 4121 id
2567 4069 2706 4137 quod
2736 4070 2933 4137 fiebat,
2967 4081 3306 4140 peccatorum
3334 4088 3554 4128 accusa-

1976 4154 2070 4220 tio,
2102 4171 2207 4209 non
2238 4158 2466 4225 solutio;
2499 4162 2769 4217 accusatio
2798 4163 3143 4231 inﬁrmitatis,
3175 4180 3279 4220 non
3318 4166 3556 4221 ostensio

1974 4245 2207 4300 virtutis.
2253 4246 2384 4301 Nam
2432 4250 2683 4318 quoniam
2730 4253 2895 4321 prima
2947 4254 3079 4307 nihil
3127 4255 3406 4320 valuerat,
3451 4257 3555 4310 alia

1975 4352 2185 4407 quoque
2210 4340 2566 4407 offerebatur;
2599 4353 2653 4397 et
2681 4345 2933 4414 quoniam
2963 4345 3075 4414 ipsa
3104 4345 3239 4400 nihil
3266 4348 3558 4411 efficiebat,

1974 4443 2161 4484 rursus
2195 4430 2298 4484 alia
2327 4449 2341 4483 :
2373 4440 2427 4486 et
2466 4433 2585 4488 ideo
2629 4434 2716 4489 illa
2747 4446 2864 4490 erat
2894 4446 3230 4506 peccatorum
3269 4439 3554 4493 convictio.

1974 4522 2149 4593 Atque
2175 4524 2318 4593 quod
2348 4524 2602 4581 offeratur
2631 4528 2878 4598 quidem,
2915 4532 3088 4600 arguit
3124 4541 3374 4600 peccata;
3412 4531 3555 4601 quod

1974 4627 2151 4671 autem
2184 4631 2428 4689 semper,
2457 4621 2630 4690 arguit
2658 4622 3096 4677 imbecillitatem.
3128 4622 3183 4676 ln
3216 4620 3429 4676 Christo
3457 4637 3554 4675 au-

1977 4721 2082 4766 tem
2110 4722 2294 4767 contra
2325 4732 2339 4768 :
2368 4714 2537 4769 scmel
2568 4725 2651 4769 est
2676 4715 2907 4781 oblatus,
2940 4725 2994 4770 et
3024 4717 3077 4769 in
3111 4726 3422 4787 perpetuum
3463 4728 3554 4769 sa-

1976 4805 2044 4859 tis
2070 4804 2188 4861 fuit.
2227 4806 2305 4861 Ac
2343 4817 2488 4863 recte
2517 4808 2652 4863 dixit
2694 4809 2783 4863 illa
2823 4808 3146 4878 exemplaria
3181 4825 3193 4860 :
3224 4822 3353 4877 ergo
3379 4809 3553 4863 solum

1978 4897 2174 4953 habent
2198 4908 2397 4969 typum,
2429 4914 2534 4952 non
2561 4900 2812 4954 virtutem
2845 4916 2857 4954 :
2890 4902 3027 4955 sicut
3056 4902 3106 4954 in
3139 4900 3459 4969 imaginibus
3489 4899 3554 4951 ﬁ-

1975 5006 2159 5059 guram
2200 4990 2433 5046 hominis
2480 4993 2642 5047 habet
2678 4993 2872 5063 imago,
2906 5009 3009 5047 non
3049 4993 3319 5047 virtutem.
3351 4991 3469 5059 Quo
3500 4989 3554 5043 ﬁt

1976 5091 2034 5136 ut
2055 5098 2238 5136 verum
2259 5091 2314 5137 ct
2335 5084 2500 5153 ﬁgura
2525 5083 2754 5139 habeant
2780 5085 2917 5139 inter
2938 5098 2995 5137 se
3017 5083 3215 5153 aliquid
3237 5097 3553 5138 commune:

1978 5190 2074 5244 par
2115 5184 2199 5230 est
2236 5176 2379 5230 enim
2426 5177 2621 5245 figura,
2655 5177 2823 5231 virtus
2865 5187 3040 5231 autem
3085 5192 3439 5246 nequaquam.
3480 5175 3555 5230 fta

1977 5268 2135 5323 etiam
2164 5268 2214 5321 in
2238 5269 2370 5323 cmlo
2392 5280 2443 5323 et
2469 5271 2520 5324 in
2550 5271 2924 5335 tabernaculo;
2958 5280 3073 5325 erat
3093 5272 3233 5325 enim
3258 5287 3353 5340 par
3376 5280 3550 5342 typus,

1977 5368 2131 5413 erant
2156 5361 2297 5415 enim
2330 5372 2544 5427 sancta;
2592 5363 2758 5415 virtus
2788 5373 2964 5417 autem
2997 5373 3050 5416 et
3079 5363 3183 5417 alia
3212 5378 3317 5417 non
3344 5363 3553 5418 eadem.

1977 5451 2113 5517 Quid
2155 5462 2257 5515 est,
2304 5453 2385 5505 Ad
2429 5453 2803 5507 destitutionem
2841 5455 3029 5519 peccati
3055 5469 3144 5523 per
3170 5454 3384 5506 hostiam
3412 5471 3559 5508 suam

1976 5545 2265 5614 apparuit?
2315 5545 2440 5614 quid
2485 5555 2568 5600 est
2608 5545 2919 5599 destilutio?
2961 5546 3270 5613 Abrogatio,
3313 5554 3557 5600 contem-

1977 5639 2123 5706 ptio;
2173 5648 2449 5706 peccatum
2503 5654 2608 5693 non
2665 5637 2825 5691 habet
2863 5637 3087 5706 amplius
3128 5636 3371 5690 fiduciam
3414 5655 3429 5693 :
3466 5637 3558 5693 dc-

1978 5728 2217 5783 stitutum
2270 5731 2413 5785 enim
2460 5740 2541 5786 cst
2593 5734 2890 5798 peccatum.
2946 5727 3267 5795 Quomodo?
3328 5728 3561 5782 Debebat
