3980 6142
441 306 535 363 ιιι(

433 406 645 462 ptenam
676 389 966 459 suscipere,
998 401 1101 441 non
1130 384 1364 452 suscepit
1392 389 1570 435 autem
1595 396 1608 430 :
1635 377 1737 431 hoc
1765 384 1876 441 est,
1906 373 2012 428 vim

435 493 518 539 est
561 498 775 554 passum
806 499 818 534 :
847 478 1061 551 quando
1088 477 1433 547 exspectabat
1470 472 1588 528 fore
1629 479 1690 525 ut
1729 482 1921 524 otnncs
1948 466 2015 521 de

457 572 635 626 medio
665 571 892 631 tolleret,
908 567 1078 635 ipsum
1106 576 1190 619 est
1214 564 1278 617 de
1304 561 1479 615 medio
1506 559 1793 614 sublatum.
1815 557 1915 609 Per
1930 556 2024 609 ho-

456 664 603 717 stiam
628 678 770 716 suam
803 659 1078 729 apparuit;
1116 657 1217 710 hoc
1242 664 1342 717 est,
1374 653 1742 707 manifestatus
1767 659 1849 704 est
1883 649 1990 703 Deo
2009 688 2024 709 ,

457 756 521 809 ad
560 769 679 808 eum
716 751 960 805 accessit.
1006 748 1120 803 Non
1159 747 1316 817 igitur
1354 743 1603 813 quoniam
1646 739 1898 794 sacerdos
1926 739 2030 793 hoc

457 858 598 912 saepe
625 842 749 896 facit
774 841 826 895 in
848 856 1010 902 anno,
1033 847 1188 908 putes
1219 837 1319 888 hoc
1348 844 1632 900 utcumque
1658 840 1711 885 et
1736 844 1842 883 non
1862 829 1930 881 ob
1952 828 2033 881 in-

460 932 762 986 firmitatem
791 928 908 983 fieri
934 945 947 981 :
976 928 1019 980 si
1049 941 1153 979 non
1175 924 1244 978 ob
1275 923 1633 975 infirmitatem
1656 959 1668 979 ,
1701 934 1797 972 cur
1821 916 2030 971 tandem

460 1020 698 1075 fiebant?
742 1019 966 1074 sublatis
1005 1014 1313 1069 vulneribus
1337 1053 1351 1076 ,
1391 1028 1495 1066 non
1525 1009 1750 1078 amplius
1784 1022 1917 1077 opus
1952 1015 2034 1061 est

458 1111 884 1167 medicamentis.
908 1109 1196 1177 Propterea
1213 1103 1390 1173 jussit.
1411 1103 1593 1169 inquit,
1623 1115 1837 1170 semper
1855 1098 2032 1153 aﬂ'erri

457 1211 679 1270 propter
706 1199 1067 1256 infirmitatem
1095 1235 1110 1261 ,
1139 1205 1302 1262 utque
1331 1201 1548 1263 peccata
1574 1198 1953 1244 revocarentur
1980 1188 2033 1240 in

460 1291 798 1348 memoriam.
849 1287 988 1355 Quid
1026 1286 1188 1340 vero?
1229 1299 1406 1338 annon
1447 1296 1545 1336 nos
1582 1280 1817 1349 quotidie
1856 1277 2036 1332 offeri-

463 1382 621 1437 mus?
647 1380 930 1436 Olferimus
954 1377 1192 1448 quidem,
1212 1374 1304 1430 sed
1329 1374 1444 1443 ejus
1473 1384 1698 1426 mortem
1728 1384 2037 1425 revocamus

465 1476 519 1528 in
547 1474 857 1528 memoriam
885 1480 974 1525 :et
996 1471 1105 1539 ipsa
1136 1485 1237 1523 una
1261 1480 1364 1532 est,
1391 1482 1496 1519 non
1530 1465 1729 1519 multa).
1760 1460 2038 1529 Quomodo

468 1580 569 1618 una
591 1573 695 1628 est,
717 1578 821 1617 non
846 1560 1060 1615 multm?
1084 1558 1344 1626 Quoniam
1372 1556 1538 1611 semel
1568 1554 1662 1608 fuit
1688 1554 1883 1616 oblata,
1904 1554 2041 1606 sicut

468 1655 558 1707 illa
586 1652 685 1706 fuit
714 1653 767 1705 in
798 1660 979 1704 sancta
1006 1656 1334 1706 sanctorum.
1368 1644 1480 1699 Hoc
1510 1653 1592 1697 est
1620 1644 1782 1711 figura
1810 1642 1969 1705 illius,
1989 1650 2042 1694 et

468 1746 581 1814 ipsa
623 1743 812 1797 istius:
844 1738 1089 1794 eumdem
1139 1735 1280 1790 enim
1325 1750 1536 1802 semper
1577 1732 1884 1794 offerimus,
1934 1746 2037 1783 nou

469 1848 606 1887 nunc
638 1831 818 1891 aliam,
845 1843 964 1882 cras
988 1826 1147 1880 aliam
1172 1839 1326 1878 ovem
1347 1865 1362 1889 ,
1402 1822 1495 1877 sed
1532 1836 1744 1890 semper
1771 1819 2038 1875 eamdem.

465 1922 819 1992 Quamobrem
846 1935 1007 1973 unum
1027 1926 1108 1972 est
1128 1914 1444 1971 sacriﬁcium
1472 1923 1688 1984 propter
1716 1914 1851 1967 hanc
1878 1913 2043 1966 ratio-

465 2030 586 2069 nem
618 2030 632 2067 :
662 2011 897 2082 alioquin
936 2009 1036 2064 hac
1076 2007 1281 2062 ratinne
1302 2049 1316 2073 ,
1348 2006 1597 2073 quoniam
1628 2004 1806 2058 multis
1831 2004 1883 2057 in
1911 2003 2042 2057 locis

465 2103 703 2168 effertur,
730 2101 952 2154 multiue
978 2106 1101 2152 sunt
1129 2096 1367 2152 Christi?
1395 2094 1761 2163 Nequaquam,
1786 2093 1880 2147 sed
1908 2107 2042 2147 unus

465 2197 660 2265 ubique
688 2194 954 2257 Christus,
974 2191 1061 2262 qui
1086 2202 1141 2244 et
1169 2189 1255 2243 hic
1284 2198 1362 2243 est
1389 2188 1598 2257 plenus,
1622 2195 1676 2240 et
1702 2186 1810 2240 illic
1833 2185 2040 2253 plenus,

466 2302 628 2341 unum
660 2298 874 2353 corpus.
918 2282 987 2337 Ut
1028 2296 1155 2350 ergo
1195 2279 1373 2333 multis
1399 2278 1450 2331 in
1478 2277 1610 2331 locis
1639 2276 1848 2330 oblatus
1878 2290 2043 2331 unum

468 2387 551 2433 est
574 2392 788 2445 corpus,
807 2385 861 2429 et
888 2388 991 2427 non
1022 2373 1183 2426 multa
1202 2385 1460 2439 corpora:
1487 2370 1557 2423 ita
1585 2370 1747 2424 etiam
1774 2386 1934 2423 unum
1965 2378 2046 2424 est

471 2466 808 2521 sacrificium.
849 2461 1093 2518 Pontifex
1130 2472 1312 2516 noster
1354 2459 1440 2514 ille
1479 2467 1561 2514 est
1597 2460 1685 2527 qui
1723 2458 1913 2514 obtulit
1954 2459 2048 2512 lto-

472 2560 625 2613 stiam
647 2600 659 2622 ,
689 2572 806 2626 qua:
834 2570 931 2609 nos
960 2553 1200 2607 mundat.
1242 2550 1388 2604 lllam
1435 2565 1576 2605 nunc
1615 2564 1825 2619 quoque
1863 2549 2047 2603 oﬂ'eri-

474 2667 613 2716 mus,
636 2665 754 2720 qua:
787 2658 911 2702 tunc
938 2647 1035 2700 fuit
1063 2645 1239 2699 oblata
1260 2684 1274 2706 ,
1303 2659 1419 2713 qua:
1450 2658 1555 2696 non
1583 2651 1758 2711 potest
1782 2642 2045 2697 consumi.

475 2745 586 2799 lloc
614 2743 672 2797 ftt
706 2744 757 2798 in
798 2740 1219 2797 recordationem
1247 2738 1365 2808 ejus
1388 2738 1527 2808 quod
1552 2752 1678 2793 tunc
1703 2736 1896 2792 factum
1921 2745 2002 2792 est
2030 2754 2044 2790 :

478 2837 592 2891 Hoc
631 2835 773 2891 enim
819 2834 970 2903 facite
989 2874 1003 2899 ,
1038 2833 1237 2902 inquit,
1265 2834 1315 2885 in
1341 2847 1501 2883 meam
1530 2829 2048 2883 commemorationem

479 2927 626 3001 (Luc.
656 2925 743 2981 22.
778 2925 887 2995 l9).
920 2923 1034 2978 Non
1059 2922 1214 2977 aliam
1243 2921 1489 2985 hostiam,
1514 2920 1650 2974 sicut
1675 2918 1930 2989 pontifex,
1954 2918 2048 2973 sed

477 3018 718 3072 eamdem
744 3030 957 3085 semper
985 3013 1223 3079 facimus,
1251 3011 1335 3066 vel
1363 3011 1537 3081 potius
1557 3009 1801 3065 sacrificii
1831 3008 2051 3063 facimus

478 3110 1057 3168 commemorationem.

547 3193 602 3246 4.
637 3192 716 3244 Ad
741 3191 985 3260 mysteria
1008 3192 1111 3244 sive
1138 3187 1515 3242 Eucharistiam
1554 3190 1799 3256 quomodo
1825 3195 2052 3256 aporteat

475 3279 916 3335 accedere.—-Sed
945 3278 1195 3348 quoniam
1222 3277 1439 3331 memini
1464 3276 1620 3346 hujus
1643 3277 1911 3339 sacrificii,
1929 3276 2052 3329 vola

478 3386 643 3439 pauca
686 3369 836 3424 vobis
857 3368 1057 3435 dicere,
1089 3368 1180 3437 qui
1218 3365 1488 3436 mysteriis
1513 3366 1646 3420 estis
1672 3365 1896 3431 initiati,
1933 3380 2051 3434 qua:

474 3475 730 3515 mensura
756 3459 967 3529 quidem
992 3467 1117 3513 sunt
1162 3471 1351 3526 pauca,
1385 3470 1628 3525 magnam
1655 3465 1832 3509 autem
1854 3454 2051 3510 habent

475 3552 581 3605 vim
611 3560 664 3605 et
694 3551 976 3604 utilitatem
1007 3566 1021 3603 :
1052 3562 1157 3602 non
1185 3548 1327 3602 enim
1370 3556 1494 3601 sunt
1520 3556 1698 3601 nostra
1718 3588 1734 3613 ,
1765 3545 1858 3601 sed
1887 3546 2051 3600 divini

476 3639 703 3710 Spiritus
732 3656 849 3710 qua:
875 3640 1143 3694 dicuntur.
1161 3636 1298 3706 Quid
1324 3647 1403 3693 est
1431 3638 1591 3707 ergo?
1613 3637 1758 3692 Multi
1786 3637 1943 3706 hujus
1966 3653 2050 3692 sa-

474 3732 839 3788 crificiisemel
859 3741 970 3786 toto
986 3746 1126 3784 anno
1151 3736 1275 3783 sunt
1303 3730 1611 3799 participes,
1636 3728 1725 3781 alii
1752 3739 1929 3782 autem
1946 3729 2050 3794 bis,

475 3821 562 3876 alii
586 3837 714 3877 vero
751 3836 914 3890 smpe.
963 3819 1043 3875 Ad
1083 3834 1272 3873 omnes
1312 3833 1441 3887 ergo
1473 3817 1697 3871 habetur
1722 3818 1916 3885 oratio,
1945 3831 2053 3870 non

476 3914 648 3968 solum
677 3912 743 3966 ad
773 3927 866 3967 eos
890 3911 980 3981 qui
1019 3910 1105 3964 hic
1134 3917 1279 3975 sunt,
1310 3908 1405 3963 sed
1432 3906 1498 3962 ad
1538 3922 1633 3962 eos
1661 3907 1821 3961 etiam
1850 3908 1938 3976 qui
1961 3921 2055 3959 se-

477 4003 605 4058 dent
635 4002 688 4055 in
714 4000 927 4055 deserto
957 4017 970 4052 :
1000 4014 1121 4052 nam
1145 3999 1219 4053 illi
1248 3997 1417 4052 semel
1443 3997 1495 4051 in
1526 4011 1668 4050 anno
1689 4006 1813 4050 sunt
1835 3995 2056 4066 partici-

479 4110 596 4163 pes,
624 4106 766 4160 smpe
790 4092 947 4146 etiam
977 4098 1097 4158 post
1116 4089 1251 4142 duos
1275 4103 1463 4142 annos.
1495 4088 1632 4153 Quid
1662 4088 1823 4157 ergo?
1842 4089 2056 4157 quinam

480 4191 635 4235 erunt
667 4180 821 4234 nobis
842 4180 1010 4250 magis
1026 4178 1229 4247 accepti
1245 4177 1269 4229 ?
1287 4193 1352 4231 an
1372 4176 1463 4246 qui
1489 4178 1679 4242 semel,
1703 4192 1769 4231 an
1786 4177 1873 4247 qui
1892 4192 2054 4245 same,

482 4286 549 4325 an
577 4271 666 4340 qui
695 4270 854 4323 raro?
880 4269 988 4323 Nec
1015 4268 1093 4332 hi,
1122 4283 1219 4323 nec
1262 4268 1360 4334 illi,
1384 4267 1479 4323 sed
1528 4269 1561 4322 ii
1592 4268 1681 4337 qui
1710 4282 1831 4322 cum
1864 4268 2058 4321 munda

482 4362 828 4424 conscientia,
852 4361 941 4428 qui
963 4374 1083 4414 eum
1111 4359 1309 4413 mundo
1330 4359 1514 4424 corde,
1541 4358 1631 4429 qui
1660 4374 1781 4414 cum
1809 4357 1913 4411 vita
1942 4374 2061 4427 qua:

483 4455 611 4510 nulli
643 4463 723 4509 est
754 4453 928 4507 affinis
955 4455 1380 4524 reprehensioni.
1429 4454 1529 4522 Qui
1559 4462 1684 4509 sunt
1714 4453 2016 4523 hujusmodi
2042 4494 2056 4519 ,

482 4561 697 4617 semper
721 4545 975 4600 accedant
1001 4564 1013 4599 :
1045 4545 1134 4615 qui
1165 4561 1268 4598 non
1300 4553 1421 4598 sunt
1451 4545 1772 4613 lmjusmodi,
1803 4559 1871 4598 ne
1896 4543 2062 4598 semel

482 4638 719 4709 quidem.
749 4637 969 4703 Quare?
1010 4635 1274 4703 Quoniam
1315 4635 1416 4689 sibi
1462 4644 1680 4690 sumunt
1718 4634 1979 4704 judicium
2009 4642 2064 4687 et

482 4729 980 4785 condemnationem
1005 4738 1060 4783 ct
1088 4727 1429 4797 supplicium.
1487 4726 1597 4781 Nec
1637 4727 1846 4781 mireris
1879 4743 1892 4778 :
1926 4726 2063 4780 sicut

483 4821 626 4875 enim
650 4819 802 4873 cibus
823 4829 1011 4874 natura
1051 4834 1145 4873 sua
1175 4818 1509 4883 nutritorius,
1548 4820 1592 4871 si
1633 4819 1685 4871 in
1723 4833 1843 4871 eum
1866 4817 2064 4871 incidat

484 4911 573 4981 qui
601 4910 864 4966 stomachi
881 4910 1009 4965 vitio
1032 4910 1257 4976 laborat,
1284 4910 1458 4964 omnia
1480 4909 1656 4980 perdit
1676 4919 1726 4963 et
1748 4908 2060 4978 corrumpit.

482 5012 536 5057 et
567 5002 737 5056 morbi
760 5002 819 5056 fit
837 5002 1050 5057 occasio
1074 5019 1088 5055 :
1110 5002 1178 5056 ita
1200 5004 1359 5055 etiam
1392 5001 1506 5055 haec
1536 5001 1833 5055 veneranda
1863 5008 2064 5070 myste-

482 5095 581 5149 ria.
612 5094 832 5149 Frueris
850 5109 1034 5149 mensa
1056 5093 1340 5164 spirituali,
1368 5108 1548 5148 mensa
1578 5092 1763 5162 regali,
1792 5101 1843 5146 et
1872 5091 2063 5145 iterum

483 5202 546 5241 os
594 5197 739 5241 tuum
790 5188 902 5242 luto
930 5186 1215 5258 inquinas?
1260 5187 1414 5256 ungis
1444 5194 1733 5253 unguento,
1778 5193 1832 5238 et
1881 5198 2067 5239 rursus

486 5279 679 5349 imples
708 5278 937 5336 faetore?
988 5280 1083 5335 Die
1122 5279 1272 5345 mihi,
1303 5294 1423 5334 cum
1453 5286 1571 5349 post
1592 5293 1788 5331 annum
1815 5292 1874 5332 es
1901 5277 2067 5346 parti-

483 5386 613 5441 ceps
631 5371 1054 5437 communionis,
1086 5370 1431 5425 existimasne
1456 5369 1803 5440 quadraginta
1825 5369 1940 5423 dies
1970 5367 2067 5422 tibi

484 5462 735 5517 sufficere
761 5464 826 5518 ad
848 5463 1278 5519 emundationem
1301 5473 1643 5535 peccatorum
1672 5463 1837 5517 totius
1863 5471 2069 5532 tempo-

490 5554 604 5607 ris?
632 5564 827 5608 etcum
859 5571 1044 5609 rursus
1075 5556 1392 5625 praeterierit
1439 5554 1791 5620 hebdomada,
1835 5563 1885 5608 te
1915 5553 2067 5608 dedis

492 5642 799 5711 prioribus?
836 5646 928 5701 Die
957 5646 1105 5713 mihi,
1170 5648 1212 5702 si
1267 5662 1387 5702 cum
1430 5647 1777 5718 quadraginta
1822 5645 2009 5700 diebus
2036 5660 2066 5699 a

1180 288 1235 343 S.
1272 277 1551 339 JOANNIS
1585 264 2054 331 CHRYSOSTOMI
2095 262 2409 322 ARClIIEP.
2449 262 2986 319 CONSTANTINOP.

3567 263 3660 321 1δὲ

2135 374 2292 443 longo
2317 375 2505 430 morbo
2533 368 2892 441 convalueris,
2922 387 3107 429 rursus
3134 381 3186 429 te
3223 371 3379 427 dedas
3413 369 3536 426 cibis
3578 373 3672 424 illis

2135 462 2223 531 qui
2264 464 2478 517 morbos
2508 473 2807 533 procreant,
2830 478 2937 517 non
2961 466 3120 518 etiam
3153 466 3367 533 priorem
3399 468 3563 535 perdis
3595 471 3664 524 la-

2136 552 2360 608 borem?
2384 554 2515 609 Nam
2557 556 2600 608 si
2638 564 2909 609 mutantur
2933 572 3049 625 quae
3074 569 3193 610 sunt
3221 560 3488 623 naturalia,
3519 563 3671 617 multo

2137 645 2303 712 magis
2331 660 2449 714 qum
2491 645 2659 699 nostri
2707 655 2829 699 sunt
2876 647 3031 702 liberi
3078 649 3298 702 arbitrii.
3347 649 3414 705 Ut
3459 653 3669 721 exempli

2133 745 2314 796 causa,
2339 743 2527 788 natura
2555 734 2812 798 videmus,
2837 745 2890 789 et
2915 750 3072 789 sanos
3098 737 3345 792 habemus
3364 740 3534 795 oculos
3552 757 3566 805 ;
3586 741 3673 796 sed

2139 834 2281 890 stepe
2301 838 2329 874 a
2360 823 2498 875 mala
2525 822 2835 878 habitudine
2864 824 3073 879 laeditur
3100 836 3278 880 nostra
3305 828 3504 882 videndi
3525 829 3675 884 facul-

2140 919 2241 965 tas.
2264 908 2317 965 ει
2370 926 2499 980 ergo
2526 921 2796 965 mutantur
2823 915 3081 968 naturalia
3104 956 3118 979 ,
3146 930 3318 975 annon
3341 918 3498 971 multo
3523 920 3674 986 magis

2134 1014 2251 1067 quae
2282 1000 2445 1053 nostri
2473 1010 2596 1053 sunt
2622 1001 2769 1055 liberi
2798 1002 3043 1056 arbitrii?
3069 1004 3419 1074 Quadraginta
3450 1006 3555 1061 dies
3576 1002 3673 1060 ‘tri-

2135 1087 2251 1142 huis
2281 1090 2489 1142 sanitati
2522 1093 2729 1154 animae,
2756 1090 2995 1146 fortassis
3016 1105 3190 1148 autem
3217 1110 3314 1150 nec
3334 1096 3675 1167 quadraginta,

2134 1188 2189 1232 et
2218 1188 2267 1231 te
2287 1179 2448 1233 Deum
2471 1179 2708 1248 placasse
2735 1183 3048 1249 exsnectas?
3071 1184 3291 1248 Jocaris,
3313 1201 3350 1240 οΔ
3367 1186 3537 1240 homo.
3565 1188 3677 1243 Haec

2136 1267 2278 1333 dico,
2319 1284 2423 1322 non
2476 1269 2542 1323 ah
2587 1286 2691 1323 uno
2718 1272 3010 1342 eodemque
3052 1289 3228 1327 annuo
3252 1290 3462 1331 accessu
3487 1292 3576 1331 vos
3596 1293 3675 1331 ar-

2135 1374 2285 1422 cens,
2315 1360 2405 1415 sed
2438 1361 2611 1430 potius
2639 1363 2819 1417 volens
2840 1380 2934 1417 vos
2964 1376 3222 1434 perpetuo
3247 1368 3312 1422 ad
3339 1378 3513 1423 sancta
3535 1385 3676 1425 acce-

2136 1451 2287 1505 dere.
2319 1452 2604 1521 Propterea
2641 1455 2899 1508 acclamat
2947 1456 3106 1510 etiam
3145 1458 3393 1512 sacerdos
3420 1468 3539 1515 tunc
3570 1476 3678 1515 san-

2137 1546 2249 1593 ctos
2286 1555 2499 1601 vocans.
2549 1551 2600 1595 et
2632 1558 2725 1611 per
2761 1543 2895 1597 hanc
2936 1560 3117 1599 vocem
3144 1562 3331 1603 omnes
3351 1562 3599 1615 scrutans,
3628 1562 3681 1605 ut

2137 1644 2294 1683 nemo
2339 1631 2558 1685 accedat
2583 1647 2687 1686 non
2736 1645 3083 1703 praeparatus.
3124 1638 3272 1693 Sicut
3313 1641 3449 1694 enim
3501 1643 3548 1697 in
3583 1659 3680 1698 uno

2137 1736 2318 1790 grege,
2348 1721 2398 1775 in
2428 1738 2531 1791 quo
2572 1724 2750 1777 multa:
2793 1726 3004 1794 quidem
3033 1743 3161 1782 ores
3201 1739 3323 1783 sunt
3369 1745 3526 1794 same,
3573 1733 3684 1786 alia:

2135 1820 2313 1864 autem
2331 1810 2501 1879 plena:
2531 1822 2656 1866 sunt
2680 1814 2875 1877 scabie,
2906 1831 3125 1871 necesse
3151 1827 3237 1871 est
3260 1835 3385 1874 oves
3416 1835 3502 1875 eas
3525 1822 3686 1875 arceri

2136 1915 2165 1954 a
2194 1903 2338 1955 sanis
2368 1919 2384 1956 :
2417 1904 2484 1956 ita
2514 1906 2673 1959 etiam
2706 1907 2755 1958 in
2782 1905 3053 1973 Ecclesia;
3079 1911 3328 1979 quoniam
3356 1913 3470 1967 alim
3488 1913 3687 1984 quidem

2136 2006 2262 2048 oves
2283 2003 2408 2048 sunt
2434 2009 2595 2058 same,
2628 1997 2746 2051 aliae
2766 2012 2895 2052 vero
2924 2000 3058 2054 male
3082 2001 3309 2068 affectae,
3341 2018 3433 2072 per
3454 2003 3583 2059 hanc
3599 2018 3684 2058 vo-

2136 2099 2252 2139 cem
2277 2084 2372 2140 has
2396 2097 2541 2141 arcet
2562 2088 2627 2142 ab
2656 2088 2779 2156 illis,
2806 2089 2858 2143 in
2886 2105 3098 2145 omnem
3137 2102 3344 2161 partem
3374 2094 3574 2160 obiens,
3600 2110 3687 2165 per

2138 2174 2274 2230 hanc
2296 2190 2477 2230 vocem
2505 2177 2658 2231 valde
2684 2178 2974 2234 terribilem
2996 2182 3248 2237 sacerdos
3274 2192 3484 2238 sanctos
3507 2197 3688 2237 vocans

2139 2274 2194 2319 et
2218 2266 2451 2322 trahens.
2484 2268 2613 2323 Nam
2644 2271 2893 2340 quoniam
2938 2272 3054 2328 fieri
3107 2290 3216 2330 non
3244 2285 3418 2345 potest
3464 2284 3518 2330 ut
3542 2276 3690 2331 homo

2138 2356 2280 2409 norit
2305 2370 2422 2425 quae
2448 2368 2570 2413 sunt
2595 2361 2850 2428 proximi;
2878 2361 3002 2426 Quis
3027 2364 3180 2431 enim,
3226 2366 3416 2436 inquit,
3456 2382 3516 2421 ea:
3542 2365 3691 2418 homi-

2142 2447 2287 2500 nibus
2309 2449 2441 2501 novit
2464 2465 2576 2517 qua:
2600 2461 2715 2505 sunt
2740 2452 2976 2514 hominis,
3005 2455 3104 2508 nisi
3129 2458 3345 2523 spiritus
3371 2457 3596 2521 hominis,
3614 2456 3693 2525 qui

2138 2547 2209 2590 est
2242 2538 2296 2590 in
2334 2537 2531 2592 homine
2557 2540 2575 2609 (
2602 2542 2654 2596 l.
2684 2541 2804 2598 Car.
2833 2542 2889 2598 2.
2924 2545 2984 2598 Η
3009 2545 3065 2614 )?
3105 2547 3304 2600 emittit
3351 2546 3486 2601 hanc
3519 2560 3691 2602 vocem

2139 2639 2412 2699 postquam
2439 2643 2706 2699 peractum
2732 2633 2834 2689 fuit
2859 2637 3202 2704 sacrificium,
3238 2648 3296 2695 ut
3335 2654 3495 2697 nemo
3523 2638 3697 2694 incon-

2138 2720 2367 2774 siderate
2391 2736 2488 2775 nec
2512 2731 2712 2778 temere
2736 2724 2801 2781 ad
2835 2727 2972 2783 hunc
2995 2728 3194 2785 fontem
3218 2731 3436 2787 accedat
3459 2732 3697 2800 spiritua-

2139 2811 2263 2865 lcm.
2315 2811 2443 2865 Nam
2488 2813 2541 2869 in
2574 2829 2731 2886 grege
2759 2818 2930 2887 (nihil
2959 2821 3102 2873 enim
3129 2831 3277 2876 vetat
3301 2823 3580 2893 quominus
3606 2834 3697 2875 eo-

2139 2900 2257 2954 dem
2289 2917 2473 2957 rursus
2495 2913 2704 2959 utamur
2727 2908 2971 2976 excmplo
2990 2909 3013 2976 )·
3033 2911 3307 2964 morbidas
3332 2912 3540 2980 quidem
3564 2909 3695 2962 intus

2142 2989 2500 3054 includimus,
2554 3000 2608 3044 et
2655 2992 2953 3046 detinemus
2979 2993 3029 3047 in
3079 2995 3352 3059 tenebris,
3391 2993 3544 3050 eteis
3570 2989 3707 3047 aliud

2143 3079 2330 3133 damus
2369 3080 2781 3146 nutrimentum,
2836 3097 2940 3137 non
2981 3085 3357 3153 permittentes
3413 3095 3469 3140 ut
3520 3098 3699 3154 purum

2145 3169 2392 3224 hauriant
2416 3186 2617 3236 aerem,
2658 3187 2830 3241 neque
2863 3183 2920 3227 ιιι
2945 3174 3105 3227 herba
3154 3185 3450 3231 vescantur
3473 3176 3668 3230 sincera
3687 3211 3709 3239 ,

2147 3275 2322 3327 neque
2349 3268 2404 3314 ut
2432 3276 2460 3313 a
2491 3259 2636 3315 fonte
2660 3263 2749 3331 qui
2779 3272 2861 3317 est
2888 3262 3015 3317 foris
3058 3265 3265 3322 bibant.
3298 3266 3442 3336 Ergo
3469 3265 3558 3320 hic
3581 3278 3705 3333 quo-

2145 3364 2249 3418 que
2275 3348 2388 3403 haec
2415 3364 2515 3403 vox
2547 3359 2629 3405 est
2658 3353 2824 3405 instar
2859 3352 3134 3420 cujusdam
3167 3355 3390 3411 vinculi.
3412 3355 3526 3408 Non
3566 3360 3711 3423 potes

2146 3436 2364 3494 dicere:
2392 3438 2723 3505 Nesciebam,
2749 3440 3053 3510 ignorabam
3092 3442 3234 3499 hanc
3276 3460 3391 3498 rem
3431 3442 3583 3513 sequi
3621 3454 3710 3511 pe-

2146 3527 2373 3581 riculum
2400 3547 2413 3581 ε
2433 3529 2661 3584 maxime
2678 3529 2777 3584 hoc
2792 3539 3118 3599 protestatus
3131 3544 3210 3587 est
3227 3534 3448 3589 Paulus.
3467 3532 3708 3588 Atdices:

2149 3616 2262 3671 Non
2293 3618 2436 3686 legi?
2478 3619 2589 3673 Hoc
2633 3635 2738 3673 non
2774 3631 2856 3675 est
2904 3624 3212 3688 excusatio,
3264 3626 3361 3680 sed
3406 3625 3710 3679 accusatio:

2147 3707 2383 3776 quotidie
2406 3708 2699 3778 ingrederis
2725 3710 3006 3765 ecclesiam
3027 3752 3042 3775 ,
3074 3715 3254 3769 ethoc
3275 3716 3452 3771 adhuc
3478 3711 3713 3784 ignoras?

2219 3798 2273 3853 5.
2305 3797 2598 3853 Sacerdotis
2627 3800 2694 3852 ad
2734 3802 2970 3870 mysteria
3009 3805 3234 3859 vocantis
3274 3807 3489 3861 clamor.
3517 3804 3716 3860 —-C:e-

2150 3896 2321 3941 terum
2351 3897 2409 3941 ut
2451 3903 2519 3941 ne
2554 3888 2658 3942 huc
2684 3889 2899 3957 quidem
2926 3892 3103 3959 possis
3145 3893 3225 3946 uti
3249 3905 3536 3963 praetextu,
3566 3909 3625 3950 ea
3654 3892 3717 3947 de

2150 3991 2306 4030 causa
2330 3992 2515 4046 magna
2539 3992 2688 4043 voce,
2710 3980 2933 4034 terribili
2955 3981 3207 4047 clamore,
3231 3996 3505 4056 tamquam
3529 3999 3716 4056 prteco,

2152 4080 2367 4118 manum
2398 4067 2587 4120 tollens
2617 4068 2667 4119 in
2699 4069 2883 4133 altum,
2916 4080 3062 4123 stans
3089 4074 3339 4127 excelsus
3384 4086 3440 4129 et
3480 4074 3719 4127 omnibus

2152 4154 2480 4220 manifestus,
2534 4166 2587 4210 et
2630 4156 2681 4209 in
2706 4159 2981 4213 tremendo
3023 4160 3113 4214 illo
3140 4163 3359 4217 silentio
3381 4164 3721 4219 vehementer

2152 4244 2470 4310 vociferans,
2521 4246 2652 4299 alios
2681 4246 2892 4315 quidem
2921 4259 3110 4317 vocat,
3150 4252 3288 4307 alios
3319 4270 3449 4308 vero
3474 4261 3617 4308 arcet
3643 4266 3722 4305 sa-

2153 4335 2344 4390 cerdos
2374 4353 2387 4387 :
2419 4352 2524 4390 non
2556 4336 2656 4391 hoc
2683 4353 2837 4391 manu
2866 4339 3081 4403 faciens,
3113 4342 3204 4395 sed
3252 4344 3434 4414 lingua
3461 4344 3655 4399 clarius
3674 4350 3726 4395 et

2153 4427 2388 4495 apertius
2417 4442 2572 4496 quam
2610 4443 2787 4481 manu.
2816 4429 2947 4483 Nam
2971 4446 3068 4484 vox
3095 4431 3178 4483 illa
3212 4432 3265 4484 in
3316 4443 3529 4487 nostras
3571 4445 3723 4485 aures

2154 4515 2412 4580 incidens,
2464 4528 2727 4588 tamquam
2762 4534 2948 4574 manus
3000 4522 3135 4574 alios
3174 4523 3393 4590 quidem
3433 4521 3653 4593 expellit
3675 4528 3728 4574 et

2154 4608 2318 4676 ejicit,
2347 4602 2481 4662 alios
2507 4621 2680 4663 autem
2704 4611 2989 4666 introducit
3012 4613 3240 4666 etsistit.
3277 4616 3372 4668 Die
3402 4616 3552 4677 mihi,
3579 4627 3723 4682 rogo,

2155 4700 2208 4752 in
2237 4699 2526 4770 Olylllltit'is
2567 4703 2944 4757 certaminibus
2976 4719 3148 4759 nonne
3184 4714 3289 4759 stat
3331 4721 3512 4775 praeco
3542 4719 3725 4774 magna

2155 4800 2208 4844 et
2255 4793 2359 4844 alta
2396 4806 2528 4846 voce
2577 4794 2830 4857 clamans,
2872 4804 2924 4849 et
2978 4795 3161 4849 dicens
3193 4815 3204 4848 :
3237 4797 3510 4867 Numquid
3542 4796 3728 4864 aliquis

2157 4881 2298 4936 hunc
2325 4890 2560 4948 accusat,
2592 4883 2730 4936 sitne
2759 4899 2967 4950 servus,
2996 4894 3088 4938 aut
3126 4885 3230 4951 fur,
3260 4896 3356 4941 aut
3386 4888 3545 4941 malis
3570 4884 3717 4940 mori-

2156 4971 2291 5027 bus?
2316 4987 2630 5040 quamquam
2654 4972 2741 5026 illa
2774 4975 3059 5028 certamina
3108 4989 3214 5030 non
3240 4985 3368 5031 sunt
3413 4976 3604 5039 animi,
3636 4989 3727 5027 nec

2157 5079 2381 5126 morum,
2407 5077 2505 5117 nec
2535 5064 2747 5127 mentis,
2779 5064 2872 5118 sed
2892 5064 3094 5119 roboris
3115 5074 3168 5119 et
3195 5069 3465 5134 corporis.
3496 5066 3551 5121 Si
3581 5079 3727 5135 ergo.

2158 5156 2243 5209 ubi
2272 5165 2353 5208 est
2379 5154 2689 5209 exercitatio
2733 5170 3051 5224 corporum,
3085 5156 3305 5210 instituti
3339 5167 3398 5211 et
3443 5155 3733 5211 voluntatis

2159 5259 2348 5315 magna
2378 5246 2450 5299 sit
2488 5245 2775 5312 inquisitio,
2808 5254 3003 5314 quanto
3042 5246 3208 5314 magis
3237 5244 3344 5309 hic,
3375 5246 3469 5299 ubi
3502 5254 3611 5298 tota
3651 5253 3732 5294 est

2157 5338 2321 5392 animi
2350 5336 2659 5391 deccrtatio.
2680 5336 2796 5390 Stat
2815 5350 2941 5406 ergo
2968 5351 3108 5391 nunc
3132 5349 3347 5405 quoque
3362 5338 3456 5403 qui
3488 5342 3576 5389 est
3595 5330 3732 5401 apud

2160 5446 2255 5483 nos
2284 5443 2479 5497 praeco,
2510 5444 2615 5481 non
2654 5441 3077 5498 unumquemque
3117 5428 3291 5496 capite
3335 5433 3532 5480 tenens
3559 5431 3613 5479 et
3637 5420 3731 5477 ad-

2149 5539 2386 5599 ducens,
2419 5532 2513 5589 sed
2542 5547 2730 5587 omnes
2779 5529 2935 5585 simul
2981 5527 3191 5582 interno
3236 5523 3417 5592 capite
3445 5522 3705 5578 detinens
3727 5532 3749 5572 :

2151 5646 2255 5685 non
2278 5628 2412 5682 alios
2442 5627 2571 5693 ipsis
2597 5623 2736 5677 sistit
2764 5628 3120 5683 accusatores,
3156 5617 3247 5673 sed
3277 5616 3432 5685 ipsos
3454 5614 3699 5682 sibiipsis
3728 5628 3743 5661 :
