3980 6142
365 289 459 345 {Si

365 422 527 476 μενον
550 421 565 436 ⁸
621 403 928 476 κατηγορία
967 405 1271 472 ἀσθενείας,
1303 408 1404 461 οὑκ
1437 407 1620 476 ἰσχύος
1650 405 1930 472 ἐπίδειξις.

376 488 593 559 Ἐπειδὴ
622 491 733 558 γὰρ
764 491 798 558 ή
827 487 1015 559 πρώτη
1045 490 1198 545 οὐδὲν
1230 492 1434 561 ἴσχυεν,
1468 492 1501 558 ή
1526 490 1753 559 δευτέρα
1778 505 1940 558 προσ-

360 574 621 643 εφέρετο·
659 572 752 625 καὶ
784 571 968 643 ἐπειδὴ
1000 572 1149 626 οὑδέν
1182 573 1320 644 αὕτη
1350 575 1529 642 ῆνυεν,
1566 574 1726 643 ἐτέρα
1752 572 1935 626 ’πάλιν⁸

365 655 504 709 ὥστε
529 655 749 724 ἐλεγχος
781 655 1194 724 ἁμαρτημάτων
1219 654 1307 726 ἦν.
1342 656 1415 708 Τὸ
1447 655 1546 725 μὲν
1574 652 1668 709 οὖν
1694 655 1938 723 προσφέ-

367 737 552 807 ρεσθαι
589 739 811 805 ἐλεγχος
852 738 1300 808 ἁμαρτημάτων*
1355 737 1416 790 τὸ
1448 738 1505 790 δὲ
1554 738 1673 802 ἀεὶ,
1720 737 1939 806 ἔλεγχος

363 820 671 884 ἀσθενείας.
732 821 855 873 Ἐπὶ
895 821 950 873 δὲ
997 821 1092 872 τοῦ
1126 821 1367 891 Χριστοῦ
1393 821 1704 874 τοὺναντίον
1727 838 1739 850 ·
1795 820 1938 885 ἅπαξ

364 904 735 974 προσηνέχθη,
772 905 866 957 καὶ
890 905 969 967 είς
993 904 1054 957 τὸ
1082 906 1170 957 ἀεὶ
1195 906 1423 975 ἤρκεσε.
1460 906 1569 958 Καὶ
1589 903 1767 967 καλῶς
1788 899 1938 955 εἶπεν

366 989 549 1038 ἐκεῖνα
576 988 848 1039 ἀντίτυπα
872 1003 886 1016 '
924 988 1032 1057 ἀρα
1062 989 1230 1042 τύπον
1260 988 1368 1058 ἔχει
1400 990 1578 1059 μόνον,
1608 988 1728 1057 οὑχὶ
1755 987 1812 1039 δὲ
1844 986 1940 1038 καὶ

363 1072 463 1137 τὴν
508 1070 660 1138 ἰσχύν
690 1086 706 1100 ·
758 1070 945 1142 ὥσπερ
995 1072 1087 1123 ἐπὶ
1129 1072 1236 1124 τῶν
1263 1072 1486 1125 εἰκόνιον
1509 1072 1676 1124 τύπον
1701 1069 1813 1139 ἔχει
1845 1068 1935 1121 τοῦ

364 1152 652 1222 ἀνθρώπου
683 1156 715 1219 ἡ
749 1152 942 1218 εἰκὼν,
979 1155 1097 1223 οὑχὶ
1129 1154 1227 1223 τὴν
1262 1154 1433 1224 ἰσχύν.
1464 1154 1625 1206 Ὥστε
1657 1153 1719 1205 τὸ
1744 1150 1940 1219 ἀληθὲς

370 1237 462 1287 καὶ
486 1238 517 1287 6
538 1236 708 1299 τύπος
742 1236 1089 1289 κοινωνοῦσιν
1117 1236 1365 1302 ἀλλήλοις
1383 1254 1395 1267 ·
1427 1240 1455 1289 6
1480 1238 1585 1307 γὰρ
1610 1235 1778 1297 τύπος
1804 1235 1938 1297 ῖσος,

372 1320 405 1385 ή
450 1318 506 1369 δέ
559 1318 711 1387 ἰσχὺς
764 1319 971 1372 οὑκέτι.
1027 1318 1185 1372 οὑτω
1209 1319 1272 1390 δὴ
1319 1319 1413 1371 καὶ
1444 1320 1535 1370 ἐπὶ
1562 1317 1655 1369 τοῦ
1687 1314 1934 1387 ούρανοῦ.

369 1402 462 1453 καὶ
516 1403 609 1453 ἐπὶ
656 1405 753 1471 τῆς
798 1404 1043 1471 σκηνῆς·
1106 1405 1134 1455 ὁ
1183 1403 1281 1472 μὲν
1330 1402 1439 1471 γάρ
1490 1402 1659 1463 τύπος
1700 1400 1810 1462 ἴσος
1849 1394 1936 1467 ῆν,

375 1484 504 1553 ἆγια
533 1485 640 1555 γὰρ
663 1480 753 1555 ἦν’
789 1487 823 1554 ή
852 1486 906 1537 δὲ
940 1485 1168 1555 δύναμις
1200 1486 1293 1538 καὶ
1318 1486 1386 1536 τὰ
1414 1484 1567 1548 ἄλλα,
1599 1484 1659 1535 οὑ
1685 1484 1755 1534 τά
1778 1482 1936 1536 αὑτά.

374 1568 436 1618 Τί
469 1570 613 1619 ἐστιν
633 1606 648 1630 ,
690 1569 793 1631 El;
820 1566 1111 1634 ἀθέτησιν
1137 1568 1422 1636 ἁμαρτίας
1467 1566 1563 1620 διὰ
1591 1564 1698 1632 τῆς
1723 1566 1939 1630 θυσίας

368 1650 555 1705 αὑτοῦ
611 1652 1064 1718 πεφανέρωταυ
1098 1650 1151 1702 τί
1204 1653 1352 1703 ἐστιν
1401 1649 1705 1718 ἀθέτησιςς
1766 1649 1937 1700 Τουτ-

370 1736 515 1797 έστι,
565 1733 968 1803 καταφρόνησις
1006 1749 1021 1765 ο
1070 1733 1253 1787 ούκέτι
1308 1733 1415 1803 γάρ
1465 1733 1776 1803 παρρησίαν
1827 1732 1936 1801 ἔχει

370 1818 404 1884 ἠ
458 1816 738 1885 ἁμαρτία·
791 1815 1052 1886 ἠθέτηται
1102 1816 1231 1885 γάρ.
1287 1816 1444 1879 Πῶς;
1490 1815 1802 1881 Ὀφείλουσα
1842 1816 1939 1880 μὲν

369 1899 664 1951 ἀπολαϐεῖν
715 1897 958 1962 κόλασιν,
988 1898 1088 1950 οὐκ
1129 1896 1478 1951 ἀπολαϐοῦσα
1529 1897 1620 1949 δέ·
1670 1896 1937 1960 τουτέστι,

375 1980 493 2050 βίαν
524 1980 725 2033 ἔπαθεν
750 1997 762 2010 ·
795 1981 883 2032 ὅτε
924 1980 1291 2050 προσεδόκησε
1332 1981 1537 2042 πάντας
1564 1980 1789 2042 ἀνελεῖν,
1820 1979 1939 2031 τότε

373 2062 632 2133 ἀνῃρέθη.
653 2063 756 2115 Διά
769 2062 877 2131 τῆς
893 2062 1109 2128 θυσίας
1123 2061 1330 2126 αὐτοῦ,
1343 2063 1498 2130 φησὶ,
1513 2061 1935 2129 πεφανέρωταν

373 2147 667 2209 τουτέστιν,
712 2144 1032 2215 ἐφανερώθη
1082 2145 1159 2214 τῷ
1197 2143 1316 2214 Θεῷ
1365 2145 1462 2197 καὶ
1509 2144 1802 2214 προσῆλθε.
1849 2143 1939 2212 Μὴ

372 2223 682 2297 οῦν,ἐπειδὴ
702 2230 730 2280 ό
754 2228 931 2296 ἱερεύς
956 2226 1213 2290 πολλάκις
1238 2227 1397 2280 τοῦτο
1419 2227 1592 2280 ἐποίει
1609 2239 1635 2267 ιι
1650 2225 1740 2278 τοῦ
1759 2230 1940 2278 ἐνιαυ-

371 2308 483 2374 τοῦ,
505 2313 735 2381 νομίσῃς
756 2312 839 2362 ὅτι
864 2309 1066 2375 ἁπλῶς,
1095 2309 1188 2362 καὶ
1211 2310 1332 2380 οὑχὶ
1360 2310 1427 2362 δι’
1451 2309 1754 2373 ἀσθένειαν,
1780 2306 1941 2359 τοῦτο

374 2396 578 2463 ἐγίνετο
606 2412 620 2426 ο
644 2398 694 2449 εί
713 2395 823 2467 γάρ
851 2398 925 2465 μὴ
953 2397 1019 2448 δι’
1049 2396 1355 2459 ἀσθένειαν,
1388 2395 1442 2448 τί
1474 2397 1567 2449 καὶ
1588 2395 1832 2462 ἐγίνετο;
1865 2393 1939 2464 μὴ

372 2479 536 2532 ὄντων
562 2478 672 2547 γάρ
712 2479 1065 2549 τραυμάτων,
1112 2479 1236 2531 οὑδέ
1274 2477 1583 2548 φαρμάκων
1626 2477 1811 2530 λοιπὸν
1861 2476 1942 2528 δεῖ

370 2561 447 2631 τῷ
471 2561 907 2631 ἐπιμελουμένῳ.
937 2561 1038 2614 Διά
1062 2562 1221 2613 τοῦτο
1259 2561 1584 2632 προσέταξε,
1621 2560 1807 2629 φησὶν,
1850 2559 1940 2612 ἀεὶ

373 2644 777 2714 προσφέρεσθαι
807 2644 895 2697 διά
928 2644 990 2697 :6
1019 2644 1265 2707 ἀσθενὲς,
1314 2647 1409 2698 καὶ
1449 2644 1585 2696 ὥστε
1634 2645 1939 2713 ἀνάμνησιν

369 2729 656 2799 ἁμαρτιῶν
685 2727 953 2797 γίνεσθαι.
976 2729 1040 2781 Τί
1061 2724 1185 2794 οὖν;
1218 2731 1376 2797 ἡμεῖς
1401 2728 1520 2780 καθ’
1544 2728 1782 2796 ἑκάστην
1805 2726 1940 2795 ἠμέ-

372 2829 470 2881 ραν
518 2812 580 2864 οὑ
630 2812 1057 2883 προσφέρομεν;
1091 2810 1476 2881 Προσφέρομεν
1519 2810 1640 2879 μὲν,
1670 2811 1785 2862 ἀλλ’
1810 2810 1941 2864 ἀνά-

374 2912 569 2965 μνησιν
600 2895 913 2966 ποιούμενοι
942 2894 1035 2947 τοῦ
1065 2893 1295 2947 θανάτου
1318 2892 1484 2945 αὑτοῦ
1507 2911 1519 2924 ·
1552 2894 1645 2945 καὶ
1672 2893 1769 2962 μία
1793 2894 1938 2944 ἐστὶν

370 2978 527 3048 αὕτη,
550 2979 646 3031 καὶ
673 2978 735 3030 οὑ
770 2977 982 3035 πολλαί.
1012 2977 1134 3038 Πῶς
1163 2976 1281 3046 μία,
1308 2978 1399 3029 καὶ
1419 2978 1478 3027 οὑ
1513 2975 1731 3039 πολλαί;
1765 2976 1940 3027 Ἐπει-

369 3061 435 3129 δὴ
462 3062 610 3127 ἅπαξ
643 3061 1007 3133 προσηνέχθη,
1055 3060 1242 3129 ὥσπερ
1288 3058 1471 3137 ἐκείνη
1506 3061 1537 3128 ἡ
1568 3061 1646 3121 είς
1679 3063 1745 3112 τὰ
1776 3059 1939 3125 Ἂγια

369 3141 475 3193 τῶν
490 3143 683 3208 ἁγίων.
697 3142 868 3194 Τοῦτο
884 3142 1091 3208 ἐκείνης
1108 3139 1274 3200 τύπος
1291 3139 1426 3202 ἐστὶ,
1443 3139 1533 3190 καὶ⁹
1548 3137 1682 3206 αῦτη
1702 3138 1934 3205 ἐκείνης·

369 3221 457 3271 τὸν
498 3222 608 3290 γάρ
653 3219 817 3272 αὑτὸν
846 3220 932 3270 ἀεὶ
969 3217 1371 3287 προσφέρομεν,
1404 3216 1464 3266 οὑ
1497 3213 1589 3266 νῦν
1621 3215 1719 3280 μὲν
1752 3214 1938 3283 ἕτερον

371 3297 660 3368 πρόϐατον,
692 3295 880 3368 αὓριον
914 3297 969 3348 δὲ
1013 3297 1219 3366 ἕτερον,
1255 3294 1370 3347 ἀλλ’
1399 3296 1483 3345 ἀεὶ
1512 3294 1572 3345 τὸ
1595 3293 1725 3344 αὑτό
1754 3309 1768 3322 σ
1799 3291 1938 3344 ὥστε

375 3380 469 3449 μία
513 3380 666 3432 ἐστὶν
717 3381 751 3448 η
787 3378 969 3430 θυσία.
1026 3379 1179 3430 Ἐπεὶ
1214 3374 1293 3446 τῷ
1345 3374 1489 3445 λόγῳ
1520 3374 1713 3444 τούτῳ,
1750 3373 1938 3443 ἐπειδὴ

373 3466 638 3537 πολλαχοῦ
659 3465 1047 3536 προσφέρεται,
1080 3464 1175 3517 καὶ
1205 3463 1390 3515 πολλοὶ
1424 3461 1648 3532 Χριστοί
1668 3479 1682 3527 ;
1705 3461 1820 3513 ἀλλ’
1852 3461 1940 3512 οὑ-

374 3549 574 3619 δαμῶς,
610 3546 761 3619 1169]
790 3547 905 3601 ἀλλ’
935 3546 1017 3609 εἷς
1055 3546 1329 3617 πανταχοῦ
1364 3548 1393 3598 6
1428 3544 1680 3615 Χριστὸς,
1714 3545 1807 3597 καὶ
1852 3546 1939 3595 ἐν-

374 3631 542 3684 ταῦθα
568 3632 784 3701 πλήρης
812 3629 907 3695 ὢν,
935 3630 1028 3682 καὶ
1049 3630 1164 3682 ἐκεῖ
1187 3629 1420 3699 πλήρης,
1442 3629 1499 3680 ἓν
1529 3627 1707 3696 σῶμα.
1730 3626 1938 3696 Ὥσπερ

376 3710 463 3765 οὖν
491 3714 764 3782 πολλαχοῦ
792 3711 1234 3783 προσφερόμενος
1263 3710 1319 3763 ἓν
1365 3711 1523 3780 σῶμά
1559 3711 1699 3771 ἐστι,
1748 3710 1842 3761 καὶ
1877 3711 1937 3761 οὑ

379 3796 541 3848 πολλά
581 3800 835 3865 σώματα,
867 3792 1009 3845 οὑτω
1050 3794 1145 3845 καὶ
1186 3793 1282 3862 μία
1331 3792 1511 3845 θυσία.
1563 3792 1618 3844 Ὀ
1653 3793 1939 3862 ἀρχιερεὺς

377 3880 526 3949 ἡμῶν
577 3877 786 3940 ἐκεῖνός
830 3881 977 3929 ἐστιν
1009 3876 1037 3926 6
1071 3875 1168 3945 τὴν
1200 3874 1390 3927 θυσίαν
1433 3876 1533 3945 τὴν
1573 3875 1938 3944 καθαίρουσαν

376 3964 516 4031 ἡμᾶς
542 3959 947 4033 προσενεγκὼν.
995 3958 1238 4027 Ἐκείνην
1278 3958 1660 4028 προσφέρομεν
1696 3957 1789 4009 καὶ
1823 3956 1936 4019 νῦν,

376 4050 467 4115 τὴν
505 4047 627 4098 τότε
682 4043 1152 4113 προσενεχθεῖσαν,
1185 4041 1282 4112 τὴν
1326 4041 1619 4095 ἀνάλωτον.
1659 4040 1827 4092 Τοῦτο
1859 4044 1939 4102 εἰς

377 4131 673 4198 ἀνάμνησιν
704 4128 913 4196 γίνεται
949 4125 1042 4177 τοῦ
1092 4125 1213 4177 τότε
1241 4124 1533 4193 γενομένου
1562 4140 1575 4152 '
1613 4122 1795 4175 Τοῦτο
1831 4124 1939 4192 γάρ

378 4213 609 4278 ποιεῖτε,
647 4211 830 4280 φησιν,
869 4212 956 4275 εις
984 4208 1098 4277 τὴν
1134 4208 1288 4277 ἐμὴν
1316 4207 1673 4275 ἀνάμνησιν.
1708 4206 1818 4258 Οὐκ
1843 4207 1938 4259 άλ-

376 4294 467 4364 λην
510 4294 725 4358 θυσίαν,
768 4293 1018 4363 καθάπερ
1061 4294 1088 4345 6
1135 4292 1421 4362 ἀρχιερεὺς
1461 4290 1603 4352 τότε,
1653 4288 1789 4341 ἀλλὰ
1841 4289 1938 4358 τὴν

377 4378 536 4446 αὑτὴν
564 4379 651 4430 ἀεὶ
676 4377 940 4446 ποιοῦμεν
973 4392 986 4405 ’
1027 4374 1227 4447 μᾶλλον
1267 4374 1324 4426 δὲ
1368 4372 1672 4441 ἀνάμνησιν
1712 4370 1938 4441 ἐργαζό-

376 4458 508 4528 μεθα
544 4460 754 4522 θυσίας.

437 4545 499 4597 δ’.
525 4542 666 4595 Ἀλλ’
686 4541 874 4613 ἐπειδὴ
889 4541 985 4610 τῆς
1000 4540 1189 4603 θυσίας
1208 4538 1409 4609 ταύτης
1439 4537 1735 4608 ἐμνήσθην,
1758 4538 1940 4607 βούλο-

375 4644 467 4698 μαι
485 4625 660 4697 μικρὰ
677 4625 813 4695 πρὸς
832 4627 973 4693 ὑμᾶς
995 4625 1167 4675 εἰπεῖν
1188 4625 1311 4683 τοὺς
1338 4621 1741 4691 μεμυημένους,
1768 4623 1939 4693 μικρὰ

375 4712 467 4781 μὲν
498 4711 576 4781 τῷ
611 4711 814 4780 μέτρῳ,
852 4709 1090 4778 μεγάλην
1146 4707 1201 4758 δὲ
1253 4707 1445 4775 ἔχοντα
1496 4705 1593 4775 τὴν
1650 4707 1799 4773 ἰσχὺν
1848 4709 1941 4758 καὶ

369 4796 466 4869 τὴν
516 4795 786 4864 ὠφέλειαν
820 4809 832 4821 ·
888 4795 947 4845 οὑ
997 4792 1105 4861 γὰρ
1156 4790 1402 4860 ἡμέτερά
1452 4791 1619 4869 ἐστιν,
1667 4788 1800 4839 ἀλλὰ
1844 4789 1938 4841 τοῦ

372 4879 511 4935 θείου
552 4876 872 4946 Πνεῦματος
922 4874 990 4928 τά
1016 4875 1304 4942 λεγόμενα.
1343 4872 1406 4922 Τί
1441 4868 1532 4923 οῦν
1567 4874 1681 4924 ἐστι
1707 4890 1720 4939 ;
1751 4872 1940 4924 Πολλοὶ

367 4964 462 5035 τῆς
487 4962 678 5024 θυσίας
701 4960 905 5029 ταύτης
934 4958 1080 5021 ἅπαξ
1114 4954 1583 5026 μεταλαμϐάνουσι
1618 4954 1708 5006 τοῦ
1740 4956 1939 5019 παντὸς

370 5046 639 5111 ἐνιαυτοῦ,
675 5043 826 5097 ἄλλοι
872 5043 928 5094 δέ
964 5042 1064 5105 δὶς,
1098 5041 1244 5094 ἄλλοι
1276 5040 1333 5092 δέ
1367 5038 1644 5100 πολλάκις.
1680 5039 1819 5108 Πρὸς
1848 5036 1940 5092 οὖν

370 5135 609 5195 ἅπαντας
637 5132 772 5201 ήμῖν
803 5132 831 5183 6
862 5128 1021 5193 λόγος
1050 5128 1218 5187 ἐστὶν,
1259 5125 1319 5176 οὑ
1362 5124 1495 5194 πρὸς
1533 5125 1657 5185 τοὺς
1704 5123 1939 5177 ἐνταῦθα

366 5217 422 5268 δὲ
450 5218 631 5288 μόνον,
673 5214 809 5267 ἀλλὰ
840 5212 936 5264 καὶ
973 5211 1109 5279 πρὸς
1147 5211 1270 5269 τοὺς
1299 5209 1356 5259 ἐν
1392 5209 1457 5277 τῇ
1494 5208 1684 5276 ἐρήμῳ
1715 5207 1938 5271 καθεζο,

370 5300 556 5370 μένους
588 5316 602 5328 ο
640 5301 841 5351 ἐκεῖνοι
877 5296 985 5364 γὰρ
1016 5292 1161 5357 ἀπσξ
1204 5289 1295 5361 τοῦ
1350 5289 1595 5340 ἐνιαυτοῦ
1631 5290 1936 5359 μετέχουσι,

369 5386 623 5449 πολλάκις
663 5383 723 5437 δέ
752 5382 848 5435 καὶ
878 5380 965 5431 διὰ
992 5378 1086 5431 δύο
1118 5377 1273 5429 ἐτῶν.
1305 5375 1368 5426 Τί
1397 5370 1489 5426 οὖν
1521 5391 1534 5438 ;
1573 5376 1722 5434 τίνας
1745 5377 1939 5428 ἀποδε-

426 5515 444 5538 ⁸
462 5518 512 5566 lu
530 5515 693 5574 Colb.,
714 5511 957 5575 Commerl.
982 5516 1042 5575 ep
1067 5509 1221 5569 Regg.
1249 5506 1593 5575 sequ‘euliaﬁic
1612 5504 1794 5575 habent
1816 5522 1825 5554 :
1852 5507 1938 5575 τοῦ

370 5578 589 5627 ἐνιαυτοῦ,
615 5568 775 5627 σόα-τε
796 5574 895 5621 ἐκεῖ
918 5573 1079 5619 λοιπὸν
1111 5575 1284 5628 γίνεται
1304 5568 1463 5622 τοῦτο,
1486 5569 1523 5613 εἰ
1550 5570 1628 5613 καὶ
1656 5568 1847 5626 γίνεται.
1883 5570 1939 5616 Τί

370 5643 450 5703 γάρ
472 5642 560 5689 ἔδει
584 5637 875 5704 φαρμάκων,
905 5635 993 5681 οὑκ
1004 5633 1150 5678 ὄντων
1172 5630 1478 5691 τραυμάτωνς
1505 5632 1591 5675 Δια
1614 5629 1757 5674 τοῦτο
1783 5646 1939 5690 προσ-

372 5702 508 5757 έταξε.
516 5739 526 5749 .
536 5739 547 5751 .

1183 291 1251 349 IN
1290 251 1504 348 Ειιιετ.
1544 291 1632 345 AD
1671 286 2015 345 negamus
2077 290 2224 347 CAP.
2270 294 2337 349 x.
2380 284 2612 350 11031114.
2648 292 2810 351 xv".

3501 296 3604 352 132

2041 405 2275 475 ξόμεθας
2310 410 2435 473 τοὺς
2460 411 2643 478 άπαξ;
2671 415 2797 476 τοὺς
2825 412 2948 467 πολ)
2961 413 3116 478 ἀκις;
3151 410 3275 475 :06;
3320 410 3604 479 όλιγάκις;

2040 489 2176 543 Οὔτε
2203 494 2328 555 τοὺς
2369 491 2534 559 ἅπαξ,
2563 494 2685 548 οὔτε
2710 498 2834 561 τοὺς
2882 497 3159 560 πολλάκις,
3187 493 3311 548 οὔτε
3338 496 3463 558 τοὺς
3500 494 3604 546 6).:-

2038 572 2221 642 γάκις,
2258 575 2394 628 ἀλλά
2446 577 2573 640 τοὺς
2618 580 2756 649 μετά
2814 579 3057 649 καθαροῦ
3110 578 3430 641 συνειδότος,
3479 577 3609 640 τοὺς

2042 656 2182 725 μετά
2211 658 2457 728 καθαρᾶς
2491 662 2741 729 καρδίας,
2771 664 2893 726 τοὺς
2924 662 3060 733 μετὰ
3086 662 3200 731 βίου
3234 662 3496 730 ἀλήπτου.
3542 660 3607 714 Ol

2038 738 2269 792 τοιοῦτοι
2317 743 2404 792 ἀεὶ
2456 744 2800 813 προσίτωσαν
2824 761 2838 775 ο
2880 748 2927 797 οί
2964 746 3021 798 δέ
3074 745 3148 814 μὴ
3188 743 3439 805 τοιοῦτοι,
3470 741 3607 812 μηδὲ

2041 820 2205 886 ἅπαξ.
2242 822 2307 874 Τί
2333 822 2576 893 δήποτε;
2616 825 2741 877 Ὀτι
2775 829 2948 897 κρῖμα
2993 828 3205 888 ἑαυτοῖς
3247 826 3603 896 λαμϐάνουσι,

2039 906 2133 955 καὶ
2168 906 2486 975 κατάκριμα
2520 906 2614 959 καὶ
2645 907 2863 961 κόλασιν
2909 910 3002 961 καὶ
3046 910 3336 980 τιμωρίαν.
3380 909 3491 963 Καὶ
3531 908 3606 979 μὴ

2042 986 2326 1059 θαυμάσῃς
2345 1005 2359 1017 ·
2382 989 2573 1061 ὥσπερ
2594 990 2701 1060 γάρ
2721 992 2755 1057 ἡ
2779 994 2953 1061 τροφὴ
2977 992 3134 1059 φύσει
3162 989 3296 1045 οὖσα
3317 991 3605 1063 θρεπτικὴ,

2042 1069 2137 1121 ἐὰν
2165 1072 2245 1133 είς
2283 1072 2572 1124 κακόσιτον
2601 1072 2837 1143 ἐμπέσῃ,
2864 1075 3043 1127 πάντα
3078 1074 3340 1128 ἀπόλλυσι
3371 1076 3465 1128 καὶ
3486 1077 3606 1128 δια-

2042 1150 2271 1222 φθείρει,
2292 1155 2608 1221 καὶγίνεται
2625 1155 2780 1207 νόσου
2801 1158 3022 1226 ἀφορμή
3043 1173 3054 1184 ·
3075 1156 3217 1209 οὑτω
3238 1157 3302 1226 δὴ
3331 1160 3422 1213 καὶ
3437 1156 3610 1209 ταῦτα

2040 1232 2110 1286 τὰ
2145 1235 2252 1287 τῶν
2300 1237 2545 1304 φρικτῶν
2590 1237 2923 1306 μυστηρίων.
2983 1237 3273 1308 Τραπέζης
3317 1238 3611 1301 ἀπολαύεις

2040 1319 2441 1387 πνευματικῆς,
2468 1316 2745 1388 τραπέζης
2780 1318 3091 1387 βασιλικῆς,
3113 1321 3207 1372 καὶ
3235 1320 3397 1373 πάλιν
3417 1320 3610 1389 φύρεις

2041 1398 2285 1470 βορϐόρῳ
2307 1400 2368 1453 :6
2399 1402 2605 1468 στόμα;
2634 1402 2790 1472 μύρῳ
2818 1401 3012 1469 χρίεις,
3043 1404 3136 1454 καὶ
3166 1403 3325 1455 πάλιν
3346 1403 3608 1467 δυσωδίας

2040 1482 2295 1552 πληροῖς;
2349 1484 2486 1536 Εἰπέ
2523 1500 2633 1553 μοι,
2690 1484 3013 1552 παρακαλῶ,
3057 1484 3171 1553 μετ’
3220 1485 3463 1538 ἐνιαυτὸν
3509 1486 3609 1554 τῆς

2042 1564 2395 1635 μεταλήψεως
2466 1566 2729 1635 μετέχων,
2790 1566 2887 1628 τὰς
2937 1568 3347 1636 τεσσαράκοντα
3393 1567 3609 1638 ἡμέρας

2039 1648 2139 1701 οἴει
2168 1649 2359 1718 ἀρκεῖν
2397 1664 2479 1700 σοι
2526 1649 2664 1718 πρὸς
2714 1649 2993 1719 καθαρμὸν
3047 1650 3156 1701 τῶν
3202 1652 3609 1722 ἁμαρτημάτων

2041 1731 2238 1793 παντὸς
2279 1730 2376 1783 τοῦ
2429 1731 2653 1802 χρόνους
2703 1733 2797 1785 καὶ
2841 1733 3023 1793 πάλιν,
3059 1732 3352 1801 ἑϐδομάδος
3404 1732 3608 1803 παρελ-

2040 1814 2259 1881 θούσης,
2307 1812 2530 1876 ἐκδίδως
2593 1816 2786 1868 σαυτὸν
2832 1819 2945 1878 τοῖς
2995 1816 3313 1885 προτέροις;
3355 1816 3488 1868 Εἰπὲ
3542 1816 3605 1887 δή

2043 1913 2152 1967 μοι,
2194 1895 2286 1947 ἐὰν
2322 1895 2553 1962 ὑγιάνας
2594 1897 3003 1968 τεσσαράκοντα
3052 1898 3262 1969 ἡμέρας
3310 1897 3418 1950 ἀπὺ
3453 1899 3608 1951 νόσου

2042 1980 2278 2049 μακρᾶς,
2315 1978 2477 2032 πάλιν
2535 1979 2730 2031 σαυτὸν
2783 1982 2892 2043 τοῖς
2947 1980 3136 2041 σιτίοις
3183 1978 3352 2049 ἐκδῷς
3383 1981 3610 2043 ἐκείνοις

2037 2063 2149 2124 τοῖς
2180 2064 2496 2123 νοσοποιοῖς,
2533 2062 2654 2130 ούχὶ
2701 2061 2797 2115 καὶ
2856 2061 2947 2114 τὸν
2988 2062 3251 2131 πρότερον
3303 2062 3468 2114 κόπον
3501 2063 3607 2115 ἀπ-

2038 2145 2283 2209 ώλεσαςς
2318 2145 2552 2216 Εῦδηλον
2577 2146 2677 2201 ὅτι.
2707 2146 2770 2198 El
2790 2145 2898 2217 γὰρ
2921 2146 2989 2197 τά
3023 2146 3228 2212 φυσικά
3264 2145 3607 2215 μεθίσταται,

2041 2227 2188 2299 [170]
2209 2228 2385 2297 πολλῴ
2405 2228 2603 2298 μᾶλλον
2626 2228 2696 2280 :6
2707 2231 2805 2298 τῆς
2832 2228 3224 2299 προαιρέσεως.
3240 2222 3362 2280 Οἷόν
3379 2245 3430 2281 τι
3445 2230 3608 2297 λέγωο

2040 2313 2204 2365 Φύσει
2243 2312 2534 2382 βλέπομεν,
2570 2312 2664 2364 καὶ
2696 2313 2868 2379 ὑγιεῖς
2897 2311 3093 2381 ἔχομεν
3129 2310 3442 2381 ὀφθαλμοὺς
3469 2313 3609 2366 κατὰ

2040 2395 2202 2464 φύσιν
2227 2411 2241 2426 ’
2277 2394 2412 2446 ἀλλὰ
2435 2394 2693 2456 πολλάκις
2721 2393 2829 2445 ἀπὸ
2855 2393 3113 2461 καχεξίας
3139 2393 3428 2462 βλάπτεται
3454 2394 3609 2465 ἡμῶν

2038 2477 2100 2529 :6
2121 2478 2363 2530 όπτικόν.
2389 2478 2453 2529 Et
2483 2477 2664 2529 τοίνυν
2692 2476 2757 2527 τά
2784 2478 2847 2528 ἐκ
2875 2476 3092 2544 φύσεως
3125 2474 3463 2544 μεθίσταται,
3491 2476 3610 2546 οὐχὶ

2043 2559 2277 2629 μάλιστα
2307 2560 2373 2611 τά
2409 2562 2473 2611 ἐκ
2504 2557 2911 2628 προαιρέσεως;
2948 2558 3368 2626 Τεσσαρέικοντα
3398 2560 3611 2629 ἡμέρας

2038 2640 2330 2708 ἀπονέμεις
2362 2642 2428 2710 τῇ
2470 2639 2629 2710 ὑγεία
2660 2642 2755 2709 τῆς
2787 2638 2988 2709 ψυχῆς,
3021 2640 3161 2708 τάχα
3188 2639 3241 2691 δὲ
3268 2641 3385 2692 οὑδέ
3414 2656 3611 2694 τεσσα-

2041 2723 2297 2793 ράκοντα,
2352 2723 2446 2775 καὶ
2494 2721 2798 2793 προσδοκᾷς
2845 2720 3235 2784 ἐξιλεὼσασθαι
3284 2722 3375 2776 τὸν
3437 2723 3607 2788 Θεόν;

2038 2805 2281 2869 Παίζεις,
2331 2805 2604 2875 ἄνθρωπε.
2641 2804 2828 2857 Ταῦτα
2870 2802 3033 2870 λέγω,
3072 2805 3195 2874 ούχὶ
3223 2809 3324 2875 τῆς
3357 2808 3482 2875 μιᾶς
3516 2809 3610 2860 καὶ

2038 2887 2369 2941 ἐνιαυσ;αίου
2401 2887 2657 2956 προσόδου
2684 2885 2906 2939 κωλύων
2932 2888 3097 2955 ὑμᾶς,
3121 2887 3256 2939 ἀλλὰ
3287 2888 3609 2958 βουλόμενος

2041 2971 2238 3040 μᾶλλον
2282 2970 2572 3032 διαπαντὸς
2621 2970 2765 3039 ὑμᾶς
2813 2969 3093 3039 προσιέναι
3127 2972 3237 3030 τοῖς
3271 2970 3467 3038 ἁγίοις.
3508 2971 3609 3024 Διά

2037 3054 2196 3106 τοῦτο
2214 3056 2308 3107 καὶ
2323 3057 2350 3106 6
2369 3055 2544 3125 ίερεὺς
2570 3054 2596 3093 δ
2623 3056 2887 3120 ἐπιφωνεῖ
2909 3052 3030 3105 τότε
3052 3054 3176 3116 τοὺς
3193 3054 3377 3121 ἁγίους
3407 3055 3606 3119 καλῶν,

2038 3139 2131 3191 καὶ
2176 3138 2263 3191 διὰ
2311 3138 2409 3207 τῆς
2449 3139 2629 3205 φωνῆς
2659 3135 2863 3206 ταύτης
2915 3136 3298 3205 μωμοσκοπῶν
3338 3137 3606 3203 ἅπαντας,

2037 3219 2178 3273 ὥστε
2208 3222 2281 3289 μὴ
2310 3220 2623 3293 προσελθεῖν
2645 3236 2766 3273 τινα
2783 3221 3190 3289 ἀπαράσκευον.
3214 3220 3479 3290 Καθάπερ
3498 3222 3607 3291 γὰρ

2037 3306 2130 3357 ἐπὶ
2184 3305 2438 3375 ποίμνης,
2508 3303 2639 3356 ἔνθα
2697 3302 2869 3355 πολλὰ
2912 3303 3011 3372 μὲν
3055 3303 3285 3370 ὑγιαίνει
3337 3305 3607 3375 πρόϐατα,

2039 3387 2208 3440 πολλὰ
2234 3388 2290 3439 δὲ
2327 3386 2515 3458 ψώρας
2546 3386 2981 3455 ἀναπέπλησται,
3018 3386 3231 3457 ἀνάγκη
3253 3388 3424 3442 ταῦτα
3444 3390 3608 3460 διείρ-

2037 3472 2227 3539 γεσθαι
2247 3472 2354 3524 ἀπὸ
2373 3472 2479 3524 τῶν
2504 3471 2851 3539 ὑγιαινόντων
2868 3486 2881 3501 ο
2909 3469 3050 3523 οὑτω
3077 3471 3170 3523 καὶ
3197 3473 3252 3523 ἐν
3281 3475 3346 3541 τῇ
3378 3472 3606 3543 Ἐκκλη-

2038 3553 2149 3624 σίᾳ,
2202 3553 2387 3624 ἐπειδὴ
2442 3552 2511 3605 τὰ
2569 3554 2666 3621 μέν
2724 3554 2871 3604 ἐστιν
2904 3552 3117 3619 ὑγιεινά
3155 3554 3422 3623 πρόϐατα,
3454 3556 3523 3607 τά
3550 3556 3607 3609 δέ

2037 3634 2423 3704 κεκακωμένα,
2460 3634 2547 3687 διὰ
2583 3636 2680 3704 τῆς
2711 3635 2892 3702 φωνῆς
2934 3635 3139 3703 ταύτης
3176 3634 3403 3706 διείργει
3433 3637 3606 3690 ταῦτα

2037 3718 2259 3771 ἐκείνων
2286 3717 2509 3785 περιιὼν
2540 3716 2814 3785 πανταχοῦ
2860 3716 2947 3769 διὰ
2989 3717 3091 3785 τῆς
3125 3719 3371 3787 κραυγῆς
3398 3719 3604 3790 ταύτης

2037 3803 2133 3871 τῆς
2165 3801 2602 3871 φρικωδεστάτης
2627 3810 2648 3836 ο
2672 3802 2700 3851 6
2728 3798 2926 3867 ἱερεὺς,
2955 3798 3046 3850 κα)⁸
3068 3798 3192 3860 τοὺς
3219 3800 3407 3866 ἁγίους
3427 3801 3606 3853 καλῶν

2037 3886 2132 3938 καὶ
2153 3884 2345 3936 ἕλκων.
2386 3882 2604 3952 Ἐπειδὴ
2632 3882 2738 3950 γὰρ
2766 3881 2864 3934 οὑκ
2892 3879 2968 3931 ἐνι
2998 3879 3282 3948 ἄνθρωπον
3314 3882 3441 3934 ὂντα
3464 3882 3604 3936 είδέ-

2037 3986 2124 4022 ναι
2149 3967 2215 4020 τὰ
2232 3966 2322 4018 τοῦ
2351 3964 2606 4032 πλησίονο
2634 3964 2728 4027 Τίς
2754 3963 2863 4029 γὰρ
2887 3957 3049 4014 οἶδεν
3074 3962 3418 4028 ἀνθρώπων,
3450 3967 3615 4033 φησὶ,

2037 4051 2107 4103 τὰ
2133 4050 2238 4103 τοῦ
2268 4047 2601 4114 ἀνθρώπου,
2633 4049 2683 4098 εὶ
2705 4044 2791 4113 μὴ
2816 4043 2881 4096 τὸ
2909 4044 3144 4112 πνεῦμα
3169 4045 3272 4097 τοῦ
3293 4045 3604 4113 ἀνθρώπου

2038 4136 2102 4189 τὸ
2128 4136 2196 4187 ἑν
2217 4130 2376 4197 αὐτῷ
2400 4147 2417 4193 ;
2451 4132 2652 4199 ταύτην
2680 4128 2872 4197 ἀφίησι
2899 4126 2995 4196 τὴν
3026 4127 3207 4196 φωνὴν
3248 4129 3383 4196 μετά
3416 4129 3476 4181 :6
3504 4132 3603 4199 τὴν

2039 4218 2227 4270 θυσίαν
2257 4212 2655 4284 ἀπαρτισθῆναι
2688 4211 2888 4271 πᾶσαν,
2907 4208 3044 4261 ὥστε
3076 4209 3279 4279 μηδένα
3300 4211 3487 4273 ἁπλῶς
3509 4214 3603 4265 καὶ

2037 4301 2111 4362 ὡς
2144 4300 2354 4366 ἔτυχεν,
2381 4297 2472 4348 ἐπί
2501 4295 2600 4364 τὴν
2632 4294 2815 4362 πηγὴν
2838 4291 3011 4344 ἐλθεῖν
3059 4292 3155 4362 τὴν
3201 4297 3600 4365 πνευματικήν.

2039 4388 2147 4439 Καὶ
2168 4387 2276 4453 γὰρ
2307 4383 2398 4435 ἐπὶ
2425 4382 2522 4449 τῆς
2554 4381 2784 4449 ποίμνης
2813 4379 2984 4445 (οὐδὲν
3007 4380 3111 4449 γάρ
3134 4380 3330 4433 κωλύει
3360 4381 3436 4451 τῷ
3459 4383 3605 4452 αύτῷ

2040 4467 2399 4535 ὑποδείγματι
2439 4464 2599 4516 πάλιν
2628 4461 2953 4532 χρησασθαι)
2988 4463 3053 4514 τὰ
3098 4464 3196 4532 μὲν
3235 4465 3430 4531 νοσερὰ
3461 4465 3605 4518 ἔνδον

2039 4549 2422 4617 ἁποκλείομεν,
2456 4547 2551 4598 καὶ
2604 4546 2661 4597 ἐν
2708 4545 2883 4613 σκότῳ
2926 4546 3249 4613 κατέχομεν,
3283 4548 3374 4597 καὶ
3411 4548 3604 4618 ἐτέρας

2044 4632 2394 4703 μεταδίδομεν
2414 4629 2634 4697 τροφῆς,
2664 4627 2786 4679 οὔτε
2816 4630 2973 4696 ἀέρος
3017 4627 3278 4695 καθαροῦ,
3314 4626 3436 4679 οὗτε
3469 4630 3605 4691 πόας

2040 4712 2381 4786 εἰλικρινοῦς,
2416 4710 2537 4764 οὔτε
2575 4710 2755 4779 πηγῆς
2799 4710 2895 4778 τῆς
2926 4710 3027 4772 ἕξω
3060 4710 3468 4778 συγχωροῦντες
3505 4729 3603 4780 με-

2038 4796 2313 4850 ταλαϐεῖν.
2348 4796 2456 4846 Καὶ
2486 4794 2719 4844 ἐνταῦθα
2748 4792 2925 4844 τοίνυν
2948 4792 3085 4861 αῦτη
3177 4792 3326 4861 φωνὴ
3357 4794 3478 4845 ἀντὶ
3520 4795 3603 4846 δε-

2043 4879 2177 4949 σμοῦ
2229 4878 2373 4939 τινός
2428 4877 2595 4927 ἐστιν.
2657 4876 2770 4927 Οὑκ
2830 4874 2973 4943 ἔχεις
3026 4877 3217 4934 εἰπεῖν.
3260 4876 3374 4927 Οὑκ
3432 4876 3601 4946 ᾔδειν,

2038 4964 2265 5033 ῆγνόουν
2293 4961 2373 5011 ὅτι
2403 4958 2643 5021 κίνδυνος
2671 4958 2859 5009 ἕπεται
2898 4957 2974 5027 τῷ
3015 4959 3295 5026 πράγματι
3326 4973 3338 4986 ⁶
3371 4959 3603 5025 μάλιστα

2045 5046 2142 5114 μὲν
2181 5040 2273 5097 οὖν
2304 5044 2396 5095 καὶ
2443 5042 2470 5092 6
2508 5040 2718 5101 Παῦλος
2767 5040 2921 5092 τοῦτο
2972 5041 3393 5110 διεμαρτύρατο.
3466 5043 3604 5095 Ἀλλ’

2041 5130 2186 5199 ἐρεῖς
2209 5115 2324 5190 ὅτι,
2357 5126 2467 5177 Οὑκ
2499 5125 2766 5190 ἀνέγνωνς
2801 5124 2912 5175 Οὑκ
2942 5123 3053 5175 ἔστι
3104 5122 3264 5175 τοῦτο
3316 5122 3601 5191 ἀπολογία,

2041 5211 2174 5263 ἀλλά
2198 5209 2292 5262 καὶ
2315 5208 2565 5277 ἔγκλημα
2587 5224 2599 5236 ο
2636 5207 2754 5258 καθ’
2780 5206 3013 5276 ἑκάστην
3042 5207 3252 5275 ἡμέραν
3274 5207 3384 5257 εἰσέ
3396 5223 3497 5278 ρχῃ
3524 5210 3603 5270 εὶς

2039 5296 2137 5365 τὴν
2170 5292 2483 5362 ἐκκλησίαν,
2518 5292 2611 5343 καὶ
2641 5292 2719 5343 ἔτι
2747 5290 2905 5343 τοῦτο
2935 5293 3175 5356 ἀγνοεῖς;

2111 5383 2170 5428 ε’.
2200 5378 2342 5445 Πλὴν
2376 5376 2488 5427 ἀλλ’
2524 5375 2609 5427 ἵνα
2635 5375 2767 5444 μηδέ
2801 5375 2955 5426 τοῦτο
2992 5375 3119 5444 ἔχῃς
3152 5370 3603 5444 προφασίζεσθαι,

2103 5500 2131 5538 b
2160 5500 2217 5549 Ὃ
2244 5500 2457 5553 διάκονος
2484 5498 2638 5555 Colb.,
2661 5513 2812 5557 marg.
2833 5500 2961 5547 Savil
2994 5538 3005 5554 .
3042 5503 3197 5559 Rngg.
3230 5505 3281 5546 el
3302 5499 3504 5555 Comm,
3531 5503 3607 5546 al-

2042 5580 2139 5626 que
2172 5567 2237 5611 ita
2263 5566 2399 5626 -ίριξιι
2427 5562 2692 5619 interpres,
2721 5559 2940 5625 ἰῐυιιιςιιιο
2972 5564 3232 5626 Μυιὶιιιιιιξ.

2106 5634 2128 5661 c
2163 5624 2316 5672 Verba
2344 5624 2418 5669 διὰ
2445 5628 2525 5676 τῆς
2545 5629 2746 5680 κραυγῆς
2765 5624 2935 5675 ταύτης
2960 5640 3002 5670 τ.
3028 5639 3100 5683 φρ.
3135 5619 3408 5669 inducenda
3431 5623 3604 5669 viden—

2049 5697 2125 5737 lur
2151 5694 2348 5747 prnplcr
2376 5685 2707 5738 luuluiugiun.
