3980 6142
372 267 476 323 155

364 382 557 437 τούτου
592 378 752 454 χάριν
793 379 1003 452 μεγάλῃ
1035 382 1102 451 τῇ
1135 383 1312 451 φωνῇ,
1346 383 1555 452 φρικτῇ
1588 382 1653 452 τῇ
1690 380 1811 452 βοῇ,
1854 397 1955 434 κα-

368 465 550 537 θάπερ
575 482 660 529 τις
681 465 858 537 κήρυξ
886 463 985 535 τὴν
1005 464 1163 534 χεῖρα
1187 462 1359 533 αἴρων
1384 466 1466 527 εἰς
1485 465 1549 517 τὸ
1574 463 1730 534 ὕψος,
1755 463 1959 533 ὑψηλὸς

367 545 564 612 ἑστὼς,
592 549 727 602 πᾶσι
761 546 1064 617 κατάδηλος
1091 545 1357 615 γεγονὼς,
1380 549 1477 601 καὶ
1500 547 1647 617 μέγα
1670 548 1757 601 ἐπ’
1775 546 1958 617 ἐκείνῃ

372 630 524 704 [171]
548 634 613 705 τῇ
636 634 841 703 φρικτῇ
863 631 1069 702 ἡσυχίᾳ
1095 631 1558 702 ἀνακραυγάζων,
1582 632 1710 696 τοὺς
1737 630 1837 701 μὲν
1860 647 1961 684 κα-

370 715 612 778 λεῖ,τοὺς
628 715 684 769 δὲ
701 714 956 785 ἀπείργει
974 716 1003 767 6
1027 715 1231 783 ἱερεὺς,
1248 715 1312 767 οὐ
1335 718 1402 787 τῇ
1427 716 1573 788 χειρὶ⁵
1588 715 1747 769 τοῦτο
1765 714 1959 780 ποιῶν,

369 797 505 851 ἀλλά
530 799 594 868 τῇ
622 796 839 869 γλώττῃ
858 798 958 867 τῆς
983 796 1168 866 χειρὸς
1193 796 1540 868 τρανότερον.
1577 798 1646 850 Ἠ
1670 798 1782 868 γὰρ
1806 798 1958 869 φωνὴ

371 880 555 951 ἐκείνη
593 881 674 944 είς
704 880 806 950 τὴν
834 879 1007 951 ἀκοὴν
1028 880 1380 950 ἐμπίπτουσα
1406 882 1507 952 τὴν
1536 881 1840 954 ἡμετέραν,
1864 899 1962 937 κα-

372 963 548 1034 θάπερ
588 964 709 1036 χεὶρ
754 963 882 1027 τοὺς
935 963 1036 1034 μέν
1083 963 1218 1017 ώθεῖ
1268 964 1361 1017 καὶ
1401 964 1671 1031 ἐκϐάλλει,
1725 966 1853 1030 τοὺς
1904 966 1962 1020 δέ

372 1046 582 1115 εἰσάγει
612 1048 707 1101 καὶ
739 1046 1100 1117 παρίστησιν.
1146 1046 1285 1100 Εἰπὲ
1305 1046 1371 1118 δή
1409 1065 1523 1117 μοι,
1546 1048 1878 1119 παρακαλῶ,
1902 1050 1963 1103 ἐν

371 1133 483 1193 τοῖς
517 1130 905 1201 Ὀλυμπιακοῖς
939 1129 1149 1197 ἀγῶσιν
1169 1131 1293 1201 οὐχὶ
1316 1130 1550 1201 ἕστηκεν
1571 1134 1599 1184 6
1618 1129 1795 1203 κήρυξ
1824 1131 1963 1203 βοῶν

376 1214 519 1285 μέγα
546 1216 642 1267 καὶ
669 1213 895 1284 ὑψηλὸν,
924 1214 992 1266 Εἰ
1012 1229 1099 1278 τις
1128 1226 1153 1255 ³
1178 1214 1372 1268 τούτου
1408 1219 1728 1289 κατηγορεῖ,
1763 1216 1961 1287 λέγων,

378 1298 455 1370 μὴ
496 1299 684 1362 δοῦλός
732 1300 870 1363 ἐστι,
903 1296 978 1368 μὴ
1008 1297 1270 1369 κλέπτης,
1300 1299 1374 1370 μὴ
1402 1299 1620 1371 τρόπων
1661 1301 1917 1373 πονηρῶν
1944 1320 1960 1370 ;

377 1380 556 1435 καίτοι
585 1380 656 1434 τά
671 1380 1034 1451 ἀγωνίσματα
1059 1382 1245 1435 ἐκεῖνα
1273 1380 1399 1435 οὐτε
1430 1381 1610 1454 ψυχῆς
1638 1384 1810 1449 ἐστιν,
1840 1382 1964 1438 οὗτε

377 1465 582 1534 τρόπου
614 1463 845 1532 ἀγαθοῦ,
872 1463 1010 1518 ἀλλά
1036 1462 1230 1535 ῥώμης
1256 1465 1352 1520 καὶ
1384 1465 1657 1536 σώματος.
1688 1467 1753 1519 Εἰ
1786 1467 1965 1523 τοίνυν

377 1545 507 1600 ἔνθα
551 1547 823 1618 σωμάτων
862 1547 1011 1601 ἐστὶν
1071 1547 1327 1618 ἄσκησις,
1371 1548 1542 1619 πολλὴ
1590 1550 1967 1621 προαιρέσεως

376 1631 630 1697 ἐξέτασις
658 1630 897 1699 γίνεται,
936 1630 1090 1702 πόσῳ
1117 1630 1320 1701 μᾶλλον
1340 1631 1599 1699 ἐνταῦθα,
1623 1632 1750 1687 ἔνθα
1771 1632 1833 1686 τὸ
1854 1634 1964 1688 πᾶν

376 1714 523 1786 ψυχὴ
556 1714 751 1781 ἀθλεί;
785 1716 1025 1786 Ἕστηκε
1069 1715 1250 1769 τοίνυν
1294 1716 1389 1769 καὶ
1432 1715 1527 1770 νῦν
1572 1719 1600 1770 6
1651 1719 1782 1788 παρ’
1830 1719 1964 1789 ἡμῖν

378 1796 578 1868 κήρυξ,
617 1797 678 1850 οὐ
710 1798 811 1869 τῆς
841 1796 1082 1867 κεφαλῆς
1102 1797 1335 1852 ἕκαστον
1373 1801 1620 1869 κατέχων
1654 1802 1748 1854 καὶ
1782 1800 1965 1871 παρά-

377 1896 512 1947 γων,
547 1880 684 1935 ἀλλά
716 1880 925 1944 πάντας
953 1878 1089 1951 ὁμοῦ
1129 1881 1230 1951 τῆς
1265 1882 1509 1951 κεφαλῆς
1537 1885 1636 1954 τῆς
1660 1883 1807 1939 ἔνδον
1834 1902 1967 1939 κατ-

378 1963 516 2032 έχων
532 1980 546 1995 ’
581 1963 684 2017 οὐκ
706 1963 993 2034 ἐφίστησιν
1019 1963 1213 2028 ἄλλους
1236 1965 1424 2028 αὐτοῖς
1449 1966 1813 2038 κατηγόρους,
1849 1967 1965 2021 ἀλλ’

377 2047 575 2111 αὐτοὺς
603 2047 818 2110 ἑαυτοῖς
841 2063 855 2076 ·
884 2047 944 2099 οὐ
975 2048 1086 2118 γάρ
1126 2046 1298 2117 λέγει,
1335 2049 1426 2120 Μή
1477 2067 1563 2113 τις
1603 2049 1795 2104 τούτου
1834 2069 1966 2106 κατ-

377 2133 574 2202 ηγορεῖ
595 2148 609 2197 ;
634 2131 774 2184 ἀλλά
791 2130 876 2197 τί;
910 2131 979 2185 Et
1001 2149 1086 2196 ::;
1111 2133 1306 2187 ἐαυτοῦ
1326 2137 1643 2204 κατηγορεῖ.
1665 2136 1833 2189 Ὅταν
1858 2136 1967 2208 γάρ

379 2216 531 2287 εἴπῃ,
571 2215 654 2267 Τά
686 2214 822 2283 ἅγια
848 2216 964 2278 τοῖς
994 2215 1196 2283 ἁγίοις,
1237 2214 1397 2269 τοῦτο
1439 2216 1616 2285 λέγει·
1662 2218 1730 2271 Et
1750 2235 1835 2281 ::;
1865 2218 1968 2271 οὐκ

381 2296 531 2351 ἔστιν
554 2296 731 2365 ἆγιος,
769 2296 845 2366 μὴ
876 2297 1141 2367 προσίτω.
1178 2299 1293 2369 Οὐχ
1316 2298 1505 2362 ἀπλῶς
1536 2316 1724 2370 φησιν,
1755 2299 1968 2371 Ἀμαρ-

379 2382 643 2452 τημάτων
677 2379 937 2452 καθαρὸς,
965 2379 1103 2444 ἀλλ’,
1123 2382 1313 2449 ’Ἄγιος
1335 2396 1350 2410 ⁸
1381 2382 1473 2435 τὸν
1519 2383 1629 2453 γάρ
1656 2374 1827 2451 ’ἆγιον
1869 2385 1969 2455 οὐχ

382 2464 418 2531 ἡ
461 2459 571 2516 τῶν
615 2460 1032 2531 ἁμαρτημάτων
1082 2462 1375 2534 ἀπαλλαγὴ
1428 2466 1575 2517 ποιεῖ
1608 2464 1788 2534 μόνον,
1823 2464 1969 2520 πάλλά

383 2543 480 2598 καὶ
510 2544 544 2615 ἡ
577 2544 673 2596 τοῦ
706 2542 1023 2614 Πνεύματος
1050 2545 1341 2617 παρουσία,
1380 2546 1479 2601 καὶ
1527 2548 1557 2600 6
1589 2548 1700 2601 τῶν
1745 2548 1969 2617 ἀγαθῶν

385 2633 566 2704 ἔργων
611 2630 864 2695 πλοῦτος.
903 2632 979 2686 Οὐ
1006 2632 1269 2703 βούλομαι
1299 2634 1482 2704 μόνον,
1520 2635 1674 2707 φησὶ,
1704 2635 1968 2707 βορϐόρου

383 2716 724 2788 ἀπηλλάχθαι
777 2716 944 2787 ὑμᾶς,
1005 2716 1143 2771 ἀλλά
1222 2719 1318 2771 καί
1374 2717 1605 2783 λευκοὺς
1665 2715 1805 2774 εἶναι
1876 2721 1970 2775 καὶ¹

383 2800 643 2871 ὡραίους.
673 2800 738 2853 Εἰ
766 2798 876 2871 γὰρ
909 2801 937 2853 6
989 2798 1332 2864 Βαϐυλώνιος
1367 2800 1624 2870 βασιλεὺς
1648 2842 1663 2867 ,
1715 2803 1827 2857 ἀπὸ
1869 2804 1971 2874 τῆς

385 2884 765 2954 αἰχμαλωσίας
795 2883 1159 2955 ἐκλεγόμενος
1198 2886 1328 2947 τοὺς
1378 2885 1720 2951 νεανίσκους,
1766 2886 1970 2950 καλοὺς

386 2967 464 3039 τῷ
494 2968 625 3021 εῖδει
656 2967 751 3020 καὶ
774 2963 1016 3037 ὡραίους
1050 2959 1120 3038 τῇ
1142 2965 1263 3036 ὄψει
1286 2966 1601 3034 ἐξελέξατο·
1633 2969 1816 3040 πολλῷ
1840 2969 1971 3040 μᾶλ-

386 3051 477 3105 λον
506 3053 653 3123 ἡμᾶς
712 3049 1161 3122 παρισταμένους
1192 3053 1258 3121 τῇ
1297 3052 1550 3125 τραπέζῃ
1590 3055 1654 3124 τῇ
1688 3052 1966 3123 βασιλικῇ,

388 3133 588 3198 καλοὺς
617 3133 696 3205 τῷ
722 3133 851 3187 εῐδει
880 3130 1022 3188 εἶναι
1054 3133 1138 3187 δεῖ
1162 3134 1242 3205 τῷ
1284 3136 1384 3206 τῆς
1409 3136 1609 3206 ψυχῆς,
1646 3136 1738 3190 τὸν
1760 3137 1966 3207 κόσμον

387 3220 611 3288 ἔχοντας
662 3215 919 3288 χρυσοῦν,
960 3216 1061 3288 τὴν
1084 3216 1278 3288 στολὴν
1322 3217 1596 3289 καθαρὰν,
1648 3217 1718 3272 τά
1766 3219 1969 3291 ὑποδή-

391 3318 536 3372 ματα
568 3300 842 3372 βασιλικὰ,
875 3299 936 3354 τὸ
969 3299 1264 3371 πρόσωπον
1303 3302 1406 3371 τῆς
1442 3301 1626 3372 ψυχῆς
1659 3301 1962 3373 εὔμορφον,

385 3385 477 3438 τὸν
502 3384 708 3456 κόσμον
736 3384 873 3455 αὐτῇ
904 3382 1253 3455 περικεῖσθαι
1269 3382 1361 3437 τόν
1378 3385 1637 3455 χρυσοῦν,
1661 3384 1760 3456 τὴν
1788 3384 1966 3457 ζώνην

385 3470 486 3539 τῆς
523 3466 804 3537 ἀληθείας.
849 3466 908 3521 '0
943 3466 1189 3530 τοιοῦτος
1246 3466 1506 3538 προσίτω,
1554 3468 1648 3522 καὶ
1692 3468 1968 3538 ποτηρίων

388 3550 645 3604 ἁπτέσθω
677 3548 999 3620 βασιλικῶν.
1048 3547 1113 3602 Εἰ
1153 3550 1212 3604 δέ
1258 3565 1343 3613 τις
1376 3550 1542 3621 ῥάκια
1567 3551 1966 3621 ἠμφιεσμένος,

387 3634 598 3705 ῥυπῶν,
644 3633 873 3705 αὐχμῶν
926 3633 1230 3687 ἐπεισιέναι
1277 3635 1343 3704 τῇ
1406 3632 1661 3706 βασιλικῇ
1726 3633 1969 3705 βούλοιτο

384 3718 656 3789 τραπέζῃ,
684 3718 787 3788 ὅρα
815 3718 917 3771 ὅσα
947 3716 1219 3782 πείσεται,
1269 3717 1371 3770 οὐκ
1402 3717 1692 3789 ἀρκουσῶν
1717 3718 1826 3771 τῶν
1847 3736 1971 3773 τεσ-

387 3802 698 3874 σαράκοντα
725 3800 947 3871 ἡμερῶν
986 3800 1055 3854 τά
1078 3804 1136 3855 ἐν
1163 3802 1328 3855 παντὶ
1375 3802 1455 3872 τῷ
1498 3802 1676 3874 χρόνῳ
1710 3804 1970 3875 πεπλημ-

388 3884 668 3957 μελημένα
706 3884 1132 3940 ἀπολούσασθαι.
1160 3886 1225 3939 Εἰ
1250 3886 1358 3957 γάρ
1385 3887 1629 3958 ἡγέεννα
1660 3888 1761 3942 οὐκ
1782 3889 1966 3961 ἀρκεῖ,

447 4049 464 4073 ⁸
487 4050 626 4102 Colb.
656 4051 720 4113 μή
739 4067 826 4106 τις.
852 4050 956 4100 Nec
988 4052 1136 4101 aliter
1153 4053 1333 4114 Regg.,
1355 4052 1541 4104 Comm.
1557 4060 1611 4103 et
1633 4067 1787 4118 marg.
1812 4054 1966 4105 Savil.

1056 264 1116 319 S.
1156 262 1449 320 JOANNIS
1481 259 1972 319 CIIRYSOSTOMI
2016 257 2332 316 ARCIIIEP.
2373 254 2930 313 CONSTANTINOP.

3540 260 3642 318 ιει

2059 377 2241 432 καίτοι
2273 393 2338 445 γε
2365 375 2587 439 αἰώνιος
2621 370 2756 429 οῦσα
2808 372 2924 445 (6:6
2960 372 3120 427 τοῦτο
3149 372 3260 444 γὰρ
3286 372 3383 427 καὶ
3427 374 3648 441 αἰώνιός

2059 460 2228 532 ἐστι),
2263 459 2449 531 πολλῷ
2483 458 2686 530 μᾶλλον
2704 460 2733 513 6
2763 458 2971 530 βραχὺς
3010 450 3165 520 οὗτος
3193 457 3405 528 χρόνος.
3432 458 3510 514 O6
3538 461 3650 532 γάρ

2064 545 2353 614 μετάνοιαν
2382 542 2613 613 ἰσχυρὰν
2641 540 3062 613 ἐπεδειξάμεθα,
3091 541 3207 594 ἀλλ’
3251 541 3475 615 ἀσθενῆ.
3508 544 3652 609 Τοὺς

2060 627 2354 699 εὐνούχους
2381 626 2619 698 μάλιστα
2665 625 2748 679 δεῖ
2779 625 3120 695 παρεστάναι
3150 623 3230 696 τῷ
3277 625 3491 697 βασιλεῖ
3510 645 3527 661 ο
3561 629 3653 683 e6-

2063 709 2289 781 νούχους
2329 708 2497 779 λέγω,
2547 709 2675 773 τοὺς
2729 708 2831 781 τὴν
2860 708 3100 763 διάνοιαν
3150 708 3404 777 λευκοὺς,
3438 711 3652 782 μηδένα

2061 792 2288 864 ἔχοντας
2322 793 2495 865 ῥύπον
2529 793 2670 864 μηδὲ
2705 793 2916 859 σπῖλον,
2956 794 3199 865 ὑψηλοὺς
3233 797 3299 864 τῇ
3329 794 3558 866 διανοίᾳ,
3590 793 3655 848 τὸ

2062 874 2213 948 [172]
2244 877 2399 948 ὄμμα
2413 878 2623 950 ἥμερον
2643 880 2741 949 τῆς
2770 876 2951 948 ψυχῆς
2980 876 3204 947 ἔχοντας
3229 875 3325 930 καὶ
3339 872 3651 949 ὀξυδερκὲς,

2063 961 2500 1033 εὐπερίστροφον
2535 961 2632 1016 κα)⁸
2670 960 2895 1033 γοργὸν,
2925 959 3062 1015 6116
3118 962 3194 1032 μὴ
3226 960 3464 1031 ύπνηλὸν
3513 960 3656 1030 μηδὲ

2064 1042 2277 1112 ὕπτιον,
2305 1044 2621 1117 ἐλευθερίας
2641 1044 2815 1115 γέμον
2844 1042 3078 1114 πολλῆς,
3112 1043 3308 1116 πόρῥω
3357 1045 3656 1115 ἀναισχυν-

2061 1127 2184 1191 τίας
2210 1144 2275 1195 γε
2295 1127 2403 1200 μὴν
2432 1129 2526 1181 καὶ
2559 1126 2903 1199 ἰταμότητος,
2946 1126 3275 1197 ἐγρηγορὸς,
3303 1125 3480 1194 ύγιές,
3513 1128 3655 1197 μήτε

2066 1210 2295 1279 στυγνὸν
2328 1211 2537 1281 σφόδρα
2575 1211 2667 1265 καὶ
2685 1209 2948 1280 κατηφὲς,
2981 1210 3121 1280 μὴτε
3145 1209 3543 1279 διακεχυμένον
3559 1209 3657 1262 καὶ

2065 1294 2251 1367 ὑγρόν.
2284 1294 2486 1348 Τοῦτον
2521 1296 2684 1365 ἡμεῖς
2704 1292 2884 1365 κύριοι
2903 1292 3308 1363 δημιουργῆσαι
3337 1292 3430 1346 τὸν
3450 1290 3657 1361 ὀφθαλ-

2067 1379 2188 1449 μὸν,
2214 1380 2308 1433 καὶ
2336 1378 2598 1451 όξυδερκῆ
2623 1378 2850 1450 ποιῆσαι
2871 1377 2968 1430 καὶ
2997 1376 3184 1432 καλόν.
3217 1377 3389 1431 Ὅταν
3418 1376 3528 1449 γάρ
3561 1377 3656 1431 αὐ-

2064 1463 2155 1518 τὸν
2181 1462 2256 1534 μὴ
2276 1463 2411 1534 πρὸς
2434 1463 2527 1516 τὸν
2553 1462 2761 1516 καπνὸν
2784 1462 3032 1533 ἄγωμεν,
3057 1461 3194 1533 μηδὲ
3215 1462 3353 1532 πρὸς
3372 1462 3472 1533 τὴν
3491 1465 3645 1516 κόνιν

2069 1546 2319 1619 (τοιαῦτα
2351 1548 2462 1617 γὰρ
2484 1546 2666 1600 πάντα
2688 1547 2756 1599 τὰ
2790 1544 3110 1617 ἀνθρώπινα
3135 1544 3486 1617 πράγματα),
3518 1545 3658 1599 ἀλλά

2067 1629 2204 1701 πρὸς
2235 1629 2334 1701 τὴν
2354 1628 2532 1701 αὐραν
2559 1628 2658 1699 τὴν
2681 1628 2907 1699 λεπτὴν,
2946 1629 3086 1700 πρὸς
3117 1628 3209 1682 τὸν
3246 1629 3449 1698 κοῦφον
3485 1629 3654 1700 ἀέρα,

2066 1712 2204 1785 πρὸς
2230 1713 2300 1766 τά
2332 1712 2604 1784 μετέωρα,
2642 1711 2737 1765 καὶ
2772 1711 2975 1782 ὑψηλὰ,
3004 1712 3101 1765 καὶ
3137 1712 3372 1783 ἡσυχίας
3401 1711 3648 1782 γέμοντα

2066 1796 2271 1866 πολλῆς
2299 1797 2392 1850 καὶ
2429 1795 2801 1867 καθαρότητος
2856 1797 2951 1850 καὶ
2999 1797 3202 1868 πολλῆς
3249 1797 3350 1867 τῆς
3377 1796 3646 1867 τέρψεως,

2067 1879 2490 1953 ἀνακτησόμεθα
2537 1879 2749 1951 ταχέως
2802 1879 2988 1944 αὐτὸν,
3021 1881 3117 1934 καὶ
3166 1882 3414 1952 ῥώσομεν
3465 1881 3659 1954 ἐντρυ-

2068 1964 2254 2033 φῶντα
2284 1967 2350 2036 τῇ
2383 1961 2608 2035 τοιαύτῃ
2643 1962 2763 2035 θέᾳ.
2796 1961 2954 2027 Εἶδες
2995 1964 3334 2030 πλεονεξίαν,
3366 1965 3461 2019 καὶ
3491 1965 3628 2019 πλοῦ
3647 1998 3659 2008 ο

2065 2065 2158 2103 τον
2184 2048 2353 2102 πολὺν
2391 2045 2586 2118 έχοντά
2601 2063 2759 2113 τινα;
2783 2046 2859 2118 μὴ
2889 2049 3178 2120 ἐπαγάγῃς
3201 2050 3320 2101 ἐκεῖ
3338 2047 3435 2102 τὸν
3450 2047 3662 2119 ὀφθαλ-

2072 2132 2171 2204 μόν
2210 2148 2305 2184 σου
2342 2145 2356 2160 ·
2391 2129 2654 2202 βόρϐορός
2682 2131 2802 2184 ἐστι
2831 2131 2893 2184 τὸ
2924 2133 3184 2202 πρᾶγμα,
3228 2131 3438 2195 καπνός
3483 2133 3659 2197 ἐστιν,

2068 2215 2239 2285 ἀτμὸς
2274 2214 2533 2286 πονηρὸς,
2582 2214 2772 2278 σκότος
2801 2215 2897 2270 καὶ
2946 2215 3282 2287 στενοχωρία
3334 2214 3526 2286 πολλὴ,
3562 2217 3661 2269 καὶ

2069 2299 2371 2371 φροντίδων
2396 2299 2655 2370 πνιγμός.
2678 2293 2835 2362 Εἶδες
2865 2298 3217 2369 δικαιοσύνην
3252 2298 3527 2353 ἀσκοῦντα
3559 2297 3662 2351 ἄν·

2070 2383 2309 2455 θρωπον,
2339 2379 2681 2455 ἀρκούμενον
2721 2385 2834 2446 τοῖς
2870 2381 3062 2448 αὐτοῦ,
3096 2382 3193 2436 καὶ¹
3222 2380 3429 2453 πολλὴν
3462 2380 3661 2454 έχοντα

2068 2468 2169 2537 τὴν
2216 2465 2565 2538 εὐρυχωρίαν
2615 2466 2716 2537 τῆς
2767 2466 3028 2533 ἀνέσεως,
3074 2467 3229 2521 οὐδὲν
3279 2467 3657 2538 μεριμνῶντα,

2069 2550 2223 2603 οὐδὲν
2240 2549 2597 2621 φροντίζοντα
2642 2549 2753 2603 τῶν
2787 2549 3058 2617 ἐνταῦθα;
3091 2550 3288 2621 στῆσον
3320 2551 3484 2604 αὐτὸν
3510 2551 3653 2615 ἐκεῖ,

2071 2633 2167 2687 καὶ
2203 2631 2532 2705 μετεώρισον
2553 2647 2567 2661 ·
2602 2633 2698 2687 καὶ
2726 2631 2909 2704 πολλῷ
2938 2632 3196 2689 καλλίονα
3227 2632 3393 2687 αὐτὸν
3435 2632 3653 2706 ἐργάσῃ

2072 2717 2167 2771 καὶ
2192 2716 2597 2789 λαμπρότερον,
2642 2717 2702 2769 οὐ
2737 2719 2853 2779 τοῖς
2882 2716 2983 2788 τῆς
3013 2716 3119 2786 γῆς
3147 2714 3366 2771 ἄνθεσιν
3410 2715 3660 2786 εὐωχῶν,

2071 2801 2209 2855 ἀλλά
2236 2804 2353 2865 τοῖς
2384 2802 2484 2872 τῆς
2534 2802 2755 2874 ἀρετῆς,
2798 2801 3147 2876 σωφροσύνῃ,
3208 2800 3521 2872 ἐπιεικείᾳ,
3561 2803 3663 2857 καὶ

2071 2888 2182 2950 τοῖς
2214 2885 2395 2949 ἀλλοις
2424 2885 2649 2940 ἅπασιν.
2674 2885 2841 2940 Ούδέν
2853 2887 2963 2958 γάρ
2991 2885 3136 2940 οῦτω
3160 2885 3424 2956 ταράττει
3453 2885 3663 2955 όφθαλ-

2073 2969 2194 3040 μὸν,
2226 2968 2300 3032 ὡς
2326 2968 2566 3032 συνειδὸς
2603 2969 2842 3040 πονηρόν
2866 2985 2880 3001 ’
2918 2968 3278 3037 Ἔταράχθη,
3310 2968 3498 3037 φησὶν,
3530 2967 3654 3022 ἀπὸ

2070 3050 2262 3121 θυμοῦ
2298 3054 2331 3106 ὁ
2369 3053 2678 3120 ὀφθαλμός
2713 3069 2834 3121 μου
2855 3068 2870 3083 ·
2901 3052 3056 3106 οὐδὲν
3098 3050 3242 3106 οὕτω
3270 3053 3473 3105 σκοτοῖ.
3508 3050 3658 3106 Ταύ-

2069 3153 2166 3206 της
2188 3135 2351 3189 αὐτὸν
2384 3134 2696 3202 ἀπάλλαξον
2727 3136 2829 3207 τῆς
2855 3135 3142 3208 ἐπηρείας,
3167 3135 3263 3191 καὶ⁴
3308 3134 3534 3207 φαιδρὸν
3561 3137 3658 3208 ἐρ-

2068 3219 2214 3291 γάσῃ
2248 3218 2344 3272 καὶ
2371 3218 2611 3290 ἰσχυρὸν,
2647 3219 2735 3272 ἀεὶ⁵
2764 3218 3099 3290 τρεφόμενον
3148 3219 3363 3273 ἐλπίσιν
3402 3218 3657 3289 ἀγαθαῖς.

2070 3303 2284 3356 Γένοιτο
2309 3301 2367 3355 δέ
2391 3302 2600 3366 πάντας
2622 3305 2655 3373 ἡ
2668 3305 2796 3373 μᾶς,
2829 3303 2923 3355 καὶ
2940 3302 3235 3357 τοῦτονκαὶ
3260 3303 3359 3367 τάς
3377 3303 3546 3367 6110;
3556 3303 3661 3376 τῆς

2069 3384 2248 3457 ψυχῆς
2280 3386 2561 3456 ἐνεργείας
2594 3386 3006 3440 κατασκευάσαι
3032 3387 3311 3450 τοιαύτας,
3334 3387 3452 3451 οἵας
3477 3389 3505 3441 6
3523 3388 3661 3459 X9:—

2072 3471 2198 3531 στὸς
2234 3467 2518 3539 βούλεται*
2544 3469 2630 3521 ἵνα
2673 3469 2774 3538 τῆς
2816 3468 3178 3541 ἐπικειμένης
3230 3470 3364 3540 ἡμῖν
3414 3470 3660 3541 κεφαλῆς

2071 3552 2213 3618 ἄξιοι
2266 3552 2572 3623 γενόμενοι,
2607 3550 2933 3623 ἀπέλθωμεν
2976 3551 3106 3605 ἔνθα
3158 3550 3323 3607 θέλει.
3360 3553 3499 3623 Φησί
3524 3553 3656 3622 γάρ’

2075 3633 2239 3687 Θέλω
2266 3634 2365 3699 ἵν’,
2402 3634 2556 3688 ὅπου
2587 3633 2701 3704 ἐγώ
2732 3638 2873 3704 εἰμι,
2902 3634 3170 3690 κάκεῖνοι
3193 3630 3305 3690 ὦσι
3330 3635 3461 3705 μετ’
3483 3635 3656 3705 ἐμοῦ,

2072 3716 2172 3770 ἵνα
2194 3714 2309 3785 τὴν
2340 3716 2531 3782 δόξαν
2558 3717 2675 3785 τὴν
2696 3717 2851 3787 ἐμὴν
2880 3715 3135 3785 ὁρῶσινο
3166 3712 3236 3789 ἧς
3287 3719 3498 3786 γένοιτο
3520 3719 3658 3772 ἀπο-

2072 3798 2272 3853 λαῦσαι
2317 3800 2527 3864 πάντας
2566 3802 2735 3871 ἡμᾶς,
2773 3803 2833 3853 ἐν
2876 3798 3101 3871 Χριστῷ
3148 3798 3325 3868 Ἰησοῦ
3355 3800 3435 3871 τῷ
3463 3802 3655 3873 Κυρίῳ

2073 3884 2251 3954 ἡμῶν,
2290 3883 2409 3955 μεθ’
2437 3877 2496 3937 οὗ
2522 3883 2600 3954 τῷ
2619 3884 2795 3954 Πατρὶ
2825 3884 2918 3937 καὶ⁸
2937 3882 3013 3953 τῷ
3040 3882 3182 3954 ἀγίῳ
3204 3883 3485 3953 Πνεύματι
3506 3884 3656 3950 δόξα,

2073 3966 2297 4037 κράτος,
2324 3966 2479 4036 τιμὴ,
2511 3966 2607 4019 νῦν
2632 3967 2723 4019 καὶ
2752 3967 2860 4031 ἀεὶ,
2902 3968 2996 4018 καὶ
3026 3967 3105 4029 εἰς
3152 3968 3281 4031 τοὺς
3311 3965 3515 4029 αἰῶνας
3547 3967 3659 4023 τῶν

2072 4048 2305 4104 αἰώνων.
2337 4048 2534 4119 Ἀμήν.

1741 4295 1787 4369 [ι
1802 4296 1891 4369 75]
1948 4300 2192 4353 ΟΜΙΛΙΑ
2230 4294 2336 4355 1Ε’.

399 4387 715 4455 Ἁνώτερον
760 4387 980 4458 λέγων,
1040 4386 1129 4441 ὅτι
1176 4388 1398 4442 θυσίαν
1426 4386 1550 4458 ,καὶ
1615 4390 1970 4458 προσφορὰν

457 4459 555 4513 καὶ
631 4456 1095 4524 ὁλοκαυτώματα
1144 4458 1243 4511 καί
1306 4457 1440 4525 περὶ
1503 4456 1789 4527 ἁμαρτίας
1852 4456 1969 4513 οὐκ

455 4529 786 4598 ἠθέλησας,
806 4527 948 4580 οὐδὲ
966 4526 1325 4593 εὐδόκησας,
1355 4526 1579 4593 αἵτινες
1605 4530 1755 4583 κατὰ
1782 4530 1972 4598 νόμον

453 4596 1342 4684 προσφέρονταιχτιίςερῖρηκενο
1362 4597 1509 4684 ἰδρὺ
1536 4598 1779 4684 ἢκωθτοῦ
1796 4596 1972 4677 ποιῇ-

455 4666 582 4736 σαι,
611 4666 642 4723 ὀ
669 4669 834 4733 Θεὸς,
870 4668 938 4721 τὸ
982 4666 1213 4736 θέλημά
1246 4686 1385 4722 σου.
1430 4667 1682 4734 Ἀναιρεῖ
1710 4669 1776 4721 τὸ
1815 4666 1972 4737 πρῶ-

457 4758 583 4816 τον,
608 4740 713 4816 ἵνα
739 4742 805 4791 τὸ
854 4738 1145 4816 δεύτερον.
1177 4738 1405 4816 σζήσῃ.
1447 4739 1552 4791 Ἐν
1589 4733 1651 4816 ᾧ.
1684 4738 1973 4816 θελῄμαζι

458 4808 811 4879 ἡγιασμένοι
849 4808 1038 4879 ἐσμὲν
1061 4805 1159 4861 διὰ
1185 4808 1296 4877 τῆς
1330 4805 1689 4879 προσφορᾶς
1723 4805 1973 4879 τοῦσὼ-

451 4876 650 4949 ματος
678 4878 875 4945 Ἰησοῦ
921 4876 1193 4949 Χριστοῦ,
1227 4876 1490 4948 ἐφάπαξ.
1545 4879 1655 4949 K0}
1708 4876 1973 4949 πᾶςμὲν

455 4947 649 5019 ἱερεὺς
674 4949 892 5016 ἕστηκε
931 4948 1061 5003 καθ’
1079 4947 1313 5019 ἡμέραν
1327 4947 1717 5018 λειτουργῶν,
1754 4947 1855 5002 καί
1870 4951 1974 5015 τὰς

453 5018 641 5084 αὐτὰς
667 5020 966 5084 πολλάκις
981 5018 1342 5087 προσφέρων
1356 5020 1596 5085 θυσίας,
1622 5019 1849 5087 αἵτινες
1869 5022 1972 5072 οὐ·

452 5090 667 5144 ὃέποτε
699 5090 990 5143 δύνανται
1015 5084 1314 5157 περιελεῖν
1336 5084 1626 5157 ἁμαρτίας
1652 5104 1666 5117 ·
1696 5084 1877 5154 οὗτος
1904 5088 1975 5141 δὲ

446 5164 597 5231 μίαν
617 5160 764 5229 ὑπὲρ
775 5158 1075 5231 ἁμαρτιῶν
1091 5160 1507 5231 προσενέγκας
1534 5160 1783 5231 θυσίαν,
1802 5162 1890 5223 εἰς
1904 5159 1973 5231 τὸ

454 5228 1028 5297 διηνεκὲςέκὰθισεν
1052 5230 1121 5282 ἐν
1138 5228 1306 5296 δεξιᾷ
1334 5229 1441 5282 τοῦ
1464 5230 1638 5293 Θεοῦ,
1659 5230 1723 5282 τὸ
1752 5229 1974 5281 λοιπὸν

451 5300 865 5370 ἐκδεχόμενος,
892 5299 1005 5370 ἕως
1026 5298 1279 5354 τεθῶσιν
1304 5302 1359 5353 οἰ
1386 5300 1589 5369 ἐχθροί
1612 5298 1800 5353 αὑτοῦ
1822 5302 1973 5353 ὐπο-

454 5368 673 5426 πόδιόν
695 5370 815 5424 τῶν
846 5368 1051 5424 ποδῶν
1074 5370 1288 5425 αὑτοῦ.

457 5551 528 5597 α’.
565 5544 654 5596 Ἐν
691 5542 789 5612 μὲν
815 5546 931 5607 τοῖς
962 5542 1275 5615 ἔμπροσθεν
1292 5541 1493 5607 ἔδειξεν
1535 5541 1834 5611 ἀνωφελεῖς
1875 5542 1974 5606 τάς

392 5628 579 5689 θυσίας
594 5626 760 5689 οὔσας
778 5627 910 5697 πρὸς
931 5630 1029 5697 τὴν
1055 5627 1272 5680 τελείαν
1298 5625 1673 5698 καθαρότητα,
1688 5626 1782 5677 καὶ
1799 5624 1972 5680 τύπον

387 5708 572 5771 οὔσας,
608 5711 699 5763 καὶ
734 5710 866 5763 πολύ
908 5710 1261 5782 λειπομένας.
1300 5710 1455 5764 Ἐπεὶ
1489 5707 1583 5765 οὖν
1635 5710 1967 5766 ἀντέπιπτεν

2076 4389 2227 4461 αὐτῷ
2252 4389 2437 4454 τοῦτο,
2473 4390 2521 4443 εἰ
2553 4388 2713 4444 τύποι
2744 4390 2875 4457 εἰσὶ,
2900 4390 3019 4454 πῶς
3043 4391 3140 4459 τῆς
3162 4389 3424 4461 ἀληθείας
3471 4391 3665 4447 ἐλθού-

2074 4489 2195 4543 σης,
2230 4472 2334 4526 οὐκ
2386 4471 2696 4526 ἐπαύσαντο
2726 4474 2846 4527 οὐδέ
2874 4472 3263 4545 ὑπεχώρησαν,
3320 4474 3438 4527 ἀλλ’
3472 4476 3662 4530 ἐπιτε-

2072 4555 2329 4623 λοῦνται;
2359 4555 2502 4608 Αὐτὸ
2532 4554 2589 4609 δέ
2629 4554 2788 4609 τοῦτο
2828 4556 3065 4610 ἐνταῦθα
3094 4556 3412 4627 ἐργάζεται,
3440 4556 3663 4622 δεικνὺς

2072 4641 2155 4693 ὅτι
2186 4640 2370 4693 οὐκέτι
2397 4638 2705 4693 τελοῦνται·
2741 4639 2863 4694 οὐδὲ
2908 4639 2984 4704 ὡς
3031 4638 3222 4703 τύπος,
3250 4640 3313 4693 οὐ
3340 4640 3448 4712 γάρ
3485 4641 3661 4707 αύτάς

2072 4726 2361 4797 προσίεται
2388 4726 2417 4777 6
2446 4724 2599 4789 Θεός.
2635 4725 2749 4779 Καὶ
2804 4724 2963 4780 τοῦτο
3001 4726 3102 4780 οὐκ
3131 4725 3239 4779 ἀπὸ
3284 4727 3385 4796 τῆς
3440 4726 3654 4797 Καινῆς

2074 4809 2259 4874 πάλιν,
2288 4808 2405 4862 ἀλλ’
2456 4808 2564 4862 ἀπὸ
2613 4809 2723 4862 τῶν
2772 4809 3071 4883 προφητῶν
3117 4809 3409 4873 δείκνυσιν,
3448 4809 3661 4864 ἀνωθεν

2074 4892 2174 4964 τὴν
2200 4893 2562 4966 ἰσχυροτάτην
2589 4894 2857 4965 παράγων
2889 4895 3219 4967 μαρτυρίαν,
3254 4896 3337 4948 ὅτι
3376 4894 3538 4964 λήγει
3568 4899 3665 4949 καὶ

2075 4976 2334 5045 παύεται,
2374 4977 2467 5030 καὶ
2495 4975 2620 5046 είκῆ
2652 4977 2833 5033 πάντα
2871 4978 3227 5049 πράττουσιν,
3257 4978 3350 5031 ἀεὶ
3374 4977 3454 5049 τῷ
3487 4977 3665 5033 Πνεύ-

2078 5061 2310 5133 ματιτῷ
2339 5061 2481 5133 ἁγίῳ
2520 5060 2959 5127 ἀντιπίπτοντες.
3003 5063 3113 5116 Καὶ
3163 5061 3439 5115 δείκνυσιν
3461 5061 3528 5114 ἐκ
3562 5079 3663 5114 πει

2078 5145 2323 5217 ριουσίας
2347 5145 2407 5198 οὐ
2461 5144 2557 5199 νῦν
2597 5145 2769 5209 αὐτάς
2803 5146 3181 5216 πεπαυμένας,
3227 5144 3365 5200 ἀλλά
3403 5145 3499 5199 καὶ
3529 5144 3661 5216 παρ’

2074 5228 2247 5299 αὐτὴν
2278 5227 2371 5281 τοῦ
2402 5229 2641 5299 Χριστοῦ
2696 5227 2798 5300 τὴν
2844 5230 3174 5301 παρουσίαν,
3208 5229 3410 5300 μᾶλλον
3444 5229 3522 5295 δὲ,
3567 5231 3663 5283 καὶ

2075 5311 2184 5383 πρὸ
2212 5311 2311 5382 τῆς
2335 5312 2503 5365 αὐτοῦ
2556 5311 2886 5383 παρουσίας,
2914 5322 2934 5343 ⁸
2968 5313 3064 5367 καὶ
3100 5313 3219 5377 πῶς
3243 5314 3305 5367 οὐ
3347 5313 3660 5367 τελευταῖον

2075 5394 2267 5449 ἐλυσεν
2308 5395 2480 5459 06:6;
2508 5397 2537 5449 6
2586 5394 2844 5465 Χριστὸς,
2894 5396 3029 5451 ἀλλά
3062 5397 3329 5468 πρότερον
3359 5396 3656 5467 ἐλύθησαν,

2075 5478 2169 5532 καὶ
2197 5478 2320 5533 τότε
2345 5474 2478 5551 ἦλθε
2503 5494 2516 5508 ·
2551 5480 2818 5553 πρότερον
2845 5480 3189 5551 ἐπαύθησαν,
3222 5482 3319 5535 καὶ
3342 5480 3465 5535 τότε
3494 5481 3659 5544 αὐτὸς

2078 5562 2440 5633 παρεγένετο.
2484 5564 2604 5617 Ἵνα
2630 5564 2739 5638 γὰρ
2778 5564 2854 5637 μὴ
2885 5564 3109 5635 λέγωσι,
3139 5565 3235 5619 καὶ
3259 5567 3430 5640 χωρὶς
3452 5563 3661 5633 ταύτης

2137 5656 2155 5725 ξ
2188 5658 2241 5725 It}
2272 5658 2635 5725 Co_1b.homil_ia
2660 5658 3245 5725 decimaAoctayajucipit
3264 5662 3325 5714 ab
3350 5659 3429 5713 his
3473 5658 3658 5718 verbis,

2076 5721 2276 5777 καὶπῶς
2296 5721 2350 5768 οὐ
2381 5722 2666 5783 τελευταῖον,
2696 5721 2892 5772 omissis
2922 5721 3189 5785 prioribus:
3543 5758 3550 5765 ε
