3980 6142
170 2068 335 2313 ἔ
335 2106 343 2137 t

224 2264 229 2275 Γ
256 2280 265 2291 "
292 2280 342 2313 8‘:

320 240 424 298 155

1126 264 1190 320 IN
1230 266 1443 323 EPIST.
1490 263 1579 319 AD
1619 260 1981 317 IIEBRIEOS.
2023 262 2175 319 CAP.
2219 265 2288 320 X.
2332 266 2563 326 HOIIIL.
2609 270 2799 329 XVIII.

3484 263 3583 319 151

317 370 424 407 non
449 353 594 408 enim
620 353 752 409 dicit
783 353 956 410 :Num
986 355 1105 426 quis
1143 371 1264 411 eum
1304 359 1563 413 accusat?
1617 358 1711 414 sed
1748 360 1912 431 quid?
2004 357 2307 428 pulchrum.
2347 359 2571 425 Quando
2614 361 2756 413 enim
2790 376 2894 415 non
2936 364 3000 417 ad
3031 362 3254 431 fumum,
3308 381 3481 439 neque
3520 373 3585 425 ad

321 445 451 499 Num
476 447 599 515 quis
624 447 860 516 seipsum
887 449 1141 503 accusat?
1162 449 1291 503 Nam
1309 451 1524 521 quando
1544 451 1694 520 dicit,
1716 453 1909 511 Sancta

322 537 538 601 »πη-εἰς,
568 536 676 592 hoc
697 537 831 592 dicit
862 557 874 592 :
915 538 973 594 Si
1004 540 1119 609 quis
1148 556 1252 595 non
1283 550 1366 597 est
1390 550 1629 609 sanctus,
1663 560 1769 599 non
1813 560 1907 601 ac-

324 627 488 681 :edat.
515 627 634 682 Non
666 629 841 683 solum
868 630 1063 699 inquit,
1084 631 1123 684 A
1144 631 1377 701 peccatis
1395 647 1581 702 purus,
1602 634 1697 690 sed
1718 636 1902 704 etiam,

319 720 858 775 Sanctus:sanctum
907 720 1049 775 enim
1091 736 1195 776 non
1247 720 1376 776 facit
1399 722 1570 777 solum
1602 722 1847 780 liberatio
1873 742 1904 782 a

317 810 576 878 peccatis,
608 810 702 863 sed
730 810 892 864 etiam
926 814 1209 880 praesentia
1241 812 1472 883 Spiritus
1492 856 1505 879 ,
1538 823 1591 869 et
1639 816 1903 872 bonorum

313 915 534 970 operum
582 900 773 971 copiae.
804 900 921 954 Non
951 901 1145 969 solum,
1179 903 1371 974 inquit,
1413 903 1538 960 volo
1563 920 1660 960 vos
1689 922 1717 960 a
1745 921 1903 963 caeno

308 1006 429 1046 esse
453 991 729 1058 liberatos,
758 992 853 1047 sed
889 992 1041 1046 albos
1067 1008 1187 1049 esse
1225 1003 1280 1051 et
1330 995 1625 1065 speciosus.
1665 995 1797 1050 Nam
1852 996 1899 1053 si

308 1099 405 1136 rex
436 1081 761 1152 Babylonius
783 1082 1010 1152 juvenes
1038 1084 1244 1155 eligens
1268 1101 1333 1141 ex
1372 1087 1680 1156 captivitate
1698 1129 1714 1154 ,
1738 1088 1900 1158 elegit

307 1172 564 1241 pulchros
590 1173 771 1241 specie
795 1182 849 1228 et
870 1172 1017 1228 vultu
1043 1174 1268 1231 decoros
1295 1176 1313 1245 (
1338 1175 1476 1232 Dan.
1501 1178 1553 1232 1.
1581 1178 1654 1249 4)
1684 1194 1698 1230 :
1731 1179 1898 1234 multo

305 1267 477 1337 magis
510 1280 611 1320 nos
647 1265 742 1336 qui
786 1266 1003 1321 adstant
1032 1282 1233 1323 mensa:
1278 1268 1442 1339 regiae
1489 1269 1741 1339 pulchros
1771 1286 1894 1327 esse

302 1366 520 1430 oportet
560 1358 740 1428 specie
780 1361 1007 1425 animm,
1036 1360 1294 1416 mundum
1342 1362 1602 1417 habentes
1631 1377 1851 1419 aureum
1873 1405 1890 1430 ,

300 1448 564 1503 mundum
603 1450 1008 1518 vestimentum,
1065 1452 1273 1522 regales
1316 1453 1548 1518 calceos,
1596 1453 1889 1509 formosum

300 1542 495 1596 animae
531 1541 764 1607 vultum,
797 1550 1044 1598 ornatum
1080 1557 1298 1598 aureum
1322 1586 1337 1611 ,
1384 1543 1655 1615 cingulum
1693 1547 1888 1601 verita-

300 1631 392 1683 tis.
420 1629 519 1697 Qui
552 1629 673 1684 talis
714 1636 825 1697 est,
850 1632 1090 1698 accedat,
1118 1641 1175 1689 et
1204 1633 1393 1705 pocula
1425 1642 1607 1705 tangat
1631 1636 1796 1706 regia.
1827 1635 1885 1691 Si

298 1721 420 1791 quis
446 1730 624 1774 autem
652 1722 844 1791 pannis
868 1722 1093 1787 obsitus,
1133 1724 1382 1779 sordidus
1429 1734 1483 1780 et
1522 1725 1795 1796 squalidus
1818 1727 1887 1782 ad

298 1828 537 1868 mensam
568 1814 768 1883 regiam
790 1815 919 1869 velit
961 1814 1184 1886 ingredi,
1239 1817 1359 1873 vide
1398 1828 1596 1888 quanta
1630 1820 1882 1887 patietur,

297 1919 418 1958 cum
436 1918 542 1958 non
564 1904 838 1959 sufﬁciant
855 1903 1202 1976 quadraginta
1232 1907 1346 1962 dies
1373 1907 1439 1963 ad
1466 1908 1733 1964 abluenda
1761 1925 1883 1980 qua:

232 2068 261 2071 _
296 1998 440 2049 omni
469 2004 709 2065 tempore
732 2005 860 2052 sunt
892 1998 1121 2053 admissa
1154 1998 1372 2056 delicta.
1399 1999 1532 2056 Nam
1561 1998 1605 2056 si
1635 2016 1739 2057 non
1766 2003 1882 2059 suf-

335 2088 407 2140 cit
455 2090 744 2158 gehenna,
800 2088 924 2143 licet
962 2090 1032 2145 sit
1077 2099 1277 2147 acterna
1303 2132 1320 2159 ,
1360 2090 1562 2148 idcirco
1612 2094 1756 2148 enim
1798 2104 1881 2151 est

282 2162 491 2252 ξτιρηιει
523 2195 537 2232 :
572 2178 745 2233 multo
784 2179 964 2234 minus
993 2179 1095 2234 hoc
1140 2180 1301 2236 breve
1332 2190 1561 2252 tempus.
1594 2182 1711 2239 Non
1738 2186 1880 2241 enim

200 2264 283 2329 £7
292 2267 543 2333 validam,
589 2269 685 2325 sed
734 2269 1056 2326 imbecillam
1100 2272 1441 2329 exhibuimus
1485 2276 1875 2345 pmnitentiam.

296 2359 587 2415 Eunuchos
906 2371 1114 2432 oportet
1156 2365 1266 2434 regi
1316 2365 1527 2422 adstare
1559 2386 1573 2419 :
1602 2368 1880 2426 eunuchos

317 2430 757 2531 Melite
771 2461 896 2507 sunt
919 2430 1164 2518 candida,
1189 2430 1276 2524 qui
1310 2456 1510 2511 nullam
1537 2458 1737 2514 habent
1762 2474 1879 2515 sor-

337 2527 879 2621 mculam,
920 2547 1011 2614 qui
1057 2556 1236 2599 mente
1265 2557 1390 2601 sunt
1420 2550 1662 2616 excelsa,
1708 2552 1874 2608 animi

713 2642 768 2688 et
815 2643 1113 2700 mansueto,
1156 2638 1264 2690 acri
1310 2639 1563 2709 agilique,
1599 2656 1789 2699 severo
1814 2661 1877 2701 ac

695 2735 873 2779 autem
899 2726 1239 2781 somnolento
1267 2737 1320 2782 et
1360 2731 1580 2802 supino,
1609 2733 1774 2788 multa
1808 2735 1875 2789 li-

289 2818 493 2874 bertate
526 2804 699 2888 pleno,
735 2829 944 2875 remoto
968 2829 1146 2875 autem
1176 2821 1244 2876 ab
1274 2823 1419 2878 omni
1445 2824 1773 2894 impudentia
1815 2835 1876 2886 et

288 2910 630 2974 conﬁdentia,
659 2910 919 2979 vigilanti,
956 2926 1109 2976 sano,
1138 2927 1238 2969 nec
1264 2913 1553 2969 admodum
1586 2927 1782 2974 moesto
1807 2934 1871 2976 ac

287 3001 448 3066 tristi,
476 3017 574 3056 nec
604 3003 777 3055 minus
804 3002 996 3056 diﬂ‘uso
1025 3013 1078 3058 et
1115 3002 1291 3058 hilari.
1322 3005 1475 3061 Hunc
1500 3010 1711 3063 oculum
1740 3027 1867 3083 pos-

283 3106 472 3147 sumus
518 3094 673 3147 nobis
700 3093 1039 3169 architectari
1060 3135 1075 3161 ,
1120 3095 1343 3166 visuque
1367 3110 1546 3153 acrem
1574 3099 1787 3157 efﬁcere
1817 3113 1871 3157 et

392 2470 457 2496 -“
479 2479 500 2488 -~
534 2477 536 2480 ν
572 2492 573 2495 η
630 2458 676 2506 ΕῘ

473 2493 576 2538 ..ίῖδζὲῖτν
594 2512 605 2531 '.

403 2549 406 2552 ~
425 2527 474 2572 ῖέἒέ
491 2535 538 2564 ιω
607 2548 629 2572 ‹

329 2575 356 2600 ’θ’
467 2593 474 2598 ο
494 2600 499 2602 ,
559 2575 594 2602 λα,
657 2583 660 2586 ’

2003 450 2237 505 cinerem
2264 448 2581 504 deduximus
2605 452 2775 518 (tales
2801 453 2997 522 quippe
3025 465 3147 509 sunt
3168 472 3354 514 omnes
3375 476 3461 516 res
3485 462 3585 514 hu-

2002 555 2174 595 mante
2196 541 2237 609 ),
2263 542 2357 594 sed
2387 540 2452 594 ad
2478 555 2661 596 auram
2695 543 2945 598 subtilem
2976 555 3029 599 ct
3049 562 3229 602 aerem
3255 558 3489 617 tenuem,
3520 555 3585 609 ad

2001 646 2062 688 ea
2100 647 2220 703 qua:
2271 639 2399 687 sunt
2434 633 2644 688 excelsa
2692 642 2745 688 et
2785 635 3032 689 sublimia
3059 679 3075 705 ,
3129 649 3183 694 et
3212 643 3377 697 multa
3408 646 3587 715 quiete

2000 724 2155 797 plena
2181 731 2237 779 et
2255 726 2486 794 puritate
2508 733 2561 780 ct
2580 726 2954 793 delectatione,
2979 729 3150 799 ipsum
3174 736 3352 788 statim
3376 752 3586 791 recrea-

1999 817 2176 871 bimus
2196 812 2699 872 etconﬁrtnabimus
2722 823 2850 873 tanti
2870 823 3156 891 spectaculi
3174 827 3442 896 voluptate
3460 845 3580 898 per-

1997 906 2195 962 fusum.
2252 907 2433 962 Vidisti
2475 908 2614 964 male
2663 919 2846 979 partas
2896 921 2952 966 et
3006 916 3200 971 multas
3242 918 3487 976 divitias?
3516 940 3584 978 ne

1997 1007 2144 1054 tuum
2173 999 2385 1055 oculum
2412 1015 2479 1055 eo
2513 1001 2763 1057 sustollas
2788 1019 2801 1056 :
2830 1017 2890 1057 ea
2940 1020 3026 1060 res
3046 1017 3128 1061 est
3154 1024 3367 1066 ccenum
3417 1026 3469 1069 et
3500 1018 3583 1070 t'n-

1993 1107 2114 1148 mus
2142 1101 2197 1147 et
2227 1092 2397 1148 malus
2426 1108 2611 1161 vapor,
2645 1094 2901 1159 tenebrm,
2940 1106 2994 1152 et
3041 1100 3203 1155 multa
3236 1108 3501 1174 angustia,
3525 1118 3582 1163 et

1992 1199 2241 1240 curarum
2284 1184 2583 1239 suffocatio.
2618 1184 2806 1241 Vidisti
2838 1190 3106 1244 hominem
3132 1200 3581 1269 exercentemju.

1992 1275 2216 1341 stitiam,
2270 1276 2384 1331 suis
2411 1284 2745 1343 contentum,
2773 1286 2829 1332 ct
2880 1281 2963 1333 cui
3005 1288 3089 1335 est
3138 1299 3323 1352 magna
3358 1284 3581 1345 latitudo

1992 1366 2345 1433 remissionis,
2375 1368 2465 1437 qui
2496 1367 2562 1421 de
2586 1368 2649 1421 iis
2676 1384 2794 1437 qua:
2826 1369 2913 1424 hic
2944 1382 3068 1425 sunt
3093 1374 3289 1429 nullam
3319 1380 3455 1447 gerit
3482 1397 3579 1435 co-

1992 1471 2104 1511 ram
2151 1471 2251 1512 nec
2299 1466 2381 1512 est
2425 1458 2730 1514 sollicitus?
2759 1460 2867 1517 illic
2894 1477 3014 1516 eum
3049 1464 3149 1534 llgc
3178 1476 3231 1519 et
3257 1470 3475 1537 extollo,
3525 1483 3581 1527 et

1990 1547 2192 1603 efﬁcies
2218 1562 2339 1604 eum
2364 1549 2532 1605 multo
2555 1550 2912 1620 pulchriorem
2936 1564 2988 1609 et
3009 1555 3447 1628 splendidiorem,
3473 1580 3579 1619 non

1992 1647 2146 1693 terra:
2176 1637 2397 1694 ﬂoribus
2426 1655 2545 1695 eum
2575 1656 2821 1711 pascens,
2843 1645 2935 1699 sed
2960 1647 3175 1714 virtute,
3201 1656 3574 1721 temperantia,

1990 1728 2359 1785 moderatione
2391 1739 2446 1785 et
2473 1732 2746 1802 :equitate,
2789 1743 2842 1789 et
2888 1738 3094 1792 caeteris
3136 1742 3404 1797 omnibus.
3435 1745 3579 1801 Nihil

1990 1820 2133 1873 enim
2174 1833 2328 1890 atque
2374 1819 2553 1875 turbat
2580 1821 2819 1891 oculum,
2850 1832 3007 1894 atque
3035 1827 3172 1883 mala
3194 1834 3515 1889 conscientia
3550 1854 3566 1891 :

1989 1908 2245 1965 Turbatus
2269 1919 2362 1979 est,
2385 1910 2576 1982 inquit,
2600 1913 2664 1967 ab
2687 1914 2765 1967 ira
2791 1917 2970 1969 oculus
3000 1934 3139 1975 meus
3168 1920 3186 1992 (
3208 1920 3351 1978 Psal.
3381 1926 3431 1980 6.
3464 1928 3532 1998 8)
3560 1946 3571 1979 :

1987 1999 2121 2054 nihil
2160 2016 2311 2071 teque
2348 2001 2576 2058 oll'undit
2628 2004 2899 2061 tenebras.
2951 2008 3086 2063 Eum
3145 2012 3308 2067 libera
3355 2017 3423 2071 ab
3477 2019 3577 2075 hac

1988 2092 2304 2160 oﬁ‘ensione,
2338 2102 2393 2149 et
2432 2094 2629 2151 reddes
2658 2096 2859 2166 Itetum,
2893 2099 3125 2157 alacrem
3154 2112 3209 2159 et
3254 2105 3470 2177 fortem,
3523 2124 3576 2167 ct

1987 2184 2075 2252 qui
2127 2185 2262 2239 bona
2312 2200 2409 2255 spe
2457 2201 2674 2257 semper
2700 2191 2980 2246 nutrietur.
3015 2193 3180 2249 Detur
3216 2208 3391 2254 autem
3424 2202 3576 2259 nobis

1987 2276 2254 2343 omnibus,
2284 2285 2420 2333 utet
2443 2293 2588 2345 eum,
2612 2289 2667 2335 et
2709 2280 2841 2337 alias
2870 2284 3132 2353 ejusmodi
3167 2290 3358 2347 animae
3380 2309 3574 2364 opera-

1990 2369 2163 2422 tiones
2187 2382 2584 2438 comparemus,
2614 2371 2912 2440 cujusmodi
2936 2374 3048 2429 vult
3076 2376 3343 2447 Christus,
3370 2392 3431 2439 ut
3474 2400 3574 2439 no-

1986 2458 2070 2512 bis
2098 2459 2350 2529 imposito
2370 2462 2544 2530 capite
2568 2461 2712 2532 digni
2732 2462 2927 2533 effecti,
2949 2480 3016 2521 eo
3035 2482 3145 2537 quo
3161 2471 3274 2525 vult
3294 2474 3572 2533 abeamus.

1988 2550 2125 2604 Dicit
2146 2552 2313 2619 enim,
2350 2552 2479 2607 Volo
2512 2562 2587 2620 ut,
2619 2554 2703 2608 ubi
2732 2572 2829 2627 ego
2857 2574 2989 2624 sum,
3016 2561 3096 2614 illi
3119 2579 3315 2631 quoque
3337 2567 3434 2620 sint
3468 2585 3577 2624 meo

1976 2663 2112 2716 eum,
2141 2659 2195 2703 ut
2218 2667 2379 2704 meam
2407 2651 2623 2722 gloriam
2660 2653 2863 2706 videant
2904 2652 3083 2723 (Joan
3120 2656 3205 2709 I7.
3234 2655 3337 2721 24)
3369 2674 3384 2710 :
3412 2673 3570 2728 quam

1976 2738 2135 2794 detur
2163 2741 2317 2796 nobis
2341 2743 2590 2797 omnibus
2608 2747 2863 2816 consequi
2883 2746 2936 2799 in
2961 2745 3177 2801 Christo
3194 2748 3318 2804 .lesu
3345 2751 3571 2806 Domino

1979 2843 2183 2898 nostro,
2212 2848 2332 2887 eum
2357 2850 2461 2902 quo
2492 2845 2575 2890 est
2603 2835 2744 2889 Patri
2787 2844 2840 2890 et
2876 2836 3094 2907 Spiritui
3138 2849 3322 2893 sancto
3362 2841 3527 2910 gloria
3547 2884 3563 2906 ,

1986 2940 2299 3008 imperium,
2341 2937 2542 3003 honor,
2578 2950 2718 2989 nunc
2739 2943 2792 2989 ct
2817 2948 3050 3004 semper,
3083 2943 3130 2988 et
3162 2935 3211 2987 in
3244 2942 3438 2989 szecula
3466 2950 3568 2990 sa:-

1982 3034 2243 3087 culorum.
2275 3031 2465 3084 Amen.

295 3208 3565 3237 ______...____________.__—______._______________________

1677 3266 2021 3327 HOMILIA
2064 3265 2293 3327 XVIII.

285 3387 416 3445 CAP.
450 3387 536 3446 l0.
567 3405 621 3442 v.
654 3390 709 3446 8.
744 3389 997 3459 Superius
1030 3389 1201 3444 dicens
1230 3405 1248 3443 :
1280 3388 1491 3445 Hostias
1522 3398 1568 3444 et
1597 3388 1880 3443 oblationes

355 3492 408 3535 et
455 3483 759 3536 holocausta
789 3497 885 3548 pro
925 3490 1130 3551 peccato
1159 3483 1389 3549 noluisti,
1431 3499 1520 3536 nec
1546 3484 1733 3552 placita
1758 3489 1874 3535 sunt

353 3573 449 3625 tibi
474 3588 590 3642 qua:
625 3572 908 3625 secundum
938 3573 1097 3643 legem
1126 3572 1412 3639 o/Teruutur
1440 3590 1457 3627 :
1485 3573 1539 3628 9.
1570 3582 1690 3627 tunc
1718 3573 1825 3626 dixi
1854 3589 1872 3627 :

350 3661 494 3715 Ecce
517 3663 661 3719 venio
682 3672 735 3716 ut
764 3662 974 3733 faciam,
998 3661 1157 3725 Deus,
1180 3663 1488 3719 voluntatem
1513 3672 1670 3718 tuam.
1698 3666 1874 3734 Aufert

349 3754 599 3824 primum,
641 3762 698 3806 ut
740 3767 952 3824 sequens
993 3762 1205 3807 statuat.
1250 3754 1340 3810 10.
1382 3753 1449 3807 1η
1489 3770 1591 3819 qua
1620 3754 1876 3809 voluntate

346 3845 662 3914 sanctiﬁcati
730 3861 905 3900 sumus
973 3862 1062 3917 per
1119 3846 1423 3901 oblationem
1468 3847 1694 3917 corporis
1746 3845 1874 3901 Iesu

345 3939 542 3994 Christi
570 3938 743 3993 semel.
786 3938 876 3993 11.
904 3937 973 3992 Et
1003 3940 1167 3994 omnis
1193 3940 1393 4009 quidem
1420 3939 1657 3994 sacerdos
1683 3950 1869 4010 prwsto

339 4041 420 4087 est
464 4029 690 4102 quotidie
715 4030 1029 4094 ministram,
1059 4039 1106 4084 et
1134 4031 1331 4084 easdem
1359 4047 1495 4099 stepe
1533 4029 1748 4097 o/fercns
1779 4032 1872 4084 lio-

339 4123 492 4186 stias,
516 4138 631 4191 qua:
653 4137 755 4175 non
776 4130 987 4190 possunt
1009 4121 1212 4190 auferre
1238 4122 1573 4191 peccata:12.
1600 4123 1680 4176 hic
1700 4132 1870 4176 autem

338 4231 502 4268 unam
529 4230 623 4283 pro
650 4216 869 4284 peccatis
898 4213 1116 4280 offerens
1142 4215 1393 4280 hostiam,
1422 4216 1476 4268 in
1506 4217 1867 4286 sempiternum

338 4306 483 4358 sedet
535 4305 589 4359 in
640 4306 850 4358 dextera
898 4305 1032 4370 Dei,
1085 4306 1173 4361 15.
1205 4306 1269 4360 de
1307 4314 1486 4361 cwtero
1535 4319 1862 4376 exspectans,

337 4396 502 4450 donec
532 4406 797 4466 ponantur
822 4396 1016 4449 inimici
1056 4396 1168 4466 ejus
1196 4396 1471 4451 scabellum
1510 4398 1696 4468 pedum
1724 4402 1859 4469 ejus.

335 4489 391 4543 1.
435 4487 494 4543 1η
521 4488 590 4544 iis
612 4503 736 4558 quae
765 4487 1078 4557 praecedunt
1114 4489 1350 4544 ostendit
1384 4490 1589 4544 inutilia
1625 4506 1745 4545 esse
1772 4505 1863 4546 sa-

265 4579 465 4636 criﬁcia
490 4579 556 4633 ad
590 4580 880 4648 perfectam
911 4579 1220 4649 puritatem,
1245 4588 1300 4635 et
1327 4594 1447 4635 esse
1475 4589 1627 4651 typos
1648 4596 1711 4636 ac
1732 4582 1864 4651 ﬁgu-

1994 3384 2263 3456 (Ibristus,
2295 3397 2391 3450 sed
2422 3398 2569 3466 prius
2600 3400 2797 3457 fuerint
2822 3404 3017 3476 soluta,
3046 3419 3100 3465 et
3130 3420 3255 3469 tunc
3285 3416 3400 3485 ipse
3419 3419 3586 3476 adve-

1992 3482 2153 3536 nerit.
2193 3482 2326 3538 Nam
2365 3502 2434 3542 ne
2466 3487 2669 3558 dicant,
2715 3493 2889 3550 Etiam
2931 3499 3133 3570 absque
3174 3503 3275 3560 hoc
3306 3482 3578 3567 sacriﬁcio

1989 3574 2262 3670 potuimus
2290 3576 2503 3646 placere
2528 3580 2659 3651 Deo,
2689 3591 3021 3657 exspectavit
3050 3603 3107 3647 ut
3135 3595 3296 3651 etiam
3329 3616 3424 3670 per
3452 3603 3570 3659 illos

1987 3661 2105 3765 ipsa
2147 3667 2623 3766 redarguerentur,
2654 3686 2708 3731 et
2744 3687 2870 3734 tunc
2910 3683 3023 3752 ipse
3066 3686 3283 3744 advenit
3312 3661 3560 3766 {Sacri/i-

1982 3758 2116 3808 cium
2161 3758 2327 3824 enim,
2384 3762 2589 3832 inquit,
2647 3777 2695 3821 et
2740 3768 3045 3827 oblationem
3098 3780 3326 3836 uoluisti.
3378 3758 3566 3844 Omnia

1979 3856 2078 3912 per
2121 3844 2236 3902 haec
2282 3852 2496 3907 sustulit
2528 3872 2541 3908 :
2572 3864 2628 3909 ut
2668 3857 2758 3927 qui
2801 3859 2855 3915 in
2899 3877 3098 3932 genere
3145 3868 3343 3927 dixerit
3396 3887 3453 3930 et
3504 3878 3561 3936 in

1978 3937 2158 4033 specie
2191 3956 2203 3991 :
2235 3939 2551 4000 Holocausta
2586 3965 2679 4017 pro
2707 3964 2912 4020 peccato
2956 3973 3056 4012 non
3103 3960 3192 4015 tibi
3240 3966 3560 4033 placuerunt.

1975 4024 2183 4084 Oblatio
2210 4042 2387 4087 autem
2432 4048 2547 4091 erat
2575 4040 2829 4112 quidquid
2873 4057 3021 4103 extra
3066 4024 3393 4114 sacrificium
3422 4024 3558 4118 olle-—

1973 4116 2210 4173 rebatur.
2247 4121 2387 4177 Tunc
2416 4127 2565 4193 dixit,
2601 4129 2731 4185 Ecce
2756 4135 2917 4190 venio.
2953 4137 3029 4193 De
3056 4157 3286 4211 quonam
3337 4147 3440 4205 hoc
3480 4116 3561 4207 di-

1971 4216 2115 4264 ctum
2138 4214 2259 4266 est?
2291 4215 2364 4269 De
2395 4219 2540 4273 nullo
2559 4221 2664 4277 alio
2694 4241 2848 4293 quam
2879 4228 2945 4284 de
2970 4231 3202 4290 Christo.
3230 4237 3328 4293 llic
3357 4244 3553 4299 nullam

1969 4300 2184 4359 confert
2224 4306 2436 4376 culpam
2477 4310 2531 4364 in
2574 4328 2669 4369 eos
2704 4317 2792 4385 qui
2822 4318 3142 4394 oll‘crebant,
3176 4331 3471 4390 ostendens
3498 4352 3558 4392 se

1967 4407 2072 4493 non
2097 4406 2315 4493 prepter
2340 4415 2527 4457 eorum
2548 4405 2676 4461 vitia
2697 4424 2805 4464 non
2832 4411 3029 4471 habere
3053 4433 3113 4473 ea
3141 4434 3385 4493 accepta,
3416 4429 3554 4484 sicut

1964 4483 2096 4588 dicit
2115 4487 2263 4555 alibi,
2294 4491 2386 4546 sed
2406 4496 2545 4563 quod
2566 4497 2631 4552 de
2653 4509 2849 4557 czctero
2870 4506 2939 4560 sit
2962 4483 3346 4580 probatutn,-et
3361 4483 3553 4588 depre-

1964 4574 2187 4631 hensum
2211 4595 2327 4635 eam
2356 4598 2466 4638 rem
2495 4588 2623 4643 nihil
2652 4590 2852 4649 habere
2881 4598 3070 4652 virium
3096 4642 3109 4665 ,
3141 4619 3313 4673 neque
3337 4574 3548 4678 tempus

267 4686 372 4731 ras,
402 4678 459 4725 et
489 4668 718 4723 multum
748 4667 1000 4724 deﬁcere.
1029 4668 1292 4736 Quoniam
1321 4686 1450 4739 ergo
1476 4669 1579 4725 hoc
1604 4672 1652 4726 ei
1675 4687 1864 4728 occur—
1959 4671 2305 4769 cgnvenicns.
2342 4675 2478 4745 Quid
2527 4680 2628 4736 hoc
2667 4695 2844 4740 autem
2893 4689 2957 4744 ad
3000 4691 3124 4746 illud
3147 4735 3160 4759 ,
3204 4667 3345 4766 quod
3398 4667 3544 4769 smpe-

266 4761 413 4815 nbat
437 4777 452 4813 ε
479 4758 536 4815 Si
560 4768 688 4813 sunt
716 4758 823 4830 typi
851 4773 916 4813 ac
943 4759 1143 4829 ﬁguraz,
1168 4759 1436 4829 quomodo
1455 4776 1560 4815 non
1582 4771 1862 4817 cessarunt
1958 4758 2281 4818 offerrentur
2325 4770 2622 4827 sacriﬁcia?
2669 4776 2782 4831 Non
2827 4798 2889 4835 ex
2926 4799 2990 4837 eo
3028 4788 3198 4840 solum
3222 4758 3367 4858 quod
3401 4758 3543 4861 sa'pe

269 4866 384 4904 cum
417 4849 711 4905 advenerit
750 4850 971 4915 veritas,
1006 4863 1108 4904 nec
1137 4857 1435 4916 cesserunt,
1468 4850 1563 4905 sed
1595 4867 1859 4922 peragun-
1955 4850 2275 4910 OWerrentur
2296 4900 2310 4922 ,
2341 4858 2473 4915 dicit
2509 4880 2629 4951 esse
2661 4873 2998 4940 perspicuum
3052 4879 3193 4945 quod
3226 4849 3406 4936 essent
3436 4849 3538 4937 i.§.-

268 4942 385 4997 tur?
441 4944 496 4997 in
552 4942 662 4996 hoc
708 4956 841 5011 ergo
894 4956 1036 4996 nunc
1090 4941 1177 4996 hic
1212 4942 1323 5012 agit
1369 4944 1664 4999 ostendens
1716 4946 1855 5016 quod

269 5051 368 5089 non
397 5034 635 5104 amplius
663 5043 1015 5105 peraguntur,
1059 5049 1161 5089 nec
1206 5044 1265 5089 ut
1304 5035 1466 5105 ﬁgura
1497 5038 1713 5106 quidem
1748 5057 1760 5092 :
1794 5055 1853 5094 ea

265 5128 398 5181 enim
434 5126 585 5180 Deus
624 5139 732 5179 non
772 5123 1028 5178 admittit.
1065 5125 1228 5195 quue
1254 5141 1444 5180 rursus
1476 5143 1581 5182 non
1613 5144 1676 5183 ex
1706 5129 1855 5183 Novo

266 5216 491 5271 ostendit
517 5214 617 5269 scd
649 5231 716 5268 ex
747 5214 1047 5285 prophetis,
1080 5215 1446 5271 ﬁrmissimum
1478 5218 1546 5273 ab
1575 5219 1682 5273 alto
1714 5221 1853 5288 peti-

264 5316 364 5359 tum
409 5306 693 5359 adducens
736 5305 1138 5372 testimonium,
1178 5307 1322 5377 quod
1366 5320 1582 5364 cessent
1618 5319 1672 5364 et
1706 5312 1852 5365 desi-

268 5412 404 5465 nant,
436 5409 492 5455 ct
520 5411 729 5454 temere
758 5402 936 5454 omnia
967 5411 1149 5470 agant,
1179 5418 1392 5472 semper
1422 5415 1606 5461 sancto
1635 5406 1852 5476 Spiritui

266 5492 601 5547 resistentes.
636 5488 988 5558 Ostenditque
1024 5506 1086 5545 ex
1128 5493 1415 5547 abundanti
1454 5511 1516 5550 ea
1555 5512 1661 5550 non
1712 5514 1853 5553 nunc

264 5598 520 5648 cessasse,
546 5581 643 5637 sed
671 5582 850 5635 statim
879 5581 931 5634 in
959 5581 1078 5651 ipso
1098 5583 1295 5638 Christi
1320 5585 1571 5647 adventu,
1599 5590 1705 5642 imo
1726 5601 1851 5645 ante

265 5676 375 5744 ejus
419 5675 749 5736 adventum;
841 5681 894 5726 ct
931 5674 1072 5741 quod
1113 5689 1174 5728 ea
1222 5692 1327 5728 non
1375 5678 1589 5733 solverit
1636 5679 1847 5734 domum

572 5783 849 5841 Pyrum"
902 5784 1015 5843 (in.
1071 5784 1289 5845 LXIII.

1961 4948 2148 5007 becilla
2169 4964 2236 5044 et
2267 4955 2395 5013 nihil
2429 4948 2769 5030 prodessent,
2809 4969 2901 5023 sed
2938 4972 3097 5027 etiam
3129 4975 3269 5044 quod
3305 4976 3447 5031 Deus
3474 4993 3535 5030 ea

1964 5055 2068 5094 non
2117 5042 2445 5114 admitteret,
2496 5060 2764 5122 tamquam
2820 5058 3023 5115 inutilia
3078 5042 3530 5120 et'infructuosa.

1962 5131 2194 5198 ldipsum
2240 5136 2368 5192 dicit
2402 5142 2563 5197 etiam
2608 5146 2733 5200 alibi
2767 5167 2778 5201 :
2810 5149 2871 5203 Si
2907 5153 3145 5207 voluisses
3188 5156 3492 5223 sacri/icium
3516 5200 3531 5221 ,

1961 5223 2203 5278 dedissem
2234 5226 2401 5297 (Psul.
2429 5234 2496 5286 .30
2554 5235 2658 5306 l8).
2684 5238 2786 5292 I'cr
2812 5240 2913 5294 hoc
2940 5258 3065 5310 ergo
3087 5244 3243 5297 etiam
3275 5245 3536 5315 signiﬁcat

1959 5328 2014 5365 se
2057 5315 2220 5369 nolle.
2265 5318 2379 5372 Non
2426 5335 2550 5377 sunt
2603 5341 2731 5396 ergo
2787 5330 3045 5385 sacriﬁcia
3107 5335 3353 5392 voluntas
3409 5338 3535 5398 Dei,

1960 5404 2049 5457 sed
2097 5406 2479 5466 sacriﬁciorum
2526 5415 2742 5472 abolitio
2785 5437 2798 5472 :
2841 5421 2998 5490 igitur
3046 5433 3240 5492 praeter
3292 5428 3535 5481 volunta-

1961 5505 2062 5547 tem
2119 5500 2438 5556 sacrificant.
2510 5504 2646 5573 Quid
2697 5518 2815 5576 est,
2876 5511 2943 5566 Ut
2989 5513 3176 5580 faciant
3229 5518 3537 5569 voluntatem

1959 5590 2134 5641 luam?
2175 5590 2244 5645 Ut
2281 5596 2563 5664 meipsum,
2622 5599 2825 5669 inquit,
2878 5605 3257 5661 tradamzhrec
3312 5618 3392 5662 est
3441 5611 3537 5666 Dei

1959 5678 2219 5734 Voluntas.
2253 5684 2311 5737 In
2341 5704 2438 5755 qua
2470 5690 2724 5744 voluntate
2754 5696 3055 5761 snnrliﬁrati
3080 5712 3273 5750 sumus.
3310 5700 3406 5753 Per
3435 5701 3534 5757 huc

3175 5803 3209 5860 9
