3980 6142
400 351 501 407 15Ξί

379 460 598 517 quoque
637 445 742 501 alio
781 447 942 501 modo
972 443 1256 515 signiﬁcat,
1286 459 1391 500 non
1423 444 1708 514 sacriﬁcia,
1735 443 1829 500 sed
1872 445 1963 499 Dei

386 540 713 593 voluntatem
737 538 981 593 homines
996 552 1243 608 purgare.
1263 537 1408 609 Ergo
1429 538 1689 593 sacriﬁcia
1709 554 1967 610 peragere

388 646 493 686 non
523 647 587 686 ex
619 632 708 686 Dei
740 631 1013 688 voluntate
1036 639 1139 687 est.
1178 632 1244 687 Et
1278 632 1406 703 quid
1433 632 1668 698 miraris,
1695 633 1739 686 si
1768 647 1873 687 non
1900 633 1970 687 sit

388 737 532 777 nunc
580 723 674 777 Dei
715 722 994 790 voluntas,
1031 739 1150 779 cum
1185 739 1285 779 nec
1314 723 1430 795 ejus
1458 732 1603 778 esset
1631 725 1875 780 voluntas
1901 725 1970 779 ab

387 814 576 868 initio?
605 814 729 881 Quis
759 816 890 869 enim
931 817 1038 869 [nec
1059 857 1073 881 ,
1108 816 1308 885 inquit,
1337 815 1591 884 requisivit
1631 830 1694 868 ea:
1737 816 1971 870 manibus

388 904 564 959 vestris
591 903 744 976 (lsai.
764 906 818 960 1.
849 905 981 977 12)?
1011 905 1291 972 Quomodo
1309 906 1776 976 ergojussitipse?
1806 906 1877 961 Se
1907 906 1972 960 ad

390 1010 574 1050 eorum
604 1006 817 1066 captum
850 997 1139 1052 demittens
1172 1013 1185 1050 :
1216 998 1353 1051 sicut
1402 997 1533 1052 dicit
1562 997 1761 1051 Paulus
1792 1019 1806 1053 ;
1845 994 1974 1049 Volo

390 1103 562 1142 omnes
593 1087 838 1143 homines
884 1089 1013 1142 sicut
1040 1089 1286 1158 nteipsum
1323 1104 1430 1142 esse
1458 1087 1534 1161 (i.
1567 1088 1686 1142 Cor.
1719 1087 1774 1143 7.
1811 1087 1867 1157 7)
1920 1087 1975 1141 in

393 1181 757 1247 continentia;
787 1189 842 1236 et
889 1195 1078 1235 rursus
1120 1180 1247 1235 alibi
1295 1179 1541 1246 hortans,
1580 1177 1731 1246 Volo,
1763 1179 1974 1249 inquit,

396 1274 621 1339 iuniores
646 1273 851 1338 nubere,
880 1273 1015 1338 ﬁlios
1047 1289 1313 1342 procreare
1341 1272 1414 1343 (l.
1443 1270 1577 1326 Tim.
1609 1272 1661 1326 5.
1693 1271 1806 1341 M).
1839 1270 1980 1324 Duas

396 1365 549 1436 ponit
578 1364 919 1431 voluntates,
952 1363 1046 1418 sed
1086 1378 1190 1418 non
1228 1364 1398 1418 ambae
1429 1371 1555 1418 sunt
1588 1361 1725 1433 ejus,
1769 1361 1980 1417 etiamsi

397 1455 619 1525 jubeat;
647 1454 743 1508 sed
770 1453 885 1510 btec
914 1453 1130 1524 quidem
1157 1463 1238 1509 est
1277 1455 1463 1524 ipsius,
1491 1464 1546 1509 et
1575 1452 1694 1508 ideo
1732 1467 1850 1508 eam
1879 1467 1981 1523 po-

399 1545 482 1601 nit
529 1561 634 1601 non
679 1546 837 1601 allata
888 1559 1084 1610 causa;
1145 1546 1234 1601 illa
1278 1554 1455 1600 autem
1502 1559 1606 1599 non
1660 1553 1744 1600 est
1789 1544 1980 1614 ipsius,

403 1637 613 1693 etiamsi
657 1638 803 1703 velit,
845 1646 900 1694 et
949 1637 1068 1692 ideo
1114 1637 1318 1707 adjecta
1364 1645 1446 1692 est
1469 1651 1590 1691 cum
1631 1650 1809 1691 causa.
1847 1635 1982 1691 Nam

404 1742 526 1782 eum
555 1727 702 1796 prius
730 1742 822 1782 eas
850 1735 1177 1794 accusasset,
1209 1726 1351 1796 quod
1381 1734 1570 1782 contra
1598 1725 1870 1782 Christum
1901 1741 1987 1782 es-

406 1828 528 1874 sent
547 1818 845 1886 luxuriatae,
872 1829 998 1874 tunc
1018 1817 1151 1873 dixit
1177 1835 1189 1870 :
1224 1816 1348 1872 Volo
1366 1819 1598 1889 juniores
1623 1818 1827 1885 nubere,
1852 1818 1988 1887 ﬁlios

406 1927 694 1981 procreare.
728 1910 803 1966 lta
826 1910 914 1965 hic
934 1924 1148 1981 quaque
1171 1923 1289 1964 sese
1312 1908 1729 1965 accommodans
1751 1923 1867 1964 rem
1888 1907 1993 1964 dis-

411 2012 639 2072 pensat:
667 2018 775 2057 non
823 2012 945 2058 erat
989 2001 1390 2073 ejusprinceps
1434 2001 1687 2056 voluntas
1714 2008 1774 2056 ut
1794 2000 1995 2057 ﬁerent

411 2093 694 2148 sacriﬁcia.
727 2093 817 2149 .lta
867 2094 1028 2149 etiam
1077 2108 1200 2149 cum
1244 2092 1450 2150 diceret
1489 2108 1550 2149 se
1589 2093 1735 2148 nolle
1764 2101 1994 2148 mortem

416 2187 737 2257 peccatoris,
768 2185 861 2241 sed
904 2188 979 2242 ut'
1005 2187 1120 2256 ipse
1145 2194 1490 2241 convertatur
1527 2193 1582 2242 et
1606 2186 1751 2240 vivat
1778 2184 1990 2256 (Ezech.

414 2279 503 2335 i8.
534 2277 670 2349 25):
710 2277 838 2333 dicit
883 2285 1059 2332 autem
1086 2276 1210 2332 alibi
1248 2292 1354 2331 non
1394 2276 1567 2331 solum
1604 2276 1856 2344 voluisse,
1900 2277 1997 2333 sed

416 2371 577 2425 etiam
629 2368 965 2424 desiderasse
997 2387 1011 2424 :
1041 2367 1145 2422 etsi
1199 2367 1316 2423 haec
1368 2375 1495 2421 sunt
1547 2369 1849 2435 contraria;
1902 2367 2000 2425 de-

417 2460 672 2515 siderium
704 2459 860 2532 enim.
887 2468 973 2514 est
1009 2458 1216 2513 intensa
1254 2457 1521 2513 voluntas.
1551 2458 1830 2524 Quomodo
1867 2474 1998 2531 ergo

419 2564 526 2607 non
558 2549 763 2615 volens,
795 2549 919 2604 alibi
945 2546 1241 2615 desideras,
1273 2550 1415 2621 quod
1442 2549 1659 2621 quidem
1683 2550 1892 2622 signum
1914 2562 2001 2609 est

419 2640 562 2711 quod
611 2639 769 2694 valde
820 2639 995 2695 velis?
1045 2640 1121 2696 lta
1153 2640 1240 2697 bic
1279 2656 1510 2713 quoque.
1553 2640 1621 2697 In
1674 2658 1776 2715 qua
1815 2643 1998 2698 volun-

422 2748 522 2793 tate
573 2737 879 2807 sanctiﬁcati
924 2752 1139 2804 sumus,
1190 2736 1380 2806 inquit.
1433 2736 1714 2806 Quomodo
1758 2735 1998 2791 sanctiﬁ-

418 2831 541 2896 cati,
574 2829 687 2900 ipse
728 2828 956 2898 explicat
998 2828 1326 2898 subjungens
1354 2845 1367 2882 :
1400 2828 1504 2883 Per
1544 2828 1844 2883 oblationem
1876 2825 2000 2881 Cor-

417 2922 557 2992 poris
598 2918 724 2974 Jesu
761 2918 952 2974 Christi
976 2917 1151 2973 semel.
1208 2918 1277 2972 Et
1316 2920 1479 2973 omnis
1521 2919 1722 2984 quidem
1766 2919 2001 2973 sacerdos

423 3021 608 3082 prtesto
629 3020 701 3068 est
725 3011 950 3083 quotidie
971 3011 1264 3065 ministram
1283 3052 1299 3078 ,
1328 3022 1373 3065 et
1402 3011 1600 3066 easdem
1628 3028 1761 3081 swpe
1786 3009 2001 3079 olfercns

425 3104 635 3158 hostias.
677 3101 832 3157 Stare
871 3117 1000 3172 ergo
1041 3101 1251 3173 signum
1281 3111 1363 3156 est
1404 3101 1775 3167 ministrandi;
1816 3100 2006 3156 sedere

424 3209 556 3251 vero
585 3196 796 3265 signum
824 3204 906 3249 est
942 3193 1086 3264 quod
1135 3194 1485 3249 ministretur.
1532 3193 1631 3246 Hic
1658 3202 1822 3246 autem
1853 3207 2007 3246 unam

429 3303 524 3357 pro
565 3288 781 3358 peccatis
824 3285 1042 3354 oferens
1082 3286 1321 3354 hostiam,
1366 3285 1422 3339 in
1463 3286 1827 3355 sempiternum
1873 3285 2011 3340 sedet

427 3380 482 3434 in
531 3380 736 3435 dextera
766 3377 884 3443 Dei,
923 3379 987 3432 de
1035 3387 1216 3434 caetero
1251 3387 1549 3447 exspectans
1589 3378 1750 3431 donec
1811 3393 2011 3446 ponan-

430 3482 513 3526 tur
546 3472 739 3526 inimici
774 3472 884 3538 eius
902 3470 1183 3526 scabellum
1212 3469 1398 3542 pedum
1427 3470 1555 3541 ejus.
1590 3471 1678 3525 14.
1727 3467 1844 3523 Una
1882 3468 2014 3522 enim

433 3565 687 3618 oblatione
722 3564 1087 3619 consummavit
1132 3563 1185 3617 in
1225 3573 1470 3617 wternum
1514 3561 1877 3630 sancti/iratos.
1926 3560 2012 3617 15.

434 3654 759 3710 Contestatur
799 3667 966 3708 autem
1011 3671 1102 3708 nos
1132 3663 1179 3708 et
1208 3653 1433 3722 Spiritus
1462 3660 1685 3707 sanctus.
1732 3649 1874 3705 Dixit
1900 3649 2018 3704 illas

436 3762 545 3800 non
591 3745 792 3810 offerri,
824 3754 877 3800 et
915 3743 1134 3814 collegit
1163 3759 1226 3798 ex
1272 3743 1489 3814 scriptis
1518 3752 1572 3799 et
1618 3758 1725 3797 non
1746 3740 1970 3812 scriptis
2000 3757 2017 3794 :

438 3848 694 3910 praeterea
746 3847 926 3894 autem
972 3838 1175 3893 dictum
1225 3851 1437 3908 quoque
1481 3833 1707 3890 adduxit
1743 3832 2020 3904 propheti-

437 3946 559 3985 cum
586 3932 770 3986 dicens
802 3949 815 3985 :
845 3931 1170 3998 Sacriﬁcium
1197 3939 1240 3985 et
1262 3929 1571 3984 oblationem
1598 3927 1827 3982 noluisti.
1858 3925 2021 3991 Dixit,

439 4024 582 4093 quod
622 4032 838 4092 peccata
868 4023 1157 4078 remiserit.
1205 4021 1409 4078 Rursus
1438 4021 1542 4076 hoc
1588 4034 1803 4091 quoque
1831 4018 2028 4089 probat

444 4129 511 4168 ex
551 4114 753 4181 scripto
799 4112 1147 4167 testimonio:
1177 4111 1501 4166 Contestatur
1543 4121 1714 4164 autem
1759 4126 1890 4177 nos,
1940 4109 2026 4164 in-

446 4207 599 4276 quit,
631 4216 677 4258 et
706 4206 931 4276 Spiritus
960 4214 1182 4258 sanctus.
1228 4204 1514 4274 Postquam
1563 4203 1706 4258 enim
1733 4202 1906 4258 dixit:
1937 4201 2026 4257 16.

452 4296 567 4349 Hoc
611 4304 779 4347 autem
824 4302 1174 4347 testamentum
1223 4294 1357 4364 quod
1397 4293 1616 4349 testabor
1643 4292 1711 4346 ad
1756 4292 1874 4346 illos
1919 4300 2034 4362 post

452 4390 560 4442 dies
588 4387 727 4454 illos,
769 4387 890 4439 dicit
928 4385 1185 4440 Dominus
1205 4426 1220 4451 ,
1252 4386 1419 4440 dando
1451 4386 1585 4456 leges
1610 4369 1757 4440 meas
1776 4386 1829 4439 in
1867 4385 2034 4439 cordi-

454 4483 547 4535 bus
574 4495 770 4545 eorum,
796 4489 842 4533 et
864 4480 916 4534 in
943 4478 1192 4532 mentibus
1216 4493 1390 4531 eorum
1417 4480 1785 4549 superscribam
1810 4493 1913 4541 eas,
1945 4477 2032 4532 l7.

456 4583 503 4627 et
532 4580 854 4641 peccatorum
888 4581 934 4624 et
963 4569 1290 4641 iniquitatum
1328 4584 1502 4622 eorum
1518 4571 1633 4639 jam
1661 4586 1761 4623 non
1800 4570 2045 4623 recorda-t

459 4666 549 4720 bor
574 4662 817 4733 amplius.
862 4662 950 4718 l8.
988 4660 1087 4717 Ubi
1113 4667 1283 4713 autem
1311 4658 1491 4713 horum
1520 4660 1767 4726 remissio,
1796 4660 1908 4730 jam
1936 4676 2040 4713 non

461 4764 531 4808 est
558 4753 747 4807 oblatio
772 4767 866 4822 pro
894 4758 1121 4820 peccato.
1151 4747 1379 4803 Remisit
1408 4761 1535 4818 ergo
1562 4758 1800 4817 peccata,
1829 4749 2041 4818 quando

461 4843 611 4898 dedit
636 4849 1015 4898 testamentum
1039 4857 1052 4895 :
1082 4847 1457 4895 testamentum
1477 4846 1654 4893 autem
1672 4836 1818 4893 dedit
1838 4853 1931 4908 per
1955 4854 2045 4895 sa-

462 4935 748 4990 criﬁcium.
779 4934 835 4989 Si
865 4948 993 5004 ergo
1017 4931 1224 4987 remisit
1251 4938 1469 5001 peccata
1517 4945 1613 4999 per
1645 4945 1806 4985 unum
1838 4932 2043 4986 sacriﬁ-

463 5029 627 5091 cium,
652 5041 756 5080 non
782 5034 867 5079 est
890 5023 1119 5094 amplius
1139 5036 1275 5094 opus
1304 5021 1561 5077 secundo.
1585 5020 1733 5077 Sedit
1762 5021 1814 5075 in
1841 5021 2048 5076 dea-tera

467 5116 585 5186 Dei,
605 5117 668 5170 de
688 5124 869 5170 ctctero
885 5122 1199 5184 exspectans.
1217 5111 1457 5179 Quanam
1476 5110 1542 5166 de
1559 5126 1716 5165 causa
1735 5121 1817 5166 est
1837 5111 2049 5165 dilatio?

470 5210 543 5266 Ut
565 5219 831 5281 ponantur
857 5206 1060 5262 inimici
1087 5206 1202 5276 ejus
1226 5205 1326 5260 sub
1355 5204 1578 5273 pedibus
1602 5202 1740 5273 ejus.
1776 5202 1893 5257 Una
1920 5204 2050 5256 enim

469 5301 742 5366 oblatione,
780 5298 973 5368 inquit,
1003 5296 1369 5351 consummavit
1396 5296 1451 5349 in
1474 5296 1834 5364 sempiternum
1860 5295 2051 5348 sancti-

473 5393 669 5461 ﬁcales.
703 5389 809 5445 Sed
839 5388 1036 5444 dixerit
1064 5386 1294 5441 fortasse
1322 5386 1588 5457 quiSpiam
1617 5402 1630 5437 :
1661 5383 1769 5439 Cur
1798 5400 1904 5441 non
1940 5396 2052 5439 sta-

476 5485 568 5537 tim
597 5482 812 5553 posuit?
841 5480 1069 5551 Propter
1097 5479 1283 5535 ﬁdeles
1306 5479 1396 5548 qui
1426 5486 1579 5532 erant
1609 5478 1860 5533 nascituri
1887 5487 1939 5534 ct
1961 5494 2048 5548 ge.

477 5574 719 5629 net-andi.
764 5572 1040 5629 Undenam
1077 5578 1254 5626 autem
1296 5568 1560 5625 constabit
1588 5567 1729 5639 quod
1759 5570 2056 5638 ponentur?

477 5668 580 5721 Per
609 5668 709 5721 hoc
736 5666 877 5736 quod
903 5664 1037 5721 dixit
1067 5679 1188 5720 eum
1215 5662 1442 5719 sedisse.
1475 5660 1682 5717 Rursus
1711 5663 1979 5717 revocavit
2006 5663 2057 5716 in

485 5759 793 5811 nictnnriatn
824 5757 1184 5812 testimonium
1215 5754 1342 5811 illud
1378 5753 1518 5826 quod
1556 5753 1726 5812 dicit:
1763 5752 1931 5809 Donec
1971 5770 2061 5825 po-

1099 344 1152 399 S.
1193 337 1468 398 JOANNIS
1503 332 1973 393 CilRYSOSTOMl
2013 331 2326 390 ARClllEP.
2369 302 2901 387 CONS'i'ANTlNOP.

3542 288 3642 348 156

2081 446 2168 492 nat
2199 432 2429 489 inimicos
2453 430 2544 485 sub
2568 427 2776 498 pedibus
2802 428 2931 498 ejus.
2963 423 3165 479 Inimici
3193 430 3371 477 autem
3400 419 3517 492 ejus
3539 427 3664 475 sunt

2083 527 2273 586 Judmi.
2318 510 2523 581 Deinde
2552 521 2805 592 quoniam
2848 517 2999 580 dicit,
3041 514 3214 569 Donec
3260 520 3520 584 ponantur
3562 511 3665 564 ini-

2086 618 2203 673 mici
2229 615 2317 672 sub
2346 614 2552 686 pedibus
2591 612 2725 682 ejus,
2756 608 2910 663 valde
2953 615 3131 661 autem
3173 602 3431 673 urgebant
3463 619 3479 655 :
3511 615 3573 655 ea
3601 599 3669 654 de

2084 725 2244 765 causa
2275 711 2424 777 ponit
2453 704 2630 759 omnia
2661 717 2780 771 qua:
2811 707 3126 771 sequuntur,
3161 708 3513 767 quascumque
3542 692 3673 747 dicit

2089 802 2156 855 de
2193 799 2317 855 ﬁde.
2349 798 2579 864 Quinam
2629 802 2806 849 autem
2849 799 2974 845 sunt
3014 788 3234 853 inimici,
3279 785 3382 840 nisi
3425 783 3671 839 inﬁdeles

2088 907 2296 953 omnes,
2323 865 2617 951 daemdnes,
2648 898 2748 939 nec
2785 883 2956 938 solum
2984 879 3193 935 Judaei?
3223 877 3464 947 Magnam
3493 883 3671 929 autem

2090 980 2480 1050 subjectionem
2511 976 2668 1031 tacite
2697 972 3024 1044 signiﬁcans,
3056 985 3159 1024 non
3184 968 3343 1035 dixit,
3371 966 3676 1037 Subjician-

2092 1089 2196 1141 tur,
2229 1073 2344 1138 sed,
2382 1071 2649 1125 Ponuntur
2692 1066 2785 1121 sub
2811 1064 3022 1137 pedibus
3047 1064 3178 1133 ejus.
3222 1060 3300 1115 Ne
3344 1061 3510 1115 simus
3546 1072 3676 1127 ergo

2091 1186 2156 1223 cx
2189 1165 2414 1221 inimicis
2446 1179 2460 1217 :
2492 1178 2599 1216 non
2646 1158 2816 1216 solum
2848 1156 2993 1212 enim
3033 1154 3236 1210 inimici
3267 1162 3393 1207 sunt
3430 1151 3506 1205 illi
3552 1150 3676 1204 inli-

2093 1257 2242 1312 dcles
2286 1264 2341 1310 et
2381 1252 2574 1319 Judaei,
2624 1249 2717 1306 sed
2766 1248 2927 1303 etiam
2968 1246 3058 1317 qui
3090 1243 3363 1299 immunda
3400 1242 3681 1296 vitasunt

2095 1348 2238 1420 pleni
2263 1365 2275 1400 :
2300 1344 2585 1400 Prudentia
2605 1343 2736 1397 enim
2761 1341 2928 1395 carnis
2955 1336 3158 1417 estDeo
3178 1335 3384 1390 inimica
3411 1349 3431 1389 :
3460 1334 3557 1405 legi
3582 1331 3680 1386 Dei

2096 1459 2198 1495 non
2226 1448 2298 1494 est
2317 1438 2539 1509 subjecta
2559 1477 2574 1503 ,
2600 1450 2758 1504 neque
2778 1441 2937 1505 potest
2964 1431 3141 1503 (Rom.
3171 1429 3226 1485 8.
3258 1426 3333 1501 7).
3367 1426 3502 1495 Quid
3525 1441 3678 1495 ergo,

2098 1533 2305 1604 inquit?
2333 1547 2437 1587 non
2464 1538 2548 1586 est
2590 1528 2694 1583 hoc
2732 1526 2969 1583 crimen?
2994 1524 3064 1581 Et
3107 1524 3339 1579 maxime
3361 1522 3575 1592 quidem
3599 1527 3685 1573 est

2098 1628 2303 1681 crimen
2337 1644 2350 1679 :
2383 1621 2556 1676 malus
2580 1619 2723 1675 enim
2749 1616 3003 1688 quamdiu
3031 1624 3115 1671 est
3143 1615 3337 1679 malus,
3369 1627 3477 1667 non
3506 1619 3686 1683 potest

2100 1713 2324 1783 subjici;
2354 1711 2552 1767 mutari
2581 1719 2759 1765 autem
2789 1715 2966 1779 potest
2992 1716 3047 1762 et
3073 1706 3246 1777 bonus
3274 1702 3412 1759 ﬁeri.

2172 1805 2228 1859 2.
2271 1804 2557 1873 Paupertas
2591 1798 2863 1865 laudatur;
2896 1798 3270 1869 redarguuntur
3295 1794 3501 1849 divitias.
3521 1791 3687 1847 Pau-

2105 1897 2312 1967 pertatis
2354 1896 2520 1961 bona,
2563 1892 2850 1947 divitiarum
2893 1889 3049 1943 mala.
3088 1917 3158 1928 —
3195 1885 3484 1957 Ejiciamus
3529 1886 3690 1954 igitur

2103 1987 2450 2057 cogitationes
2474 1992 2528 2039 et
2553 1997 2741 2038 sensus
2765 1980 3031 2037 carnales.
3060 1978 3190 2046 Qua:
3214 1986 3339 2031 sunt
3364 1985 3543 2031 autem
3569 1990 3692 2029 car-

2106 2078 2285 2135 nalia?
2328 2089 2676 2147 quaecumque
2701 2071 2904 2127 faciunt
2945 2079 3003 2124 ut
3031 2082 3225 2137 corpus
3254 2067 3443 2122 floreat
3468 2074 3524 2121 et
3552 2066 3695 2120 bene

2106 2174 2172 2223 sit
2200 2168 2468 2233 allectum,
2497 2165 2728 2219 animam
2754 2172 2932 2217 autem
2960 2160 3098 2215 male
3125 2158 3361 2213 afﬁciunt
3386 2176 3399 2213 :
3428 2165 3484 2212 ut
3508 2171 3695 2212 exem-

2110 2261 2181 2331 pli
2212 2274 2370 2314 causa
2393 2297 2410 2324 ,
2441 2256 2635 2311 divitia:
2659 2297 2676 2323 ,
2703 2253 2911 2309 delicia:
2934 2294 2950 2321 ,
2977 2251 3143 2323 gloria
3179 2270 3191 2306 :
3219 2251 3333 2304 hmc
3361 2249 3538 2303 omnia
3569 2256 3698 2303 sunt

2109 2351 2287 2406 carnis
2310 2367 2323 2402 :
2342 2363 2496 2403 amor
2516 2361 2822 2417 corporum.
2848 2343 2925 2399 Ne
2946 2359 3074 2414 ergo
3095 2355 3334 2397 amemus
3355 2340 3552 2394 habere
3573 2339 3699 2408 plus

2110 2459 2268 2516 quam
2306 2441 2436 2507 alii,
2476 2442 2571 2495 sed
2610 2444 2975 2509 paupertatem
3013 2450 3226 2504 semper
3264 2446 3696 2504 prosequamur:

2112 2537 2226 2608 ipsa
2256 2531 2398 2590 enim
2428 2526 2785 2600 estmagnum
2816 2529 3036 2583 bonum.
3072 2529 3139 2580 At
3167 2524 3456 2588 humilem,
3488 2522 3701 2590 inquit,

2115 2627 2378 2695 vilemque
2404 2622 2527 2677 facit
2548 2631 2602 2676 et
2626 2620 2915 2690 abjectum.
2944 2618 3057 2672 Hoc
3080 2617 3223 2672 enim
3247 2615 3401 2670 nobis
3421 2622 3505 2669 est
3525 2628 3704 2683 opus;

2116 2716 2270 2772 nobis
2298 2714 2440 2770 enim
2467 2712 2691 2767 multum
2715 2709 2943 2765 confert.
2977 2708 3280 2779 Paupertas,
3310 2706 3512 2775 inquit,
3537 2705 3707 2756 homi-

2118 2824 2231 2862 nem
2252 2806 2416 2862 reddit
2444 2803 2681 2858 [tantilem
2706 2801 2888 2872 (Prov.
2918 2798 3002 2855 10.
3027 2799 3080 2855 4.
3105 2799 3157 2853 in
3186 2796 3406 2869 Greece);
3437 2806 3490 2851 et
3516 2811 3709 2851 rursus

2119 2898 2383 2963 Christus,
2402 2895 2551 2950 Beati
2566 2909 2810 2967 pauperes
2838 2893 3023 2962 spiritu
3046 2890 3258 2963 (Matth.
3279 2890 3331 2943 5.
3356 2887 3432 2957 5).
3451 2888 3712 2958 Propter-

2122 3005 2184 3045 ea
2206 3004 2331 3059 ergo
2352 2988 2502 3043 doles
2522 2986 2663 3057 quod
2685 2986 2825 3039 viam
2845 2984 3011 3040 habes
3032 2999 3149 3052 quae
3168 2983 3314 3037 ducit
3332 2980 3397 3036 ad
3418 2981 3712 3035 virtutem?

2124 3082 2298 3137 nescis
2325 3081 2465 3150 quod
2488 3094 2551 3133 ea
2577 3077 2729 3132 nobis
2754 3076 2976 3130 multam
2995 3074 3086 3129 dat
3114 3073 3392 3129 ﬁduciam?
3417 3073 3480 3125 At
3502 3072 3715 3142 sapien—

2125 3175 2223 3239 tia,
2256 3173 2457 3244 inquit,
2485 3170 2722 3243 pauperis
2746 3168 2876 3223 nihil
2900 3168 3138 3240 penditur
3165 3167 3384 3237 (Eccles.
3412 3166 3466 3223 9.
3498 3165 3587 3237 l6)
3611 3183 3629 3231 ;
3661 3177 3717 3221 et

2125 3280 2314 3321 rursus
2342 3265 2478 3319 alius
2506 3264 2674 3328 dicit,
2704 3260 3064 3331 Paupertatem
3104 3271 3151 3315 et
3179 3262 3379 3315 divitias
3416 3277 3478 3314 ne
3507 3260 3719 3314 dederis

2133 3356 2256 3409 mihi
2281 3353 2571 3426 (Prov.50.
2590 3352 2670 3422 8);
2687 3360 2761 3417 et,
2786 3352 2830 3405 Α
2852 3354 3062 3423 fornace
3092 3352 3399 3422 paupertatis
3426 3350 3585 3404 libera
3608 3367 3713 3404 me.

2130 3445 2410 3514 Quomodo
2435 3453 2611 3498 autem
2636 3458 2826 3498 rursus
2847 3484 2861 3507 ,
2890 3442 2934 3497 si
2963 3442 3161 3497 divitia:
3191 3452 3246 3498 et
3274 3451 3559 3511 paupertas
3586 3452 3721 3496 sunt

2132 3552 2164 3591 a
2186 3536 2436 3603 Domino,
2460 3536 2656 3590 malum
2682 3543 2765 3590 est
2787 3543 3070 3605 paupertas
3092 3540 3184 3588 aut
3207 3531 3445 3589 divitiae?
3470 3532 3721 3599 Quanam

2135 3641 2264 3697 ergo
2301 3626 2369 3682 de
2409 3640 2569 3681 causa
2614 3625 2730 3681 haec
2768 3624 2910 3680 dicta
2948 3621 3108 3680 sunt?
3145 3623 3271 3680 Haec
3307 3620 3621 3678 dicebantur
3671 3625 3727 3676 in

2136 3716 2317 3772 Veteri
2341 3758 2357 3785 ,
2389 3717 2479 3772 ubi
2522 3715 2821 3772 divitiarum
2865 3729 3054 3785 magna
3097 3713 3390 3770 habebatur
3417 3713 3553 3768 ratio
3575 3753 3592 3779 ,
3627 3713 3724 3766 ubi

2138 3812 2466 3881 paupertatis
2489 3824 2678 3881 magna
2702 3817 2817 3865 erat
2840 3807 3207 3878 despicientia,
3239 3806 3329 3862 ubi
3352 3805 3473 3860 haec
3496 3805 3723 3879 quidem

2140 3909 2254 3955 erat
2290 3901 2587 3955 exsecratio
2620 3913 2684 3955 ac
2717 3897 3022 3954 maledictio
3048 3939 3063 3963 ,
3095 3897 3201 3952 illa:
3235 3912 3363 3952 vero
3388 3895 3723 3950 benedictio.

2141 3991 2248 4048 Sed
2285 3994 2435 4048 visne
2473 3990 2658 4047 audire
2696 3990 2880 4045 laudes
2919 3988 3286 4059 paupertatis?
3328 4002 3445 4042 eam
3484 3986 3730 4057 suscepit

2140 4084 2383 4139 Christus
2400 4126 2414 4150 ,
2441 4092 2496 4138 et
2519 4084 2646 4139 dicit
2675 4102 2689 4138 :
2714 4082 2880 4137 Filius
2904 4094 3072 4138 autem
3099 4082 3313 4136 hominis
3340 4098 3439 4135 non
3464 4081 3613 4135 habet
3638 4082 3729 4136 ubi

2141 4184 2291 4245 caput
2332 4175 2557 4228 reclinet.
2604 4174 2671 4229 Et
2710 4189 2895 4228 rursus
2936 4172 3146 4228 dicebat
3192 4171 3514 4242 discipulis:
3547 4169 3729 4225 Nolite

2142 4269 2399 4339 possidere
2425 4284 2634 4332 aurum,
2667 4284 2825 4339 neque
2850 4277 3112 4338 argentum
3136 4309 3150 4334 ,
3185 4284 3342 4338 neque
3369 4268 3496 4321 duas
3524 4265 3730 4319 tunicas

2144 4360 2163 4429 (
2191 4360 2374 4414 Matth.
2402 4361 2454 4417 8.
2481 4359 2572 4416 20.
2601 4370 2645 4416 et
2674 4361 2761 4417 lO.
2787 4360 2868 4429 9).
2893 4360 2960 4415 Et
2988 4362 3181 4416 Paulus
3208 4361 3446 4416 scribens
3472 4359 3689 4414 dicebat
3707 4399 3727 4428 ,

2143 4450 2425 4520 Tamquam
2450 4452 2579 4507 nihil
2600 4453 2856 4516 habentes,
2883 4460 2933 4506 et
2962 4453 3130 4506 omnia
3159 4451 3469 4522 possidentes
3492 4447 3569 4520 (2.
3601 4448 3731 4506 Cor.

2146 4541 2199 4596 6.
2230 4541 2344 4611 10).
2377 4543 2444 4596 Et
2480 4542 2669 4597 Petrus
2695 4542 2904 4597 dicebat
2930 4543 2982 4597 ei
3011 4543 3100 4612 qui
3135 4552 3250 4597 erat
3277 4540 3497 4597 claudus
3522 4549 3731 4596 natus:

2146 4630 2424 4699 Argentum
2451 4641 2497 4686 et
2526 4649 2708 4686 aurum
2736 4648 2835 4687 non
2865 4643 2941 4689 est
2968 4633 3093 4687 ntihi
3123 4634 3140 4704 (
3166 4633 3279 4688 Act.
3312 4634 3366 4690 5.
3396 4633 3428 4688 6
3450 4632 3488 4703 ).
3518 4631 3581 4688 In
3609 4633 3736 4704 ipso

2147 4738 2359 4793 quoque
2376 4722 2576 4791 Veteri,
2600 4724 2688 4779 ubi
2710 4724 2761 4778 in
2784 4723 3137 4779 admiratione
3158 4723 3488 4779 habebantur
3504 4723 3734 4790 divitiae,

2148 4816 2364 4887 quinam
2382 4857 2398 4883 ,
2426 4829 2633 4885 quieso,
2659 4824 2812 4870 erant
2836 4815 3212 4871 admirabiles?
3236 4831 3412 4871 annon
3438 4815 3611 4882 Elias,
3636 4815 3737 4886 qui

2150 4906 2281 4961 nihil
2309 4905 2536 4962 habebat
2562 4916 2756 4976 praeter
2781 4906 2977 4977 pellem
2999 4906 3248 4963 ovillam?
3271 4921 3451 4962 annon
3480 4906 3738 4972 Elisazus,

2151 5013 2330 5053 annon
2368 4998 2637 5055 Joannes?
2674 4999 2842 5056 Nemo
2879 5014 3008 5071 ergo
3044 5002 3113 5056 sit
3153 5000 3367 5055 humilis
3405 5009 3457 5055 et
3493 4999 3742 5068 abjectus

2153 5102 2372 5161 propter
2419 5101 2781 5162 paupertatem
2814 5109 2966 5168 :nou
3008 5104 3091 5148 est
3129 5101 3414 5164 paupertas
3450 5106 3567 5162 quae
3604 5088 3744 5144 facit

2156 5184 2406 5239 humilem
2431 5225 2446 5250 ,
2486 5183 2581 5239 sed
2612 5185 2809 5240 divitirc
2842 5201 2960 5255 quae
2994 5193 3195 5255 cogunt
3230 5199 3388 5254 egere
3426 5182 3639 5246 multis,
3683 5190 3745 5236 et

2155 5275 2487 5343 compellunt
2525 5283 2584 5329 ut
2628 5276 2810 5331 multis
2857 5274 3153 5330 habeantur
3192 5276 3395 5345 gratim.
3440 5272 3574 5342 Quid
3619 5279 3749 5326 erat

2155 5364 2354 5419 Jacobi)
2384 5366 2697 5435 pauperius,
2731 5367 2815 5421 dic
2841 5365 2992 5432 mihi,
3016 5366 3102 5435 qui
3131 5365 3370 5431 dicebat,
3402 5364 3461 5420 Si
3491 5363 3749 5418 Dominus

2159 5456 2282 5509 mihi
2310 5455 2504 5510 dederit
2541 5473 2723 5526 panem
2758 5457 2825 5510 ad
2852 5456 3245 5522 comedendum,
3278 5466 3322 5509 et
3352 5463 3530 5510 uestem
3555 5452 3623 5505 ad
3651 5452 3747 5507 in-

2160 5547 2411 5602 duendum
2430 5546 2579 5621 (Gen.
2607 5546 2695 5603 28.
2724 5546 2843 5620 20)?
2865 5547 2999 5602 Num
3027 5563 3153 5619 ergo
3180 5546 3385 5602 ﬁducia:
3409 5554 3464 5601 et
3488 5542 3751 5615 loquendi

2162 5639 2418 5693 libertatis
2447 5648 2693 5709 expertes
2721 5648 2872 5694 erant
2900 5639 3042 5693 Elias
3069 5648 3123 5693 et
3145 5636 3416 5693 Joannes?
3442 5650 3619 5690 annon
3649 5633 3756 5689 ille

2163 5729 2376 5797 quidem
2399 5731 2568 5800 arguit
2593 5729 2789 5798 Achab,
2817 5728 2900 5785 hic
2923 5744 3048 5786 vero
3073 5727 3370 5786 Herodem?
3392 5725 3487 5782 llic
3506 5723 3750 5792 dicebat,
